PokerStars Hand #251440548648: Tournament #3776748764, $1.84+$0.16 USD Hold'em No Limit - Level I (10/20) - 2024/07/11 21:25:09 CET [2024/07/11 15:25:09 ET]
Table '3776748764 1' 3-max Seat #1 is the button
Seat 1: SaBiTo28 (500 in chips) 
Seat 2: Mahu2021 (500 in chips) 
Seat 3: regularjean (500 in chips) 
Mahu2021: posts small blind 10
regularjean: posts big blind 20
*** HOLE CARDS ***
Dealt to Mahu2021 [Ts 6d]
SaBiTo28: folds 
Mahu2021: folds 
Uncalled bet (10) returned to regularjean
regularjean collected 20 from pot
regularjean: doesn't show hand 
*** SUMMARY ***
Total pot 20 | Rake 0 
Seat 1: SaBiTo28 (button) folded before Flop (didn't bet)
Seat 2: Mahu2021 (small blind) folded before Flop
Seat 3: regularjean (big blind) collected (20)



PokerStars Hand #251440550273: Tournament #3776748764, $1.84+$0.16 USD Hold'em No Limit - Level I (10/20) - 2024/07/11 21:25:15 CET [2024/07/11 15:25:15 ET]
Table '3776748764 1' 3-max Seat #2 is the button
Seat 1: SaBiTo28 (500 in chips) 
Seat 2: Mahu2021 (490 in chips) 
Seat 3: regularjean (510 in chips) 
regularjean: posts small blind 10
SaBiTo28: posts big blind 20
*** HOLE CARDS ***
Dealt to Mahu2021 [3d 3s]
Mahu2021: raises 20 to 40
regularjean: folds 
SaBiTo28: calls 20
*** FLOP *** [Qd Qs Ks]
SaBiTo28: checks 
Mahu2021: checks 
*** TURN *** [Qd Qs Ks] [6d]
SaBiTo28: checks 
Mahu2021: checks 
*** RIVER *** [Qd Qs Ks 6d] [Js]
SaBiTo28: checks 
Mahu2021: bets 40
SaBiTo28: folds 
Uncalled bet (40) returned to Mahu2021
Mahu2021 collected 90 from pot
Mahu2021: doesn't show hand 
*** SUMMARY ***
Total pot 90 | Rake 0 
Board [Qd Qs Ks 6d Js]
Seat 1: SaBiTo28 (big blind) folded on the River
Seat 2: Mahu2021 (button) collected (90)
Seat 3: regularjean (small blind) folded before Flop



PokerStars Hand #251440559186: Tournament #3776748764, $1.84+$0.16 USD Hold'em No Limit - Level I (10/20) - 2024/07/11 21:25:45 CET [2024/07/11 15:25:45 ET]
Table '3776748764 1' 3-max Seat #3 is the button
Seat 1: SaBiTo28 (460 in chips) 
Seat 2: Mahu2021 (540 in chips) 
Seat 3: regularjean (500 in chips) 
SaBiTo28: posts small blind 10
Mahu2021: posts big blind 20
*** HOLE CARDS ***
Dealt to Mahu2021 [Jh Kh]
regularjean: folds 
SaBiTo28: folds 
Uncalled bet (10) returned to Mahu2021
Mahu2021 collected 20 from pot
Mahu2021: doesn't show hand 
*** SUMMARY ***
Total pot 20 | Rake 0 
Seat 1: SaBiTo28 (small blind) folded before Flop
Seat 2: Mahu2021 (big blind) collected (20)
Seat 3: regularjean (button) folded before Flop (didn't bet)



PokerStars Hand #251440561079: Tournament #3776748764, $1.84+$0.16 USD Hold'em No Limit - Level I (10/20) - 2024/07/11 21:25:51 CET [2024/07/11 15:25:51 ET]
Table '3776748764 1' 3-max Seat #1 is the button
Seat 1: SaBiTo28 (450 in chips) 
Seat 2: Mahu2021 (550 in chips) 
Seat 3: regularjean (500 in chips) 
Mahu2021: posts small blind 10
regularjean: posts big blind 20
*** HOLE CARDS ***
Dealt to Mahu2021 [2d Kd]
SaBiTo28: folds 
Mahu2021: raises 20 to 40
regularjean: calls 20
*** FLOP *** [5s 5h Kc]
Mahu2021: bets 40
regularjean: calls 40
*** TURN *** [5s 5h Kc] [Jd]
Mahu2021: bets 40
regularjean: calls 40
*** RIVER *** [5s 5h Kc Jd] [6c]
Mahu2021: bets 40
regularjean: calls 40
*** SHOW DOWN ***
Mahu2021: shows [2d Kd] (two pair, Kings and Fives)
regularjean: mucks hand 
Mahu2021 collected 320 from pot
*** SUMMARY ***
Total pot 320 | Rake 0 
Board [5s 5h Kc Jd 6c]
Seat 1: SaBiTo28 (button) folded before Flop (didn't bet)
Seat 2: Mahu2021 (small blind) showed [2d Kd] and won (320) with two pair, Kings and Fives
Seat 3: regularjean (big blind) mucked [Ad 6d]



PokerStars Hand #251440567785: Tournament #3776748764, $1.84+$0.16 USD Hold'em No Limit - Level I (10/20) - 2024/07/11 21:26:14 CET [2024/07/11 15:26:14 ET]
Table '3776748764 1' 3-max Seat #2 is the button
Seat 1: SaBiTo28 (450 in chips) 
Seat 2: Mahu2021 (710 in chips) 
Seat 3: regularjean (340 in chips) 
regularjean: posts small blind 10
SaBiTo28: posts big blind 20
*** HOLE CARDS ***
Dealt to Mahu2021 [7c 3s]
Mahu2021: folds 
regularjean: raises 320 to 340 and is all-in
SaBiTo28: folds 
Uncalled bet (320) returned to regularjean
regularjean collected 40 from pot
regularjean: doesn't show hand 
*** SUMMARY ***
Total pot 40 | Rake 0 
Seat 1: SaBiTo28 (big blind) folded before Flop
Seat 2: Mahu2021 (button) folded before Flop (didn't bet)
Seat 3: regularjean (small blind) collected (40)



PokerStars Hand #251440572362: Tournament #3776748764, $1.84+$0.16 USD Hold'em No Limit - Level I (10/20) - 2024/07/11 21:26:29 CET [2024/07/11 15:26:29 ET]
Table '3776748764 1' 3-max Seat #3 is the button
Seat 1: SaBiTo28 (430 in chips) 
Seat 2: Mahu2021 (710 in chips) 
Seat 3: regularjean (360 in chips) 
SaBiTo28: posts small blind 10
Mahu2021: posts big blind 20
*** HOLE CARDS ***
Dealt to Mahu2021 [2h Kc]
regularjean: raises 40 to 60
SaBiTo28: folds 
Mahu2021: folds 
Uncalled bet (40) returned to regularjean
regularjean collected 50 from pot
regularjean: doesn't show hand 
*** SUMMARY ***
Total pot 50 | Rake 0 
Seat 1: SaBiTo28 (small blind) folded before Flop
Seat 2: Mahu2021 (big blind) folded before Flop
Seat 3: regularjean (button) collected (50)



PokerStars Hand #251440575214: Tournament #3776748764, $1.84+$0.16 USD Hold'em No Limit - Level I (10/20) - 2024/07/11 21:26:38 CET [2024/07/11 15:26:38 ET]
Table '3776748764 1' 3-max Seat #1 is the button
Seat 1: SaBiTo28 (420 in chips) 
Seat 2: Mahu2021 (690 in chips) 
Seat 3: regularjean (390 in chips) 
Mahu2021: posts small blind 10
regularjean: posts big blind 20
*** HOLE CARDS ***
Dealt to Mahu2021 [5d 5s]
SaBiTo28: folds 
Mahu2021: raises 20 to 40
regularjean: calls 20
*** FLOP *** [Kc 7h 3s]
Mahu2021: checks 
regularjean: checks 
*** TURN *** [Kc 7h 3s] [9d]
Mahu2021: checks 
regularjean: checks 
*** RIVER *** [Kc 7h 3s 9d] [2s]
Mahu2021: bets 40
regularjean: folds 
Uncalled bet (40) returned to Mahu2021
Mahu2021 collected 80 from pot
Mahu2021: doesn't show hand 
*** SUMMARY ***
Total pot 80 | Rake 0 
Board [Kc 7h 3s 9d 2s]
Seat 1: SaBiTo28 (button) folded before Flop (didn't bet)
Seat 2: Mahu2021 (small blind) collected (80)
Seat 3: regularjean (big blind) folded on the River



PokerStars Hand #251440580673: Tournament #3776748764, $1.84+$0.16 USD Hold'em No Limit - Level I (10/20) - 2024/07/11 21:26:57 CET [2024/07/11 15:26:57 ET]
Table '3776748764 1' 3-max Seat #2 is the button
Seat 1: SaBiTo28 (420 in chips) 
Seat 2: Mahu2021 (730 in chips) 
Seat 3: regularjean (350 in chips) 
regularjean: posts small blind 10
SaBiTo28: posts big blind 20
*** HOLE CARDS ***
Dealt to Mahu2021 [8d Kh]
Mahu2021: calls 20
regularjean: calls 10
SaBiTo28: checks 
*** FLOP *** [4s Ts Tc]
regularjean: checks 
SaBiTo28: checks 
Mahu2021: checks 
*** TURN *** [4s Ts Tc] [2c]
regularjean: bets 20
SaBiTo28: folds 
Mahu2021: folds 
Uncalled bet (20) returned to regularjean
regularjean collected 60 from pot
regularjean: doesn't show hand 
*** SUMMARY ***
Total pot 60 | Rake 0 
Board [4s Ts Tc 2c]
Seat 1: SaBiTo28 (big blind) folded on the Turn
Seat 2: Mahu2021 (button) folded on the Turn
Seat 3: regularjean (small blind) collected (60)



PokerStars Hand #251440587054: Tournament #3776748764, $1.84+$0.16 USD Hold'em No Limit - Level I (10/20) - 2024/07/11 21:27:18 CET [2024/07/11 15:27:18 ET]
Table '3776748764 1' 3-max Seat #3 is the button
Seat 1: SaBiTo28 (400 in chips) 
Seat 2: Mahu2021 (710 in chips) 
Seat 3: regularjean (390 in chips) 
SaBiTo28: posts small blind 10
Mahu2021: posts big blind 20
*** HOLE CARDS ***
Dealt to Mahu2021 [7d 8h]
regularjean: raises 20 to 40
SaBiTo28: raises 360 to 400 and is all-in
Mahu2021: folds 
regularjean: folds 
Uncalled bet (360) returned to SaBiTo28
SaBiTo28 collected 100 from pot
SaBiTo28: doesn't show hand 
*** SUMMARY ***
Total pot 100 | Rake 0 
Seat 1: SaBiTo28 (small blind) collected (100)
Seat 2: Mahu2021 (big blind) folded before Flop
Seat 3: regularjean (button) folded before Flop



PokerStars Hand #251440590064: Tournament #3776748764, $1.84+$0.16 USD Hold'em No Limit - Level I (10/20) - 2024/07/11 21:27:29 CET [2024/07/11 15:27:29 ET]
Table '3776748764 1' 3-max Seat #1 is the button
Seat 1: SaBiTo28 (460 in chips) 
Seat 2: Mahu2021 (690 in chips) 
Seat 3: regularjean (350 in chips) 
Mahu2021: posts small blind 10
regularjean: posts big blind 20
*** HOLE CARDS ***
Dealt to Mahu2021 [8d 9s]
SaBiTo28: raises 20 to 40
Mahu2021: calls 30
regularjean: calls 20
*** FLOP *** [Td Ts 2s]
Mahu2021: checks 
regularjean: checks 
SaBiTo28: bets 40
Mahu2021: folds 
regularjean: calls 40
*** TURN *** [Td Ts 2s] [Jh]
regularjean: checks 
SaBiTo28: bets 100
regularjean: folds 
Uncalled bet (100) returned to SaBiTo28
SaBiTo28 collected 200 from pot
SaBiTo28: doesn't show hand 
*** SUMMARY ***
Total pot 200 | Rake 0 
Board [Td Ts 2s Jh]
Seat 1: SaBiTo28 (button) collected (200)
Seat 2: Mahu2021 (small blind) folded on the Flop
Seat 3: regularjean (big blind) folded on the Turn



PokerStars Hand #251440597718: Tournament #3776748764, $1.84+$0.16 USD Hold'em No Limit - Level I (10/20) - 2024/07/11 21:27:55 CET [2024/07/11 15:27:55 ET]
Table '3776748764 1' 3-max Seat #2 is the button
Seat 1: SaBiTo28 (580 in chips) 
Seat 2: Mahu2021 (650 in chips) 
Seat 3: regularjean (270 in chips) 
regularjean: posts small blind 10
SaBiTo28: posts big blind 20
*** HOLE CARDS ***
Dealt to Mahu2021 [Kc Ah]
Mahu2021: raises 20 to 40
regularjean: folds 
SaBiTo28: calls 20
*** FLOP *** [7c 9d 5d]
SaBiTo28: checks 
Mahu2021: checks 
*** TURN *** [7c 9d 5d] [As]
SaBiTo28: checks 
Mahu2021: checks 
*** RIVER *** [7c 9d 5d As] [Qs]
SaBiTo28: checks 
Mahu2021: bets 90
SaBiTo28: calls 90
*** SHOW DOWN ***
Mahu2021: shows [Kc Ah] (a pair of Aces)
SaBiTo28: mucks hand 
Mahu2021 collected 270 from pot
*** SUMMARY ***
Total pot 270 | Rake 0 
Board [7c 9d 5d As Qs]
Seat 1: SaBiTo28 (big blind) mucked [8s Qc]
Seat 2: Mahu2021 (button) showed [Kc Ah] and won (270) with a pair of Aces
Seat 3: regularjean (small blind) folded before Flop



PokerStars Hand #251440605545: Tournament #3776748764, $1.84+$0.16 USD Hold'em No Limit - Level II (15/30) - 2024/07/11 21:28:21 CET [2024/07/11 15:28:21 ET]
Table '3776748764 1' 3-max Seat #3 is the button
Seat 1: SaBiTo28 (450 in chips) 
Seat 2: Mahu2021 (790 in chips) 
Seat 3: regularjean (260 in chips) 
SaBiTo28: posts small blind 15
Mahu2021: posts big blind 30
*** HOLE CARDS ***
Dealt to Mahu2021 [6h 7d]
regularjean: folds 
SaBiTo28: raises 30 to 60
Mahu2021: calls 30
*** FLOP *** [Ts Qh 5d]
SaBiTo28: bets 40
Mahu2021: folds 
Uncalled bet (40) returned to SaBiTo28
SaBiTo28 collected 120 from pot
SaBiTo28: doesn't show hand 
*** SUMMARY ***
Total pot 120 | Rake 0 
Board [Ts Qh 5d]
Seat 1: SaBiTo28 (small blind) collected (120)
Seat 2: Mahu2021 (big blind) folded on the Flop
Seat 3: regularjean (button) folded before Flop (didn't bet)



PokerStars Hand #251440610129: Tournament #3776748764, $1.84+$0.16 USD Hold'em No Limit - Level II (15/30) - 2024/07/11 21:28:37 CET [2024/07/11 15:28:37 ET]
Table '3776748764 1' 3-max Seat #1 is the button
Seat 1: SaBiTo28 (510 in chips) 
Seat 2: Mahu2021 (730 in chips) 
Seat 3: regularjean (260 in chips) 
Mahu2021: posts small blind 15
regularjean: posts big blind 30
*** HOLE CARDS ***
Dealt to Mahu2021 [Kh Js]
SaBiTo28: raises 30 to 60
Mahu2021: calls 45
regularjean: calls 30
*** FLOP *** [6h 7h Jc]
Mahu2021: bets 670 and is all-in
regularjean: calls 200 and is all-in
SaBiTo28: folds 
Uncalled bet (470) returned to Mahu2021
*** TURN *** [6h 7h Jc] [Ah]
*** RIVER *** [6h 7h Jc Ah] [2d]
*** SHOW DOWN ***
Mahu2021: shows [Kh Js] (a pair of Jacks)
regularjean: shows [Th 9h] (a flush, Ace high)
regularjean collected 580 from pot
*** SUMMARY ***
Total pot 580 | Rake 0 
Board [6h 7h Jc Ah 2d]
Seat 1: SaBiTo28 (button) folded on the Flop
Seat 2: Mahu2021 (small blind) showed [Kh Js] and lost with a pair of Jacks
Seat 3: regularjean (big blind) showed [Th 9h] and won (580) with a flush, Ace high



PokerStars Hand #251440615942: Tournament #3776748764, $1.84+$0.16 USD Hold'em No Limit - Level II (15/30) - 2024/07/11 21:28:56 CET [2024/07/11 15:28:56 ET]
Table '3776748764 1' 3-max Seat #2 is the button
Seat 1: SaBiTo28 (450 in chips) 
Seat 2: Mahu2021 (470 in chips) 
Seat 3: regularjean (580 in chips) 
regularjean: posts small blind 15
SaBiTo28: posts big blind 30
*** HOLE CARDS ***
Dealt to Mahu2021 [2s Ks]
Mahu2021: calls 30
regularjean: calls 15
SaBiTo28: raises 420 to 450 and is all-in
Mahu2021: folds 
regularjean: folds 
Uncalled bet (420) returned to SaBiTo28
SaBiTo28 collected 90 from pot
SaBiTo28: doesn't show hand 
*** SUMMARY ***
Total pot 90 | Rake 0 
Seat 1: SaBiTo28 (big blind) collected (90)
Seat 2: Mahu2021 (button) folded before Flop
Seat 3: regularjean (small blind) folded before Flop



PokerStars Hand #251440619596: Tournament #3776748764, $1.84+$0.16 USD Hold'em No Limit - Level II (15/30) - 2024/07/11 21:29:08 CET [2024/07/11 15:29:08 ET]
Table '3776748764 1' 3-max Seat #3 is the button
Seat 1: SaBiTo28 (510 in chips) 
Seat 2: Mahu2021 (440 in chips) 
Seat 3: regularjean (550 in chips) 
SaBiTo28: posts small blind 15
Mahu2021: posts big blind 30
*** HOLE CARDS ***
Dealt to Mahu2021 [7c Td]
regularjean: raises 90 to 120
SaBiTo28: folds 
Mahu2021: folds 
Uncalled bet (90) returned to regularjean
regularjean collected 75 from pot
regularjean: doesn't show hand 
*** SUMMARY ***
Total pot 75 | Rake 0 
Seat 1: SaBiTo28 (small blind) folded before Flop
Seat 2: Mahu2021 (big blind) folded before Flop
Seat 3: regularjean (button) collected (75)



PokerStars Hand #251440622002: Tournament #3776748764, $1.84+$0.16 USD Hold'em No Limit - Level II (15/30) - 2024/07/11 21:29:16 CET [2024/07/11 15:29:16 ET]
Table '3776748764 1' 3-max Seat #1 is the button
Seat 1: SaBiTo28 (495 in chips) 
Seat 2: Mahu2021 (410 in chips) 
Seat 3: regularjean (595 in chips) 
Mahu2021: posts small blind 15
regularjean: posts big blind 30
*** HOLE CARDS ***
Dealt to Mahu2021 [6h 3c]
SaBiTo28: raises 30 to 60
Mahu2021: folds 
regularjean: calls 30
*** FLOP *** [Tc 2c 2h]
regularjean: checks 
SaBiTo28: bets 45
regularjean: folds 
Uncalled bet (45) returned to SaBiTo28
SaBiTo28 collected 135 from pot
SaBiTo28: doesn't show hand 
*** SUMMARY ***
Total pot 135 | Rake 0 
Board [Tc 2c 2h]
Seat 1: SaBiTo28 (button) collected (135)
Seat 2: Mahu2021 (small blind) folded before Flop
Seat 3: regularjean (big blind) folded on the Flop



PokerStars Hand #251440626101: Tournament #3776748764, $1.84+$0.16 USD Hold'em No Limit - Level II (15/30) - 2024/07/11 21:29:30 CET [2024/07/11 15:29:30 ET]
Table '3776748764 1' 3-max Seat #2 is the button
Seat 1: SaBiTo28 (570 in chips) 
Seat 2: Mahu2021 (395 in chips) 
Seat 3: regularjean (535 in chips) 
regularjean: posts small blind 15
SaBiTo28: posts big blind 30
*** HOLE CARDS ***
Dealt to Mahu2021 [5h 2c]
Mahu2021: folds 
regularjean: calls 15
SaBiTo28: checks 
*** FLOP *** [9c 6s Js]
regularjean: checks 
SaBiTo28: checks 
*** TURN *** [9c 6s Js] [9s]
regularjean: bets 30
SaBiTo28: calls 30
*** RIVER *** [9c 6s Js 9s] [Qc]
regularjean: checks 
SaBiTo28: bets 90
regularjean: calls 90
*** SHOW DOWN ***
SaBiTo28: shows [Td Kd] (a straight, Nine to King)
regularjean: mucks hand 
SaBiTo28 collected 300 from pot
*** SUMMARY ***
Total pot 300 | Rake 0 
Board [9c 6s Js 9s Qc]
Seat 1: SaBiTo28 (big blind) showed [Td Kd] and won (300) with a straight, Nine to King
Seat 2: Mahu2021 (button) folded before Flop (didn't bet)
Seat 3: regularjean (small blind) mucked [As 6d]



PokerStars Hand #251440638887: Tournament #3776748764, $1.84+$0.16 USD Hold'em No Limit - Level II (15/30) - 2024/07/11 21:30:14 CET [2024/07/11 15:30:14 ET]
Table '3776748764 1' 3-max Seat #3 is the button
Seat 1: SaBiTo28 (720 in chips) 
Seat 2: Mahu2021 (395 in chips) 
Seat 3: regularjean (385 in chips) 
SaBiTo28: posts small blind 15
Mahu2021: posts big blind 30
*** HOLE CARDS ***
Dealt to Mahu2021 [Jc 9c]
regularjean: raises 30 to 60
SaBiTo28: folds 
Mahu2021: calls 30
*** FLOP *** [8h 7s 2c]
Mahu2021: checks 
regularjean: checks 
*** TURN *** [8h 7s 2c] [Ac]
Mahu2021: bets 60
regularjean: calls 60
*** RIVER *** [8h 7s 2c Ac] [6d]
Mahu2021: checks 
regularjean: checks 
*** SHOW DOWN ***
Mahu2021: shows [Jc 9c] (high card Ace)
regularjean: shows [Qh Kh] (high card Ace - King kicker)
regularjean collected 255 from pot
*** SUMMARY ***
Total pot 255 | Rake 0 
Board [8h 7s 2c Ac 6d]
Seat 1: SaBiTo28 (small blind) folded before Flop
Seat 2: Mahu2021 (big blind) showed [Jc 9c] and lost with high card Ace
Seat 3: regularjean (button) showed [Qh Kh] and won (255) with high card Ace



PokerStars Hand #251440644466: Tournament #3776748764, $1.84+$0.16 USD Hold'em No Limit - Level II (15/30) - 2024/07/11 21:30:32 CET [2024/07/11 15:30:32 ET]
Table '3776748764 1' 3-max Seat #1 is the button
Seat 1: SaBiTo28 (705 in chips) 
Seat 2: Mahu2021 (275 in chips) 
Seat 3: regularjean (520 in chips) 
Mahu2021: posts small blind 15
regularjean: posts big blind 30
*** HOLE CARDS ***
Dealt to Mahu2021 [9h 8d]
SaBiTo28: folds 
Mahu2021: calls 15
regularjean: checks 
*** FLOP *** [6h Kc 5d]
Mahu2021: checks 
regularjean: checks 
*** TURN *** [6h Kc 5d] [Jc]
Mahu2021: bets 30
regularjean: folds 
Uncalled bet (30) returned to Mahu2021
Mahu2021 collected 60 from pot
Mahu2021: doesn't show hand 
*** SUMMARY ***
Total pot 60 | Rake 0 
Board [6h Kc 5d Jc]
Seat 1: SaBiTo28 (button) folded before Flop (didn't bet)
Seat 2: Mahu2021 (small blind) collected (60)
Seat 3: regularjean (big blind) folded on the Turn



PokerStars Hand #251440649270: Tournament #3776748764, $1.84+$0.16 USD Hold'em No Limit - Level II (15/30) - 2024/07/11 21:30:48 CET [2024/07/11 15:30:48 ET]
Table '3776748764 1' 3-max Seat #2 is the button
Seat 1: SaBiTo28 (705 in chips) 
Seat 2: Mahu2021 (305 in chips) 
Seat 3: regularjean (490 in chips) 
regularjean: posts small blind 15
SaBiTo28: posts big blind 30
*** HOLE CARDS ***
Dealt to Mahu2021 [6s 2h]
Mahu2021: folds 
regularjean: folds 
Uncalled bet (15) returned to SaBiTo28
SaBiTo28 collected 30 from pot
SaBiTo28: doesn't show hand 
*** SUMMARY ***
Total pot 30 | Rake 0 
Seat 1: SaBiTo28 (big blind) collected (30)
Seat 2: Mahu2021 (button) folded before Flop (didn't bet)
Seat 3: regularjean (small blind) folded before Flop



PokerStars Hand #251440650797: Tournament #3776748764, $1.84+$0.16 USD Hold'em No Limit - Level II (15/30) - 2024/07/11 21:30:53 CET [2024/07/11 15:30:53 ET]
Table '3776748764 1' 3-max Seat #3 is the button
Seat 1: SaBiTo28 (720 in chips) 
Seat 2: Mahu2021 (305 in chips) 
Seat 3: regularjean (475 in chips) 
SaBiTo28: posts small blind 15
Mahu2021: posts big blind 30
*** HOLE CARDS ***
Dealt to Mahu2021 [Tc Qd]
regularjean: folds 
SaBiTo28: raises 690 to 720 and is all-in
Mahu2021: folds 
Uncalled bet (690) returned to SaBiTo28
SaBiTo28 collected 60 from pot
SaBiTo28: doesn't show hand 
*** SUMMARY ***
Total pot 60 | Rake 0 
Seat 1: SaBiTo28 (small blind) collected (60)
Seat 2: Mahu2021 (big blind) folded before Flop
Seat 3: regularjean (button) folded before Flop (didn't bet)



PokerStars Hand #251440654502: Tournament #3776748764, $1.84+$0.16 USD Hold'em No Limit - Level II (15/30) - 2024/07/11 21:31:06 CET [2024/07/11 15:31:06 ET]
Table '3776748764 1' 3-max Seat #1 is the button
Seat 1: SaBiTo28 (750 in chips) 
Seat 2: Mahu2021 (275 in chips) 
Seat 3: regularjean (475 in chips) 
Mahu2021: posts small blind 15
regularjean: posts big blind 30
*** HOLE CARDS ***
Dealt to Mahu2021 [5d 6d]
SaBiTo28: raises 720 to 750 and is all-in
Mahu2021: folds 
regularjean: folds 
Uncalled bet (720) returned to SaBiTo28
SaBiTo28 collected 75 from pot
SaBiTo28: doesn't show hand 
*** SUMMARY ***
Total pot 75 | Rake 0 
Seat 1: SaBiTo28 (button) collected (75)
Seat 2: Mahu2021 (small blind) folded before Flop
Seat 3: regularjean (big blind) folded before Flop



PokerStars Hand #251440657628: Tournament #3776748764, $1.84+$0.16 USD Hold'em No Limit - Level III (20/40) - 2024/07/11 21:31:16 CET [2024/07/11 15:31:16 ET]
Table '3776748764 1' 3-max Seat #2 is the button
Seat 1: SaBiTo28 (795 in chips) 
Seat 2: Mahu2021 (260 in chips) 
Seat 3: regularjean (445 in chips) 
regularjean: posts small blind 20
SaBiTo28: posts big blind 40
*** HOLE CARDS ***
Dealt to Mahu2021 [3s Qh]
Mahu2021: folds 
regularjean: calls 20
SaBiTo28: checks 
*** FLOP *** [Jd Jc 9c]
regularjean: checks 
SaBiTo28: checks 
*** TURN *** [Jd Jc 9c] [2s]
regularjean: checks 
SaBiTo28: checks 
*** RIVER *** [Jd Jc 9c 2s] [8d]
regularjean: checks 
SaBiTo28: bets 40
regularjean: calls 40
*** SHOW DOWN ***
SaBiTo28: shows [8s 7s] (two pair, Jacks and Eights)
regularjean: mucks hand 
SaBiTo28 collected 160 from pot
*** SUMMARY ***
Total pot 160 | Rake 0 
Board [Jd Jc 9c 2s 8d]
Seat 1: SaBiTo28 (big blind) showed [8s 7s] and won (160) with two pair, Jacks and Eights
Seat 2: Mahu2021 (button) folded before Flop (didn't bet)
Seat 3: regularjean (small blind) mucked [3c Qc]



PokerStars Hand #251440663838: Tournament #3776748764, $1.84+$0.16 USD Hold'em No Limit - Level III (20/40) - 2024/07/11 21:31:37 CET [2024/07/11 15:31:37 ET]
Table '3776748764 1' 3-max Seat #3 is the button
Seat 1: SaBiTo28 (875 in chips) 
Seat 2: Mahu2021 (260 in chips) 
Seat 3: regularjean (365 in chips) 
SaBiTo28: posts small blind 20
Mahu2021: posts big blind 40
*** HOLE CARDS ***
Dealt to Mahu2021 [Kh 9d]
regularjean: folds 
SaBiTo28: raises 835 to 875 and is all-in
Mahu2021: calls 220 and is all-in
Uncalled bet (615) returned to SaBiTo28
*** FLOP *** [8c 4c 8d]
*** TURN *** [8c 4c 8d] [7d]
*** RIVER *** [8c 4c 8d 7d] [9h]
*** SHOW DOWN ***
SaBiTo28: shows [Qh 2h] (a pair of Eights)
Mahu2021: shows [Kh 9d] (two pair, Nines and Eights)
Mahu2021 collected 520 from pot
*** SUMMARY ***
Total pot 520 | Rake 0 
Board [8c 4c 8d 7d 9h]
Seat 1: SaBiTo28 (small blind) showed [Qh 2h] and lost with a pair of Eights
Seat 2: Mahu2021 (big blind) showed [Kh 9d] and won (520) with two pair, Nines and Eights
Seat 3: regularjean (button) folded before Flop (didn't bet)



PokerStars Hand #251440668740: Tournament #3776748764, $1.84+$0.16 USD Hold'em No Limit - Level III (20/40) - 2024/07/11 21:31:53 CET [2024/07/11 15:31:53 ET]
Table '3776748764 1' 3-max Seat #1 is the button
Seat 1: SaBiTo28 (615 in chips) 
Seat 2: Mahu2021 (520 in chips) 
Seat 3: regularjean (365 in chips) 
Mahu2021: posts small blind 20
regularjean: posts big blind 40
*** HOLE CARDS ***
Dealt to Mahu2021 [7s Qc]
SaBiTo28: folds 
Mahu2021: calls 20
regularjean: checks 
*** FLOP *** [4d 8d Kd]
Mahu2021: checks 
regularjean: checks 
*** TURN *** [4d 8d Kd] [Kh]
Mahu2021: checks 
regularjean: checks 
*** RIVER *** [4d 8d Kd Kh] [4s]
Mahu2021: bets 40
regularjean: folds 
Uncalled bet (40) returned to Mahu2021
Mahu2021 collected 80 from pot
Mahu2021: doesn't show hand 
*** SUMMARY ***
Total pot 80 | Rake 0 
Board [4d 8d Kd Kh 4s]
Seat 1: SaBiTo28 (button) folded before Flop (didn't bet)
Seat 2: Mahu2021 (small blind) collected (80)
Seat 3: regularjean (big blind) folded on the River



PokerStars Hand #251440674044: Tournament #3776748764, $1.84+$0.16 USD Hold'em No Limit - Level III (20/40) - 2024/07/11 21:32:12 CET [2024/07/11 15:32:12 ET]
Table '3776748764 1' 3-max Seat #2 is the button
Seat 1: SaBiTo28 (615 in chips) 
Seat 2: Mahu2021 (560 in chips) 
Seat 3: regularjean (325 in chips) 
regularjean: posts small blind 20
SaBiTo28: posts big blind 40
*** HOLE CARDS ***
Dealt to Mahu2021 [8s 6c]
Mahu2021: folds 
regularjean: folds 
Uncalled bet (20) returned to SaBiTo28
SaBiTo28 collected 40 from pot
SaBiTo28: doesn't show hand 
*** SUMMARY ***
Total pot 40 | Rake 0 
Seat 1: SaBiTo28 (big blind) collected (40)
Seat 2: Mahu2021 (button) folded before Flop (didn't bet)
Seat 3: regularjean (small blind) folded before Flop



PokerStars Hand #251440675632: Tournament #3776748764, $1.84+$0.16 USD Hold'em No Limit - Level III (20/40) - 2024/07/11 21:32:17 CET [2024/07/11 15:32:17 ET]
Table '3776748764 1' 3-max Seat #3 is the button
Seat 1: SaBiTo28 (635 in chips) 
Seat 2: Mahu2021 (560 in chips) 
Seat 3: regularjean (305 in chips) 
SaBiTo28: posts small blind 20
Mahu2021: posts big blind 40
*** HOLE CARDS ***
Dealt to Mahu2021 [9h Qh]
regularjean: folds 
SaBiTo28: raises 595 to 635 and is all-in
Mahu2021: folds 
Uncalled bet (595) returned to SaBiTo28
SaBiTo28 collected 80 from pot
SaBiTo28: doesn't show hand 
*** SUMMARY ***
Total pot 80 | Rake 0 
Seat 1: SaBiTo28 (small blind) collected (80)
Seat 2: Mahu2021 (big blind) folded before Flop
Seat 3: regularjean (button) folded before Flop (didn't bet)



PokerStars Hand #251440678237: Tournament #3776748764, $1.84+$0.16 USD Hold'em No Limit - Level III (20/40) - 2024/07/11 21:32:26 CET [2024/07/11 15:32:26 ET]
Table '3776748764 1' 3-max Seat #1 is the button
Seat 1: SaBiTo28 (675 in chips) 
Seat 2: Mahu2021 (520 in chips) 
Seat 3: regularjean (305 in chips) 
Mahu2021: posts small blind 20
regularjean: posts big blind 40
*** HOLE CARDS ***
Dealt to Mahu2021 [8c 2d]
SaBiTo28: folds 
Mahu2021: folds 
Uncalled bet (20) returned to regularjean
regularjean collected 40 from pot
regularjean: doesn't show hand 
*** SUMMARY ***
Total pot 40 | Rake 0 
Seat 1: SaBiTo28 (button) folded before Flop (didn't bet)
Seat 2: Mahu2021 (small blind) folded before Flop
Seat 3: regularjean (big blind) collected (40)



PokerStars Hand #251440679745: Tournament #3776748764, $1.84+$0.16 USD Hold'em No Limit - Level III (20/40) - 2024/07/11 21:32:31 CET [2024/07/11 15:32:31 ET]
Table '3776748764 1' 3-max Seat #2 is the button
Seat 1: SaBiTo28 (675 in chips) 
Seat 2: Mahu2021 (500 in chips) 
Seat 3: regularjean (325 in chips) 
regularjean: posts small blind 20
SaBiTo28: posts big blind 40
*** HOLE CARDS ***
Dealt to Mahu2021 [Tc Jh]
Mahu2021: calls 40
regularjean: calls 20
SaBiTo28: raises 635 to 675 and is all-in
Mahu2021: folds 
regularjean: folds 
Uncalled bet (635) returned to SaBiTo28
SaBiTo28 collected 120 from pot
SaBiTo28: doesn't show hand 
*** SUMMARY ***
Total pot 120 | Rake 0 
Seat 1: SaBiTo28 (big blind) collected (120)
Seat 2: Mahu2021 (button) folded before Flop
Seat 3: regularjean (small blind) folded before Flop



PokerStars Hand #251440683650: Tournament #3776748764, $1.84+$0.16 USD Hold'em No Limit - Level III (20/40) - 2024/07/11 21:32:44 CET [2024/07/11 15:32:44 ET]
Table '3776748764 1' 3-max Seat #3 is the button
Seat 1: SaBiTo28 (755 in chips) 
Seat 2: Mahu2021 (460 in chips) 
Seat 3: regularjean (285 in chips) 
SaBiTo28: posts small blind 20
Mahu2021: posts big blind 40
*** HOLE CARDS ***
Dealt to Mahu2021 [9c Kh]
regularjean: raises 40 to 80
SaBiTo28: folds 
Mahu2021: calls 40
*** FLOP *** [Kd Jd 5c]
Mahu2021: checks 
regularjean: checks 
*** TURN *** [Kd Jd 5c] [Tc]
Mahu2021: checks 
regularjean: bets 40
Mahu2021: raises 160 to 200
regularjean: raises 5 to 205 and is all-in
Mahu2021: calls 5
*** RIVER *** [Kd Jd 5c Tc] [Ts]
*** SHOW DOWN ***
Mahu2021: shows [9c Kh] (two pair, Kings and Tens)
regularjean: shows [9s Qd] (a straight, Nine to King)
regularjean collected 590 from pot
*** SUMMARY ***
Total pot 590 | Rake 0 
Board [Kd Jd 5c Tc Ts]
Seat 1: SaBiTo28 (small blind) folded before Flop
Seat 2: Mahu2021 (big blind) showed [9c Kh] and lost with two pair, Kings and Tens
Seat 3: regularjean (button) showed [9s Qd] and won (590) with a straight, Nine to King



PokerStars Hand #251440690875: Tournament #3776748764, $1.84+$0.16 USD Hold'em No Limit - Level III (20/40) - 2024/07/11 21:33:08 CET [2024/07/11 15:33:08 ET]
Table '3776748764 1' 3-max Seat #1 is the button
Seat 1: SaBiTo28 (735 in chips) 
Seat 2: Mahu2021 (175 in chips) 
Seat 3: regularjean (590 in chips) 
Mahu2021: posts small blind 20
regularjean: posts big blind 40
*** HOLE CARDS ***
Dealt to Mahu2021 [6d Qc]
SaBiTo28: raises 695 to 735 and is all-in
Mahu2021: folds 
regularjean: folds 
Uncalled bet (695) returned to SaBiTo28
SaBiTo28 collected 100 from pot
SaBiTo28: doesn't show hand 
*** SUMMARY ***
Total pot 100 | Rake 0 
Seat 1: SaBiTo28 (button) collected (100)
Seat 2: Mahu2021 (small blind) folded before Flop
Seat 3: regularjean (big blind) folded before Flop



PokerStars Hand #251440693643: Tournament #3776748764, $1.84+$0.16 USD Hold'em No Limit - Level III (20/40) - 2024/07/11 21:33:18 CET [2024/07/11 15:33:18 ET]
Table '3776748764 1' 3-max Seat #2 is the button
Seat 1: SaBiTo28 (795 in chips) 
Seat 2: Mahu2021 (155 in chips) 
Seat 3: regularjean (550 in chips) 
regularjean: posts small blind 20
SaBiTo28: posts big blind 40
*** HOLE CARDS ***
Dealt to Mahu2021 [6c Kc]
Mahu2021: raises 115 to 155 and is all-in
regularjean: folds 
SaBiTo28: folds 
Uncalled bet (115) returned to Mahu2021
Mahu2021 collected 100 from pot
Mahu2021: doesn't show hand 
*** SUMMARY ***
Total pot 100 | Rake 0 
Seat 1: SaBiTo28 (big blind) folded before Flop
Seat 2: Mahu2021 (button) collected (100)
Seat 3: regularjean (small blind) folded before Flop



PokerStars Hand #251440698758: Tournament #3776748764, $1.84+$0.16 USD Hold'em No Limit - Level III (20/40) - 2024/07/11 21:33:35 CET [2024/07/11 15:33:35 ET]
Table '3776748764 1' 3-max Seat #3 is the button
Seat 1: SaBiTo28 (755 in chips) 
Seat 2: Mahu2021 (215 in chips) 
Seat 3: regularjean (530 in chips) 
SaBiTo28: posts small blind 20
Mahu2021: posts big blind 40
*** HOLE CARDS ***
Dealt to Mahu2021 [Kh 3d]
regularjean: raises 40 to 80
SaBiTo28: folds 
Mahu2021: calls 40
*** FLOP *** [7c Ks 5c]
Mahu2021: bets 135 and is all-in
regularjean: calls 135
*** TURN *** [7c Ks 5c] [3s]
*** RIVER *** [7c Ks 5c 3s] [Qs]
*** SHOW DOWN ***
Mahu2021: shows [Kh 3d] (two pair, Kings and Threes)
regularjean: shows [4h Ac] (high card Ace)
Mahu2021 collected 450 from pot
*** SUMMARY ***
Total pot 450 | Rake 0 
Board [7c Ks 5c 3s Qs]
Seat 1: SaBiTo28 (small blind) folded before Flop
Seat 2: Mahu2021 (big blind) showed [Kh 3d] and won (450) with two pair, Kings and Threes
Seat 3: regularjean (button) showed [4h Ac] and lost with high card Ace



PokerStars Hand #251440704047: Tournament #3776748764, $1.84+$0.16 USD Hold'em No Limit - Level III (20/40) - 2024/07/11 21:33:53 CET [2024/07/11 15:33:53 ET]
Table '3776748764 1' 3-max Seat #1 is the button
Seat 1: SaBiTo28 (735 in chips) 
Seat 2: Mahu2021 (450 in chips) 
Seat 3: regularjean (315 in chips) 
Mahu2021: posts small blind 20
regularjean: posts big blind 40
*** HOLE CARDS ***
Dealt to Mahu2021 [3c 3h]
SaBiTo28: raises 695 to 735 and is all-in
Mahu2021: folds 
regularjean: folds 
Uncalled bet (695) returned to SaBiTo28
SaBiTo28 collected 100 from pot
SaBiTo28: doesn't show hand 
*** SUMMARY ***
Total pot 100 | Rake 0 
Seat 1: SaBiTo28 (button) collected (100)
Seat 2: Mahu2021 (small blind) folded before Flop
Seat 3: regularjean (big blind) folded before Flop



PokerStars Hand #251440707322: Tournament #3776748764, $1.84+$0.16 USD Hold'em No Limit - Level III (20/40) - 2024/07/11 21:34:04 CET [2024/07/11 15:34:04 ET]
Table '3776748764 1' 3-max Seat #2 is the button
Seat 1: SaBiTo28 (795 in chips) 
Seat 2: Mahu2021 (430 in chips) 
Seat 3: regularjean (275 in chips) 
regularjean: posts small blind 20
SaBiTo28: posts big blind 40
*** HOLE CARDS ***
Dealt to Mahu2021 [Kc Qh]
Mahu2021: calls 40
regularjean: folds 
SaBiTo28: checks 
*** FLOP *** [8d 7s Ac]
SaBiTo28: checks 
Mahu2021: checks 
*** TURN *** [8d 7s Ac] [7d]
SaBiTo28: checks 
Mahu2021: bets 40
SaBiTo28: folds 
Uncalled bet (40) returned to Mahu2021
Mahu2021 collected 100 from pot
Mahu2021: doesn't show hand 
*** SUMMARY ***
Total pot 100 | Rake 0 
Board [8d 7s Ac 7d]
Seat 1: SaBiTo28 (big blind) folded on the Turn
Seat 2: Mahu2021 (button) collected (100)
Seat 3: regularjean (small blind) folded before Flop



PokerStars Hand #251440714040: Tournament #3776748764, $1.84+$0.16 USD Hold'em No Limit - Level IV (30/60) - 2024/07/11 21:34:26 CET [2024/07/11 15:34:26 ET]
Table '3776748764 1' 3-max Seat #3 is the button
Seat 1: SaBiTo28 (755 in chips) 
Seat 2: Mahu2021 (490 in chips) 
Seat 3: regularjean (255 in chips) 
SaBiTo28: posts small blind 30
Mahu2021: posts big blind 60
*** HOLE CARDS ***
Dealt to Mahu2021 [Js Kc]
regularjean: folds 
SaBiTo28: folds 
Uncalled bet (30) returned to Mahu2021
Mahu2021 collected 60 from pot
Mahu2021: doesn't show hand 
*** SUMMARY ***
Total pot 60 | Rake 0 
Seat 1: SaBiTo28 (small blind) folded before Flop
Seat 2: Mahu2021 (big blind) collected (60)
Seat 3: regularjean (button) folded before Flop (didn't bet)



PokerStars Hand #251440716129: Tournament #3776748764, $1.84+$0.16 USD Hold'em No Limit - Level IV (30/60) - 2024/07/11 21:34:33 CET [2024/07/11 15:34:33 ET]
Table '3776748764 1' 3-max Seat #1 is the button
Seat 1: SaBiTo28 (725 in chips) 
Seat 2: Mahu2021 (520 in chips) 
Seat 3: regularjean (255 in chips) 
Mahu2021: posts small blind 30
regularjean: posts big blind 60
*** HOLE CARDS ***
Dealt to Mahu2021 [Kh 9c]
SaBiTo28: raises 665 to 725 and is all-in
Mahu2021: folds 
regularjean: calls 195 and is all-in
Uncalled bet (470) returned to SaBiTo28
*** FLOP *** [8c Qc 9h]
*** TURN *** [8c Qc 9h] [5h]
*** RIVER *** [8c Qc 9h 5h] [9d]
*** SHOW DOWN ***
regularjean: shows [7s 7d] (two pair, Nines and Sevens)
SaBiTo28: shows [Qd Tc] (two pair, Queens and Nines)
SaBiTo28 collected 540 from pot
regularjean finished the tournament in 3rd place
*** SUMMARY ***
Total pot 540 | Rake 0 
Board [8c Qc 9h 5h 9d]
Seat 1: SaBiTo28 (button) showed [Qd Tc] and won (540) with two pair, Queens and Nines
Seat 2: Mahu2021 (small blind) folded before Flop
Seat 3: regularjean (big blind) showed [7s 7d] and lost with two pair, Nines and Sevens



PokerStars Hand #251440721551: Tournament #3776748764, $1.84+$0.16 USD Hold'em No Limit - Level IV (30/60) - 2024/07/11 21:34:52 CET [2024/07/11 15:34:52 ET]
Table '3776748764 1' 3-max Seat #2 is the button
Seat 1: SaBiTo28 (1010 in chips) 
Seat 2: Mahu2021 (490 in chips) 
Mahu2021: posts small blind 30
SaBiTo28: posts big blind 60
*** HOLE CARDS ***
Dealt to Mahu2021 [9d 3s]
Mahu2021: folds 
Uncalled bet (30) returned to SaBiTo28
SaBiTo28 collected 60 from pot
SaBiTo28: doesn't show hand 
*** SUMMARY ***
Total pot 60 | Rake 0 
Seat 1: SaBiTo28 (big blind) collected (60)
Seat 2: Mahu2021 (button) (small blind) folded before Flop



PokerStars Hand #251440722874: Tournament #3776748764, $1.84+$0.16 USD Hold'em No Limit - Level IV (30/60) - 2024/07/11 21:34:56 CET [2024/07/11 15:34:56 ET]
Table '3776748764 1' 3-max Seat #1 is the button
Seat 1: SaBiTo28 (1040 in chips) 
Seat 2: Mahu2021 (460 in chips) 
SaBiTo28: posts small blind 30
Mahu2021: posts big blind 60
*** HOLE CARDS ***
Dealt to Mahu2021 [8h 2h]
SaBiTo28: raises 980 to 1040 and is all-in
Mahu2021: folds 
Uncalled bet (980) returned to SaBiTo28
SaBiTo28 collected 120 from pot
SaBiTo28: doesn't show hand 
*** SUMMARY ***
Total pot 120 | Rake 0 
Seat 1: SaBiTo28 (button) (small blind) collected (120)
Seat 2: Mahu2021 (big blind) folded before Flop



PokerStars Hand #251440724895: Tournament #3776748764, $1.84+$0.16 USD Hold'em No Limit - Level IV (30/60) - 2024/07/11 21:35:03 CET [2024/07/11 15:35:03 ET]
Table '3776748764 1' 3-max Seat #2 is the button
Seat 1: SaBiTo28 (1100 in chips) 
Seat 2: Mahu2021 (400 in chips) 
Mahu2021: posts small blind 30
SaBiTo28: posts big blind 60
*** HOLE CARDS ***
Dealt to Mahu2021 [Ah 4c]
Mahu2021: calls 30
SaBiTo28: raises 1040 to 1100 and is all-in
Mahu2021: calls 340 and is all-in
Uncalled bet (700) returned to SaBiTo28
*** FLOP *** [Kc 7s 3d]
*** TURN *** [Kc 7s 3d] [5c]
*** RIVER *** [Kc 7s 3d 5c] [Qs]
*** SHOW DOWN ***
SaBiTo28: shows [Jd Ts] (high card King)
Mahu2021: shows [Ah 4c] (high card Ace)
Mahu2021 collected 800 from pot
*** SUMMARY ***
Total pot 800 | Rake 0 
Board [Kc 7s 3d 5c Qs]
Seat 1: SaBiTo28 (big blind) showed [Jd Ts] and lost with high card King
Seat 2: Mahu2021 (button) (small blind) showed [Ah 4c] and won (800) with high card Ace



PokerStars Hand #251440728556: Tournament #3776748764, $1.84+$0.16 USD Hold'em No Limit - Level IV (30/60) - 2024/07/11 21:35:15 CET [2024/07/11 15:35:15 ET]
Table '3776748764 1' 3-max Seat #1 is the button
Seat 1: SaBiTo28 (700 in chips) 
Seat 2: Mahu2021 (800 in chips) 
SaBiTo28: posts small blind 30
Mahu2021: posts big blind 60
*** HOLE CARDS ***
Dealt to Mahu2021 [7s 3d]
SaBiTo28: calls 30
Mahu2021: checks 
*** FLOP *** [3c 8s Qc]
Mahu2021: checks 
SaBiTo28: bets 60
Mahu2021: calls 60
*** TURN *** [3c 8s Qc] [7d]
Mahu2021: checks 
SaBiTo28: bets 180
Mahu2021: calls 180
*** RIVER *** [3c 8s Qc 7d] [6h]
Mahu2021: bets 180
SaBiTo28: raises 220 to 400 and is all-in
Mahu2021: calls 220
*** SHOW DOWN ***
SaBiTo28: shows [Ac Ah] (a pair of Aces)
Mahu2021: shows [7s 3d] (two pair, Sevens and Threes)
Mahu2021 collected 1400 from pot
SaBiTo28 finished the tournament in 2nd place
Mahu2021 wins the tournament and receives $6.00 - congratulations!
*** SUMMARY ***
Total pot 1400 | Rake 0 
Board [3c 8s Qc 7d 6h]
Seat 1: SaBiTo28 (button) (small blind) showed [Ac Ah] and lost with a pair of Aces
Seat 2: Mahu2021 (big blind) showed [7s 3d] and won (1400) with two pair, Sevens and Threes



