PokerStars Hand #244627863130: Tournament #3612653766, $0.92+$0.08 USD Hold'em No Limit - Level I (10/20) - 2023/07/04 22:17:28 CET [2023/07/04 16:17:28 ET]
Table '3612653766 1' 3-max Seat #1 is the button
Seat 1: Mahu2021 (500 in chips) 
Seat 2: ED_CULLEN666 (500 in chips) 
Seat 3: pasiuntinys (500 in chips) 
ED_CULLEN666: posts small blind 10
pasiuntinys: posts big blind 20
*** HOLE CARDS ***
Dealt to Mahu2021 [9d 7h]
Mahu2021: folds 
ED_CULLEN666: folds 
Uncalled bet (10) returned to pasiuntinys
pasiuntinys collected 20 from pot
pasiuntinys: doesn't show hand 
*** SUMMARY ***
Total pot 20 | Rake 0 
Seat 1: Mahu2021 (button) folded before Flop (didn't bet)
Seat 2: ED_CULLEN666 (small blind) folded before Flop
Seat 3: pasiuntinys (big blind) collected (20)



PokerStars Hand #244627865424: Tournament #3612653766, $0.92+$0.08 USD Hold'em No Limit - Level I (10/20) - 2023/07/04 22:17:33 CET [2023/07/04 16:17:33 ET]
Table '3612653766 1' 3-max Seat #2 is the button
Seat 1: Mahu2021 (500 in chips) 
Seat 2: ED_CULLEN666 (490 in chips) 
Seat 3: pasiuntinys (510 in chips) 
pasiuntinys: posts small blind 10
Mahu2021: posts big blind 20
*** HOLE CARDS ***
Dealt to Mahu2021 [2h 8h]
ED_CULLEN666: raises 20 to 40
pasiuntinys: folds 
Mahu2021: folds 
Uncalled bet (20) returned to ED_CULLEN666
ED_CULLEN666 collected 50 from pot
*** SUMMARY ***
Total pot 50 | Rake 0 
Seat 1: Mahu2021 (big blind) folded before Flop
Seat 2: ED_CULLEN666 (button) collected (50)
Seat 3: pasiuntinys (small blind) folded before Flop



PokerStars Hand #244627872842: Tournament #3612653766, $0.92+$0.08 USD Hold'em No Limit - Level I (10/20) - 2023/07/04 22:17:53 CET [2023/07/04 16:17:53 ET]
Table '3612653766 1' 3-max Seat #3 is the button
Seat 1: Mahu2021 (480 in chips) 
Seat 2: ED_CULLEN666 (520 in chips) 
Seat 3: pasiuntinys (500 in chips) 
Mahu2021: posts small blind 10
ED_CULLEN666: posts big blind 20
*** HOLE CARDS ***
Dealt to Mahu2021 [2c 7s]
pasiuntinys: folds 
Mahu2021: folds 
Uncalled bet (10) returned to ED_CULLEN666
ED_CULLEN666 collected 20 from pot
*** SUMMARY ***
Total pot 20 | Rake 0 
Seat 1: Mahu2021 (small blind) folded before Flop
Seat 2: ED_CULLEN666 (big blind) collected (20)
Seat 3: pasiuntinys (button) folded before Flop (didn't bet)



PokerStars Hand #244627874742: Tournament #3612653766, $0.92+$0.08 USD Hold'em No Limit - Level I (10/20) - 2023/07/04 22:17:58 CET [2023/07/04 16:17:58 ET]
Table '3612653766 1' 3-max Seat #1 is the button
Seat 1: Mahu2021 (470 in chips) 
Seat 2: ED_CULLEN666 (530 in chips) 
Seat 3: pasiuntinys (500 in chips) 
ED_CULLEN666: posts small blind 10
pasiuntinys: posts big blind 20
*** HOLE CARDS ***
Dealt to Mahu2021 [7d 8c]
Mahu2021: folds 
ED_CULLEN666: folds 
Uncalled bet (10) returned to pasiuntinys
pasiuntinys collected 20 from pot
pasiuntinys: doesn't show hand 
*** SUMMARY ***
Total pot 20 | Rake 0 
Seat 1: Mahu2021 (button) folded before Flop (didn't bet)
Seat 2: ED_CULLEN666 (small blind) folded before Flop
Seat 3: pasiuntinys (big blind) collected (20)



PokerStars Hand #244627877522: Tournament #3612653766, $0.92+$0.08 USD Hold'em No Limit - Level I (10/20) - 2023/07/04 22:18:05 CET [2023/07/04 16:18:05 ET]
Table '3612653766 1' 3-max Seat #2 is the button
Seat 1: Mahu2021 (470 in chips) 
Seat 2: ED_CULLEN666 (520 in chips) 
Seat 3: pasiuntinys (510 in chips) 
pasiuntinys: posts small blind 10
Mahu2021: posts big blind 20
*** HOLE CARDS ***
Dealt to Mahu2021 [Tc Js]
ED_CULLEN666: raises 20 to 40
pasiuntinys: folds 
Mahu2021: calls 20
*** FLOP *** [Kh 7c 4s]
Mahu2021: checks 
ED_CULLEN666: checks 
*** TURN *** [Kh 7c 4s] [Qs]
Mahu2021: bets 90
ED_CULLEN666: folds 
Uncalled bet (90) returned to Mahu2021
Mahu2021 collected 90 from pot
Mahu2021: doesn't show hand 
*** SUMMARY ***
Total pot 90 | Rake 0 
Board [Kh 7c 4s Qs]
Seat 1: Mahu2021 (big blind) collected (90)
Seat 2: ED_CULLEN666 (button) folded on the Turn
Seat 3: pasiuntinys (small blind) folded before Flop



PokerStars Hand #244627887572: Tournament #3612653766, $0.92+$0.08 USD Hold'em No Limit - Level I (10/20) - 2023/07/04 22:18:31 CET [2023/07/04 16:18:31 ET]
Table '3612653766 1' 3-max Seat #3 is the button
Seat 1: Mahu2021 (520 in chips) 
Seat 2: ED_CULLEN666 (480 in chips) 
Seat 3: pasiuntinys (500 in chips) 
Mahu2021: posts small blind 10
ED_CULLEN666: posts big blind 20
*** HOLE CARDS ***
Dealt to Mahu2021 [Qc 8h]
pasiuntinys: folds 
Mahu2021: calls 10
ED_CULLEN666: checks 
*** FLOP *** [5c 6h 3s]
Mahu2021: checks 
ED_CULLEN666: bets 30
Mahu2021: folds 
Uncalled bet (30) returned to ED_CULLEN666
ED_CULLEN666 collected 40 from pot
*** SUMMARY ***
Total pot 40 | Rake 0 
Board [5c 6h 3s]
Seat 1: Mahu2021 (small blind) folded on the Flop
Seat 2: ED_CULLEN666 (big blind) collected (40)
Seat 3: pasiuntinys (button) folded before Flop (didn't bet)



PokerStars Hand #244627893601: Tournament #3612653766, $0.92+$0.08 USD Hold'em No Limit - Level I (10/20) - 2023/07/04 22:18:47 CET [2023/07/04 16:18:47 ET]
Table '3612653766 1' 3-max Seat #1 is the button
Seat 1: Mahu2021 (500 in chips) 
Seat 2: ED_CULLEN666 (500 in chips) 
Seat 3: pasiuntinys (500 in chips) 
ED_CULLEN666: posts small blind 10
pasiuntinys: posts big blind 20
*** HOLE CARDS ***
Dealt to Mahu2021 [6s 4d]
Mahu2021: folds 
ED_CULLEN666: calls 10
pasiuntinys: checks 
*** FLOP *** [4s Qs Jc]
ED_CULLEN666: checks 
pasiuntinys: checks 
*** TURN *** [4s Qs Jc] [8s]
ED_CULLEN666: bets 30
pasiuntinys: calls 30
*** RIVER *** [4s Qs Jc 8s] [3s]
ED_CULLEN666: checks 
pasiuntinys: bets 50
ED_CULLEN666: calls 50
*** SHOW DOWN ***
pasiuntinys: shows [8d Ts] (a flush, Queen high)
ED_CULLEN666: shows [Js 5s] (a flush, Queen high - Jack higher)
ED_CULLEN666 collected 200 from pot
*** SUMMARY ***
Total pot 200 | Rake 0 
Board [4s Qs Jc 8s 3s]
Seat 1: Mahu2021 (button) folded before Flop (didn't bet)
Seat 2: ED_CULLEN666 (small blind) showed [Js 5s] and won (200) with a flush, Queen high
Seat 3: pasiuntinys (big blind) showed [8d Ts] and lost with a flush, Queen high



PokerStars Hand #244627911666: Tournament #3612653766, $0.92+$0.08 USD Hold'em No Limit - Level I (10/20) - 2023/07/04 22:19:34 CET [2023/07/04 16:19:34 ET]
Table '3612653766 1' 3-max Seat #2 is the button
Seat 1: Mahu2021 (500 in chips) 
Seat 2: ED_CULLEN666 (600 in chips) 
Seat 3: pasiuntinys (400 in chips) 
pasiuntinys: posts small blind 10
Mahu2021: posts big blind 20
*** HOLE CARDS ***
Dealt to Mahu2021 [2d 4h]
ED_CULLEN666: folds 
pasiuntinys: folds 
Uncalled bet (10) returned to Mahu2021
Mahu2021 collected 20 from pot
Mahu2021: doesn't show hand 
*** SUMMARY ***
Total pot 20 | Rake 0 
Seat 1: Mahu2021 (big blind) collected (20)
Seat 2: ED_CULLEN666 (button) folded before Flop (didn't bet)
Seat 3: pasiuntinys (small blind) folded before Flop



PokerStars Hand #244627913384: Tournament #3612653766, $0.92+$0.08 USD Hold'em No Limit - Level I (10/20) - 2023/07/04 22:19:39 CET [2023/07/04 16:19:39 ET]
Table '3612653766 1' 3-max Seat #3 is the button
Seat 1: Mahu2021 (510 in chips) 
Seat 2: ED_CULLEN666 (600 in chips) 
Seat 3: pasiuntinys (390 in chips) 
Mahu2021: posts small blind 10
ED_CULLEN666: posts big blind 20
*** HOLE CARDS ***
Dealt to Mahu2021 [5c 6c]
pasiuntinys: folds 
Mahu2021: raises 20 to 40
ED_CULLEN666: folds 
Uncalled bet (20) returned to Mahu2021
Mahu2021 collected 40 from pot
Mahu2021: doesn't show hand 
*** SUMMARY ***
Total pot 40 | Rake 0 
Seat 1: Mahu2021 (small blind) collected (40)
Seat 2: ED_CULLEN666 (big blind) folded before Flop
Seat 3: pasiuntinys (button) folded before Flop (didn't bet)



PokerStars Hand #244627915838: Tournament #3612653766, $0.92+$0.08 USD Hold'em No Limit - Level I (10/20) - 2023/07/04 22:19:45 CET [2023/07/04 16:19:45 ET]
Table '3612653766 1' 3-max Seat #1 is the button
Seat 1: Mahu2021 (530 in chips) 
Seat 2: ED_CULLEN666 (580 in chips) 
Seat 3: pasiuntinys (390 in chips) 
ED_CULLEN666: posts small blind 10
pasiuntinys: posts big blind 20
*** HOLE CARDS ***
Dealt to Mahu2021 [6d 6c]
Mahu2021: raises 40 to 60
ED_CULLEN666: folds 
pasiuntinys: raises 330 to 390 and is all-in
Mahu2021: calls 330
*** FLOP *** [6s 7d Qd]
*** TURN *** [6s 7d Qd] [6h]
*** RIVER *** [6s 7d Qd 6h] [Ah]
*** SHOW DOWN ***
pasiuntinys: shows [Js As] (two pair, Aces and Sixes)
Mahu2021: shows [6d 6c] (four of a kind, Sixes)
Mahu2021 collected 790 from pot
pasiuntinys finished the tournament in 3rd place
*** SUMMARY ***
Total pot 790 | Rake 0 
Board [6s 7d Qd 6h Ah]
Seat 1: Mahu2021 (button) showed [6d 6c] and won (790) with four of a kind, Sixes
Seat 2: ED_CULLEN666 (small blind) folded before Flop
Seat 3: pasiuntinys (big blind) showed [Js As] and lost with two pair, Aces and Sixes



PokerStars Hand #244627923295: Tournament #3612653766, $0.92+$0.08 USD Hold'em No Limit - Level I (10/20) - 2023/07/04 22:20:04 CET [2023/07/04 16:20:04 ET]
Table '3612653766 1' 3-max Seat #2 is the button
Seat 1: Mahu2021 (930 in chips) 
Seat 2: ED_CULLEN666 (570 in chips) 
ED_CULLEN666: posts small blind 10
Mahu2021: posts big blind 20
*** HOLE CARDS ***
Dealt to Mahu2021 [Ks 4c]
ED_CULLEN666: raises 550 to 570 and is all-in
Mahu2021: folds 
Uncalled bet (550) returned to ED_CULLEN666
ED_CULLEN666 collected 40 from pot
*** SUMMARY ***
Total pot 40 | Rake 0 
Seat 1: Mahu2021 (big blind) folded before Flop
Seat 2: ED_CULLEN666 (button) (small blind) collected (40)



PokerStars Hand #244627925686: Tournament #3612653766, $0.92+$0.08 USD Hold'em No Limit - Level I (10/20) - 2023/07/04 22:20:10 CET [2023/07/04 16:20:10 ET]
Table '3612653766 1' 3-max Seat #1 is the button
Seat 1: Mahu2021 (910 in chips) 
Seat 2: ED_CULLEN666 (590 in chips) 
Mahu2021: posts small blind 10
ED_CULLEN666: posts big blind 20
*** HOLE CARDS ***
Dealt to Mahu2021 [7h 9c]
Mahu2021: calls 10
ED_CULLEN666: checks 
*** FLOP *** [Ts 4s 4c]
ED_CULLEN666: checks 
Mahu2021: checks 
*** TURN *** [Ts 4s 4c] [Ks]
ED_CULLEN666: checks 
Mahu2021: checks 
*** RIVER *** [Ts 4s 4c Ks] [6h]
ED_CULLEN666: bets 20
Mahu2021: folds 
Uncalled bet (20) returned to ED_CULLEN666
ED_CULLEN666 collected 40 from pot
*** SUMMARY ***
Total pot 40 | Rake 0 
Board [Ts 4s 4c Ks 6h]
Seat 1: Mahu2021 (button) (small blind) folded on the River
Seat 2: ED_CULLEN666 (big blind) collected (40)



PokerStars Hand #244627932471: Tournament #3612653766, $0.92+$0.08 USD Hold'em No Limit - Level I (10/20) - 2023/07/04 22:20:28 CET [2023/07/04 16:20:28 ET]
Table '3612653766 1' 3-max Seat #2 is the button
Seat 1: Mahu2021 (890 in chips) 
Seat 2: ED_CULLEN666 (610 in chips) 
ED_CULLEN666: posts small blind 10
Mahu2021: posts big blind 20
*** HOLE CARDS ***
Dealt to Mahu2021 [Jd 6s]
ED_CULLEN666: folds 
Uncalled bet (10) returned to Mahu2021
Mahu2021 collected 20 from pot
Mahu2021: doesn't show hand 
*** SUMMARY ***
Total pot 20 | Rake 0 
Seat 1: Mahu2021 (big blind) collected (20)
Seat 2: ED_CULLEN666 (button) (small blind) folded before Flop



PokerStars Hand #244627935336: Tournament #3612653766, $0.92+$0.08 USD Hold'em No Limit - Level II (15/30) - 2023/07/04 22:20:35 CET [2023/07/04 16:20:35 ET]
Table '3612653766 1' 3-max Seat #1 is the button
Seat 1: Mahu2021 (900 in chips) 
Seat 2: ED_CULLEN666 (600 in chips) 
Mahu2021: posts small blind 15
ED_CULLEN666: posts big blind 30
*** HOLE CARDS ***
Dealt to Mahu2021 [2s 8d]
Mahu2021: folds 
Uncalled bet (15) returned to ED_CULLEN666
ED_CULLEN666 collected 30 from pot
*** SUMMARY ***
Total pot 30 | Rake 0 
Seat 1: Mahu2021 (button) (small blind) folded before Flop
Seat 2: ED_CULLEN666 (big blind) collected (30)



PokerStars Hand #244627937235: Tournament #3612653766, $0.92+$0.08 USD Hold'em No Limit - Level II (15/30) - 2023/07/04 22:20:40 CET [2023/07/04 16:20:40 ET]
Table '3612653766 1' 3-max Seat #2 is the button
Seat 1: Mahu2021 (885 in chips) 
Seat 2: ED_CULLEN666 (615 in chips) 
ED_CULLEN666: posts small blind 15
Mahu2021: posts big blind 30
*** HOLE CARDS ***
Dealt to Mahu2021 [8c 2c]
ED_CULLEN666: calls 15
Mahu2021: checks 
*** FLOP *** [2h 5c Td]
Mahu2021: checks 
ED_CULLEN666: checks 
*** TURN *** [2h 5c Td] [Ad]
Mahu2021: checks 
ED_CULLEN666: bets 90
Mahu2021: folds 
Uncalled bet (90) returned to ED_CULLEN666
ED_CULLEN666 collected 60 from pot
*** SUMMARY ***
Total pot 60 | Rake 0 
Board [2h 5c Td Ad]
Seat 1: Mahu2021 (big blind) folded on the Turn
Seat 2: ED_CULLEN666 (button) (small blind) collected (60)



PokerStars Hand #244627945029: Tournament #3612653766, $0.92+$0.08 USD Hold'em No Limit - Level II (15/30) - 2023/07/04 22:21:00 CET [2023/07/04 16:21:00 ET]
Table '3612653766 1' 3-max Seat #1 is the button
Seat 1: Mahu2021 (855 in chips) 
Seat 2: ED_CULLEN666 (645 in chips) 
Mahu2021: posts small blind 15
ED_CULLEN666: posts big blind 30
*** HOLE CARDS ***
Dealt to Mahu2021 [7s Th]
Mahu2021: folds 
Uncalled bet (15) returned to ED_CULLEN666
ED_CULLEN666 collected 30 from pot
*** SUMMARY ***
Total pot 30 | Rake 0 
Seat 1: Mahu2021 (button) (small blind) folded before Flop
Seat 2: ED_CULLEN666 (big blind) collected (30)



PokerStars Hand #244627946860: Tournament #3612653766, $0.92+$0.08 USD Hold'em No Limit - Level II (15/30) - 2023/07/04 22:21:05 CET [2023/07/04 16:21:05 ET]
Table '3612653766 1' 3-max Seat #2 is the button
Seat 1: Mahu2021 (840 in chips) 
Seat 2: ED_CULLEN666 (660 in chips) 
ED_CULLEN666: posts small blind 15
Mahu2021: posts big blind 30
*** HOLE CARDS ***
Dealt to Mahu2021 [Qc Ah]
ED_CULLEN666: folds 
Uncalled bet (15) returned to Mahu2021
Mahu2021 collected 30 from pot
Mahu2021: doesn't show hand 
*** SUMMARY ***
Total pot 30 | Rake 0 
Seat 1: Mahu2021 (big blind) collected (30)
Seat 2: ED_CULLEN666 (button) (small blind) folded before Flop



PokerStars Hand #244627949332: Tournament #3612653766, $0.92+$0.08 USD Hold'em No Limit - Level II (15/30) - 2023/07/04 22:21:12 CET [2023/07/04 16:21:12 ET]
Table '3612653766 1' 3-max Seat #1 is the button
Seat 1: Mahu2021 (855 in chips) 
Seat 2: ED_CULLEN666 (645 in chips) 
Mahu2021: posts small blind 15
ED_CULLEN666: posts big blind 30
*** HOLE CARDS ***
Dealt to Mahu2021 [Kh 3h]
Mahu2021: raises 30 to 60
ED_CULLEN666: calls 30
*** FLOP *** [7s Th Qd]
ED_CULLEN666: checks 
Mahu2021: bets 60
ED_CULLEN666: calls 60
*** TURN *** [7s Th Qd] [8s]
ED_CULLEN666: checks 
Mahu2021: checks 
*** RIVER *** [7s Th Qd 8s] [Qh]
ED_CULLEN666: checks 
Mahu2021: bets 240
ED_CULLEN666: folds 
Uncalled bet (240) returned to Mahu2021
Mahu2021 collected 240 from pot
Mahu2021: doesn't show hand 
*** SUMMARY ***
Total pot 240 | Rake 0 
Board [7s Th Qd 8s Qh]
Seat 1: Mahu2021 (button) (small blind) collected (240)
Seat 2: ED_CULLEN666 (big blind) folded on the River



PokerStars Hand #244627960836: Tournament #3612653766, $0.92+$0.08 USD Hold'em No Limit - Level II (15/30) - 2023/07/04 22:21:42 CET [2023/07/04 16:21:42 ET]
Table '3612653766 1' 3-max Seat #2 is the button
Seat 1: Mahu2021 (975 in chips) 
Seat 2: ED_CULLEN666 (525 in chips) 
ED_CULLEN666: posts small blind 15
Mahu2021: posts big blind 30
*** HOLE CARDS ***
Dealt to Mahu2021 [Td 4s]
ED_CULLEN666: calls 15
Mahu2021: checks 
*** FLOP *** [Jh Ah 7d]
Mahu2021: checks 
ED_CULLEN666: bets 30
Mahu2021: folds 
Uncalled bet (30) returned to ED_CULLEN666
ED_CULLEN666 collected 60 from pot
*** SUMMARY ***
Total pot 60 | Rake 0 
Board [Jh Ah 7d]
Seat 1: Mahu2021 (big blind) folded on the Flop
Seat 2: ED_CULLEN666 (button) (small blind) collected (60)



PokerStars Hand #244627964943: Tournament #3612653766, $0.92+$0.08 USD Hold'em No Limit - Level II (15/30) - 2023/07/04 22:21:53 CET [2023/07/04 16:21:53 ET]
Table '3612653766 1' 3-max Seat #1 is the button
Seat 1: Mahu2021 (945 in chips) 
Seat 2: ED_CULLEN666 (555 in chips) 
Mahu2021: posts small blind 15
ED_CULLEN666: posts big blind 30
*** HOLE CARDS ***
Dealt to Mahu2021 [Qs Jh]
Mahu2021: raises 30 to 60
ED_CULLEN666: folds 
Uncalled bet (30) returned to Mahu2021
Mahu2021 collected 60 from pot
Mahu2021: doesn't show hand 
*** SUMMARY ***
Total pot 60 | Rake 0 
Seat 1: Mahu2021 (button) (small blind) collected (60)
Seat 2: ED_CULLEN666 (big blind) folded before Flop



PokerStars Hand #244627967064: Tournament #3612653766, $0.92+$0.08 USD Hold'em No Limit - Level II (15/30) - 2023/07/04 22:21:58 CET [2023/07/04 16:21:58 ET]
Table '3612653766 1' 3-max Seat #2 is the button
Seat 1: Mahu2021 (975 in chips) 
Seat 2: ED_CULLEN666 (525 in chips) 
ED_CULLEN666: posts small blind 15
Mahu2021: posts big blind 30
*** HOLE CARDS ***
Dealt to Mahu2021 [9c Ad]
ED_CULLEN666: folds 
Uncalled bet (15) returned to Mahu2021
Mahu2021 collected 30 from pot
Mahu2021: doesn't show hand 
*** SUMMARY ***
Total pot 30 | Rake 0 
Seat 1: Mahu2021 (big blind) collected (30)
Seat 2: ED_CULLEN666 (button) (small blind) folded before Flop



PokerStars Hand #244627968885: Tournament #3612653766, $0.92+$0.08 USD Hold'em No Limit - Level II (15/30) - 2023/07/04 22:22:03 CET [2023/07/04 16:22:03 ET]
Table '3612653766 1' 3-max Seat #1 is the button
Seat 1: Mahu2021 (990 in chips) 
Seat 2: ED_CULLEN666 (510 in chips) 
Mahu2021: posts small blind 15
ED_CULLEN666: posts big blind 30
*** HOLE CARDS ***
Dealt to Mahu2021 [5s Kh]
Mahu2021: calls 15
ED_CULLEN666: checks 
*** FLOP *** [Th 6d 7s]
ED_CULLEN666: checks 
Mahu2021: checks 
*** TURN *** [Th 6d 7s] [6s]
ED_CULLEN666: checks 
Mahu2021: checks 
*** RIVER *** [Th 6d 7s 6s] [Js]
ED_CULLEN666: bets 60
Mahu2021: folds 
Uncalled bet (60) returned to ED_CULLEN666
ED_CULLEN666 collected 60 from pot
*** SUMMARY ***
Total pot 60 | Rake 0 
Board [Th 6d 7s 6s Js]
Seat 1: Mahu2021 (button) (small blind) folded on the River
Seat 2: ED_CULLEN666 (big blind) collected (60)



PokerStars Hand #244627978424: Tournament #3612653766, $0.92+$0.08 USD Hold'em No Limit - Level II (15/30) - 2023/07/04 22:22:28 CET [2023/07/04 16:22:28 ET]
Table '3612653766 1' 3-max Seat #2 is the button
Seat 1: Mahu2021 (960 in chips) 
Seat 2: ED_CULLEN666 (540 in chips) 
ED_CULLEN666: posts small blind 15
Mahu2021: posts big blind 30
*** HOLE CARDS ***
Dealt to Mahu2021 [Ah 4d]
ED_CULLEN666: raises 510 to 540 and is all-in
Mahu2021: folds 
Uncalled bet (510) returned to ED_CULLEN666
ED_CULLEN666 collected 60 from pot
*** SUMMARY ***
Total pot 60 | Rake 0 
Seat 1: Mahu2021 (big blind) folded before Flop
Seat 2: ED_CULLEN666 (button) (small blind) collected (60)



PokerStars Hand #244627981090: Tournament #3612653766, $0.92+$0.08 USD Hold'em No Limit - Level II (15/30) - 2023/07/04 22:22:35 CET [2023/07/04 16:22:35 ET]
Table '3612653766 1' 3-max Seat #1 is the button
Seat 1: Mahu2021 (930 in chips) 
Seat 2: ED_CULLEN666 (570 in chips) 
Mahu2021: posts small blind 15
ED_CULLEN666: posts big blind 30
*** HOLE CARDS ***
Dealt to Mahu2021 [9h 6s]
Mahu2021: calls 15
ED_CULLEN666: checks 
*** FLOP *** [7h Jc Ts]
ED_CULLEN666: checks 
Mahu2021: bets 30
ED_CULLEN666: folds 
Uncalled bet (30) returned to Mahu2021
Mahu2021 collected 60 from pot
Mahu2021: doesn't show hand 
*** SUMMARY ***
Total pot 60 | Rake 0 
Board [7h Jc Ts]
Seat 1: Mahu2021 (button) (small blind) collected (60)
Seat 2: ED_CULLEN666 (big blind) folded on the Flop



PokerStars Hand #244627987163: Tournament #3612653766, $0.92+$0.08 USD Hold'em No Limit - Level II (15/30) - 2023/07/04 22:22:51 CET [2023/07/04 16:22:51 ET]
Table '3612653766 1' 3-max Seat #2 is the button
Seat 1: Mahu2021 (960 in chips) 
Seat 2: ED_CULLEN666 (540 in chips) 
ED_CULLEN666: posts small blind 15
Mahu2021: posts big blind 30
*** HOLE CARDS ***
Dealt to Mahu2021 [9c 7h]
ED_CULLEN666: raises 510 to 540 and is all-in
Mahu2021: folds 
Uncalled bet (510) returned to ED_CULLEN666
ED_CULLEN666 collected 60 from pot
*** SUMMARY ***
Total pot 60 | Rake 0 
Seat 1: Mahu2021 (big blind) folded before Flop
Seat 2: ED_CULLEN666 (button) (small blind) collected (60)



PokerStars Hand #244627990642: Tournament #3612653766, $0.92+$0.08 USD Hold'em No Limit - Level II (15/30) - 2023/07/04 22:23:00 CET [2023/07/04 16:23:00 ET]
Table '3612653766 1' 3-max Seat #1 is the button
Seat 1: Mahu2021 (930 in chips) 
Seat 2: ED_CULLEN666 (570 in chips) 
Mahu2021: posts small blind 15
ED_CULLEN666: posts big blind 30
*** HOLE CARDS ***
Dealt to Mahu2021 [5d 6s]
Mahu2021: raises 30 to 60
ED_CULLEN666: folds 
Uncalled bet (30) returned to Mahu2021
Mahu2021 collected 60 from pot
Mahu2021: doesn't show hand 
*** SUMMARY ***
Total pot 60 | Rake 0 
Seat 1: Mahu2021 (button) (small blind) collected (60)
Seat 2: ED_CULLEN666 (big blind) folded before Flop



PokerStars Hand #244627993046: Tournament #3612653766, $0.92+$0.08 USD Hold'em No Limit - Level II (15/30) - 2023/07/04 22:23:06 CET [2023/07/04 16:23:06 ET]
Table '3612653766 1' 3-max Seat #2 is the button
Seat 1: Mahu2021 (960 in chips) 
Seat 2: ED_CULLEN666 (540 in chips) 
ED_CULLEN666: posts small blind 15
Mahu2021: posts big blind 30
*** HOLE CARDS ***
Dealt to Mahu2021 [4h 9c]
ED_CULLEN666: calls 15
Mahu2021: checks 
*** FLOP *** [Ac 3h 3c]
Mahu2021: checks 
ED_CULLEN666: bets 30
Mahu2021: folds 
Uncalled bet (30) returned to ED_CULLEN666
ED_CULLEN666 collected 60 from pot
*** SUMMARY ***
Total pot 60 | Rake 0 
Board [Ac 3h 3c]
Seat 1: Mahu2021 (big blind) folded on the Flop
Seat 2: ED_CULLEN666 (button) (small blind) collected (60)



PokerStars Hand #244627997392: Tournament #3612653766, $0.92+$0.08 USD Hold'em No Limit - Level II (15/30) - 2023/07/04 22:23:18 CET [2023/07/04 16:23:18 ET]
Table '3612653766 1' 3-max Seat #1 is the button
Seat 1: Mahu2021 (930 in chips) 
Seat 2: ED_CULLEN666 (570 in chips) 
Mahu2021: posts small blind 15
ED_CULLEN666: posts big blind 30
*** HOLE CARDS ***
Dealt to Mahu2021 [7d Ks]
Mahu2021: raises 30 to 60
ED_CULLEN666: folds 
Uncalled bet (30) returned to Mahu2021
Mahu2021 collected 60 from pot
Mahu2021: doesn't show hand 
*** SUMMARY ***
Total pot 60 | Rake 0 
Seat 1: Mahu2021 (button) (small blind) collected (60)
Seat 2: ED_CULLEN666 (big blind) folded before Flop



PokerStars Hand #244628000042: Tournament #3612653766, $0.92+$0.08 USD Hold'em No Limit - Level II (15/30) - 2023/07/04 22:23:25 CET [2023/07/04 16:23:25 ET]
Table '3612653766 1' 3-max Seat #2 is the button
Seat 1: Mahu2021 (960 in chips) 
Seat 2: ED_CULLEN666 (540 in chips) 
ED_CULLEN666: posts small blind 15
Mahu2021: posts big blind 30
*** HOLE CARDS ***
Dealt to Mahu2021 [Qd Ad]
ED_CULLEN666: folds 
Uncalled bet (15) returned to Mahu2021
Mahu2021 collected 30 from pot
Mahu2021: doesn't show hand 
*** SUMMARY ***
Total pot 30 | Rake 0 
Seat 1: Mahu2021 (big blind) collected (30)
Seat 2: ED_CULLEN666 (button) (small blind) folded before Flop



PokerStars Hand #244628003253: Tournament #3612653766, $0.92+$0.08 USD Hold'em No Limit - Level III (20/40) - 2023/07/04 22:23:33 CET [2023/07/04 16:23:33 ET]
Table '3612653766 1' 3-max Seat #1 is the button
Seat 1: Mahu2021 (975 in chips) 
Seat 2: ED_CULLEN666 (525 in chips) 
Mahu2021: posts small blind 20
ED_CULLEN666: posts big blind 40
*** HOLE CARDS ***
Dealt to Mahu2021 [8s Kd]
Mahu2021: raises 40 to 80
ED_CULLEN666: folds 
Uncalled bet (40) returned to Mahu2021
Mahu2021 collected 80 from pot
Mahu2021: doesn't show hand 
*** SUMMARY ***
Total pot 80 | Rake 0 
Seat 1: Mahu2021 (button) (small blind) collected (80)
Seat 2: ED_CULLEN666 (big blind) folded before Flop



PokerStars Hand #244628005531: Tournament #3612653766, $0.92+$0.08 USD Hold'em No Limit - Level III (20/40) - 2023/07/04 22:23:39 CET [2023/07/04 16:23:39 ET]
Table '3612653766 1' 3-max Seat #2 is the button
Seat 1: Mahu2021 (1015 in chips) 
Seat 2: ED_CULLEN666 (485 in chips) 
ED_CULLEN666: posts small blind 20
Mahu2021: posts big blind 40
*** HOLE CARDS ***
Dealt to Mahu2021 [Tc 7h]
ED_CULLEN666: raises 445 to 485 and is all-in
Mahu2021: folds 
Uncalled bet (445) returned to ED_CULLEN666
ED_CULLEN666 collected 80 from pot
*** SUMMARY ***
Total pot 80 | Rake 0 
Seat 1: Mahu2021 (big blind) folded before Flop
Seat 2: ED_CULLEN666 (button) (small blind) collected (80)



PokerStars Hand #244628008206: Tournament #3612653766, $0.92+$0.08 USD Hold'em No Limit - Level III (20/40) - 2023/07/04 22:23:46 CET [2023/07/04 16:23:46 ET]
Table '3612653766 1' 3-max Seat #1 is the button
Seat 1: Mahu2021 (975 in chips) 
Seat 2: ED_CULLEN666 (525 in chips) 
Mahu2021: posts small blind 20
ED_CULLEN666: posts big blind 40
*** HOLE CARDS ***
Dealt to Mahu2021 [Th 8h]
Mahu2021: calls 20
ED_CULLEN666: raises 485 to 525 and is all-in
Mahu2021: folds 
Uncalled bet (485) returned to ED_CULLEN666
ED_CULLEN666 collected 80 from pot
*** SUMMARY ***
Total pot 80 | Rake 0 
Seat 1: Mahu2021 (button) (small blind) folded before Flop
Seat 2: ED_CULLEN666 (big blind) collected (80)



PokerStars Hand #244628011327: Tournament #3612653766, $0.92+$0.08 USD Hold'em No Limit - Level III (20/40) - 2023/07/04 22:23:54 CET [2023/07/04 16:23:54 ET]
Table '3612653766 1' 3-max Seat #2 is the button
Seat 1: Mahu2021 (935 in chips) 
Seat 2: ED_CULLEN666 (565 in chips) 
ED_CULLEN666: posts small blind 20
Mahu2021: posts big blind 40
*** HOLE CARDS ***
Dealt to Mahu2021 [2c 5h]
ED_CULLEN666: raises 40 to 80
Mahu2021: folds 
Uncalled bet (40) returned to ED_CULLEN666
ED_CULLEN666 collected 80 from pot
*** SUMMARY ***
Total pot 80 | Rake 0 
Seat 1: Mahu2021 (big blind) folded before Flop
Seat 2: ED_CULLEN666 (button) (small blind) collected (80)



PokerStars Hand #244628013454: Tournament #3612653766, $0.92+$0.08 USD Hold'em No Limit - Level III (20/40) - 2023/07/04 22:24:00 CET [2023/07/04 16:24:00 ET]
Table '3612653766 1' 3-max Seat #1 is the button
Seat 1: Mahu2021 (895 in chips) 
Seat 2: ED_CULLEN666 (605 in chips) 
Mahu2021: posts small blind 20
ED_CULLEN666: posts big blind 40
*** HOLE CARDS ***
Dealt to Mahu2021 [5d Td]
Mahu2021: calls 20
ED_CULLEN666: checks 
*** FLOP *** [Ad 7s 2d]
ED_CULLEN666: checks 
Mahu2021: bets 80
ED_CULLEN666: folds 
Uncalled bet (80) returned to Mahu2021
Mahu2021 collected 80 from pot
Mahu2021: doesn't show hand 
*** SUMMARY ***
Total pot 80 | Rake 0 
Board [Ad 7s 2d]
Seat 1: Mahu2021 (button) (small blind) collected (80)
Seat 2: ED_CULLEN666 (big blind) folded on the Flop



PokerStars Hand #244628019020: Tournament #3612653766, $0.92+$0.08 USD Hold'em No Limit - Level III (20/40) - 2023/07/04 22:24:15 CET [2023/07/04 16:24:15 ET]
Table '3612653766 1' 3-max Seat #2 is the button
Seat 1: Mahu2021 (935 in chips) 
Seat 2: ED_CULLEN666 (565 in chips) 
ED_CULLEN666: posts small blind 20
Mahu2021: posts big blind 40
*** HOLE CARDS ***
Dealt to Mahu2021 [3d 6c]
ED_CULLEN666: folds 
Uncalled bet (20) returned to Mahu2021
Mahu2021 collected 40 from pot
Mahu2021: doesn't show hand 
*** SUMMARY ***
Total pot 40 | Rake 0 
Seat 1: Mahu2021 (big blind) collected (40)
Seat 2: ED_CULLEN666 (button) (small blind) folded before Flop



PokerStars Hand #244628020948: Tournament #3612653766, $0.92+$0.08 USD Hold'em No Limit - Level III (20/40) - 2023/07/04 22:24:20 CET [2023/07/04 16:24:20 ET]
Table '3612653766 1' 3-max Seat #1 is the button
Seat 1: Mahu2021 (955 in chips) 
Seat 2: ED_CULLEN666 (545 in chips) 
Mahu2021: posts small blind 20
ED_CULLEN666: posts big blind 40
*** HOLE CARDS ***
Dealt to Mahu2021 [7c 3d]
Mahu2021: calls 20
ED_CULLEN666: checks 
*** FLOP *** [Qc Ac 2d]
ED_CULLEN666: checks 
Mahu2021: bets 40
ED_CULLEN666: folds 
Uncalled bet (40) returned to Mahu2021
Mahu2021 collected 80 from pot
Mahu2021: doesn't show hand 
*** SUMMARY ***
Total pot 80 | Rake 0 
Board [Qc Ac 2d]
Seat 1: Mahu2021 (button) (small blind) collected (80)
Seat 2: ED_CULLEN666 (big blind) folded on the Flop



PokerStars Hand #244628027952: Tournament #3612653766, $0.92+$0.08 USD Hold'em No Limit - Level III (20/40) - 2023/07/04 22:24:38 CET [2023/07/04 16:24:38 ET]
Table '3612653766 1' 3-max Seat #2 is the button
Seat 1: Mahu2021 (995 in chips) 
Seat 2: ED_CULLEN666 (505 in chips) 
ED_CULLEN666: posts small blind 20
Mahu2021: posts big blind 40
*** HOLE CARDS ***
Dealt to Mahu2021 [Ts 7c]
ED_CULLEN666: raises 465 to 505 and is all-in
Mahu2021: folds 
Uncalled bet (465) returned to ED_CULLEN666
ED_CULLEN666 collected 80 from pot
*** SUMMARY ***
Total pot 80 | Rake 0 
Seat 1: Mahu2021 (big blind) folded before Flop
Seat 2: ED_CULLEN666 (button) (small blind) collected (80)



PokerStars Hand #244628030405: Tournament #3612653766, $0.92+$0.08 USD Hold'em No Limit - Level III (20/40) - 2023/07/04 22:24:45 CET [2023/07/04 16:24:45 ET]
Table '3612653766 1' 3-max Seat #1 is the button
Seat 1: Mahu2021 (955 in chips) 
Seat 2: ED_CULLEN666 (545 in chips) 
Mahu2021: posts small blind 20
ED_CULLEN666: posts big blind 40
*** HOLE CARDS ***
Dealt to Mahu2021 [5h 2s]
Mahu2021: folds 
Uncalled bet (20) returned to ED_CULLEN666
ED_CULLEN666 collected 40 from pot
*** SUMMARY ***
Total pot 40 | Rake 0 
Seat 1: Mahu2021 (button) (small blind) folded before Flop
Seat 2: ED_CULLEN666 (big blind) collected (40)



PokerStars Hand #244628032209: Tournament #3612653766, $0.92+$0.08 USD Hold'em No Limit - Level III (20/40) - 2023/07/04 22:24:49 CET [2023/07/04 16:24:49 ET]
Table '3612653766 1' 3-max Seat #2 is the button
Seat 1: Mahu2021 (935 in chips) 
Seat 2: ED_CULLEN666 (565 in chips) 
ED_CULLEN666: posts small blind 20
Mahu2021: posts big blind 40
*** HOLE CARDS ***
Dealt to Mahu2021 [Th Jc]
ED_CULLEN666: folds 
Uncalled bet (20) returned to Mahu2021
Mahu2021 collected 40 from pot
Mahu2021: doesn't show hand 
*** SUMMARY ***
Total pot 40 | Rake 0 
Seat 1: Mahu2021 (big blind) collected (40)
Seat 2: ED_CULLEN666 (button) (small blind) folded before Flop



PokerStars Hand #244628033991: Tournament #3612653766, $0.92+$0.08 USD Hold'em No Limit - Level III (20/40) - 2023/07/04 22:24:54 CET [2023/07/04 16:24:54 ET]
Table '3612653766 1' 3-max Seat #1 is the button
Seat 1: Mahu2021 (955 in chips) 
Seat 2: ED_CULLEN666 (545 in chips) 
Mahu2021: posts small blind 20
ED_CULLEN666: posts big blind 40
*** HOLE CARDS ***
Dealt to Mahu2021 [9c 6h]
Mahu2021: calls 20
ED_CULLEN666: checks 
*** FLOP *** [8c 3s Ad]
ED_CULLEN666: checks 
Mahu2021: checks 
*** TURN *** [8c 3s Ad] [2s]
ED_CULLEN666: checks 
Mahu2021: checks 
*** RIVER *** [8c 3s Ad 2s] [7s]
ED_CULLEN666: checks 
Mahu2021: bets 80
ED_CULLEN666: raises 120 to 200
Mahu2021: folds 
Uncalled bet (120) returned to ED_CULLEN666
ED_CULLEN666 collected 240 from pot
*** SUMMARY ***
Total pot 240 | Rake 0 
Board [8c 3s Ad 2s 7s]
Seat 1: Mahu2021 (button) (small blind) folded on the River
Seat 2: ED_CULLEN666 (big blind) collected (240)



PokerStars Hand #244628045495: Tournament #3612653766, $0.92+$0.08 USD Hold'em No Limit - Level III (20/40) - 2023/07/04 22:25:24 CET [2023/07/04 16:25:24 ET]
Table '3612653766 1' 3-max Seat #2 is the button
Seat 1: Mahu2021 (835 in chips) 
Seat 2: ED_CULLEN666 (665 in chips) 
ED_CULLEN666: posts small blind 20
Mahu2021: posts big blind 40
*** HOLE CARDS ***
Dealt to Mahu2021 [3h 7d]
ED_CULLEN666: calls 20
Mahu2021: checks 
*** FLOP *** [Qd 2s 4s]
Mahu2021: checks 
ED_CULLEN666: bets 120
Mahu2021: folds 
Uncalled bet (120) returned to ED_CULLEN666
ED_CULLEN666 collected 80 from pot
*** SUMMARY ***
Total pot 80 | Rake 0 
Board [Qd 2s 4s]
Seat 1: Mahu2021 (big blind) folded on the Flop
Seat 2: ED_CULLEN666 (button) (small blind) collected (80)



PokerStars Hand #244628050639: Tournament #3612653766, $0.92+$0.08 USD Hold'em No Limit - Level III (20/40) - 2023/07/04 22:25:38 CET [2023/07/04 16:25:38 ET]
Table '3612653766 1' 3-max Seat #1 is the button
Seat 1: Mahu2021 (795 in chips) 
Seat 2: ED_CULLEN666 (705 in chips) 
Mahu2021: posts small blind 20
ED_CULLEN666: posts big blind 40
*** HOLE CARDS ***
Dealt to Mahu2021 [9h 7s]
Mahu2021: folds 
Uncalled bet (20) returned to ED_CULLEN666
ED_CULLEN666 collected 40 from pot
*** SUMMARY ***
Total pot 40 | Rake 0 
Seat 1: Mahu2021 (button) (small blind) folded before Flop
Seat 2: ED_CULLEN666 (big blind) collected (40)



PokerStars Hand #244628052418: Tournament #3612653766, $0.92+$0.08 USD Hold'em No Limit - Level III (20/40) - 2023/07/04 22:25:42 CET [2023/07/04 16:25:42 ET]
Table '3612653766 1' 3-max Seat #2 is the button
Seat 1: Mahu2021 (775 in chips) 
Seat 2: ED_CULLEN666 (725 in chips) 
ED_CULLEN666: posts small blind 20
Mahu2021: posts big blind 40
*** HOLE CARDS ***
Dealt to Mahu2021 [8c 7c]
ED_CULLEN666: calls 20
Mahu2021: raises 80 to 120
ED_CULLEN666: folds 
Uncalled bet (80) returned to Mahu2021
Mahu2021 collected 80 from pot
Mahu2021: doesn't show hand 
*** SUMMARY ***
Total pot 80 | Rake 0 
Seat 1: Mahu2021 (big blind) collected (80)
Seat 2: ED_CULLEN666 (button) (small blind) folded before Flop



PokerStars Hand #244628055355: Tournament #3612653766, $0.92+$0.08 USD Hold'em No Limit - Level III (20/40) - 2023/07/04 22:25:50 CET [2023/07/04 16:25:50 ET]
Table '3612653766 1' 3-max Seat #1 is the button
Seat 1: Mahu2021 (815 in chips) 
Seat 2: ED_CULLEN666 (685 in chips) 
Mahu2021: posts small blind 20
ED_CULLEN666: posts big blind 40
*** HOLE CARDS ***
Dealt to Mahu2021 [9d 7c]
Mahu2021: calls 20
ED_CULLEN666: checks 
*** FLOP *** [2d 4d As]
ED_CULLEN666: checks 
Mahu2021: checks 
*** TURN *** [2d 4d As] [8c]
ED_CULLEN666: checks 
Mahu2021: checks 
*** RIVER *** [2d 4d As 8c] [5s]
ED_CULLEN666: checks 
Mahu2021: checks 
*** SHOW DOWN ***
ED_CULLEN666: shows [Ks 7s] (high card Ace)
Mahu2021: mucks hand 
ED_CULLEN666 collected 80 from pot
*** SUMMARY ***
Total pot 80 | Rake 0 
Board [2d 4d As 8c 5s]
Seat 1: Mahu2021 (button) (small blind) mucked [9d 7c]
Seat 2: ED_CULLEN666 (big blind) showed [Ks 7s] and won (80) with high card Ace



PokerStars Hand #244628063303: Tournament #3612653766, $0.92+$0.08 USD Hold'em No Limit - Level III (20/40) - 2023/07/04 22:26:11 CET [2023/07/04 16:26:11 ET]
Table '3612653766 1' 3-max Seat #2 is the button
Seat 1: Mahu2021 (775 in chips) 
Seat 2: ED_CULLEN666 (725 in chips) 
ED_CULLEN666: posts small blind 20
Mahu2021: posts big blind 40
*** HOLE CARDS ***
Dealt to Mahu2021 [8d 7s]
ED_CULLEN666: folds 
Uncalled bet (20) returned to Mahu2021
Mahu2021 collected 40 from pot
Mahu2021: doesn't show hand 
*** SUMMARY ***
Total pot 40 | Rake 0 
Seat 1: Mahu2021 (big blind) collected (40)
Seat 2: ED_CULLEN666 (button) (small blind) folded before Flop



PokerStars Hand #244628065227: Tournament #3612653766, $0.92+$0.08 USD Hold'em No Limit - Level III (20/40) - 2023/07/04 22:26:16 CET [2023/07/04 16:26:16 ET]
Table '3612653766 1' 3-max Seat #1 is the button
Seat 1: Mahu2021 (795 in chips) 
Seat 2: ED_CULLEN666 (705 in chips) 
Mahu2021: posts small blind 20
ED_CULLEN666: posts big blind 40
*** HOLE CARDS ***
Dealt to Mahu2021 [9h 5h]
Mahu2021: calls 20
ED_CULLEN666: checks 
*** FLOP *** [6h Tc Td]
ED_CULLEN666: checks 
Mahu2021: checks 
*** TURN *** [6h Tc Td] [9d]
ED_CULLEN666: checks 
Mahu2021: bets 80
ED_CULLEN666: folds 
Uncalled bet (80) returned to Mahu2021
Mahu2021 collected 80 from pot
Mahu2021: doesn't show hand 
*** SUMMARY ***
Total pot 80 | Rake 0 
Board [6h Tc Td 9d]
Seat 1: Mahu2021 (button) (small blind) collected (80)
Seat 2: ED_CULLEN666 (big blind) folded on the Turn



PokerStars Hand #244628075234: Tournament #3612653766, $0.92+$0.08 USD Hold'em No Limit - Level IV (30/60) - 2023/07/04 22:26:42 CET [2023/07/04 16:26:42 ET]
Table '3612653766 1' 3-max Seat #2 is the button
Seat 1: Mahu2021 (835 in chips) 
Seat 2: ED_CULLEN666 (665 in chips) 
ED_CULLEN666: posts small blind 30
Mahu2021: posts big blind 60
*** HOLE CARDS ***
Dealt to Mahu2021 [8h Kc]
ED_CULLEN666: calls 30
Mahu2021: checks 
*** FLOP *** [6h Ad Jh]
Mahu2021: checks 
ED_CULLEN666: bets 60
Mahu2021: folds 
Uncalled bet (60) returned to ED_CULLEN666
ED_CULLEN666 collected 120 from pot
*** SUMMARY ***
Total pot 120 | Rake 0 
Board [6h Ad Jh]
Seat 1: Mahu2021 (big blind) folded on the Flop
Seat 2: ED_CULLEN666 (button) (small blind) collected (120)



PokerStars Hand #244628081071: Tournament #3612653766, $0.92+$0.08 USD Hold'em No Limit - Level IV (30/60) - 2023/07/04 22:26:57 CET [2023/07/04 16:26:57 ET]
Table '3612653766 1' 3-max Seat #1 is the button
Seat 1: Mahu2021 (775 in chips) 
Seat 2: ED_CULLEN666 (725 in chips) 
Mahu2021: posts small blind 30
ED_CULLEN666: posts big blind 60
*** HOLE CARDS ***
Dealt to Mahu2021 [7h Ac]
Mahu2021: raises 60 to 120
ED_CULLEN666: raises 605 to 725 and is all-in
Mahu2021: calls 605
*** FLOP *** [8c Qh 8s]
*** TURN *** [8c Qh 8s] [5h]
*** RIVER *** [8c Qh 8s 5h] [7c]
*** SHOW DOWN ***
ED_CULLEN666: shows [6h Ad] (a pair of Eights)
Mahu2021: shows [7h Ac] (two pair, Eights and Sevens)
Mahu2021 collected 1450 from pot
ED_CULLEN666 finished the tournament in 2nd place
Mahu2021 wins the tournament and receives $3.00 - congratulations!
*** SUMMARY ***
Total pot 1450 | Rake 0 
Board [8c Qh 8s 5h 7c]
Seat 1: Mahu2021 (button) (small blind) showed [7h Ac] and won (1450) with two pair, Eights and Sevens
Seat 2: ED_CULLEN666 (big blind) showed [6h Ad] and lost with a pair of Eights



