PokerStars Hand #242941738204: Tournament #3573570659, $0.92+$0.08 USD Hold'em No Limit - Level I (10/20) - 2023/04/07 16:17:41 CET [2023/04/07 10:17:41 ET]
Table '3573570659 1' 3-max Seat #1 is the button
Seat 1: nigelin (500 in chips) 
Seat 2: Polya-BR3 (500 in chips) 
Seat 3: Mahu2021 (500 in chips) 
Polya-BR3: posts small blind 10
Mahu2021: posts big blind 20
*** HOLE CARDS ***
Dealt to Mahu2021 [Th 2d]
nigelin: folds 
Polya-BR3: raises 480 to 500 and is all-in
Mahu2021: folds 
Uncalled bet (480) returned to Polya-BR3
Polya-BR3 collected 40 from pot
*** SUMMARY ***
Total pot 40 | Rake 0 
Seat 1: nigelin (button) folded before Flop (didn't bet)
Seat 2: Polya-BR3 (small blind) collected (40)
Seat 3: Mahu2021 (big blind) folded before Flop



PokerStars Hand #242941739788: Tournament #3573570659, $0.92+$0.08 USD Hold'em No Limit - Level I (10/20) - 2023/04/07 16:17:47 CET [2023/04/07 10:17:47 ET]
Table '3573570659 1' 3-max Seat #2 is the button
Seat 1: nigelin (500 in chips) 
Seat 2: Polya-BR3 (520 in chips) 
Seat 3: Mahu2021 (480 in chips) 
Mahu2021: posts small blind 10
nigelin: posts big blind 20
*** HOLE CARDS ***
Dealt to Mahu2021 [9d Qc]
Polya-BR3: calls 20
Mahu2021: calls 10
nigelin: raises 60 to 80
Polya-BR3: calls 60
Mahu2021: calls 60
*** FLOP *** [3h Qh 9c]
Mahu2021: checks 
nigelin: checks 
Polya-BR3: checks 
*** TURN *** [3h Qh 9c] [5h]
Mahu2021: bets 400 and is all-in
nigelin: calls 400
Polya-BR3: folds 
*** RIVER *** [3h Qh 9c 5h] [5c]
*** SHOW DOWN ***
Mahu2021: shows [9d Qc] (two pair, Queens and Nines)
nigelin: shows [Td Ah] (a pair of Fives)
Mahu2021 collected 1040 from pot
*** SUMMARY ***
Total pot 1040 | Rake 0 
Board [3h Qh 9c 5h 5c]
Seat 1: nigelin (big blind) showed [Td Ah] and lost with a pair of Fives
Seat 2: Polya-BR3 (button) folded on the Turn
Seat 3: Mahu2021 (small blind) showed [9d Qc] and won (1040) with two pair, Queens and Nines



PokerStars Hand #242941746844: Tournament #3573570659, $0.92+$0.08 USD Hold'em No Limit - Level I (10/20) - 2023/04/07 16:18:13 CET [2023/04/07 10:18:13 ET]
Table '3573570659 1' 3-max Seat #3 is the button
Seat 1: nigelin (20 in chips) 
Seat 2: Polya-BR3 (440 in chips) 
Seat 3: Mahu2021 (1040 in chips) 
nigelin: posts small blind 10
Polya-BR3: posts big blind 20
*** HOLE CARDS ***
Dealt to Mahu2021 [3s Kc]
Mahu2021: calls 20
nigelin: calls 10 and is all-in
Polya-BR3: checks 
*** FLOP *** [7c Td 4s]
Polya-BR3: checks 
Mahu2021: checks 
*** TURN *** [7c Td 4s] [Ks]
Polya-BR3: checks 
Mahu2021: bets 20
Polya-BR3: folds 
Uncalled bet (20) returned to Mahu2021
*** RIVER *** [7c Td 4s Ks] [Ad]
*** SHOW DOWN ***
nigelin: shows [2c As] (a pair of Aces)
Mahu2021: shows [3s Kc] (a pair of Kings)
nigelin collected 60 from pot
*** SUMMARY ***
Total pot 60 | Rake 0 
Board [7c Td 4s Ks Ad]
Seat 1: nigelin (small blind) showed [2c As] and won (60) with a pair of Aces
Seat 2: Polya-BR3 (big blind) folded on the Turn
Seat 3: Mahu2021 (button) showed [3s Kc] and lost with a pair of Kings



PokerStars Hand #242941751970: Tournament #3573570659, $0.92+$0.08 USD Hold'em No Limit - Level I (10/20) - 2023/04/07 16:18:32 CET [2023/04/07 10:18:32 ET]
Table '3573570659 1' 3-max Seat #1 is the button
Seat 1: nigelin (60 in chips) 
Seat 2: Polya-BR3 (420 in chips) 
Seat 3: Mahu2021 (1020 in chips) 
Polya-BR3: posts small blind 10
Mahu2021: posts big blind 20
*** HOLE CARDS ***
Dealt to Mahu2021 [2h Ks]
nigelin: folds 
Polya-BR3: calls 10
Mahu2021: checks 
*** FLOP *** [7s 8d 3h]
Polya-BR3: checks 
Mahu2021: checks 
*** TURN *** [7s 8d 3h] [3s]
Polya-BR3: checks 
Mahu2021: bets 20
Polya-BR3: calls 20
*** RIVER *** [7s 8d 3h 3s] [9d]
Polya-BR3: bets 40
Mahu2021: folds 
Uncalled bet (40) returned to Polya-BR3
Polya-BR3 collected 80 from pot
*** SUMMARY ***
Total pot 80 | Rake 0 
Board [7s 8d 3h 3s 9d]
Seat 1: nigelin (button) folded before Flop (didn't bet)
Seat 2: Polya-BR3 (small blind) collected (80)
Seat 3: Mahu2021 (big blind) folded on the River



PokerStars Hand #242941759460: Tournament #3573570659, $0.92+$0.08 USD Hold'em No Limit - Level I (10/20) - 2023/04/07 16:18:59 CET [2023/04/07 10:18:59 ET]
Table '3573570659 1' 3-max Seat #2 is the button
Seat 1: nigelin (60 in chips) 
Seat 2: Polya-BR3 (460 in chips) 
Seat 3: Mahu2021 (980 in chips) 
Mahu2021: posts small blind 10
nigelin: posts big blind 20
*** HOLE CARDS ***
Dealt to Mahu2021 [2h 5s]
Polya-BR3: calls 20
Mahu2021: folds 
nigelin: raises 40 to 60 and is all-in
Polya-BR3: folds 
Uncalled bet (40) returned to nigelin
nigelin collected 50 from pot
*** SUMMARY ***
Total pot 50 | Rake 0 
Seat 1: nigelin (big blind) collected (50)
Seat 2: Polya-BR3 (button) folded before Flop
Seat 3: Mahu2021 (small blind) folded before Flop



PokerStars Hand #242941761651: Tournament #3573570659, $0.92+$0.08 USD Hold'em No Limit - Level I (10/20) - 2023/04/07 16:19:07 CET [2023/04/07 10:19:07 ET]
Table '3573570659 1' 3-max Seat #3 is the button
Seat 1: nigelin (90 in chips) 
Seat 2: Polya-BR3 (440 in chips) 
Seat 3: Mahu2021 (970 in chips) 
nigelin: posts small blind 10
Polya-BR3: posts big blind 20
*** HOLE CARDS ***
Dealt to Mahu2021 [3s 9c]
Mahu2021: folds 
nigelin: folds 
Uncalled bet (10) returned to Polya-BR3
Polya-BR3 collected 20 from pot
*** SUMMARY ***
Total pot 20 | Rake 0 
Seat 1: nigelin (small blind) folded before Flop
Seat 2: Polya-BR3 (big blind) collected (20)
Seat 3: Mahu2021 (button) folded before Flop (didn't bet)



PokerStars Hand #242941763262: Tournament #3573570659, $0.92+$0.08 USD Hold'em No Limit - Level I (10/20) - 2023/04/07 16:19:13 CET [2023/04/07 10:19:13 ET]
Table '3573570659 1' 3-max Seat #1 is the button
Seat 1: nigelin (80 in chips) 
Seat 2: Polya-BR3 (450 in chips) 
Seat 3: Mahu2021 (970 in chips) 
Polya-BR3: posts small blind 10
Mahu2021: posts big blind 20
*** HOLE CARDS ***
Dealt to Mahu2021 [6h 2h]
nigelin: raises 60 to 80 and is all-in
Polya-BR3: folds 
Mahu2021: calls 60
*** FLOP *** [3d 7s 6s]
*** TURN *** [3d 7s 6s] [2d]
*** RIVER *** [3d 7s 6s 2d] [3c]
*** SHOW DOWN ***
Mahu2021: shows [6h 2h] (two pair, Sixes and Threes)
nigelin: shows [Qc Kc] (a pair of Threes)
Mahu2021 collected 170 from pot
nigelin finished the tournament in 3rd place
*** SUMMARY ***
Total pot 170 | Rake 0 
Board [3d 7s 6s 2d 3c]
Seat 1: nigelin (button) showed [Qc Kc] and lost with a pair of Threes
Seat 2: Polya-BR3 (small blind) folded before Flop
Seat 3: Mahu2021 (big blind) showed [6h 2h] and won (170) with two pair, Sixes and Threes



PokerStars Hand #242941768576: Tournament #3573570659, $0.92+$0.08 USD Hold'em No Limit - Level I (10/20) - 2023/04/07 16:19:32 CET [2023/04/07 10:19:32 ET]
Table '3573570659 1' 3-max Seat #3 is the button
Seat 2: Polya-BR3 (440 in chips) 
Seat 3: Mahu2021 (1060 in chips) 
Mahu2021: posts small blind 10
Polya-BR3: posts big blind 20
*** HOLE CARDS ***
Dealt to Mahu2021 [Th Qd]
Mahu2021: raises 20 to 40
Polya-BR3: folds 
Uncalled bet (20) returned to Mahu2021
Mahu2021 collected 40 from pot
Mahu2021: doesn't show hand 
*** SUMMARY ***
Total pot 40 | Rake 0 
Seat 2: Polya-BR3 (big blind) folded before Flop
Seat 3: Mahu2021 (button) (small blind) collected (40)



PokerStars Hand #242941770490: Tournament #3573570659, $0.92+$0.08 USD Hold'em No Limit - Level I (10/20) - 2023/04/07 16:19:39 CET [2023/04/07 10:19:39 ET]
Table '3573570659 1' 3-max Seat #2 is the button
Seat 2: Polya-BR3 (420 in chips) 
Seat 3: Mahu2021 (1080 in chips) 
Polya-BR3: posts small blind 10
Mahu2021: posts big blind 20
*** HOLE CARDS ***
Dealt to Mahu2021 [6s 7d]
Polya-BR3: calls 10
Mahu2021: checks 
*** FLOP *** [Js 4c Qh]
Mahu2021: checks 
Polya-BR3: bets 40
Mahu2021: folds 
Uncalled bet (40) returned to Polya-BR3
Polya-BR3 collected 40 from pot
*** SUMMARY ***
Total pot 40 | Rake 0 
Board [Js 4c Qh]
Seat 2: Polya-BR3 (button) (small blind) collected (40)
Seat 3: Mahu2021 (big blind) folded on the Flop



PokerStars Hand #242941774458: Tournament #3573570659, $0.92+$0.08 USD Hold'em No Limit - Level II (15/30) - 2023/04/07 16:19:54 CET [2023/04/07 10:19:54 ET]
Table '3573570659 1' 3-max Seat #3 is the button
Seat 2: Polya-BR3 (440 in chips) 
Seat 3: Mahu2021 (1060 in chips) 
Mahu2021: posts small blind 15
Polya-BR3: posts big blind 30
*** HOLE CARDS ***
Dealt to Mahu2021 [Ts Jd]
Mahu2021: raises 30 to 60
Polya-BR3: folds 
Uncalled bet (30) returned to Mahu2021
Mahu2021 collected 60 from pot
Mahu2021: doesn't show hand 
*** SUMMARY ***
Total pot 60 | Rake 0 
Seat 2: Polya-BR3 (big blind) folded before Flop
Seat 3: Mahu2021 (button) (small blind) collected (60)



PokerStars Hand #242941778202: Tournament #3573570659, $0.92+$0.08 USD Hold'em No Limit - Level II (15/30) - 2023/04/07 16:20:07 CET [2023/04/07 10:20:07 ET]
Table '3573570659 1' 3-max Seat #2 is the button
Seat 2: Polya-BR3 (410 in chips) 
Seat 3: Mahu2021 (1090 in chips) 
Polya-BR3: posts small blind 15
Mahu2021: posts big blind 30
*** HOLE CARDS ***
Dealt to Mahu2021 [2s 9d]
Polya-BR3: calls 15
Mahu2021: checks 
*** FLOP *** [Kd Ah Ts]
Mahu2021: checks 
Polya-BR3: checks 
*** TURN *** [Kd Ah Ts] [Jd]
Mahu2021: checks 
Polya-BR3: bets 30
Mahu2021: folds 
Uncalled bet (30) returned to Polya-BR3
Polya-BR3 collected 60 from pot
*** SUMMARY ***
Total pot 60 | Rake 0 
Board [Kd Ah Ts Jd]
Seat 2: Polya-BR3 (button) (small blind) collected (60)
Seat 3: Mahu2021 (big blind) folded on the Turn



PokerStars Hand #242941781650: Tournament #3573570659, $0.92+$0.08 USD Hold'em No Limit - Level II (15/30) - 2023/04/07 16:20:20 CET [2023/04/07 10:20:20 ET]
Table '3573570659 1' 3-max Seat #3 is the button
Seat 2: Polya-BR3 (440 in chips) 
Seat 3: Mahu2021 (1060 in chips) 
Mahu2021: posts small blind 15
Polya-BR3: posts big blind 30
*** HOLE CARDS ***
Dealt to Mahu2021 [Jh 8d]
Mahu2021: raises 30 to 60
Polya-BR3: raises 380 to 440 and is all-in
Mahu2021: folds 
Uncalled bet (380) returned to Polya-BR3
Polya-BR3 collected 120 from pot
*** SUMMARY ***
Total pot 120 | Rake 0 
Seat 2: Polya-BR3 (big blind) collected (120)
Seat 3: Mahu2021 (button) (small blind) folded before Flop



PokerStars Hand #242941783934: Tournament #3573570659, $0.92+$0.08 USD Hold'em No Limit - Level II (15/30) - 2023/04/07 16:20:28 CET [2023/04/07 10:20:28 ET]
Table '3573570659 1' 3-max Seat #2 is the button
Seat 2: Polya-BR3 (500 in chips) 
Seat 3: Mahu2021 (1000 in chips) 
Polya-BR3: posts small blind 15
Mahu2021: posts big blind 30
*** HOLE CARDS ***
Dealt to Mahu2021 [2d Qd]
Polya-BR3: folds 
Uncalled bet (15) returned to Mahu2021
Mahu2021 collected 30 from pot
Mahu2021: doesn't show hand 
*** SUMMARY ***
Total pot 30 | Rake 0 
Seat 2: Polya-BR3 (button) (small blind) folded before Flop
Seat 3: Mahu2021 (big blind) collected (30)



PokerStars Hand #242941785216: Tournament #3573570659, $0.92+$0.08 USD Hold'em No Limit - Level II (15/30) - 2023/04/07 16:20:33 CET [2023/04/07 10:20:33 ET]
Table '3573570659 1' 3-max Seat #3 is the button
Seat 2: Polya-BR3 (485 in chips) 
Seat 3: Mahu2021 (1015 in chips) 
Mahu2021: posts small blind 15
Polya-BR3: posts big blind 30
*** HOLE CARDS ***
Dealt to Mahu2021 [Kd 2h]
Mahu2021: raises 30 to 60
Polya-BR3: calls 30
*** FLOP *** [3d Jc 3h]
Polya-BR3: checks 
Mahu2021: checks 
*** TURN *** [3d Jc 3h] [Qd]
Polya-BR3: bets 30
Mahu2021: calls 30
*** RIVER *** [3d Jc 3h Qd] [2d]
Polya-BR3: checks 
Mahu2021: checks 
*** SHOW DOWN ***
Polya-BR3: shows [Ad 2c] (two pair, Threes and Deuces)
Mahu2021: mucks hand 
Polya-BR3 collected 180 from pot
*** SUMMARY ***
Total pot 180 | Rake 0 
Board [3d Jc 3h Qd 2d]
Seat 2: Polya-BR3 (big blind) showed [Ad 2c] and won (180) with two pair, Threes and Deuces
Seat 3: Mahu2021 (button) (small blind) mucked [Kd 2h]



PokerStars Hand #242941789637: Tournament #3573570659, $0.92+$0.08 USD Hold'em No Limit - Level II (15/30) - 2023/04/07 16:20:49 CET [2023/04/07 10:20:49 ET]
Table '3573570659 1' 3-max Seat #2 is the button
Seat 2: Polya-BR3 (575 in chips) 
Seat 3: Mahu2021 (925 in chips) 
Polya-BR3: posts small blind 15
Mahu2021: posts big blind 30
*** HOLE CARDS ***
Dealt to Mahu2021 [Qc Jd]
Polya-BR3: calls 15
Mahu2021: raises 895 to 925 and is all-in
Polya-BR3: calls 545 and is all-in
Uncalled bet (350) returned to Mahu2021
*** FLOP *** [8s Ac 2c]
*** TURN *** [8s Ac 2c] [9c]
*** RIVER *** [8s Ac 2c 9c] [Jh]
*** SHOW DOWN ***
Mahu2021: shows [Qc Jd] (a pair of Jacks)
Polya-BR3: shows [Js Kh] (a pair of Jacks - Ace+King kicker)
Polya-BR3 collected 1150 from pot
*** SUMMARY ***
Total pot 1150 | Rake 0 
Board [8s Ac 2c 9c Jh]
Seat 2: Polya-BR3 (button) (small blind) showed [Js Kh] and won (1150) with a pair of Jacks
Seat 3: Mahu2021 (big blind) showed [Qc Jd] and lost with a pair of Jacks



PokerStars Hand #242941794425: Tournament #3573570659, $0.92+$0.08 USD Hold'em No Limit - Level II (15/30) - 2023/04/07 16:21:07 CET [2023/04/07 10:21:07 ET]
Table '3573570659 1' 3-max Seat #3 is the button
Seat 2: Polya-BR3 (1150 in chips) 
Seat 3: Mahu2021 (350 in chips) 
Mahu2021: posts small blind 15
Polya-BR3: posts big blind 30
*** HOLE CARDS ***
Dealt to Mahu2021 [8h 7c]
Mahu2021: raises 320 to 350 and is all-in
Polya-BR3: folds 
Uncalled bet (320) returned to Mahu2021
Mahu2021 collected 60 from pot
Mahu2021: doesn't show hand 
*** SUMMARY ***
Total pot 60 | Rake 0 
Seat 2: Polya-BR3 (big blind) folded before Flop
Seat 3: Mahu2021 (button) (small blind) collected (60)



PokerStars Hand #242941796366: Tournament #3573570659, $0.92+$0.08 USD Hold'em No Limit - Level II (15/30) - 2023/04/07 16:21:14 CET [2023/04/07 10:21:14 ET]
Table '3573570659 1' 3-max Seat #2 is the button
Seat 2: Polya-BR3 (1120 in chips) 
Seat 3: Mahu2021 (380 in chips) 
Polya-BR3: posts small blind 15
Mahu2021: posts big blind 30
*** HOLE CARDS ***
Dealt to Mahu2021 [8s 5c]
Polya-BR3: calls 15
Mahu2021: checks 
*** FLOP *** [8d 4d 7c]
Mahu2021: bets 350 and is all-in
Polya-BR3: folds 
Uncalled bet (350) returned to Mahu2021
Mahu2021 collected 60 from pot
Mahu2021: doesn't show hand 
*** SUMMARY ***
Total pot 60 | Rake 0 
Board [8d 4d 7c]
Seat 2: Polya-BR3 (button) (small blind) folded on the Flop
Seat 3: Mahu2021 (big blind) collected (60)



PokerStars Hand #242941799032: Tournament #3573570659, $0.92+$0.08 USD Hold'em No Limit - Level II (15/30) - 2023/04/07 16:21:24 CET [2023/04/07 10:21:24 ET]
Table '3573570659 1' 3-max Seat #3 is the button
Seat 2: Polya-BR3 (1090 in chips) 
Seat 3: Mahu2021 (410 in chips) 
Mahu2021: posts small blind 15
Polya-BR3: posts big blind 30
*** HOLE CARDS ***
Dealt to Mahu2021 [5h Ah]
Mahu2021: raises 380 to 410 and is all-in
Polya-BR3: calls 380
*** FLOP *** [As 9d Js]
*** TURN *** [As 9d Js] [Kd]
*** RIVER *** [As 9d Js Kd] [3c]
*** SHOW DOWN ***
Polya-BR3: shows [Kc Kh] (three of a kind, Kings)
Mahu2021: shows [5h Ah] (a pair of Aces)
Polya-BR3 collected 820 from pot
Mahu2021 finished the tournament in 2nd place
Polya-BR3 wins the tournament and receives $2.00 - congratulations!
*** SUMMARY ***
Total pot 820 | Rake 0 
Board [As 9d Js Kd 3c]
Seat 2: Polya-BR3 (big blind) showed [Kc Kh] and won (820) with three of a kind, Kings
Seat 3: Mahu2021 (button) (small blind) showed [5h Ah] and lost with a pair of Aces



