PokerStars Hand #249085071176: Tournament #3721037781, $1.84+$0.16 USD Hold'em No Limit - Level I (10/20) - 2024/02/25 16:04:20 CET [2024/02/25 10:04:20 ET]
Table '3721037781 1' 3-max Seat #1 is the button
Seat 1: Mahu2021 (500 in chips) 
Seat 2: iuliacf (500 in chips) 
Seat 3: Ruan Fer. (500 in chips) 
iuliacf: posts small blind 10
Ruan Fer.: posts big blind 20
*** HOLE CARDS ***
Dealt to Mahu2021 [Ac 2s]
Mahu2021: folds 
iuliacf: calls 10
Ruan Fer.: raises 40 to 60
iuliacf: folds 
Uncalled bet (40) returned to Ruan Fer.
Ruan Fer. collected 40 from pot
Ruan Fer.: doesn't show hand 
*** SUMMARY ***
Total pot 40 | Rake 0 
Seat 1: Mahu2021 (button) folded before Flop (didn't bet)
Seat 2: iuliacf (small blind) folded before Flop
Seat 3: Ruan Fer. (big blind) collected (40)



PokerStars Hand #249085074416: Tournament #3721037781, $1.84+$0.16 USD Hold'em No Limit - Level I (10/20) - 2024/02/25 16:04:32 CET [2024/02/25 10:04:32 ET]
Table '3721037781 1' 3-max Seat #2 is the button
Seat 1: Mahu2021 (500 in chips) 
Seat 2: iuliacf (480 in chips) 
Seat 3: Ruan Fer. (520 in chips) 
Ruan Fer.: posts small blind 10
Mahu2021: posts big blind 20
*** HOLE CARDS ***
Dealt to Mahu2021 [Jh 4s]
iuliacf: calls 20
Ruan Fer.: folds 
Mahu2021: checks 
*** FLOP *** [Kd Kh 5s]
Mahu2021: checks 
iuliacf: checks 
*** TURN *** [Kd Kh 5s] [2c]
Mahu2021: checks 
iuliacf: checks 
*** RIVER *** [Kd Kh 5s 2c] [Th]
Mahu2021: bets 40
iuliacf: calls 40
*** SHOW DOWN ***
Mahu2021: shows [Jh 4s] (a pair of Kings)
iuliacf: shows [8h 8c] (two pair, Kings and Eights)
iuliacf collected 130 from pot
*** SUMMARY ***
Total pot 130 | Rake 0 
Board [Kd Kh 5s 2c Th]
Seat 1: Mahu2021 (big blind) showed [Jh 4s] and lost with a pair of Kings
Seat 2: iuliacf (button) showed [8h 8c] and won (130) with two pair, Kings and Eights
Seat 3: Ruan Fer. (small blind) folded before Flop



PokerStars Hand #249085078660: Tournament #3721037781, $1.84+$0.16 USD Hold'em No Limit - Level I (10/20) - 2024/02/25 16:04:48 CET [2024/02/25 10:04:48 ET]
Table '3721037781 1' 3-max Seat #3 is the button
Seat 1: Mahu2021 (440 in chips) 
Seat 2: iuliacf (550 in chips) 
Seat 3: Ruan Fer. (510 in chips) 
Mahu2021: posts small blind 10
iuliacf: posts big blind 20
*** HOLE CARDS ***
Dealt to Mahu2021 [9d Js]
Ruan Fer.: folds 
Mahu2021: calls 10
iuliacf: checks 
*** FLOP *** [8s 4d Jc]
Mahu2021: bets 40
iuliacf: folds 
Uncalled bet (40) returned to Mahu2021
Mahu2021 collected 40 from pot
Mahu2021: doesn't show hand 
*** SUMMARY ***
Total pot 40 | Rake 0 
Board [8s 4d Jc]
Seat 1: Mahu2021 (small blind) collected (40)
Seat 2: iuliacf (big blind) folded on the Flop
Seat 3: Ruan Fer. (button) folded before Flop (didn't bet)



PokerStars Hand #249085082329: Tournament #3721037781, $1.84+$0.16 USD Hold'em No Limit - Level I (10/20) - 2024/02/25 16:05:01 CET [2024/02/25 10:05:01 ET]
Table '3721037781 1' 3-max Seat #1 is the button
Seat 1: Mahu2021 (460 in chips) 
Seat 2: iuliacf (530 in chips) 
Seat 3: Ruan Fer. (510 in chips) 
iuliacf: posts small blind 10
Ruan Fer.: posts big blind 20
*** HOLE CARDS ***
Dealt to Mahu2021 [2s Tc]
Mahu2021: folds 
iuliacf: calls 10
Ruan Fer.: checks 
*** FLOP *** [Qd 9h 9s]
iuliacf: checks 
Ruan Fer.: bets 20
iuliacf: folds 
Uncalled bet (20) returned to Ruan Fer.
Ruan Fer. collected 40 from pot
Ruan Fer.: doesn't show hand 
*** SUMMARY ***
Total pot 40 | Rake 0 
Board [Qd 9h 9s]
Seat 1: Mahu2021 (button) folded before Flop (didn't bet)
Seat 2: iuliacf (small blind) folded on the Flop
Seat 3: Ruan Fer. (big blind) collected (40)



PokerStars Hand #249085086345: Tournament #3721037781, $1.84+$0.16 USD Hold'em No Limit - Level I (10/20) - 2024/02/25 16:05:16 CET [2024/02/25 10:05:16 ET]
Table '3721037781 1' 3-max Seat #2 is the button
Seat 1: Mahu2021 (460 in chips) 
Seat 2: iuliacf (510 in chips) 
Seat 3: Ruan Fer. (530 in chips) 
Ruan Fer.: posts small blind 10
Mahu2021: posts big blind 20
*** HOLE CARDS ***
Dealt to Mahu2021 [9s 9h]
iuliacf: folds 
Ruan Fer.: raises 20 to 40
Mahu2021: raises 420 to 460 and is all-in
Ruan Fer.: folds 
Uncalled bet (420) returned to Mahu2021
Mahu2021 collected 80 from pot
Mahu2021: doesn't show hand 
*** SUMMARY ***
Total pot 80 | Rake 0 
Seat 1: Mahu2021 (big blind) collected (80)
Seat 2: iuliacf (button) folded before Flop (didn't bet)
Seat 3: Ruan Fer. (small blind) folded before Flop



PokerStars Hand #249085089410: Tournament #3721037781, $1.84+$0.16 USD Hold'em No Limit - Level I (10/20) - 2024/02/25 16:05:27 CET [2024/02/25 10:05:27 ET]
Table '3721037781 1' 3-max Seat #3 is the button
Seat 1: Mahu2021 (500 in chips) 
Seat 2: iuliacf (510 in chips) 
Seat 3: Ruan Fer. (490 in chips) 
Mahu2021: posts small blind 10
iuliacf: posts big blind 20
*** HOLE CARDS ***
Dealt to Mahu2021 [Ts Ad]
Ruan Fer.: folds 
Mahu2021: raises 20 to 40
iuliacf: folds 
Uncalled bet (20) returned to Mahu2021
Mahu2021 collected 40 from pot
Mahu2021: doesn't show hand 
*** SUMMARY ***
Total pot 40 | Rake 0 
Seat 1: Mahu2021 (small blind) collected (40)
Seat 2: iuliacf (big blind) folded before Flop
Seat 3: Ruan Fer. (button) folded before Flop (didn't bet)



PokerStars Hand #249085091615: Tournament #3721037781, $1.84+$0.16 USD Hold'em No Limit - Level I (10/20) - 2024/02/25 16:05:35 CET [2024/02/25 10:05:35 ET]
Table '3721037781 1' 3-max Seat #1 is the button
Seat 1: Mahu2021 (520 in chips) 
Seat 2: iuliacf (490 in chips) 
Seat 3: Ruan Fer. (490 in chips) 
iuliacf: posts small blind 10
Ruan Fer.: posts big blind 20
*** HOLE CARDS ***
Dealt to Mahu2021 [5d 7c]
Mahu2021: folds 
iuliacf: calls 10
Ruan Fer.: raises 40 to 60
iuliacf: calls 40
*** FLOP *** [Td 3s 5h]
iuliacf: checks 
Ruan Fer.: bets 60
iuliacf: calls 60
*** TURN *** [Td 3s 5h] [Qd]
iuliacf: checks 
Ruan Fer.: checks 
*** RIVER *** [Td 3s 5h Qd] [Tc]
iuliacf: bets 120
Ruan Fer.: calls 120
*** SHOW DOWN ***
iuliacf: shows [9s Ts] (three of a kind, Tens)
Ruan Fer.: mucks hand 
iuliacf collected 480 from pot
*** SUMMARY ***
Total pot 480 | Rake 0 
Board [Td 3s 5h Qd Tc]
Seat 1: Mahu2021 (button) folded before Flop (didn't bet)
Seat 2: iuliacf (small blind) showed [9s Ts] and won (480) with three of a kind, Tens
Seat 3: Ruan Fer. (big blind) mucked [Ah 4s]



PokerStars Hand #249085099996: Tournament #3721037781, $1.84+$0.16 USD Hold'em No Limit - Level I (10/20) - 2024/02/25 16:06:06 CET [2024/02/25 10:06:06 ET]
Table '3721037781 1' 3-max Seat #2 is the button
Seat 1: Mahu2021 (520 in chips) 
Seat 2: iuliacf (730 in chips) 
Seat 3: Ruan Fer. (250 in chips) 
Ruan Fer.: posts small blind 10
Mahu2021: posts big blind 20
*** HOLE CARDS ***
Dealt to Mahu2021 [8h Qc]
iuliacf: folds 
Ruan Fer.: calls 10
Mahu2021: checks 
*** FLOP *** [Jh Kc 6h]
Ruan Fer.: checks 
Mahu2021: bets 40
Ruan Fer.: folds 
Uncalled bet (40) returned to Mahu2021
Mahu2021 collected 40 from pot
Mahu2021: doesn't show hand 
*** SUMMARY ***
Total pot 40 | Rake 0 
Board [Jh Kc 6h]
Seat 1: Mahu2021 (big blind) collected (40)
Seat 2: iuliacf (button) folded before Flop (didn't bet)
Seat 3: Ruan Fer. (small blind) folded on the Flop



PokerStars Hand #249085105106: Tournament #3721037781, $1.84+$0.16 USD Hold'em No Limit - Level I (10/20) - 2024/02/25 16:06:26 CET [2024/02/25 10:06:26 ET]
Table '3721037781 1' 3-max Seat #3 is the button
Seat 1: Mahu2021 (540 in chips) 
Seat 2: iuliacf (730 in chips) 
Seat 3: Ruan Fer. (230 in chips) 
Mahu2021: posts small blind 10
iuliacf: posts big blind 20
*** HOLE CARDS ***
Dealt to Mahu2021 [Ac 8c]
Ruan Fer.: raises 40 to 60
Mahu2021: calls 50
iuliacf: folds 
*** FLOP *** [6s 6c Qh]
Mahu2021: checks 
Ruan Fer.: bets 70
Mahu2021: folds 
Uncalled bet (70) returned to Ruan Fer.
Ruan Fer. collected 140 from pot
Ruan Fer.: doesn't show hand 
*** SUMMARY ***
Total pot 140 | Rake 0 
Board [6s 6c Qh]
Seat 1: Mahu2021 (small blind) folded on the Flop
Seat 2: iuliacf (big blind) folded before Flop
Seat 3: Ruan Fer. (button) collected (140)



PokerStars Hand #249085111314: Tournament #3721037781, $1.84+$0.16 USD Hold'em No Limit - Level I (10/20) - 2024/02/25 16:06:48 CET [2024/02/25 10:06:48 ET]
Table '3721037781 1' 3-max Seat #1 is the button
Seat 1: Mahu2021 (480 in chips) 
Seat 2: iuliacf (710 in chips) 
Seat 3: Ruan Fer. (310 in chips) 
iuliacf: posts small blind 10
Ruan Fer.: posts big blind 20
*** HOLE CARDS ***
Dealt to Mahu2021 [9d As]
Mahu2021: raises 20 to 40
iuliacf: calls 30
Ruan Fer.: calls 20
*** FLOP *** [4h Jd 3h]
iuliacf: checks 
Ruan Fer.: checks 
Mahu2021: checks 
*** TURN *** [4h Jd 3h] [6h]
iuliacf: checks 
Ruan Fer.: checks 
Mahu2021: checks 
*** RIVER *** [4h Jd 3h 6h] [3s]
iuliacf: checks 
Ruan Fer.: checks 
Mahu2021: bets 40
iuliacf: folds 
Ruan Fer.: calls 40
*** SHOW DOWN ***
Mahu2021: shows [9d As] (a pair of Threes)
Ruan Fer.: shows [2s 4s] (two pair, Fours and Threes)
Ruan Fer. collected 200 from pot
*** SUMMARY ***
Total pot 200 | Rake 0 
Board [4h Jd 3h 6h 3s]
Seat 1: Mahu2021 (button) showed [9d As] and lost with a pair of Threes
Seat 2: iuliacf (small blind) folded on the River
Seat 3: Ruan Fer. (big blind) showed [2s 4s] and won (200) with two pair, Fours and Threes



PokerStars Hand #249085121735: Tournament #3721037781, $1.84+$0.16 USD Hold'em No Limit - Level II (15/30) - 2024/02/25 16:07:26 CET [2024/02/25 10:07:26 ET]
Table '3721037781 1' 3-max Seat #2 is the button
Seat 1: Mahu2021 (400 in chips) 
Seat 2: iuliacf (670 in chips) 
Seat 3: Ruan Fer. (430 in chips) 
Ruan Fer.: posts small blind 15
Mahu2021: posts big blind 30
*** HOLE CARDS ***
Dealt to Mahu2021 [Th 6s]
iuliacf: folds 
Ruan Fer.: folds 
Uncalled bet (15) returned to Mahu2021
Mahu2021 collected 30 from pot
Mahu2021: doesn't show hand 
*** SUMMARY ***
Total pot 30 | Rake 0 
Seat 1: Mahu2021 (big blind) collected (30)
Seat 2: iuliacf (button) folded before Flop (didn't bet)
Seat 3: Ruan Fer. (small blind) folded before Flop



PokerStars Hand #249085123318: Tournament #3721037781, $1.84+$0.16 USD Hold'em No Limit - Level II (15/30) - 2024/02/25 16:07:32 CET [2024/02/25 10:07:32 ET]
Table '3721037781 1' 3-max Seat #3 is the button
Seat 1: Mahu2021 (415 in chips) 
Seat 2: iuliacf (670 in chips) 
Seat 3: Ruan Fer. (415 in chips) 
Mahu2021: posts small blind 15
iuliacf: posts big blind 30
*** HOLE CARDS ***
Dealt to Mahu2021 [As 8s]
Ruan Fer.: folds 
Mahu2021: raises 385 to 415 and is all-in
iuliacf: folds 
Uncalled bet (385) returned to Mahu2021
Mahu2021 collected 60 from pot
Mahu2021: doesn't show hand 
*** SUMMARY ***
Total pot 60 | Rake 0 
Seat 1: Mahu2021 (small blind) collected (60)
Seat 2: iuliacf (big blind) folded before Flop
Seat 3: Ruan Fer. (button) folded before Flop (didn't bet)



PokerStars Hand #249085125831: Tournament #3721037781, $1.84+$0.16 USD Hold'em No Limit - Level II (15/30) - 2024/02/25 16:07:41 CET [2024/02/25 10:07:41 ET]
Table '3721037781 1' 3-max Seat #1 is the button
Seat 1: Mahu2021 (445 in chips) 
Seat 2: iuliacf (640 in chips) 
Seat 3: Ruan Fer. (415 in chips) 
iuliacf: posts small blind 15
Ruan Fer.: posts big blind 30
*** HOLE CARDS ***
Dealt to Mahu2021 [2c 5d]
Mahu2021: folds 
iuliacf: raises 610 to 640 and is all-in
Ruan Fer.: folds 
Uncalled bet (610) returned to iuliacf
iuliacf collected 60 from pot
iuliacf: doesn't show hand 
*** SUMMARY ***
Total pot 60 | Rake 0 
Seat 1: Mahu2021 (button) folded before Flop (didn't bet)
Seat 2: iuliacf (small blind) collected (60)
Seat 3: Ruan Fer. (big blind) folded before Flop



PokerStars Hand #249085128850: Tournament #3721037781, $1.84+$0.16 USD Hold'em No Limit - Level II (15/30) - 2024/02/25 16:07:52 CET [2024/02/25 10:07:52 ET]
Table '3721037781 1' 3-max Seat #2 is the button
Seat 1: Mahu2021 (445 in chips) 
Seat 2: iuliacf (670 in chips) 
Seat 3: Ruan Fer. (385 in chips) 
Ruan Fer.: posts small blind 15
Mahu2021: posts big blind 30
*** HOLE CARDS ***
Dealt to Mahu2021 [6c 9h]
iuliacf: calls 30
Ruan Fer.: folds 
Mahu2021: checks 
*** FLOP *** [Jd Jh Jc]
Mahu2021: checks 
iuliacf: checks 
*** TURN *** [Jd Jh Jc] [8h]
Mahu2021: checks 
iuliacf: checks 
*** RIVER *** [Jd Jh Jc 8h] [Td]
Mahu2021: bets 60
iuliacf: folds 
Uncalled bet (60) returned to Mahu2021
Mahu2021 collected 75 from pot
Mahu2021: doesn't show hand 
*** SUMMARY ***
Total pot 75 | Rake 0 
Board [Jd Jh Jc 8h Td]
Seat 1: Mahu2021 (big blind) collected (75)
Seat 2: iuliacf (button) folded on the River
Seat 3: Ruan Fer. (small blind) folded before Flop



PokerStars Hand #249085136183: Tournament #3721037781, $1.84+$0.16 USD Hold'em No Limit - Level II (15/30) - 2024/02/25 16:08:20 CET [2024/02/25 10:08:20 ET]
Table '3721037781 1' 3-max Seat #3 is the button
Seat 1: Mahu2021 (490 in chips) 
Seat 2: iuliacf (640 in chips) 
Seat 3: Ruan Fer. (370 in chips) 
Mahu2021: posts small blind 15
iuliacf: posts big blind 30
*** HOLE CARDS ***
Dealt to Mahu2021 [4c 5c]
Ruan Fer.: raises 30 to 60
Mahu2021: calls 45
iuliacf: calls 30
*** FLOP *** [2s Qs Th]
Mahu2021: checks 
iuliacf: checks 
Ruan Fer.: bets 90
Mahu2021: folds 
iuliacf: folds 
Uncalled bet (90) returned to Ruan Fer.
Ruan Fer. collected 180 from pot
Ruan Fer.: doesn't show hand 
*** SUMMARY ***
Total pot 180 | Rake 0 
Board [2s Qs Th]
Seat 1: Mahu2021 (small blind) folded on the Flop
Seat 2: iuliacf (big blind) folded on the Flop
Seat 3: Ruan Fer. (button) collected (180)



PokerStars Hand #249085140461: Tournament #3721037781, $1.84+$0.16 USD Hold'em No Limit - Level II (15/30) - 2024/02/25 16:08:36 CET [2024/02/25 10:08:36 ET]
Table '3721037781 1' 3-max Seat #1 is the button
Seat 1: Mahu2021 (430 in chips) 
Seat 2: iuliacf (580 in chips) 
Seat 3: Ruan Fer. (490 in chips) 
iuliacf: posts small blind 15
Ruan Fer.: posts big blind 30
*** HOLE CARDS ***
Dealt to Mahu2021 [6d 3c]
Mahu2021: folds 
iuliacf: calls 15
Ruan Fer.: raises 60 to 90
iuliacf: folds 
Uncalled bet (60) returned to Ruan Fer.
Ruan Fer. collected 60 from pot
Ruan Fer.: doesn't show hand 
*** SUMMARY ***
Total pot 60 | Rake 0 
Seat 1: Mahu2021 (button) folded before Flop (didn't bet)
Seat 2: iuliacf (small blind) folded before Flop
Seat 3: Ruan Fer. (big blind) collected (60)



PokerStars Hand #249085142956: Tournament #3721037781, $1.84+$0.16 USD Hold'em No Limit - Level II (15/30) - 2024/02/25 16:08:45 CET [2024/02/25 10:08:45 ET]
Table '3721037781 1' 3-max Seat #2 is the button
Seat 1: Mahu2021 (430 in chips) 
Seat 2: iuliacf (550 in chips) 
Seat 3: Ruan Fer. (520 in chips) 
Ruan Fer.: posts small blind 15
Mahu2021: posts big blind 30
*** HOLE CARDS ***
Dealt to Mahu2021 [2h 9d]
iuliacf: raises 60 to 90
Ruan Fer.: folds 
Mahu2021: folds 
Uncalled bet (60) returned to iuliacf
iuliacf collected 75 from pot
iuliacf: doesn't show hand 
*** SUMMARY ***
Total pot 75 | Rake 0 
Seat 1: Mahu2021 (big blind) folded before Flop
Seat 2: iuliacf (button) collected (75)
Seat 3: Ruan Fer. (small blind) folded before Flop



PokerStars Hand #249085144588: Tournament #3721037781, $1.84+$0.16 USD Hold'em No Limit - Level II (15/30) - 2024/02/25 16:08:51 CET [2024/02/25 10:08:51 ET]
Table '3721037781 1' 3-max Seat #3 is the button
Seat 1: Mahu2021 (400 in chips) 
Seat 2: iuliacf (595 in chips) 
Seat 3: Ruan Fer. (505 in chips) 
Mahu2021: posts small blind 15
iuliacf: posts big blind 30
*** HOLE CARDS ***
Dealt to Mahu2021 [Ks 6s]
Ruan Fer.: folds 
Mahu2021: raises 30 to 60
iuliacf: folds 
Uncalled bet (30) returned to Mahu2021
Mahu2021 collected 60 from pot
Mahu2021: doesn't show hand 
*** SUMMARY ***
Total pot 60 | Rake 0 
Seat 1: Mahu2021 (small blind) collected (60)
Seat 2: iuliacf (big blind) folded before Flop
Seat 3: Ruan Fer. (button) folded before Flop (didn't bet)



PokerStars Hand #249085146623: Tournament #3721037781, $1.84+$0.16 USD Hold'em No Limit - Level II (15/30) - 2024/02/25 16:08:59 CET [2024/02/25 10:08:59 ET]
Table '3721037781 1' 3-max Seat #1 is the button
Seat 1: Mahu2021 (430 in chips) 
Seat 2: iuliacf (565 in chips) 
Seat 3: Ruan Fer. (505 in chips) 
iuliacf: posts small blind 15
Ruan Fer.: posts big blind 30
*** HOLE CARDS ***
Dealt to Mahu2021 [8d 9c]
Mahu2021: folds 
iuliacf: folds 
Uncalled bet (15) returned to Ruan Fer.
Ruan Fer. collected 30 from pot
Ruan Fer.: doesn't show hand 
*** SUMMARY ***
Total pot 30 | Rake 0 
Seat 1: Mahu2021 (button) folded before Flop (didn't bet)
Seat 2: iuliacf (small blind) folded before Flop
Seat 3: Ruan Fer. (big blind) collected (30)



PokerStars Hand #249085147851: Tournament #3721037781, $1.84+$0.16 USD Hold'em No Limit - Level II (15/30) - 2024/02/25 16:09:03 CET [2024/02/25 10:09:03 ET]
Table '3721037781 1' 3-max Seat #2 is the button
Seat 1: Mahu2021 (430 in chips) 
Seat 2: iuliacf (550 in chips) 
Seat 3: Ruan Fer. (520 in chips) 
Ruan Fer.: posts small blind 15
Mahu2021: posts big blind 30
*** HOLE CARDS ***
Dealt to Mahu2021 [5c 3d]
iuliacf: folds 
Ruan Fer.: folds 
Uncalled bet (15) returned to Mahu2021
Mahu2021 collected 30 from pot
Mahu2021: doesn't show hand 
*** SUMMARY ***
Total pot 30 | Rake 0 
Seat 1: Mahu2021 (big blind) collected (30)
Seat 2: iuliacf (button) folded before Flop (didn't bet)
Seat 3: Ruan Fer. (small blind) folded before Flop



PokerStars Hand #249085149501: Tournament #3721037781, $1.84+$0.16 USD Hold'em No Limit - Level II (15/30) - 2024/02/25 16:09:09 CET [2024/02/25 10:09:09 ET]
Table '3721037781 1' 3-max Seat #3 is the button
Seat 1: Mahu2021 (445 in chips) 
Seat 2: iuliacf (550 in chips) 
Seat 3: Ruan Fer. (505 in chips) 
Mahu2021: posts small blind 15
iuliacf: posts big blind 30
*** HOLE CARDS ***
Dealt to Mahu2021 [7s 9d]
Ruan Fer.: raises 30 to 60
Mahu2021: folds 
iuliacf: folds 
Uncalled bet (30) returned to Ruan Fer.
Ruan Fer. collected 75 from pot
Ruan Fer.: doesn't show hand 
*** SUMMARY ***
Total pot 75 | Rake 0 
Seat 1: Mahu2021 (small blind) folded before Flop
Seat 2: iuliacf (big blind) folded before Flop
Seat 3: Ruan Fer. (button) collected (75)



PokerStars Hand #249085151058: Tournament #3721037781, $1.84+$0.16 USD Hold'em No Limit - Level II (15/30) - 2024/02/25 16:09:15 CET [2024/02/25 10:09:15 ET]
Table '3721037781 1' 3-max Seat #1 is the button
Seat 1: Mahu2021 (430 in chips) 
Seat 2: iuliacf (520 in chips) 
Seat 3: Ruan Fer. (550 in chips) 
iuliacf: posts small blind 15
Ruan Fer.: posts big blind 30
*** HOLE CARDS ***
Dealt to Mahu2021 [Ah 8d]
Mahu2021: raises 30 to 60
iuliacf: folds 
Ruan Fer.: calls 30
*** FLOP *** [3d Js 4s]
Ruan Fer.: bets 68
Mahu2021: folds 
Uncalled bet (68) returned to Ruan Fer.
Ruan Fer. collected 135 from pot
Ruan Fer.: doesn't show hand 
*** SUMMARY ***
Total pot 135 | Rake 0 
Board [3d Js 4s]
Seat 1: Mahu2021 (button) folded on the Flop
Seat 2: iuliacf (small blind) folded before Flop
Seat 3: Ruan Fer. (big blind) collected (135)



PokerStars Hand #249085158126: Tournament #3721037781, $1.84+$0.16 USD Hold'em No Limit - Level II (15/30) - 2024/02/25 16:09:41 CET [2024/02/25 10:09:41 ET]
Table '3721037781 1' 3-max Seat #2 is the button
Seat 1: Mahu2021 (370 in chips) 
Seat 2: iuliacf (505 in chips) 
Seat 3: Ruan Fer. (625 in chips) 
Ruan Fer.: posts small blind 15
Mahu2021: posts big blind 30
*** HOLE CARDS ***
Dealt to Mahu2021 [4d Td]
iuliacf: calls 30
Ruan Fer.: raises 30 to 60
Mahu2021: folds 
iuliacf: calls 30
*** FLOP *** [8c 5s 6d]
Ruan Fer.: checks 
iuliacf: bets 105
Ruan Fer.: folds 
Uncalled bet (105) returned to iuliacf
iuliacf collected 150 from pot
iuliacf: doesn't show hand 
*** SUMMARY ***
Total pot 150 | Rake 0 
Board [8c 5s 6d]
Seat 1: Mahu2021 (big blind) folded before Flop
Seat 2: iuliacf (button) collected (150)
Seat 3: Ruan Fer. (small blind) folded on the Flop



PokerStars Hand #249085165934: Tournament #3721037781, $1.84+$0.16 USD Hold'em No Limit - Level II (15/30) - 2024/02/25 16:10:09 CET [2024/02/25 10:10:09 ET]
Table '3721037781 1' 3-max Seat #3 is the button
Seat 1: Mahu2021 (340 in chips) 
Seat 2: iuliacf (595 in chips) 
Seat 3: Ruan Fer. (565 in chips) 
Mahu2021: posts small blind 15
iuliacf: posts big blind 30
*** HOLE CARDS ***
Dealt to Mahu2021 [Qd 7d]
Ruan Fer.: folds 
Mahu2021: raises 30 to 60
iuliacf: calls 30
*** FLOP *** [Qh 3h Qc]
Mahu2021: checks 
iuliacf: checks 
*** TURN *** [Qh 3h Qc] [Td]
Mahu2021: checks 
iuliacf: checks 
*** RIVER *** [Qh 3h Qc Td] [9s]
Mahu2021: bets 60
iuliacf: raises 60 to 120
Mahu2021: raises 160 to 280 and is all-in
iuliacf: calls 160
*** SHOW DOWN ***
Mahu2021: shows [Qd 7d] (three of a kind, Queens)
iuliacf: shows [8d Jd] (a straight, Eight to Queen)
iuliacf collected 680 from pot
Mahu2021 finished the tournament in 3rd place
*** SUMMARY ***
Total pot 680 | Rake 0 
Board [Qh 3h Qc Td 9s]
Seat 1: Mahu2021 (small blind) showed [Qd 7d] and lost with three of a kind, Queens
Seat 2: iuliacf (big blind) showed [8d Jd] and won (680) with a straight, Eight to Queen
Seat 3: Ruan Fer. (button) folded before Flop (didn't bet)



