PokerStars Hand #244771397251: Tournament #3616026325, $0.92+$0.08 USD Hold'em No Limit - Level I (10/20) - 2023/07/12 17:21:36 CET [2023/07/12 11:21:36 ET]
Table '3616026325 1' 3-max Seat #1 is the button
Seat 1: best naso (500 in chips) 
Seat 2: Mahu2021 (500 in chips) 
Seat 3: mari01980pl (500 in chips) 
Mahu2021: posts small blind 10
mari01980pl: posts big blind 20
*** HOLE CARDS ***
Dealt to Mahu2021 [5c Qd]
best naso: folds 
Mahu2021: folds 
Uncalled bet (10) returned to mari01980pl
mari01980pl collected 20 from pot
*** SUMMARY ***
Total pot 20 | Rake 0 
Seat 1: best naso (button) folded before Flop (didn't bet)
Seat 2: Mahu2021 (small blind) folded before Flop
Seat 3: mari01980pl (big blind) collected (20)



PokerStars Hand #244771399647: Tournament #3616026325, $0.92+$0.08 USD Hold'em No Limit - Level I (10/20) - 2023/07/12 17:21:46 CET [2023/07/12 11:21:46 ET]
Table '3616026325 1' 3-max Seat #2 is the button
Seat 1: best naso (500 in chips) 
Seat 2: Mahu2021 (490 in chips) 
Seat 3: mari01980pl (510 in chips) 
mari01980pl: posts small blind 10
best naso: posts big blind 20
*** HOLE CARDS ***
Dealt to Mahu2021 [2c Kc]
Mahu2021: calls 20
mari01980pl: calls 10
best naso: raises 60 to 80
Mahu2021: folds 
mari01980pl: calls 60
*** FLOP *** [9s Ts 7d]
mari01980pl: checks 
best naso: bets 135
mari01980pl: raises 295 to 430 and is all-in
best naso: calls 285 and is all-in
Uncalled bet (10) returned to mari01980pl
*** TURN *** [9s Ts 7d] [Qs]
*** RIVER *** [9s Ts 7d Qs] [3c]
*** SHOW DOWN ***
mari01980pl: shows [9h 8d] (a pair of Nines)
best naso: shows [Kd Td] (a pair of Tens)
best naso collected 1020 from pot
*** SUMMARY ***
Total pot 1020 | Rake 0 
Board [9s Ts 7d Qs 3c]
Seat 1: best naso (big blind) showed [Kd Td] and won (1020) with a pair of Tens
Seat 2: Mahu2021 (button) folded before Flop
Seat 3: mari01980pl (small blind) showed [9h 8d] and lost with a pair of Nines



PokerStars Hand #244771407959: Tournament #3616026325, $0.92+$0.08 USD Hold'em No Limit - Level I (10/20) - 2023/07/12 17:22:19 CET [2023/07/12 11:22:19 ET]
Table '3616026325 1' 3-max Seat #3 is the button
Seat 1: best naso (1020 in chips) 
Seat 2: Mahu2021 (470 in chips) 
Seat 3: mari01980pl (10 in chips) 
best naso: posts small blind 10
Mahu2021: posts big blind 20
*** HOLE CARDS ***
Dealt to Mahu2021 [8h Ac]
mari01980pl: calls 10 and is all-in
best naso: folds 
Uncalled bet (10) returned to Mahu2021
*** FLOP *** [5s Tc 5h]
*** TURN *** [5s Tc 5h] [2s]
*** RIVER *** [5s Tc 5h 2s] [4d]
*** SHOW DOWN ***
Mahu2021: shows [8h Ac] (a pair of Fives)
mari01980pl: shows [7d 5c] (three of a kind, Fives)
mari01980pl collected 30 from pot
*** SUMMARY ***
Total pot 30 | Rake 0 
Board [5s Tc 5h 2s 4d]
Seat 1: best naso (small blind) folded before Flop
Seat 2: Mahu2021 (big blind) showed [8h Ac] and lost with a pair of Fives
Seat 3: mari01980pl (button) showed [7d 5c] and won (30) with three of a kind, Fives



PokerStars Hand #244771411089: Tournament #3616026325, $0.92+$0.08 USD Hold'em No Limit - Level I (10/20) - 2023/07/12 17:22:32 CET [2023/07/12 11:22:32 ET]
Table '3616026325 1' 3-max Seat #1 is the button
Seat 1: best naso (1010 in chips) 
Seat 2: Mahu2021 (460 in chips) 
Seat 3: mari01980pl (30 in chips) 
Mahu2021: posts small blind 10
mari01980pl: posts big blind 20
*** HOLE CARDS ***
Dealt to Mahu2021 [8d 8h]
best naso: folds 
Mahu2021: raises 20 to 40
mari01980pl: calls 10 and is all-in
Uncalled bet (10) returned to Mahu2021
*** FLOP *** [Jd Qh Kc]
*** TURN *** [Jd Qh Kc] [4c]
*** RIVER *** [Jd Qh Kc 4c] [9d]
*** SHOW DOWN ***
Mahu2021: shows [8d 8h] (a pair of Eights)
mari01980pl: shows [6d Ks] (a pair of Kings)
mari01980pl collected 60 from pot
*** SUMMARY ***
Total pot 60 | Rake 0 
Board [Jd Qh Kc 4c 9d]
Seat 1: best naso (button) folded before Flop (didn't bet)
Seat 2: Mahu2021 (small blind) showed [8d 8h] and lost with a pair of Eights
Seat 3: mari01980pl (big blind) showed [6d Ks] and won (60) with a pair of Kings



PokerStars Hand #244771414436: Tournament #3616026325, $0.92+$0.08 USD Hold'em No Limit - Level I (10/20) - 2023/07/12 17:22:46 CET [2023/07/12 11:22:46 ET]
Table '3616026325 1' 3-max Seat #2 is the button
Seat 1: best naso (1010 in chips) 
Seat 2: Mahu2021 (430 in chips) 
Seat 3: mari01980pl (60 in chips) 
mari01980pl: posts small blind 10
best naso: posts big blind 20
*** HOLE CARDS ***
Dealt to Mahu2021 [5s 7c]
Mahu2021: folds 
mari01980pl: raises 40 to 60 and is all-in
best naso: calls 40
*** FLOP *** [Qh 7d 6c]
*** TURN *** [Qh 7d 6c] [7h]
*** RIVER *** [Qh 7d 6c 7h] [Kh]
*** SHOW DOWN ***
mari01980pl: shows [Ac 4s] (a pair of Sevens)
best naso: shows [9h Qs] (two pair, Queens and Sevens)
best naso collected 120 from pot
mari01980pl finished the tournament in 3rd place
*** SUMMARY ***
Total pot 120 | Rake 0 
Board [Qh 7d 6c 7h Kh]
Seat 1: best naso (big blind) showed [9h Qs] and won (120) with two pair, Queens and Sevens
Seat 2: Mahu2021 (button) folded before Flop (didn't bet)
Seat 3: mari01980pl (small blind) showed [Ac 4s] and lost with a pair of Sevens



PokerStars Hand #244771418793: Tournament #3616026325, $0.92+$0.08 USD Hold'em No Limit - Level I (10/20) - 2023/07/12 17:23:03 CET [2023/07/12 11:23:03 ET]
Table '3616026325 1' 3-max Seat #1 is the button
Seat 1: best naso (1070 in chips) 
Seat 2: Mahu2021 (430 in chips) 
best naso: posts small blind 10
Mahu2021: posts big blind 20
*** HOLE CARDS ***
Dealt to Mahu2021 [2d Ac]
best naso: calls 10
Mahu2021: checks 
*** FLOP *** [Th 6c 9s]
Mahu2021: checks 
best naso: checks 
*** TURN *** [Th 6c 9s] [4h]
Mahu2021: bets 20
best naso: calls 20
*** RIVER *** [Th 6c 9s 4h] [Kd]
Mahu2021: checks 
best naso: checks 
*** SHOW DOWN ***
Mahu2021: shows [2d Ac] (high card Ace)
best naso: shows [Jh 6d] (a pair of Sixes)
best naso collected 80 from pot
*** SUMMARY ***
Total pot 80 | Rake 0 
Board [Th 6c 9s 4h Kd]
Seat 1: best naso (button) (small blind) showed [Jh 6d] and won (80) with a pair of Sixes
Seat 2: Mahu2021 (big blind) showed [2d Ac] and lost with high card Ace



PokerStars Hand #244771426359: Tournament #3616026325, $0.92+$0.08 USD Hold'em No Limit - Level I (10/20) - 2023/07/12 17:23:34 CET [2023/07/12 11:23:34 ET]
Table '3616026325 1' 3-max Seat #2 is the button
Seat 1: best naso (1110 in chips) 
Seat 2: Mahu2021 (390 in chips) 
Mahu2021: posts small blind 10
best naso: posts big blind 20
*** HOLE CARDS ***
Dealt to Mahu2021 [8d Ac]
Mahu2021: raises 20 to 40
best naso: folds 
Uncalled bet (20) returned to Mahu2021
Mahu2021 collected 40 from pot
Mahu2021: doesn't show hand 
*** SUMMARY ***
Total pot 40 | Rake 0 
Seat 1: best naso (big blind) folded before Flop
Seat 2: Mahu2021 (button) (small blind) collected (40)



PokerStars Hand #244771428325: Tournament #3616026325, $0.92+$0.08 USD Hold'em No Limit - Level I (10/20) - 2023/07/12 17:23:42 CET [2023/07/12 11:23:42 ET]
Table '3616026325 1' 3-max Seat #1 is the button
Seat 1: best naso (1090 in chips) 
Seat 2: Mahu2021 (410 in chips) 
best naso: posts small blind 10
Mahu2021: posts big blind 20
*** HOLE CARDS ***
Dealt to Mahu2021 [3h 8c]
best naso: raises 20 to 40
Mahu2021: folds 
Uncalled bet (20) returned to best naso
best naso collected 40 from pot
best naso: doesn't show hand 
*** SUMMARY ***
Total pot 40 | Rake 0 
Seat 1: best naso (button) (small blind) collected (40)
Seat 2: Mahu2021 (big blind) folded before Flop



PokerStars Hand #244771430637: Tournament #3616026325, $0.92+$0.08 USD Hold'em No Limit - Level I (10/20) - 2023/07/12 17:23:51 CET [2023/07/12 11:23:51 ET]
Table '3616026325 1' 3-max Seat #2 is the button
Seat 1: best naso (1110 in chips) 
Seat 2: Mahu2021 (390 in chips) 
Mahu2021: posts small blind 10
best naso: posts big blind 20
*** HOLE CARDS ***
Dealt to Mahu2021 [7h Jd]
Mahu2021: calls 10
best naso: raises 1090 to 1110 and is all-in
Mahu2021: folds 
Uncalled bet (1090) returned to best naso
best naso collected 40 from pot
best naso: doesn't show hand 
*** SUMMARY ***
Total pot 40 | Rake 0 
Seat 1: best naso (big blind) collected (40)
Seat 2: Mahu2021 (button) (small blind) folded before Flop



PokerStars Hand #244771434855: Tournament #3616026325, $0.92+$0.08 USD Hold'em No Limit - Level I (10/20) - 2023/07/12 17:24:08 CET [2023/07/12 11:24:08 ET]
Table '3616026325 1' 3-max Seat #1 is the button
Seat 1: best naso (1130 in chips) 
Seat 2: Mahu2021 (370 in chips) 
best naso: posts small blind 10
Mahu2021: posts big blind 20
*** HOLE CARDS ***
Dealt to Mahu2021 [6c As]
best naso: raises 20 to 40
Mahu2021: calls 20
*** FLOP *** [9s Qd 6d]
Mahu2021: checks 
best naso: checks 
*** TURN *** [9s Qd 6d] [Kc]
Mahu2021: checks 
best naso: checks 
*** RIVER *** [9s Qd 6d Kc] [5d]
Mahu2021: checks 
best naso: checks 
*** SHOW DOWN ***
Mahu2021: shows [6c As] (a pair of Sixes)
best naso: mucks hand 
Mahu2021 collected 80 from pot
*** SUMMARY ***
Total pot 80 | Rake 0 
Board [9s Qd 6d Kc 5d]
Seat 1: best naso (button) (small blind) mucked [7h Ah]
Seat 2: Mahu2021 (big blind) showed [6c As] and won (80) with a pair of Sixes



PokerStars Hand #244771443690: Tournament #3616026325, $0.92+$0.08 USD Hold'em No Limit - Level II (15/30) - 2023/07/12 17:24:43 CET [2023/07/12 11:24:43 ET]
Table '3616026325 1' 3-max Seat #2 is the button
Seat 1: best naso (1090 in chips) 
Seat 2: Mahu2021 (410 in chips) 
Mahu2021: posts small blind 15
best naso: posts big blind 30
*** HOLE CARDS ***
Dealt to Mahu2021 [8d 9h]
Mahu2021: calls 15
best naso: raises 1060 to 1090 and is all-in
Mahu2021: folds 
Uncalled bet (1060) returned to best naso
best naso collected 60 from pot
best naso: doesn't show hand 
*** SUMMARY ***
Total pot 60 | Rake 0 
Seat 1: best naso (big blind) collected (60)
Seat 2: Mahu2021 (button) (small blind) folded before Flop



PokerStars Hand #244771445671: Tournament #3616026325, $0.92+$0.08 USD Hold'em No Limit - Level II (15/30) - 2023/07/12 17:24:52 CET [2023/07/12 11:24:52 ET]
Table '3616026325 1' 3-max Seat #1 is the button
Seat 1: best naso (1120 in chips) 
Seat 2: Mahu2021 (380 in chips) 
best naso: posts small blind 15
Mahu2021: posts big blind 30
*** HOLE CARDS ***
Dealt to Mahu2021 [Qd Td]
best naso: calls 15
Mahu2021: checks 
*** FLOP *** [2h 3c Qh]
Mahu2021: checks 
best naso: checks 
*** TURN *** [2h 3c Qh] [5d]
Mahu2021: bets 60
best naso: folds 
Uncalled bet (60) returned to Mahu2021
Mahu2021 collected 60 from pot
Mahu2021: doesn't show hand 
*** SUMMARY ***
Total pot 60 | Rake 0 
Board [2h 3c Qh 5d]
Seat 1: best naso (button) (small blind) folded on the Turn
Seat 2: Mahu2021 (big blind) collected (60)



PokerStars Hand #244771451366: Tournament #3616026325, $0.92+$0.08 USD Hold'em No Limit - Level II (15/30) - 2023/07/12 17:25:14 CET [2023/07/12 11:25:14 ET]
Table '3616026325 1' 3-max Seat #2 is the button
Seat 1: best naso (1090 in chips) 
Seat 2: Mahu2021 (410 in chips) 
Mahu2021: posts small blind 15
best naso: posts big blind 30
*** HOLE CARDS ***
Dealt to Mahu2021 [6c Jh]
Mahu2021: folds 
Uncalled bet (15) returned to best naso
best naso collected 30 from pot
best naso: doesn't show hand 
*** SUMMARY ***
Total pot 30 | Rake 0 
Seat 1: best naso (big blind) collected (30)
Seat 2: Mahu2021 (button) (small blind) folded before Flop



PokerStars Hand #244771452417: Tournament #3616026325, $0.92+$0.08 USD Hold'em No Limit - Level II (15/30) - 2023/07/12 17:25:19 CET [2023/07/12 11:25:19 ET]
Table '3616026325 1' 3-max Seat #1 is the button
Seat 1: best naso (1105 in chips) 
Seat 2: Mahu2021 (395 in chips) 
best naso: posts small blind 15
Mahu2021: posts big blind 30
*** HOLE CARDS ***
Dealt to Mahu2021 [Qc Js]
best naso: calls 15
Mahu2021: checks 
*** FLOP *** [3d 6h 4s]
Mahu2021: checks 
best naso: checks 
*** TURN *** [3d 6h 4s] [Jd]
Mahu2021: checks 
best naso: checks 
*** RIVER *** [3d 6h 4s Jd] [2c]
Mahu2021: checks 
best naso: checks 
*** SHOW DOWN ***
Mahu2021: shows [Qc Js] (a pair of Jacks)
best naso: shows [5s 3h] (a straight, Deuce to Six)
best naso collected 60 from pot
*** SUMMARY ***
Total pot 60 | Rake 0 
Board [3d 6h 4s Jd 2c]
Seat 1: best naso (button) (small blind) showed [5s 3h] and won (60) with a straight, Deuce to Six
Seat 2: Mahu2021 (big blind) showed [Qc Js] and lost with a pair of Jacks



PokerStars Hand #244771461015: Tournament #3616026325, $0.92+$0.08 USD Hold'em No Limit - Level II (15/30) - 2023/07/12 17:25:53 CET [2023/07/12 11:25:53 ET]
Table '3616026325 1' 3-max Seat #2 is the button
Seat 1: best naso (1135 in chips) 
Seat 2: Mahu2021 (365 in chips) 
Mahu2021: posts small blind 15
best naso: posts big blind 30
*** HOLE CARDS ***
Dealt to Mahu2021 [6h 4s]
Mahu2021: folds 
Uncalled bet (15) returned to best naso
best naso collected 30 from pot
best naso: doesn't show hand 
*** SUMMARY ***
Total pot 30 | Rake 0 
Seat 1: best naso (big blind) collected (30)
Seat 2: Mahu2021 (button) (small blind) folded before Flop



PokerStars Hand #244771462257: Tournament #3616026325, $0.92+$0.08 USD Hold'em No Limit - Level II (15/30) - 2023/07/12 17:25:58 CET [2023/07/12 11:25:58 ET]
Table '3616026325 1' 3-max Seat #1 is the button
Seat 1: best naso (1150 in chips) 
Seat 2: Mahu2021 (350 in chips) 
best naso: posts small blind 15
Mahu2021: posts big blind 30
*** HOLE CARDS ***
Dealt to Mahu2021 [2c 9d]
best naso: calls 15
Mahu2021: checks 
*** FLOP *** [4s 3d Qd]
Mahu2021: checks 
best naso: bets 30
Mahu2021: folds 
Uncalled bet (30) returned to best naso
best naso collected 60 from pot
best naso: doesn't show hand 
*** SUMMARY ***
Total pot 60 | Rake 0 
Board [4s 3d Qd]
Seat 1: best naso (button) (small blind) collected (60)
Seat 2: Mahu2021 (big blind) folded on the Flop



PokerStars Hand #244771465549: Tournament #3616026325, $0.92+$0.08 USD Hold'em No Limit - Level II (15/30) - 2023/07/12 17:26:12 CET [2023/07/12 11:26:12 ET]
Table '3616026325 1' 3-max Seat #2 is the button
Seat 1: best naso (1180 in chips) 
Seat 2: Mahu2021 (320 in chips) 
Mahu2021: posts small blind 15
best naso: posts big blind 30
*** HOLE CARDS ***
Dealt to Mahu2021 [Qs 4s]
Mahu2021: calls 15
best naso: checks 
*** FLOP *** [4c As 8c]
best naso: checks 
Mahu2021: bets 30
best naso: folds 
Uncalled bet (30) returned to Mahu2021
Mahu2021 collected 60 from pot
Mahu2021: doesn't show hand 
*** SUMMARY ***
Total pot 60 | Rake 0 
Board [4c As 8c]
Seat 1: best naso (big blind) folded on the Flop
Seat 2: Mahu2021 (button) (small blind) collected (60)



PokerStars Hand #244771469224: Tournament #3616026325, $0.92+$0.08 USD Hold'em No Limit - Level II (15/30) - 2023/07/12 17:26:27 CET [2023/07/12 11:26:27 ET]
Table '3616026325 1' 3-max Seat #1 is the button
Seat 1: best naso (1150 in chips) 
Seat 2: Mahu2021 (350 in chips) 
best naso: posts small blind 15
Mahu2021: posts big blind 30
*** HOLE CARDS ***
Dealt to Mahu2021 [8h 5s]
best naso: calls 15
Mahu2021: checks 
*** FLOP *** [7d Ah As]
Mahu2021: checks 
best naso: bets 30
Mahu2021: folds 
Uncalled bet (30) returned to best naso
best naso collected 60 from pot
best naso: doesn't show hand 
*** SUMMARY ***
Total pot 60 | Rake 0 
Board [7d Ah As]
Seat 1: best naso (button) (small blind) collected (60)
Seat 2: Mahu2021 (big blind) folded on the Flop



PokerStars Hand #244771472609: Tournament #3616026325, $0.92+$0.08 USD Hold'em No Limit - Level II (15/30) - 2023/07/12 17:26:41 CET [2023/07/12 11:26:41 ET]
Table '3616026325 1' 3-max Seat #2 is the button
Seat 1: best naso (1180 in chips) 
Seat 2: Mahu2021 (320 in chips) 
Mahu2021: posts small blind 15
best naso: posts big blind 30
*** HOLE CARDS ***
Dealt to Mahu2021 [5c 5s]
Mahu2021: raises 290 to 320 and is all-in
best naso: folds 
Uncalled bet (290) returned to Mahu2021
Mahu2021 collected 60 from pot
Mahu2021: doesn't show hand 
*** SUMMARY ***
Total pot 60 | Rake 0 
Seat 1: best naso (big blind) folded before Flop
Seat 2: Mahu2021 (button) (small blind) collected (60)



PokerStars Hand #244771474908: Tournament #3616026325, $0.92+$0.08 USD Hold'em No Limit - Level II (15/30) - 2023/07/12 17:26:50 CET [2023/07/12 11:26:50 ET]
Table '3616026325 1' 3-max Seat #1 is the button
Seat 1: best naso (1150 in chips) 
Seat 2: Mahu2021 (350 in chips) 
best naso: posts small blind 15
Mahu2021: posts big blind 30
*** HOLE CARDS ***
Dealt to Mahu2021 [7s 9h]
best naso: calls 15
Mahu2021: checks 
*** FLOP *** [5s 8h 6h]
Mahu2021: checks 
best naso: checks 
*** TURN *** [5s 8h 6h] [Qs]
Mahu2021: checks 
best naso: bets 30
Mahu2021: raises 30 to 60
best naso: calls 30
*** RIVER *** [5s 8h 6h Qs] [6c]
Mahu2021: bets 60
best naso: folds 
Uncalled bet (60) returned to Mahu2021
Mahu2021 collected 180 from pot
Mahu2021: doesn't show hand 
*** SUMMARY ***
Total pot 180 | Rake 0 
Board [5s 8h 6h Qs 6c]
Seat 1: best naso (button) (small blind) folded on the River
Seat 2: Mahu2021 (big blind) collected (180)



PokerStars Hand #244771485407: Tournament #3616026325, $0.92+$0.08 USD Hold'em No Limit - Level II (15/30) - 2023/07/12 17:27:34 CET [2023/07/12 11:27:34 ET]
Table '3616026325 1' 3-max Seat #2 is the button
Seat 1: best naso (1060 in chips) 
Seat 2: Mahu2021 (440 in chips) 
Mahu2021: posts small blind 15
best naso: posts big blind 30
*** HOLE CARDS ***
Dealt to Mahu2021 [As Qs]
Mahu2021: raises 30 to 60
best naso: folds 
Uncalled bet (30) returned to Mahu2021
Mahu2021 collected 60 from pot
Mahu2021: doesn't show hand 
*** SUMMARY ***
Total pot 60 | Rake 0 
Seat 1: best naso (big blind) folded before Flop
Seat 2: Mahu2021 (button) (small blind) collected (60)



PokerStars Hand #244771487823: Tournament #3616026325, $0.92+$0.08 USD Hold'em No Limit - Level III (20/40) - 2023/07/12 17:27:44 CET [2023/07/12 11:27:44 ET]
Table '3616026325 1' 3-max Seat #1 is the button
Seat 1: best naso (1030 in chips) 
Seat 2: Mahu2021 (470 in chips) 
best naso: posts small blind 20
Mahu2021: posts big blind 40
*** HOLE CARDS ***
Dealt to Mahu2021 [Tc 8h]
best naso: calls 20
Mahu2021: checks 
*** FLOP *** [Ks 9h 4d]
Mahu2021: checks 
best naso: bets 40
Mahu2021: folds 
Uncalled bet (40) returned to best naso
best naso collected 80 from pot
best naso: doesn't show hand 
*** SUMMARY ***
Total pot 80 | Rake 0 
Board [Ks 9h 4d]
Seat 1: best naso (button) (small blind) collected (80)
Seat 2: Mahu2021 (big blind) folded on the Flop



PokerStars Hand #244771491103: Tournament #3616026325, $0.92+$0.08 USD Hold'em No Limit - Level III (20/40) - 2023/07/12 17:27:58 CET [2023/07/12 11:27:58 ET]
Table '3616026325 1' 3-max Seat #2 is the button
Seat 1: best naso (1070 in chips) 
Seat 2: Mahu2021 (430 in chips) 
Mahu2021: posts small blind 20
best naso: posts big blind 40
*** HOLE CARDS ***
Dealt to Mahu2021 [Qh 5c]
Mahu2021: calls 20
best naso: checks 
*** FLOP *** [5h 8h 2d]
best naso: checks 
Mahu2021: bets 40
best naso: calls 40
*** TURN *** [5h 8h 2d] [9h]
best naso: checks 
Mahu2021: bets 160
best naso: folds 
Uncalled bet (160) returned to Mahu2021
Mahu2021 collected 160 from pot
Mahu2021: doesn't show hand 
*** SUMMARY ***
Total pot 160 | Rake 0 
Board [5h 8h 2d 9h]
Seat 1: best naso (big blind) folded on the Turn
Seat 2: Mahu2021 (button) (small blind) collected (160)



PokerStars Hand #244771497853: Tournament #3616026325, $0.92+$0.08 USD Hold'em No Limit - Level III (20/40) - 2023/07/12 17:28:25 CET [2023/07/12 11:28:25 ET]
Table '3616026325 1' 3-max Seat #1 is the button
Seat 1: best naso (990 in chips) 
Seat 2: Mahu2021 (510 in chips) 
best naso: posts small blind 20
Mahu2021: posts big blind 40
*** HOLE CARDS ***
Dealt to Mahu2021 [Kh 6d]
best naso: calls 20
Mahu2021: checks 
*** FLOP *** [7d 7s 5c]
Mahu2021: checks 
best naso: bets 40
Mahu2021: folds 
Uncalled bet (40) returned to best naso
best naso collected 80 from pot
best naso: doesn't show hand 
*** SUMMARY ***
Total pot 80 | Rake 0 
Board [7d 7s 5c]
Seat 1: best naso (button) (small blind) collected (80)
Seat 2: Mahu2021 (big blind) folded on the Flop



PokerStars Hand #244771505568: Tournament #3616026325, $0.92+$0.08 USD Hold'em No Limit - Level III (20/40) - 2023/07/12 17:28:57 CET [2023/07/12 11:28:57 ET]
Table '3616026325 1' 3-max Seat #2 is the button
Seat 1: best naso (1030 in chips) 
Seat 2: Mahu2021 (470 in chips) 
Mahu2021: posts small blind 20
best naso: posts big blind 40
*** HOLE CARDS ***
Dealt to Mahu2021 [Kh Th]
Mahu2021: raises 40 to 80
best naso: folds 
Uncalled bet (40) returned to Mahu2021
Mahu2021 collected 80 from pot
Mahu2021: doesn't show hand 
*** SUMMARY ***
Total pot 80 | Rake 0 
Seat 1: best naso (big blind) folded before Flop
Seat 2: Mahu2021 (button) (small blind) collected (80)



PokerStars Hand #244771509758: Tournament #3616026325, $0.92+$0.08 USD Hold'em No Limit - Level III (20/40) - 2023/07/12 17:29:14 CET [2023/07/12 11:29:14 ET]
Table '3616026325 1' 3-max Seat #1 is the button
Seat 1: best naso (990 in chips) 
Seat 2: Mahu2021 (510 in chips) 
best naso: posts small blind 20
Mahu2021: posts big blind 40
*** HOLE CARDS ***
Dealt to Mahu2021 [7d Td]
best naso: raises 950 to 990 and is all-in
Mahu2021: folds 
Uncalled bet (950) returned to best naso
best naso collected 80 from pot
best naso: doesn't show hand 
*** SUMMARY ***
Total pot 80 | Rake 0 
Seat 1: best naso (button) (small blind) collected (80)
Seat 2: Mahu2021 (big blind) folded before Flop



PokerStars Hand #244771511501: Tournament #3616026325, $0.92+$0.08 USD Hold'em No Limit - Level III (20/40) - 2023/07/12 17:29:21 CET [2023/07/12 11:29:21 ET]
Table '3616026325 1' 3-max Seat #2 is the button
Seat 1: best naso (1030 in chips) 
Seat 2: Mahu2021 (470 in chips) 
Mahu2021: posts small blind 20
best naso: posts big blind 40
*** HOLE CARDS ***
Dealt to Mahu2021 [Ks Ts]
Mahu2021: raises 40 to 80
best naso: calls 40
*** FLOP *** [3d 9c Jc]
best naso: checks 
Mahu2021: checks 
*** TURN *** [3d 9c Jc] [4c]
best naso: checks 
Mahu2021: checks 
*** RIVER *** [3d 9c Jc 4c] [Js]
best naso: checks 
Mahu2021: checks 
*** SHOW DOWN ***
best naso: shows [Kd 6c] (a pair of Jacks)
Mahu2021: shows [Ks Ts] (a pair of Jacks - King+Ten kicker)
Mahu2021 collected 160 from pot
*** SUMMARY ***
Total pot 160 | Rake 0 
Board [3d 9c Jc 4c Js]
Seat 1: best naso (big blind) showed [Kd 6c] and lost with a pair of Jacks
Seat 2: Mahu2021 (button) (small blind) showed [Ks Ts] and won (160) with a pair of Jacks



PokerStars Hand #244771519984: Tournament #3616026325, $0.92+$0.08 USD Hold'em No Limit - Level III (20/40) - 2023/07/12 17:29:56 CET [2023/07/12 11:29:56 ET]
Table '3616026325 1' 3-max Seat #1 is the button
Seat 1: best naso (950 in chips) 
Seat 2: Mahu2021 (550 in chips) 
best naso: posts small blind 20
Mahu2021: posts big blind 40
*** HOLE CARDS ***
Dealt to Mahu2021 [Ts 3h]
best naso: folds 
Uncalled bet (20) returned to Mahu2021
Mahu2021 collected 40 from pot
Mahu2021: doesn't show hand 
*** SUMMARY ***
Total pot 40 | Rake 0 
Seat 1: best naso (button) (small blind) folded before Flop
Seat 2: Mahu2021 (big blind) collected (40)



PokerStars Hand #244771521859: Tournament #3616026325, $0.92+$0.08 USD Hold'em No Limit - Level III (20/40) - 2023/07/12 17:30:04 CET [2023/07/12 11:30:04 ET]
Table '3616026325 1' 3-max Seat #2 is the button
Seat 1: best naso (930 in chips) 
Seat 2: Mahu2021 (570 in chips) 
Mahu2021: posts small blind 20
best naso: posts big blind 40
*** HOLE CARDS ***
Dealt to Mahu2021 [7h Tc]
Mahu2021: calls 20
best naso: checks 
*** FLOP *** [Ac Td Kh]
best naso: checks 
Mahu2021: bets 40
best naso: folds 
Uncalled bet (40) returned to Mahu2021
Mahu2021 collected 80 from pot
Mahu2021: doesn't show hand 
*** SUMMARY ***
Total pot 80 | Rake 0 
Board [Ac Td Kh]
Seat 1: best naso (big blind) folded on the Flop
Seat 2: Mahu2021 (button) (small blind) collected (80)



PokerStars Hand #244771526287: Tournament #3616026325, $0.92+$0.08 USD Hold'em No Limit - Level III (20/40) - 2023/07/12 17:30:21 CET [2023/07/12 11:30:21 ET]
Table '3616026325 1' 3-max Seat #1 is the button
Seat 1: best naso (890 in chips) 
Seat 2: Mahu2021 (610 in chips) 
best naso: posts small blind 20
Mahu2021: posts big blind 40
*** HOLE CARDS ***
Dealt to Mahu2021 [Th Jh]
best naso: raises 850 to 890 and is all-in
Mahu2021: folds 
Uncalled bet (850) returned to best naso
best naso collected 80 from pot
best naso: doesn't show hand 
*** SUMMARY ***
Total pot 80 | Rake 0 
Seat 1: best naso (button) (small blind) collected (80)
Seat 2: Mahu2021 (big blind) folded before Flop



PokerStars Hand #244771529302: Tournament #3616026325, $0.92+$0.08 USD Hold'em No Limit - Level III (20/40) - 2023/07/12 17:30:34 CET [2023/07/12 11:30:34 ET]
Table '3616026325 1' 3-max Seat #2 is the button
Seat 1: best naso (930 in chips) 
Seat 2: Mahu2021 (570 in chips) 
Mahu2021: posts small blind 20
best naso: posts big blind 40
*** HOLE CARDS ***
Dealt to Mahu2021 [7h 9h]
Mahu2021: calls 20
best naso: checks 
*** FLOP *** [8s 7d 5h]
best naso: checks 
Mahu2021: bets 80
best naso: folds 
Uncalled bet (80) returned to Mahu2021
Mahu2021 collected 80 from pot
Mahu2021: doesn't show hand 
*** SUMMARY ***
Total pot 80 | Rake 0 
Board [8s 7d 5h]
Seat 1: best naso (big blind) folded on the Flop
Seat 2: Mahu2021 (button) (small blind) collected (80)



PokerStars Hand #244771534615: Tournament #3616026325, $0.92+$0.08 USD Hold'em No Limit - Level IV (30/60) - 2023/07/12 17:30:55 CET [2023/07/12 11:30:55 ET]
Table '3616026325 1' 3-max Seat #1 is the button
Seat 1: best naso (890 in chips) 
Seat 2: Mahu2021 (610 in chips) 
best naso: posts small blind 30
Mahu2021: posts big blind 60
*** HOLE CARDS ***
Dealt to Mahu2021 [6s Jh]
best naso: raises 60 to 120
Mahu2021: calls 60
*** FLOP *** [Qh 7d Qc]
Mahu2021: checks 
best naso: bets 79
Mahu2021: folds 
Uncalled bet (79) returned to best naso
best naso collected 240 from pot
best naso: doesn't show hand 
*** SUMMARY ***
Total pot 240 | Rake 0 
Board [Qh 7d Qc]
Seat 1: best naso (button) (small blind) collected (240)
Seat 2: Mahu2021 (big blind) folded on the Flop



PokerStars Hand #244771538239: Tournament #3616026325, $0.92+$0.08 USD Hold'em No Limit - Level IV (30/60) - 2023/07/12 17:31:09 CET [2023/07/12 11:31:09 ET]
Table '3616026325 1' 3-max Seat #2 is the button
Seat 1: best naso (1010 in chips) 
Seat 2: Mahu2021 (490 in chips) 
Mahu2021: posts small blind 30
best naso: posts big blind 60
*** HOLE CARDS ***
Dealt to Mahu2021 [3d 7c]
Mahu2021: folds 
Uncalled bet (30) returned to best naso
best naso collected 60 from pot
best naso: doesn't show hand 
*** SUMMARY ***
Total pot 60 | Rake 0 
Seat 1: best naso (big blind) collected (60)
Seat 2: Mahu2021 (button) (small blind) folded before Flop



PokerStars Hand #244771539221: Tournament #3616026325, $0.92+$0.08 USD Hold'em No Limit - Level IV (30/60) - 2023/07/12 17:31:14 CET [2023/07/12 11:31:14 ET]
Table '3616026325 1' 3-max Seat #1 is the button
Seat 1: best naso (1040 in chips) 
Seat 2: Mahu2021 (460 in chips) 
best naso: posts small blind 30
Mahu2021: posts big blind 60
*** HOLE CARDS ***
Dealt to Mahu2021 [Ks 5s]
best naso: raises 980 to 1040 and is all-in
Mahu2021: folds 
Uncalled bet (980) returned to best naso
best naso collected 120 from pot
best naso: doesn't show hand 
*** SUMMARY ***
Total pot 120 | Rake 0 
Seat 1: best naso (button) (small blind) collected (120)
Seat 2: Mahu2021 (big blind) folded before Flop



PokerStars Hand #244771540680: Tournament #3616026325, $0.92+$0.08 USD Hold'em No Limit - Level IV (30/60) - 2023/07/12 17:31:20 CET [2023/07/12 11:31:20 ET]
Table '3616026325 1' 3-max Seat #2 is the button
Seat 1: best naso (1100 in chips) 
Seat 2: Mahu2021 (400 in chips) 
Mahu2021: posts small blind 30
best naso: posts big blind 60
*** HOLE CARDS ***
Dealt to Mahu2021 [7h 2s]
Mahu2021: folds 
Uncalled bet (30) returned to best naso
best naso collected 60 from pot
best naso: doesn't show hand 
*** SUMMARY ***
Total pot 60 | Rake 0 
Seat 1: best naso (big blind) collected (60)
Seat 2: Mahu2021 (button) (small blind) folded before Flop



PokerStars Hand #244771541878: Tournament #3616026325, $0.92+$0.08 USD Hold'em No Limit - Level IV (30/60) - 2023/07/12 17:31:24 CET [2023/07/12 11:31:24 ET]
Table '3616026325 1' 3-max Seat #1 is the button
Seat 1: best naso (1130 in chips) 
Seat 2: Mahu2021 (370 in chips) 
best naso: posts small blind 30
Mahu2021: posts big blind 60
*** HOLE CARDS ***
Dealt to Mahu2021 [4s 3d]
best naso: folds 
Uncalled bet (30) returned to Mahu2021
Mahu2021 collected 60 from pot
Mahu2021: doesn't show hand 
*** SUMMARY ***
Total pot 60 | Rake 0 
Seat 1: best naso (button) (small blind) folded before Flop
Seat 2: Mahu2021 (big blind) collected (60)



PokerStars Hand #244771543788: Tournament #3616026325, $0.92+$0.08 USD Hold'em No Limit - Level IV (30/60) - 2023/07/12 17:31:32 CET [2023/07/12 11:31:32 ET]
Table '3616026325 1' 3-max Seat #2 is the button
Seat 1: best naso (1100 in chips) 
Seat 2: Mahu2021 (400 in chips) 
Mahu2021: posts small blind 30
best naso: posts big blind 60
*** HOLE CARDS ***
Dealt to Mahu2021 [8c 8h]
Mahu2021: raises 340 to 400 and is all-in
best naso: folds 
Uncalled bet (340) returned to Mahu2021
Mahu2021 collected 120 from pot
Mahu2021: doesn't show hand 
*** SUMMARY ***
Total pot 120 | Rake 0 
Seat 1: best naso (big blind) folded before Flop
Seat 2: Mahu2021 (button) (small blind) collected (120)



PokerStars Hand #244771546199: Tournament #3616026325, $0.92+$0.08 USD Hold'em No Limit - Level IV (30/60) - 2023/07/12 17:31:42 CET [2023/07/12 11:31:42 ET]
Table '3616026325 1' 3-max Seat #1 is the button
Seat 1: best naso (1040 in chips) 
Seat 2: Mahu2021 (460 in chips) 
best naso: posts small blind 30
Mahu2021: posts big blind 60
*** HOLE CARDS ***
Dealt to Mahu2021 [2s 9h]
best naso: raises 980 to 1040 and is all-in
Mahu2021: folds 
Uncalled bet (980) returned to best naso
best naso collected 120 from pot
best naso: doesn't show hand 
*** SUMMARY ***
Total pot 120 | Rake 0 
Seat 1: best naso (button) (small blind) collected (120)
Seat 2: Mahu2021 (big blind) folded before Flop



PokerStars Hand #244771547531: Tournament #3616026325, $0.92+$0.08 USD Hold'em No Limit - Level IV (30/60) - 2023/07/12 17:31:47 CET [2023/07/12 11:31:47 ET]
Table '3616026325 1' 3-max Seat #2 is the button
Seat 1: best naso (1100 in chips) 
Seat 2: Mahu2021 (400 in chips) 
Mahu2021: posts small blind 30
best naso: posts big blind 60
*** HOLE CARDS ***
Dealt to Mahu2021 [Jh 9s]
Mahu2021: calls 30
best naso: checks 
*** FLOP *** [7c 9h 2d]
best naso: checks 
Mahu2021: bets 340 and is all-in
best naso: folds 
Uncalled bet (340) returned to Mahu2021
Mahu2021 collected 120 from pot
Mahu2021: doesn't show hand 
*** SUMMARY ***
Total pot 120 | Rake 0 
Board [7c 9h 2d]
Seat 1: best naso (big blind) folded on the Flop
Seat 2: Mahu2021 (button) (small blind) collected (120)



PokerStars Hand #244771551784: Tournament #3616026325, $0.92+$0.08 USD Hold'em No Limit - Level IV (30/60) - 2023/07/12 17:32:05 CET [2023/07/12 11:32:05 ET]
Table '3616026325 1' 3-max Seat #1 is the button
Seat 1: best naso (1040 in chips) 
Seat 2: Mahu2021 (460 in chips) 
best naso: posts small blind 30
Mahu2021: posts big blind 60
*** HOLE CARDS ***
Dealt to Mahu2021 [Jh 5d]
best naso: folds 
Uncalled bet (30) returned to Mahu2021
Mahu2021 collected 60 from pot
Mahu2021: doesn't show hand 
*** SUMMARY ***
Total pot 60 | Rake 0 
Seat 1: best naso (button) (small blind) folded before Flop
Seat 2: Mahu2021 (big blind) collected (60)



PokerStars Hand #244771554695: Tournament #3616026325, $0.92+$0.08 USD Hold'em No Limit - Level IV (30/60) - 2023/07/12 17:32:16 CET [2023/07/12 11:32:16 ET]
Table '3616026325 1' 3-max Seat #2 is the button
Seat 1: best naso (1010 in chips) 
Seat 2: Mahu2021 (490 in chips) 
Mahu2021: posts small blind 30
best naso: posts big blind 60
*** HOLE CARDS ***
Dealt to Mahu2021 [Jd 2s]
Mahu2021: folds 
Uncalled bet (30) returned to best naso
best naso collected 60 from pot
best naso: doesn't show hand 
*** SUMMARY ***
Total pot 60 | Rake 0 
Seat 1: best naso (big blind) collected (60)
Seat 2: Mahu2021 (button) (small blind) folded before Flop



PokerStars Hand #244771555909: Tournament #3616026325, $0.92+$0.08 USD Hold'em No Limit - Level IV (30/60) - 2023/07/12 17:32:22 CET [2023/07/12 11:32:22 ET]
Table '3616026325 1' 3-max Seat #1 is the button
Seat 1: best naso (1040 in chips) 
Seat 2: Mahu2021 (460 in chips) 
best naso: posts small blind 30
Mahu2021: posts big blind 60
*** HOLE CARDS ***
Dealt to Mahu2021 [Qs 4d]
best naso: folds 
Uncalled bet (30) returned to Mahu2021
Mahu2021 collected 60 from pot
Mahu2021: doesn't show hand 
*** SUMMARY ***
Total pot 60 | Rake 0 
Seat 1: best naso (button) (small blind) folded before Flop
Seat 2: Mahu2021 (big blind) collected (60)



PokerStars Hand #244771559227: Tournament #3616026325, $0.92+$0.08 USD Hold'em No Limit - Level IV (30/60) - 2023/07/12 17:32:35 CET [2023/07/12 11:32:35 ET]
Table '3616026325 1' 3-max Seat #2 is the button
Seat 1: best naso (1010 in chips) 
Seat 2: Mahu2021 (490 in chips) 
Mahu2021: posts small blind 30
best naso: posts big blind 60
*** HOLE CARDS ***
Dealt to Mahu2021 [3c 3s]
Mahu2021: raises 430 to 490 and is all-in
best naso: folds 
Uncalled bet (430) returned to Mahu2021
Mahu2021 collected 120 from pot
Mahu2021: doesn't show hand 
*** SUMMARY ***
Total pot 120 | Rake 0 
Seat 1: best naso (big blind) folded before Flop
Seat 2: Mahu2021 (button) (small blind) collected (120)



PokerStars Hand #244771561447: Tournament #3616026325, $0.92+$0.08 USD Hold'em No Limit - Level IV (30/60) - 2023/07/12 17:32:44 CET [2023/07/12 11:32:44 ET]
Table '3616026325 1' 3-max Seat #1 is the button
Seat 1: best naso (950 in chips) 
Seat 2: Mahu2021 (550 in chips) 
best naso: posts small blind 30
Mahu2021: posts big blind 60
*** HOLE CARDS ***
Dealt to Mahu2021 [Qh 8c]
best naso: raises 890 to 950 and is all-in
Mahu2021: folds 
Uncalled bet (890) returned to best naso
best naso collected 120 from pot
best naso: doesn't show hand 
*** SUMMARY ***
Total pot 120 | Rake 0 
Seat 1: best naso (button) (small blind) collected (120)
Seat 2: Mahu2021 (big blind) folded before Flop



PokerStars Hand #244771562967: Tournament #3616026325, $0.92+$0.08 USD Hold'em No Limit - Level IV (30/60) - 2023/07/12 17:32:50 CET [2023/07/12 11:32:50 ET]
Table '3616026325 1' 3-max Seat #2 is the button
Seat 1: best naso (1010 in chips) 
Seat 2: Mahu2021 (490 in chips) 
Mahu2021: posts small blind 30
best naso: posts big blind 60
*** HOLE CARDS ***
Dealt to Mahu2021 [Js 9s]
Mahu2021: calls 30
best naso: checks 
*** FLOP *** [8s Kh 5h]
best naso: checks 
Mahu2021: checks 
*** TURN *** [8s Kh 5h] [2h]
best naso: bets 60
Mahu2021: folds 
Uncalled bet (60) returned to best naso
best naso collected 120 from pot
best naso: doesn't show hand 
*** SUMMARY ***
Total pot 120 | Rake 0 
Board [8s Kh 5h 2h]
Seat 1: best naso (big blind) collected (120)
Seat 2: Mahu2021 (button) (small blind) folded on the Turn



PokerStars Hand #244771569939: Tournament #3616026325, $0.92+$0.08 USD Hold'em No Limit - Level IV (30/60) - 2023/07/12 17:33:19 CET [2023/07/12 11:33:19 ET]
Table '3616026325 1' 3-max Seat #1 is the button
Seat 1: best naso (1070 in chips) 
Seat 2: Mahu2021 (430 in chips) 
best naso: posts small blind 30
Mahu2021: posts big blind 60
*** HOLE CARDS ***
Dealt to Mahu2021 [8s Js]
best naso: raises 1010 to 1070 and is all-in
Mahu2021: folds 
Uncalled bet (1010) returned to best naso
best naso collected 120 from pot
best naso: doesn't show hand 
*** SUMMARY ***
Total pot 120 | Rake 0 
Seat 1: best naso (button) (small blind) collected (120)
Seat 2: Mahu2021 (big blind) folded before Flop



PokerStars Hand #244771571619: Tournament #3616026325, $0.92+$0.08 USD Hold'em No Limit - Level IV (30/60) - 2023/07/12 17:33:25 CET [2023/07/12 11:33:25 ET]
Table '3616026325 1' 3-max Seat #2 is the button
Seat 1: best naso (1130 in chips) 
Seat 2: Mahu2021 (370 in chips) 
Mahu2021: posts small blind 30
best naso: posts big blind 60
*** HOLE CARDS ***
Dealt to Mahu2021 [Td 8c]
Mahu2021: folds 
Uncalled bet (30) returned to best naso
best naso collected 60 from pot
best naso: doesn't show hand 
*** SUMMARY ***
Total pot 60 | Rake 0 
Seat 1: best naso (big blind) collected (60)
Seat 2: Mahu2021 (button) (small blind) folded before Flop



PokerStars Hand #244771572690: Tournament #3616026325, $0.92+$0.08 USD Hold'em No Limit - Level IV (30/60) - 2023/07/12 17:33:30 CET [2023/07/12 11:33:30 ET]
Table '3616026325 1' 3-max Seat #1 is the button
Seat 1: best naso (1160 in chips) 
Seat 2: Mahu2021 (340 in chips) 
best naso: posts small blind 30
Mahu2021: posts big blind 60
*** HOLE CARDS ***
Dealt to Mahu2021 [7s 3c]
best naso: folds 
Uncalled bet (30) returned to Mahu2021
Mahu2021 collected 60 from pot
Mahu2021: doesn't show hand 
*** SUMMARY ***
Total pot 60 | Rake 0 
Seat 1: best naso (button) (small blind) folded before Flop
Seat 2: Mahu2021 (big blind) collected (60)



PokerStars Hand #244771573701: Tournament #3616026325, $0.92+$0.08 USD Hold'em No Limit - Level IV (30/60) - 2023/07/12 17:33:34 CET [2023/07/12 11:33:34 ET]
Table '3616026325 1' 3-max Seat #2 is the button
Seat 1: best naso (1130 in chips) 
Seat 2: Mahu2021 (370 in chips) 
Mahu2021: posts small blind 30
best naso: posts big blind 60
*** HOLE CARDS ***
Dealt to Mahu2021 [8c 5d]
Mahu2021: folds 
Uncalled bet (30) returned to best naso
best naso collected 60 from pot
best naso: doesn't show hand 
*** SUMMARY ***
Total pot 60 | Rake 0 
Seat 1: best naso (big blind) collected (60)
Seat 2: Mahu2021 (button) (small blind) folded before Flop



PokerStars Hand #244771575513: Tournament #3616026325, $0.92+$0.08 USD Hold'em No Limit - Level V (40/80) - 2023/07/12 17:33:41 CET [2023/07/12 11:33:41 ET]
Table '3616026325 1' 3-max Seat #1 is the button
Seat 1: best naso (1160 in chips) 
Seat 2: Mahu2021 (340 in chips) 
best naso: posts small blind 40
Mahu2021: posts big blind 80
*** HOLE CARDS ***
Dealt to Mahu2021 [Kh 9h]
best naso: raises 1080 to 1160 and is all-in
Mahu2021: calls 260 and is all-in
Uncalled bet (820) returned to best naso
*** FLOP *** [3c Kd Ts]
*** TURN *** [3c Kd Ts] [4s]
*** RIVER *** [3c Kd Ts 4s] [Ac]
*** SHOW DOWN ***
Mahu2021: shows [Kh 9h] (a pair of Kings)
best naso: shows [7d 9d] (high card Ace)
Mahu2021 collected 680 from pot
*** SUMMARY ***
Total pot 680 | Rake 0 
Board [3c Kd Ts 4s Ac]
Seat 1: best naso (button) (small blind) showed [7d 9d] and lost with high card Ace
Seat 2: Mahu2021 (big blind) showed [Kh 9h] and won (680) with a pair of Kings



PokerStars Hand #244771578369: Tournament #3616026325, $0.92+$0.08 USD Hold'em No Limit - Level V (40/80) - 2023/07/12 17:33:53 CET [2023/07/12 11:33:53 ET]
Table '3616026325 1' 3-max Seat #2 is the button
Seat 1: best naso (820 in chips) 
Seat 2: Mahu2021 (680 in chips) 
Mahu2021: posts small blind 40
best naso: posts big blind 80
*** HOLE CARDS ***
Dealt to Mahu2021 [Qd 4h]
Mahu2021: calls 40
best naso: checks 
*** FLOP *** [Jc Td 4d]
best naso: checks 
Mahu2021: bets 80
best naso: calls 80
*** TURN *** [Jc Td 4d] [5d]
best naso: checks 
Mahu2021: bets 520 and is all-in
best naso: folds 
Uncalled bet (520) returned to Mahu2021
Mahu2021 collected 320 from pot
Mahu2021: doesn't show hand 
*** SUMMARY ***
Total pot 320 | Rake 0 
Board [Jc Td 4d 5d]
Seat 1: best naso (big blind) folded on the Turn
Seat 2: Mahu2021 (button) (small blind) collected (320)



PokerStars Hand #244771583793: Tournament #3616026325, $0.92+$0.08 USD Hold'em No Limit - Level V (40/80) - 2023/07/12 17:34:15 CET [2023/07/12 11:34:15 ET]
Table '3616026325 1' 3-max Seat #1 is the button
Seat 1: best naso (660 in chips) 
Seat 2: Mahu2021 (840 in chips) 
best naso: posts small blind 40
Mahu2021: posts big blind 80
*** HOLE CARDS ***
Dealt to Mahu2021 [7c 8s]
best naso: raises 580 to 660 and is all-in
Mahu2021: folds 
Uncalled bet (580) returned to best naso
best naso collected 160 from pot
best naso: doesn't show hand 
*** SUMMARY ***
Total pot 160 | Rake 0 
Seat 1: best naso (button) (small blind) collected (160)
Seat 2: Mahu2021 (big blind) folded before Flop



PokerStars Hand #244771585188: Tournament #3616026325, $0.92+$0.08 USD Hold'em No Limit - Level V (40/80) - 2023/07/12 17:34:20 CET [2023/07/12 11:34:20 ET]
Table '3616026325 1' 3-max Seat #2 is the button
Seat 1: best naso (740 in chips) 
Seat 2: Mahu2021 (760 in chips) 
Mahu2021: posts small blind 40
best naso: posts big blind 80
*** HOLE CARDS ***
Dealt to Mahu2021 [4c Ad]
Mahu2021: calls 40
best naso: checks 
*** FLOP *** [Jc 4h 3s]
best naso: checks 
Mahu2021: bets 80
best naso: calls 80
*** TURN *** [Jc 4h 3s] [Ts]
best naso: checks 
Mahu2021: checks 
*** RIVER *** [Jc 4h 3s Ts] [5s]
best naso: bets 106
Mahu2021: folds 
Uncalled bet (106) returned to best naso
best naso collected 320 from pot
best naso: doesn't show hand 
*** SUMMARY ***
Total pot 320 | Rake 0 
Board [Jc 4h 3s Ts 5s]
Seat 1: best naso (big blind) collected (320)
Seat 2: Mahu2021 (button) (small blind) folded on the River



PokerStars Hand #244771589965: Tournament #3616026325, $0.92+$0.08 USD Hold'em No Limit - Level V (40/80) - 2023/07/12 17:34:40 CET [2023/07/12 11:34:40 ET]
Table '3616026325 1' 3-max Seat #1 is the button
Seat 1: best naso (900 in chips) 
Seat 2: Mahu2021 (600 in chips) 
best naso: posts small blind 40
Mahu2021: posts big blind 80
*** HOLE CARDS ***
Dealt to Mahu2021 [7h 3s]
best naso: folds 
Uncalled bet (40) returned to Mahu2021
Mahu2021 collected 80 from pot
Mahu2021: doesn't show hand 
*** SUMMARY ***
Total pot 80 | Rake 0 
Seat 1: best naso (button) (small blind) folded before Flop
Seat 2: Mahu2021 (big blind) collected (80)



PokerStars Hand #244771590944: Tournament #3616026325, $0.92+$0.08 USD Hold'em No Limit - Level V (40/80) - 2023/07/12 17:34:44 CET [2023/07/12 11:34:44 ET]
Table '3616026325 1' 3-max Seat #2 is the button
Seat 1: best naso (860 in chips) 
Seat 2: Mahu2021 (640 in chips) 
Mahu2021: posts small blind 40
best naso: posts big blind 80
*** HOLE CARDS ***
Dealt to Mahu2021 [5h Qh]
Mahu2021: calls 40
best naso: checks 
*** FLOP *** [4s 6c 5d]
best naso: checks 
Mahu2021: bets 80
best naso: folds 
Uncalled bet (80) returned to Mahu2021
Mahu2021 collected 160 from pot
Mahu2021: doesn't show hand 
*** SUMMARY ***
Total pot 160 | Rake 0 
Board [4s 6c 5d]
Seat 1: best naso (big blind) folded on the Flop
Seat 2: Mahu2021 (button) (small blind) collected (160)



PokerStars Hand #244771597091: Tournament #3616026325, $0.92+$0.08 USD Hold'em No Limit - Level V (40/80) - 2023/07/12 17:35:08 CET [2023/07/12 11:35:08 ET]
Table '3616026325 1' 3-max Seat #1 is the button
Seat 1: best naso (780 in chips) 
Seat 2: Mahu2021 (720 in chips) 
best naso: posts small blind 40
Mahu2021: posts big blind 80
*** HOLE CARDS ***
Dealt to Mahu2021 [4c 7s]
best naso: folds 
Uncalled bet (40) returned to Mahu2021
Mahu2021 collected 80 from pot
Mahu2021: doesn't show hand 
*** SUMMARY ***
Total pot 80 | Rake 0 
Seat 1: best naso (button) (small blind) folded before Flop
Seat 2: Mahu2021 (big blind) collected (80)



PokerStars Hand #244771598153: Tournament #3616026325, $0.92+$0.08 USD Hold'em No Limit - Level V (40/80) - 2023/07/12 17:35:12 CET [2023/07/12 11:35:12 ET]
Table '3616026325 1' 3-max Seat #2 is the button
Seat 1: best naso (740 in chips) 
Seat 2: Mahu2021 (760 in chips) 
Mahu2021: posts small blind 40
best naso: posts big blind 80
*** HOLE CARDS ***
Dealt to Mahu2021 [4s 9h]
Mahu2021: folds 
Uncalled bet (40) returned to best naso
best naso collected 80 from pot
best naso: doesn't show hand 
*** SUMMARY ***
Total pot 80 | Rake 0 
Seat 1: best naso (big blind) collected (80)
Seat 2: Mahu2021 (button) (small blind) folded before Flop



PokerStars Hand #244771599204: Tournament #3616026325, $0.92+$0.08 USD Hold'em No Limit - Level V (40/80) - 2023/07/12 17:35:16 CET [2023/07/12 11:35:16 ET]
Table '3616026325 1' 3-max Seat #1 is the button
Seat 1: best naso (780 in chips) 
Seat 2: Mahu2021 (720 in chips) 
best naso: posts small blind 40
Mahu2021: posts big blind 80
*** HOLE CARDS ***
Dealt to Mahu2021 [As 5s]
best naso: folds 
Uncalled bet (40) returned to Mahu2021
Mahu2021 collected 80 from pot
Mahu2021: doesn't show hand 
*** SUMMARY ***
Total pot 80 | Rake 0 
Seat 1: best naso (button) (small blind) folded before Flop
Seat 2: Mahu2021 (big blind) collected (80)



PokerStars Hand #244771601112: Tournament #3616026325, $0.92+$0.08 USD Hold'em No Limit - Level V (40/80) - 2023/07/12 17:35:24 CET [2023/07/12 11:35:24 ET]
Table '3616026325 1' 3-max Seat #2 is the button
Seat 1: best naso (740 in chips) 
Seat 2: Mahu2021 (760 in chips) 
Mahu2021: posts small blind 40
best naso: posts big blind 80
*** HOLE CARDS ***
Dealt to Mahu2021 [2h 6s]
Mahu2021: folds 
Uncalled bet (40) returned to best naso
best naso collected 80 from pot
best naso: doesn't show hand 
*** SUMMARY ***
Total pot 80 | Rake 0 
Seat 1: best naso (big blind) collected (80)
Seat 2: Mahu2021 (button) (small blind) folded before Flop



PokerStars Hand #244771602201: Tournament #3616026325, $0.92+$0.08 USD Hold'em No Limit - Level V (40/80) - 2023/07/12 17:35:28 CET [2023/07/12 11:35:28 ET]
Table '3616026325 1' 3-max Seat #1 is the button
Seat 1: best naso (780 in chips) 
Seat 2: Mahu2021 (720 in chips) 
best naso: posts small blind 40
Mahu2021: posts big blind 80
*** HOLE CARDS ***
Dealt to Mahu2021 [2h 3s]
best naso: raises 80 to 160
Mahu2021: calls 80
*** FLOP *** [Qs 7h 5h]
Mahu2021: checks 
best naso: bets 80
Mahu2021: folds 
Uncalled bet (80) returned to best naso
best naso collected 320 from pot
best naso: doesn't show hand 
*** SUMMARY ***
Total pot 320 | Rake 0 
Board [Qs 7h 5h]
Seat 1: best naso (button) (small blind) collected (320)
Seat 2: Mahu2021 (big blind) folded on the Flop



PokerStars Hand #244771604692: Tournament #3616026325, $0.92+$0.08 USD Hold'em No Limit - Level V (40/80) - 2023/07/12 17:35:38 CET [2023/07/12 11:35:38 ET]
Table '3616026325 1' 3-max Seat #2 is the button
Seat 1: best naso (940 in chips) 
Seat 2: Mahu2021 (560 in chips) 
Mahu2021: posts small blind 40
best naso: posts big blind 80
*** HOLE CARDS ***
Dealt to Mahu2021 [Kd Qs]
Mahu2021: raises 80 to 160
best naso: folds 
Uncalled bet (80) returned to Mahu2021
Mahu2021 collected 160 from pot
Mahu2021: doesn't show hand 
*** SUMMARY ***
Total pot 160 | Rake 0 
Seat 1: best naso (big blind) folded before Flop
Seat 2: Mahu2021 (button) (small blind) collected (160)



PokerStars Hand #244771606973: Tournament #3616026325, $0.92+$0.08 USD Hold'em No Limit - Level V (40/80) - 2023/07/12 17:35:47 CET [2023/07/12 11:35:47 ET]
Table '3616026325 1' 3-max Seat #1 is the button
Seat 1: best naso (860 in chips) 
Seat 2: Mahu2021 (640 in chips) 
best naso: posts small blind 40
Mahu2021: posts big blind 80
*** HOLE CARDS ***
Dealt to Mahu2021 [Ah 9d]
best naso: calls 40
Mahu2021: raises 560 to 640 and is all-in
best naso: folds 
Uncalled bet (560) returned to Mahu2021
Mahu2021 collected 160 from pot
Mahu2021: doesn't show hand 
*** SUMMARY ***
Total pot 160 | Rake 0 
Seat 1: best naso (button) (small blind) folded before Flop
Seat 2: Mahu2021 (big blind) collected (160)



PokerStars Hand #244771609809: Tournament #3616026325, $0.92+$0.08 USD Hold'em No Limit - Level V (40/80) - 2023/07/12 17:35:59 CET [2023/07/12 11:35:59 ET]
Table '3616026325 1' 3-max Seat #2 is the button
Seat 1: best naso (780 in chips) 
Seat 2: Mahu2021 (720 in chips) 
Mahu2021: posts small blind 40
best naso: posts big blind 80
*** HOLE CARDS ***
Dealt to Mahu2021 [Qd Jh]
Mahu2021: raises 80 to 160
best naso: raises 620 to 780 and is all-in
Mahu2021: calls 560 and is all-in
Uncalled bet (60) returned to best naso
*** FLOP *** [Ac 3h Qs]
*** TURN *** [Ac 3h Qs] [Kd]
*** RIVER *** [Ac 3h Qs Kd] [3d]
*** SHOW DOWN ***
best naso: shows [Td As] (two pair, Aces and Threes)
Mahu2021: shows [Qd Jh] (two pair, Queens and Threes)
best naso collected 1440 from pot
Mahu2021 finished the tournament in 2nd place
best naso wins the tournament and receives $5.00 - congratulations!
*** SUMMARY ***
Total pot 1440 | Rake 0 
Board [Ac 3h Qs Kd 3d]
Seat 1: best naso (big blind) showed [Td As] and won (1440) with two pair, Aces and Threes
Seat 2: Mahu2021 (button) (small blind) showed [Qd Jh] and lost with two pair, Queens and Threes



