PokerStars Zoom Hand #255162412589:  Hold'em No Limit ($0.05/$0.10) - 2025/03/06 11:37:37 CET [2025/03/06 5:37:37 ET]
Table 'Aludra' 6-max Seat #1 is the button
Seat 1: augtoth ($10.05 in chips) 
Seat 2: jassl ($12.68 in chips) 
Seat 3: Mahu2021 ($10 in chips) 
Seat 4: Malvaro99 ($23.17 in chips) 
Seat 5: MrCangrejoTh ($10 in chips) 
Seat 6: hummbold ($10 in chips) 
jassl: posts small blind $0.05
Mahu2021: posts big blind $0.10
*** HOLE CARDS ***
Dealt to Mahu2021 [3s 8d]
Malvaro99: raises $0.13 to $0.23
MrCangrejoTh: folds 
hummbold: folds 
augtoth: folds 
jassl: folds 
Mahu2021: folds 
Uncalled bet ($0.13) returned to Malvaro99
Malvaro99 collected $0.25 from pot
Malvaro99: doesn't show hand 
*** SUMMARY ***
Total pot $0.25 | Rake $0 
Seat 1: augtoth (button) folded before Flop (didn't bet)
Seat 2: jassl (small blind) folded before Flop
Seat 3: Mahu2021 (big blind) folded before Flop
Seat 4: Malvaro99 collected ($0.25)
Seat 5: MrCangrejoTh folded before Flop (didn't bet)
Seat 6: hummbold folded before Flop (didn't bet)



PokerStars Zoom Hand #255162413235:  Hold'em No Limit ($0.05/$0.10) - 2025/03/06 11:37:43 CET [2025/03/06 5:37:43 ET]
Table 'Aludra' 6-max Seat #1 is the button
Seat 1: kimmand ($4.46 in chips) 
Seat 2: Perstenev ($14.36 in chips) 
Seat 3: augtoth ($10 in chips) 
Seat 4: IVERNMAN ($10.38 in chips) 
Seat 5: Mahu2021 ($9.90 in chips) 
Seat 6: tafarel8 ($10.74 in chips) 
Perstenev: posts small blind $0.05
augtoth: posts big blind $0.10
*** HOLE CARDS ***
Dealt to Mahu2021 [Qc 9s]
IVERNMAN: raises $0.10 to $0.20
Mahu2021: folds 
tafarel8: raises $0.40 to $0.60
kimmand: folds 
Perstenev: folds 
augtoth: folds 
IVERNMAN: folds 
Uncalled bet ($0.40) returned to tafarel8
tafarel8 collected $0.55 from pot
tafarel8: doesn't show hand 
*** SUMMARY ***
Total pot $0.55 | Rake $0 
Seat 1: kimmand (button) folded before Flop (didn't bet)
Seat 2: Perstenev (small blind) folded before Flop
Seat 3: augtoth (big blind) folded before Flop
Seat 4: IVERNMAN folded before Flop
Seat 5: Mahu2021 folded before Flop (didn't bet)
Seat 6: tafarel8 collected ($0.55)



PokerStars Zoom Hand #255162414760:  Hold'em No Limit ($0.05/$0.10) - 2025/03/06 11:37:57 CET [2025/03/06 5:37:57 ET]
Table 'Aludra' 6-max Seat #1 is the button
Seat 1: Mahu2021 ($9.85 in chips) 
Seat 2: Yash1ch ($10.80 in chips) 
Seat 3: ghanisha ($13.28 in chips) 
Seat 4: Perstenev ($12.01 in chips) 
Seat 5: augtoth ($10.05 in chips) 
Seat 6: limyang ($11.07 in chips) 
Yash1ch: posts small blind $0.05
ghanisha: posts big blind $0.10
*** HOLE CARDS ***
Dealt to Mahu2021 [6c 9d]
Perstenev: folds 
augtoth: raises $0.15 to $0.25
limyang: raises $0.50 to $0.75
Mahu2021: folds 
Yash1ch: folds 
ghanisha: folds 
augtoth: folds 
Uncalled bet ($0.50) returned to limyang
limyang collected $0.65 from pot
limyang: doesn't show hand 
*** SUMMARY ***
Total pot $0.65 | Rake $0 
Seat 1: Mahu2021 (button) folded before Flop (didn't bet)
Seat 2: Yash1ch (small blind) folded before Flop
Seat 3: ghanisha (big blind) folded before Flop
Seat 4: Perstenev folded before Flop (didn't bet)
Seat 5: augtoth folded before Flop
Seat 6: limyang collected ($0.65)



PokerStars Zoom Hand #255162413714:  Hold'em No Limit ($0.05/$0.10) - 2025/03/06 11:37:47 CET [2025/03/06 5:37:47 ET]
Table 'Aludra' 6-max Seat #1 is the button
Seat 1: Perstenev ($14.31 in chips) 
Seat 2: Mahu2021 ($9.90 in chips) 
Seat 3: iudicus ($10 in chips) 
Seat 4: Georg006830 ($5.05 in chips) 
Seat 5: kimmand ($18.83 in chips) 
Seat 6: oazizizgut ($10.60 in chips) 
Mahu2021: posts small blind $0.05
iudicus: posts big blind $0.10
*** HOLE CARDS ***
Dealt to Mahu2021 [7s 5c]
Georg006830: folds 
kimmand: calls $0.10
oazizizgut: raises $0.30 to $0.40
Perstenev: folds 
Mahu2021: folds 
iudicus: folds 
kimmand: calls $0.30
*** FLOP *** [2d Tc As]
kimmand: checks 
oazizizgut: bets $0.56
kimmand: calls $0.56
*** TURN *** [2d Tc As] [3h]
kimmand: checks 
oazizizgut: checks 
*** RIVER *** [2d Tc As 3h] [8d]
kimmand: bets $1.98
oazizizgut: folds 
Uncalled bet ($1.98) returned to kimmand
kimmand collected $1.98 from pot
kimmand: doesn't show hand 
*** SUMMARY ***
Total pot $2.07 | Rake $0.09 
Board [2d Tc As 3h 8d]
Seat 1: Perstenev (button) folded before Flop (didn't bet)
Seat 2: Mahu2021 (small blind) folded before Flop
Seat 3: iudicus (big blind) folded before Flop
Seat 4: Georg006830 folded before Flop (didn't bet)
Seat 5: kimmand collected ($1.98)
Seat 6: oazizizgut folded on the River



PokerStars Zoom Hand #255162415189:  Hold'em No Limit ($0.05/$0.10) - 2025/03/06 11:38:01 CET [2025/03/06 5:38:01 ET]
Table 'Aludra' 6-max Seat #1 is the button
Seat 1: Perstenev ($12.01 in chips) 
Seat 2: Mahu2021 ($9.85 in chips) 
Seat 3: teikmaimani ($5.04 in chips) 
Seat 4: IVERNMAN ($21.05 in chips) 
Seat 5: PokerSapiens1 ($7.22 in chips) 
Seat 6: hummbold ($10 in chips) 
Mahu2021: posts small blind $0.05
teikmaimani: posts big blind $0.10
*** HOLE CARDS ***
Dealt to Mahu2021 [5c 4c]
IVERNMAN: folds 
PokerSapiens1: folds 
hummbold: folds 
Perstenev: calls $0.10
Mahu2021: calls $0.05
teikmaimani: checks 
*** FLOP *** [Th Ad Tc]
Mahu2021: checks 
teikmaimani: checks 
Perstenev: checks 
*** TURN *** [Th Ad Tc] [Jc]
Mahu2021: checks 
teikmaimani: checks 
Perstenev: bets $0.30
Mahu2021: calls $0.30
teikmaimani: folds 
*** RIVER *** [Th Ad Tc Jc] [Js]
Mahu2021: checks 
Perstenev: checks 
*** SHOW DOWN ***
Mahu2021: shows [5c 4c] (two pair, Jacks and Tens)
Perstenev: shows [Qs Kh] (a straight, Ten to Ace)
Perstenev collected $0.86 from pot
*** SUMMARY ***
Total pot $0.90 | Rake $0.04 
Board [Th Ad Tc Jc Js]
Seat 1: Perstenev (button) showed [Qs Kh] and won ($0.86) with a straight, Ten to Ace
Seat 2: Mahu2021 (small blind) showed [5c 4c] and lost with two pair, Jacks and Tens
Seat 3: teikmaimani (big blind) folded on the Turn
Seat 4: IVERNMAN folded before Flop (didn't bet)
Seat 5: PokerSapiens1 folded before Flop (didn't bet)
Seat 6: hummbold folded before Flop (didn't bet)



PokerStars Zoom Hand #255162422242:  Hold'em No Limit ($0.05/$0.10) - 2025/03/06 11:39:06 CET [2025/03/06 5:39:06 ET]
Table 'Aludra' 6-max Seat #1 is the button
Seat 1: arongraham100 ($9.70 in chips) 
Seat 2: rullorh ($10.05 in chips) 
Seat 3: taorekomi ($12.77 in chips) 
Seat 4: Mahu2021 ($9.45 in chips) 
Seat 5: Goumios ($14.66 in chips) 
Seat 6: fulgerasv2609 ($10.06 in chips) 
rullorh: posts small blind $0.05
taorekomi: posts big blind $0.10
*** HOLE CARDS ***
Dealt to Mahu2021 [7h Ah]
Mahu2021: raises $0.14 to $0.24
Goumios: folds 
fulgerasv2609: raises $0.46 to $0.70
arongraham100: folds 
rullorh: folds 
taorekomi: folds 
Mahu2021: folds 
Uncalled bet ($0.46) returned to fulgerasv2609
fulgerasv2609 collected $0.63 from pot
fulgerasv2609: doesn't show hand 
*** SUMMARY ***
Total pot $0.63 | Rake $0 
Seat 1: arongraham100 (button) folded before Flop (didn't bet)
Seat 2: rullorh (small blind) folded before Flop
Seat 3: taorekomi (big blind) folded before Flop
Seat 4: Mahu2021 folded before Flop
Seat 5: Goumios folded before Flop (didn't bet)
Seat 6: fulgerasv2609 collected ($0.63)



PokerStars Zoom Hand #255162421418:  Hold'em No Limit ($0.05/$0.10) - 2025/03/06 11:38:58 CET [2025/03/06 5:38:58 ET]
Table 'Aludra' 6-max Seat #1 is the button
Seat 1: taorekomi ($12.77 in chips) 
Seat 2: hummbold ($10 in chips) 
Seat 3: Perstenev ($5.79 in chips) 
Seat 4: arazkhan1802 ($13.06 in chips) 
Seat 5: teikmaimani ($20.16 in chips) 
Seat 6: Mahu2021 ($9.45 in chips) 
hummbold: posts small blind $0.05
Perstenev: posts big blind $0.10
*** HOLE CARDS ***
Dealt to Mahu2021 [7d Tc]
teikmaimani is disconnected 
arazkhan1802: raises $0.12 to $0.22
teikmaimani has timed out while disconnected
teikmaimani: folds 
Mahu2021: folds 
taorekomi: folds 
hummbold: folds 
Perstenev: calls $0.12
*** FLOP *** [4s 4d Ad]
Perstenev: checks 
arazkhan1802: bets $0.24
Perstenev: folds 
Uncalled bet ($0.24) returned to arazkhan1802
arazkhan1802 collected $0.47 from pot
arazkhan1802: doesn't show hand 
*** SUMMARY ***
Total pot $0.49 | Rake $0.02 
Board [4s 4d Ad]
Seat 1: taorekomi (button) folded before Flop (didn't bet)
Seat 2: hummbold (small blind) folded before Flop
Seat 3: Perstenev (big blind) folded on the Flop
Seat 4: arazkhan1802 collected ($0.47)
Seat 5: teikmaimani folded before Flop (didn't bet)
Seat 6: Mahu2021 folded before Flop (didn't bet)



PokerStars Zoom Hand #255162423725:  Hold'em No Limit ($0.05/$0.10) - 2025/03/06 11:39:20 CET [2025/03/06 5:39:20 ET]
Table 'Aludra' 6-max Seat #1 is the button
Seat 1: MrCangrejoTh ($10 in chips) 
Seat 2: JICC632 ($19.90 in chips) 
Seat 3: Mahu2021 ($9.21 in chips) 
Seat 4: vicegoodman ($15.02 in chips) 
Seat 5: IVERNMAN ($10.18 in chips) 
Seat 6: Goumios ($14.61 in chips) 
JICC632: posts small blind $0.05
Mahu2021: posts big blind $0.10
*** HOLE CARDS ***
Dealt to Mahu2021 [2d 7c]
vicegoodman: folds 
IVERNMAN: folds 
Goumios: folds 
MrCangrejoTh: folds 
JICC632: raises $0.20 to $0.30
Mahu2021: folds 
Uncalled bet ($0.20) returned to JICC632
JICC632 collected $0.20 from pot
JICC632: doesn't show hand 
*** SUMMARY ***
Total pot $0.20 | Rake $0 
Seat 1: MrCangrejoTh (button) folded before Flop (didn't bet)
Seat 2: JICC632 (small blind) collected ($0.20)
Seat 3: Mahu2021 (big blind) folded before Flop
Seat 4: vicegoodman folded before Flop (didn't bet)
Seat 5: IVERNMAN folded before Flop (didn't bet)
Seat 6: Goumios folded before Flop (didn't bet)



PokerStars Zoom Hand #255162425250:  Hold'em No Limit ($0.05/$0.10) - 2025/03/06 11:39:34 CET [2025/03/06 5:39:34 ET]
Table 'Aludra' 6-max Seat #1 is the button
Seat 1: Mahu2021 ($9.11 in chips) 
Seat 2: A0hijlxs ($7.62 in chips) 
Seat 3: vicegoodman ($10.73 in chips) 
Seat 4: limyang ($17.69 in chips) 
Seat 5: Perstenev ($13.91 in chips) 
Seat 6: hummbold ($10.05 in chips) 
A0hijlxs: posts small blind $0.05
vicegoodman: posts big blind $0.10
*** HOLE CARDS ***
Dealt to Mahu2021 [Th 2h]
limyang: raises $0.15 to $0.25
Perstenev: folds 
hummbold: folds 
Mahu2021: folds 
A0hijlxs: folds 
vicegoodman: folds 
Uncalled bet ($0.15) returned to limyang
limyang collected $0.25 from pot
limyang: doesn't show hand 
*** SUMMARY ***
Total pot $0.25 | Rake $0 
Seat 1: Mahu2021 (button) folded before Flop (didn't bet)
Seat 2: A0hijlxs (small blind) folded before Flop
Seat 3: vicegoodman (big blind) folded before Flop
Seat 4: limyang collected ($0.25)
Seat 5: Perstenev folded before Flop (didn't bet)
Seat 6: hummbold folded before Flop (didn't bet)



PokerStars Zoom Hand #255162425832:  Hold'em No Limit ($0.05/$0.10) - 2025/03/06 11:39:39 CET [2025/03/06 5:39:39 ET]
Table 'Aludra' 6-max Seat #1 is the button
Seat 1: karo_wpc ($21.44 in chips) 
Seat 2: rullorh ($10 in chips) 
Seat 3: iudicus ($10.15 in chips) 
Seat 4: hummbold ($10.05 in chips) 
Seat 5: JD 2266 E ($8.41 in chips) 
Seat 6: Mahu2021 ($9.11 in chips) 
rullorh: posts small blind $0.05
iudicus: posts big blind $0.10
*** HOLE CARDS ***
Dealt to Mahu2021 [Kd 5d]
hummbold: raises $0.15 to $0.25
JD 2266 E: folds 
Mahu2021: folds 
karo_wpc: folds 
rullorh: folds 
iudicus: folds 
Uncalled bet ($0.15) returned to hummbold
hummbold collected $0.25 from pot
hummbold: doesn't show hand 
*** SUMMARY ***
Total pot $0.25 | Rake $0 
Seat 1: karo_wpc (button) folded before Flop (didn't bet)
Seat 2: rullorh (small blind) folded before Flop
Seat 3: iudicus (big blind) folded before Flop
Seat 4: hummbold collected ($0.25)
Seat 5: JD 2266 E folded before Flop (didn't bet)
Seat 6: Mahu2021 folded before Flop (didn't bet)



PokerStars Zoom Hand #255162426294:  Hold'em No Limit ($0.05/$0.10) - 2025/03/06 11:39:44 CET [2025/03/06 5:39:44 ET]
Table 'Aludra' 6-max Seat #1 is the button
Seat 1: arazkhan1802 ($13.21 in chips) 
Seat 2: Devans18180 ($9.90 in chips) 
Seat 3: A0hijlxs ($7.57 in chips) 
Seat 4: karo_wpc ($21.44 in chips) 
Seat 5: Mahu2021 ($9.11 in chips) 
Seat 6: teikmaimani ($9.85 in chips) 
Devans18180: posts small blind $0.05
A0hijlxs: posts big blind $0.10
*** HOLE CARDS ***
Dealt to Mahu2021 [Qs Jd]
karo_wpc: folds 
Mahu2021: raises $0.14 to $0.24
teikmaimani: calls $0.24
arazkhan1802: folds 
Devans18180: calls $0.19
A0hijlxs: folds 
*** FLOP *** [Qc 8d 5s]
Devans18180: checks 
Mahu2021: checks 
teikmaimani: checks 
*** TURN *** [Qc 8d 5s] [7d]
Devans18180: bets $0.39
Mahu2021: calls $0.39
teikmaimani: folds 
*** RIVER *** [Qc 8d 5s 7d] [Qd]
Devans18180: bets $0.77
Mahu2021: calls $0.77
*** SHOW DOWN ***
Devans18180: shows [Ad 8s] (two pair, Queens and Eights)
Mahu2021: shows [Qs Jd] (three of a kind, Queens)
Mahu2021 collected $3 from pot
*** SUMMARY ***
Total pot $3.14 | Rake $0.14 
Board [Qc 8d 5s 7d Qd]
Seat 1: arazkhan1802 (button) folded before Flop (didn't bet)
Seat 2: Devans18180 (small blind) showed [Ad 8s] and lost with two pair, Queens and Eights
Seat 3: A0hijlxs (big blind) folded before Flop
Seat 4: karo_wpc folded before Flop (didn't bet)
Seat 5: Mahu2021 showed [Qs Jd] and won ($3) with three of a kind, Queens
Seat 6: teikmaimani folded on the Turn



PokerStars Zoom Hand #255162430056:  Hold'em No Limit ($0.05/$0.10) - 2025/03/06 11:40:19 CET [2025/03/06 5:40:19 ET]
Table 'Aludra' 6-max Seat #1 is the button
Seat 1: tafarel8 ($15.78 in chips) 
Seat 2: limyang ($11.62 in chips) 
Seat 3: Mahu2021 ($10.71 in chips) 
Seat 4: IVERNMAN ($10.33 in chips) 
Seat 5: teikmaimani ($12.64 in chips) 
Seat 6: masi1951 ($5.14 in chips) 
limyang: posts small blind $0.05
Mahu2021: posts big blind $0.10
*** HOLE CARDS ***
Dealt to Mahu2021 [Qs Ad]
IVERNMAN: raises $0.10 to $0.20
teikmaimani: folds 
masi1951: folds 
tafarel8: folds 
limyang: folds 
Mahu2021: calls $0.10
*** FLOP *** [Ks 8c 6s]
Mahu2021: checks 
IVERNMAN: bets $0.14
Mahu2021: folds 
Uncalled bet ($0.14) returned to IVERNMAN
IVERNMAN collected $0.43 from pot
IVERNMAN: doesn't show hand 
*** SUMMARY ***
Total pot $0.45 | Rake $0.02 
Board [Ks 8c 6s]
Seat 1: tafarel8 (button) folded before Flop (didn't bet)
Seat 2: limyang (small blind) folded before Flop
Seat 3: Mahu2021 (big blind) folded on the Flop
Seat 4: IVERNMAN collected ($0.43)
Seat 5: teikmaimani folded before Flop (didn't bet)
Seat 6: masi1951 folded before Flop (didn't bet)



