PokerStars Hand #247916817118: Tournament #3692641748, $1.84+$0.16 USD Hold'em No Limit - Level I (10/20) - 2023/12/28 15:07:47 CET [2023/12/28 9:07:47 ET]
Table '3692641748 1' 3-max Seat #1 is the button
Seat 1: danilexfaria (500 in chips) 
Seat 2: Qassen (500 in chips) 
Seat 3: Mahu2021 (500 in chips) 
Qassen: posts small blind 10
Mahu2021: posts big blind 20
*** HOLE CARDS ***
Dealt to Mahu2021 [Ks 8c]
danilexfaria: folds 
Qassen: folds 
Uncalled bet (10) returned to Mahu2021
Mahu2021 collected 20 from pot
Mahu2021: doesn't show hand 
*** SUMMARY ***
Total pot 20 | Rake 0 
Seat 1: danilexfaria (button) folded before Flop (didn't bet)
Seat 2: Qassen (small blind) folded before Flop
Seat 3: Mahu2021 (big blind) collected (20)



PokerStars Hand #247916818845: Tournament #3692641748, $1.84+$0.16 USD Hold'em No Limit - Level I (10/20) - 2023/12/28 15:07:55 CET [2023/12/28 9:07:55 ET]
Table '3692641748 1' 3-max Seat #2 is the button
Seat 1: danilexfaria (500 in chips) 
Seat 2: Qassen (490 in chips) 
Seat 3: Mahu2021 (510 in chips) 
Mahu2021: posts small blind 10
danilexfaria: posts big blind 20
*** HOLE CARDS ***
Dealt to Mahu2021 [Qh Kh]
Qassen: raises 20 to 40
Mahu2021: calls 30
danilexfaria: calls 20
*** FLOP *** [5h Ts Qc]
Mahu2021: checks 
danilexfaria: checks 
Qassen: checks 
*** TURN *** [5h Ts Qc] [Tc]
Mahu2021: bets 40
danilexfaria: calls 40
Qassen: calls 40
*** RIVER *** [5h Ts Qc Tc] [8s]
Mahu2021: checks 
danilexfaria: checks 
Qassen: bets 60
Mahu2021: folds 
danilexfaria: calls 60
*** SHOW DOWN ***
Qassen: shows [Th Kc] (three of a kind, Tens)
danilexfaria: mucks hand 
Qassen collected 360 from pot
*** SUMMARY ***
Total pot 360 | Rake 0 
Board [5h Ts Qc Tc 8s]
Seat 1: danilexfaria (big blind) mucked [Qs 9h]
Seat 2: Qassen (button) showed [Th Kc] and won (360) with three of a kind, Tens
Seat 3: Mahu2021 (small blind) folded on the River



PokerStars Hand #247916828687: Tournament #3692641748, $1.84+$0.16 USD Hold'em No Limit - Level I (10/20) - 2023/12/28 15:08:37 CET [2023/12/28 9:08:37 ET]
Table '3692641748 1' 3-max Seat #3 is the button
Seat 1: danilexfaria (360 in chips) 
Seat 2: Qassen (710 in chips) 
Seat 3: Mahu2021 (430 in chips) 
danilexfaria: posts small blind 10
Qassen: posts big blind 20
*** HOLE CARDS ***
Dealt to Mahu2021 [7s 5c]
Mahu2021: folds 
danilexfaria: calls 10
Qassen: checks 
*** FLOP *** [2h 7d Kc]
danilexfaria: bets 20
Qassen: folds 
Uncalled bet (20) returned to danilexfaria
danilexfaria collected 40 from pot
danilexfaria: doesn't show hand 
*** SUMMARY ***
Total pot 40 | Rake 0 
Board [2h 7d Kc]
Seat 1: danilexfaria (small blind) collected (40)
Seat 2: Qassen (big blind) folded on the Flop
Seat 3: Mahu2021 (button) folded before Flop (didn't bet)



PokerStars Hand #247916832617: Tournament #3692641748, $1.84+$0.16 USD Hold'em No Limit - Level I (10/20) - 2023/12/28 15:08:53 CET [2023/12/28 9:08:53 ET]
Table '3692641748 1' 3-max Seat #1 is the button
Seat 1: danilexfaria (380 in chips) 
Seat 2: Qassen (690 in chips) 
Seat 3: Mahu2021 (430 in chips) 
Qassen: posts small blind 10
Mahu2021: posts big blind 20
*** HOLE CARDS ***
Dealt to Mahu2021 [Kc As]
danilexfaria: raises 20 to 40
Qassen: folds 
Mahu2021: calls 20
*** FLOP *** [Ks 2s 8s]
Mahu2021: bets 40
danilexfaria: raises 87 to 127
Mahu2021: raises 263 to 390 and is all-in
danilexfaria: calls 213 and is all-in
Uncalled bet (50) returned to Mahu2021
*** TURN *** [Ks 2s 8s] [2d]
*** RIVER *** [Ks 2s 8s 2d] [4c]
*** SHOW DOWN ***
Mahu2021: shows [Kc As] (two pair, Kings and Deuces)
danilexfaria: shows [Kh Qd] (two pair, Kings and Deuces - lower kicker)
Mahu2021 collected 770 from pot
danilexfaria finished the tournament in 3rd place
*** SUMMARY ***
Total pot 770 | Rake 0 
Board [Ks 2s 8s 2d 4c]
Seat 1: danilexfaria (button) showed [Kh Qd] and lost with two pair, Kings and Deuces
Seat 2: Qassen (small blind) folded before Flop
Seat 3: Mahu2021 (big blind) showed [Kc As] and won (770) with two pair, Kings and Deuces



PokerStars Hand #247916838788: Tournament #3692641748, $1.84+$0.16 USD Hold'em No Limit - Level I (10/20) - 2023/12/28 15:09:19 CET [2023/12/28 9:09:19 ET]
Table '3692641748 1' 3-max Seat #3 is the button
Seat 2: Qassen (680 in chips) 
Seat 3: Mahu2021 (820 in chips) 
Mahu2021: posts small blind 10
Qassen: posts big blind 20
*** HOLE CARDS ***
Dealt to Mahu2021 [Th Ac]
Mahu2021: calls 10
Qassen: checks 
*** FLOP *** [4h 7d 8s]
Qassen: checks 
Mahu2021: bets 20
Qassen: calls 20
*** TURN *** [4h 7d 8s] [9d]
Qassen: checks 
Mahu2021: checks 
*** RIVER *** [4h 7d 8s 9d] [Qd]
Qassen: checks 
Mahu2021: checks 
*** SHOW DOWN ***
Qassen: shows [9h 6s] (a pair of Nines)
Mahu2021: mucks hand 
Qassen collected 80 from pot
*** SUMMARY ***
Total pot 80 | Rake 0 
Board [4h 7d 8s 9d Qd]
Seat 2: Qassen (big blind) showed [9h 6s] and won (80) with a pair of Nines
Seat 3: Mahu2021 (button) (small blind) mucked [Th Ac]



PokerStars Hand #247916846723: Tournament #3692641748, $1.84+$0.16 USD Hold'em No Limit - Level I (10/20) - 2023/12/28 15:09:52 CET [2023/12/28 9:09:52 ET]
Table '3692641748 1' 3-max Seat #2 is the button
Seat 2: Qassen (720 in chips) 
Seat 3: Mahu2021 (780 in chips) 
Qassen: posts small blind 10
Mahu2021: posts big blind 20
*** HOLE CARDS ***
Dealt to Mahu2021 [6s Ks]
Qassen: calls 10
Mahu2021: checks 
*** FLOP *** [4d 5h 6c]
Mahu2021: bets 40
Qassen: folds 
Uncalled bet (40) returned to Mahu2021
Mahu2021 collected 40 from pot
Mahu2021: doesn't show hand 
*** SUMMARY ***
Total pot 40 | Rake 0 
Board [4d 5h 6c]
Seat 2: Qassen (button) (small blind) folded on the Flop
Seat 3: Mahu2021 (big blind) collected (40)



PokerStars Hand #247916849924: Tournament #3692641748, $1.84+$0.16 USD Hold'em No Limit - Level I (10/20) - 2023/12/28 15:10:06 CET [2023/12/28 9:10:06 ET]
Table '3692641748 1' 3-max Seat #3 is the button
Seat 2: Qassen (700 in chips) 
Seat 3: Mahu2021 (800 in chips) 
Mahu2021: posts small blind 10
Qassen: posts big blind 20
*** HOLE CARDS ***
Dealt to Mahu2021 [8d Qs]
Mahu2021: folds 
Uncalled bet (10) returned to Qassen
Qassen collected 20 from pot
Qassen: doesn't show hand 
*** SUMMARY ***
Total pot 20 | Rake 0 
Seat 2: Qassen (big blind) collected (20)
Seat 3: Mahu2021 (button) (small blind) folded before Flop



PokerStars Hand #247916851160: Tournament #3692641748, $1.84+$0.16 USD Hold'em No Limit - Level I (10/20) - 2023/12/28 15:10:11 CET [2023/12/28 9:10:11 ET]
Table '3692641748 1' 3-max Seat #2 is the button
Seat 2: Qassen (710 in chips) 
Seat 3: Mahu2021 (790 in chips) 
Qassen: posts small blind 10
Mahu2021: posts big blind 20
*** HOLE CARDS ***
Dealt to Mahu2021 [4s Ah]
Qassen: folds 
Uncalled bet (10) returned to Mahu2021
Mahu2021 collected 20 from pot
Mahu2021: doesn't show hand 
*** SUMMARY ***
Total pot 20 | Rake 0 
Seat 2: Qassen (button) (small blind) folded before Flop
Seat 3: Mahu2021 (big blind) collected (20)



PokerStars Hand #247916853232: Tournament #3692641748, $1.84+$0.16 USD Hold'em No Limit - Level I (10/20) - 2023/12/28 15:10:19 CET [2023/12/28 9:10:19 ET]
Table '3692641748 1' 3-max Seat #3 is the button
Seat 2: Qassen (700 in chips) 
Seat 3: Mahu2021 (800 in chips) 
Mahu2021: posts small blind 10
Qassen: posts big blind 20
*** HOLE CARDS ***
Dealt to Mahu2021 [4c 8c]
Mahu2021: calls 10
Qassen: checks 
*** FLOP *** [5s 7h 7c]
Qassen: checks 
Mahu2021: bets 20
Qassen: raises 40 to 60
Mahu2021: folds 
Uncalled bet (40) returned to Qassen
Qassen collected 80 from pot
Qassen: doesn't show hand 
*** SUMMARY ***
Total pot 80 | Rake 0 
Board [5s 7h 7c]
Seat 2: Qassen (big blind) collected (80)
Seat 3: Mahu2021 (button) (small blind) folded on the Flop



PokerStars Hand #247916857906: Tournament #3692641748, $1.84+$0.16 USD Hold'em No Limit - Level I (10/20) - 2023/12/28 15:10:40 CET [2023/12/28 9:10:40 ET]
Table '3692641748 1' 3-max Seat #2 is the button
Seat 2: Qassen (740 in chips) 
Seat 3: Mahu2021 (760 in chips) 
Qassen: posts small blind 10
Mahu2021: posts big blind 20
*** HOLE CARDS ***
Dealt to Mahu2021 [Ac 8c]
Qassen: raises 20 to 40
Mahu2021: calls 20
*** FLOP *** [9d Ad 7s]
Mahu2021: checks 
Qassen: checks 
*** TURN *** [9d Ad 7s] [3d]
Mahu2021: bets 40
Qassen: calls 40
*** RIVER *** [9d Ad 7s 3d] [Qc]
Mahu2021: checks 
Qassen: bets 110
Mahu2021: folds 
Uncalled bet (110) returned to Qassen
Qassen collected 160 from pot
Qassen: doesn't show hand 
*** SUMMARY ***
Total pot 160 | Rake 0 
Board [9d Ad 7s 3d Qc]
Seat 2: Qassen (button) (small blind) collected (160)
Seat 3: Mahu2021 (big blind) folded on the River



PokerStars Hand #247916867054: Tournament #3692641748, $1.84+$0.16 USD Hold'em No Limit - Level II (15/30) - 2023/12/28 15:11:18 CET [2023/12/28 9:11:18 ET]
Table '3692641748 1' 3-max Seat #3 is the button
Seat 2: Qassen (820 in chips) 
Seat 3: Mahu2021 (680 in chips) 
Mahu2021: posts small blind 15
Qassen: posts big blind 30
*** HOLE CARDS ***
Dealt to Mahu2021 [7d 2c]
Mahu2021: folds 
Uncalled bet (15) returned to Qassen
Qassen collected 30 from pot
Qassen: doesn't show hand 
*** SUMMARY ***
Total pot 30 | Rake 0 
Seat 2: Qassen (big blind) collected (30)
Seat 3: Mahu2021 (button) (small blind) folded before Flop



PokerStars Hand #247916868296: Tournament #3692641748, $1.84+$0.16 USD Hold'em No Limit - Level II (15/30) - 2023/12/28 15:11:24 CET [2023/12/28 9:11:24 ET]
Table '3692641748 1' 3-max Seat #2 is the button
Seat 2: Qassen (835 in chips) 
Seat 3: Mahu2021 (665 in chips) 
Qassen: posts small blind 15
Mahu2021: posts big blind 30
*** HOLE CARDS ***
Dealt to Mahu2021 [2c 3s]
Qassen: raises 30 to 60
Mahu2021: calls 30
*** FLOP *** [3c 2s 9s]
Mahu2021: checks 
Qassen: bets 30
Mahu2021: raises 60 to 90
Qassen: folds 
Uncalled bet (60) returned to Mahu2021
Mahu2021 collected 180 from pot
Mahu2021: doesn't show hand 
*** SUMMARY ***
Total pot 180 | Rake 0 
Board [3c 2s 9s]
Seat 2: Qassen (button) (small blind) folded on the Flop
Seat 3: Mahu2021 (big blind) collected (180)



PokerStars Hand #247916872729: Tournament #3692641748, $1.84+$0.16 USD Hold'em No Limit - Level II (15/30) - 2023/12/28 15:11:43 CET [2023/12/28 9:11:43 ET]
Table '3692641748 1' 3-max Seat #3 is the button
Seat 2: Qassen (745 in chips) 
Seat 3: Mahu2021 (755 in chips) 
Mahu2021: posts small blind 15
Qassen: posts big blind 30
*** HOLE CARDS ***
Dealt to Mahu2021 [4d Ac]
Mahu2021: calls 15
Qassen: checks 
*** FLOP *** [7h 9h 5s]
Qassen: checks 
Mahu2021: checks 
*** TURN *** [7h 9h 5s] [Qd]
Qassen: bets 75
Mahu2021: folds 
Uncalled bet (75) returned to Qassen
Qassen collected 60 from pot
Qassen: doesn't show hand 
*** SUMMARY ***
Total pot 60 | Rake 0 
Board [7h 9h 5s Qd]
Seat 2: Qassen (big blind) collected (60)
Seat 3: Mahu2021 (button) (small blind) folded on the Turn



PokerStars Hand #247916876122: Tournament #3692641748, $1.84+$0.16 USD Hold'em No Limit - Level II (15/30) - 2023/12/28 15:11:57 CET [2023/12/28 9:11:57 ET]
Table '3692641748 1' 3-max Seat #2 is the button
Seat 2: Qassen (775 in chips) 
Seat 3: Mahu2021 (725 in chips) 
Qassen: posts small blind 15
Mahu2021: posts big blind 30
*** HOLE CARDS ***
Dealt to Mahu2021 [6d Ad]
Qassen: raises 30 to 60
Mahu2021: calls 30
*** FLOP *** [Qh 3d 7h]
Mahu2021: checks 
Qassen: checks 
*** TURN *** [Qh 3d 7h] [As]
Mahu2021: bets 60
Qassen: calls 60
*** RIVER *** [Qh 3d 7h As] [4d]
Mahu2021: bets 60
Qassen: calls 60
*** SHOW DOWN ***
Mahu2021: shows [6d Ad] (a pair of Aces)
Qassen: mucks hand 
Mahu2021 collected 360 from pot
*** SUMMARY ***
Total pot 360 | Rake 0 
Board [Qh 3d 7h As 4d]
Seat 2: Qassen (button) (small blind) mucked [9d Qc]
Seat 3: Mahu2021 (big blind) showed [6d Ad] and won (360) with a pair of Aces



PokerStars Hand #247916883095: Tournament #3692641748, $1.84+$0.16 USD Hold'em No Limit - Level II (15/30) - 2023/12/28 15:12:27 CET [2023/12/28 9:12:27 ET]
Table '3692641748 1' 3-max Seat #3 is the button
Seat 2: Qassen (595 in chips) 
Seat 3: Mahu2021 (905 in chips) 
Mahu2021: posts small blind 15
Qassen: posts big blind 30
*** HOLE CARDS ***
Dealt to Mahu2021 [8d 7h]
Mahu2021: calls 15
Qassen: raises 565 to 595 and is all-in
Mahu2021: folds 
Uncalled bet (565) returned to Qassen
Qassen collected 60 from pot
Qassen: doesn't show hand 
*** SUMMARY ***
Total pot 60 | Rake 0 
Seat 2: Qassen (big blind) collected (60)
Seat 3: Mahu2021 (button) (small blind) folded before Flop



PokerStars Hand #247916886190: Tournament #3692641748, $1.84+$0.16 USD Hold'em No Limit - Level II (15/30) - 2023/12/28 15:12:39 CET [2023/12/28 9:12:39 ET]
Table '3692641748 1' 3-max Seat #2 is the button
Seat 2: Qassen (625 in chips) 
Seat 3: Mahu2021 (875 in chips) 
Qassen: posts small blind 15
Mahu2021: posts big blind 30
*** HOLE CARDS ***
Dealt to Mahu2021 [8s Jc]
Qassen: calls 15
Mahu2021: checks 
*** FLOP *** [Ah Kh Qs]
Mahu2021: checks 
Qassen: checks 
*** TURN *** [Ah Kh Qs] [6d]
Mahu2021: bets 30
Qassen: folds 
Uncalled bet (30) returned to Mahu2021
Mahu2021 collected 60 from pot
Mahu2021: doesn't show hand 
*** SUMMARY ***
Total pot 60 | Rake 0 
Board [Ah Kh Qs 6d]
Seat 2: Qassen (button) (small blind) folded on the Turn
Seat 3: Mahu2021 (big blind) collected (60)



PokerStars Hand #247916892829: Tournament #3692641748, $1.84+$0.16 USD Hold'em No Limit - Level II (15/30) - 2023/12/28 15:13:07 CET [2023/12/28 9:13:07 ET]
Table '3692641748 1' 3-max Seat #3 is the button
Seat 2: Qassen (595 in chips) 
Seat 3: Mahu2021 (905 in chips) 
Mahu2021: posts small blind 15
Qassen: posts big blind 30
*** HOLE CARDS ***
Dealt to Mahu2021 [7c 2c]
Mahu2021: folds 
Uncalled bet (15) returned to Qassen
Qassen collected 30 from pot
Qassen: doesn't show hand 
*** SUMMARY ***
Total pot 30 | Rake 0 
Seat 2: Qassen (big blind) collected (30)
Seat 3: Mahu2021 (button) (small blind) folded before Flop



PokerStars Hand #247916894036: Tournament #3692641748, $1.84+$0.16 USD Hold'em No Limit - Level II (15/30) - 2023/12/28 15:13:12 CET [2023/12/28 9:13:12 ET]
Table '3692641748 1' 3-max Seat #2 is the button
Seat 2: Qassen (610 in chips) 
Seat 3: Mahu2021 (890 in chips) 
Qassen: posts small blind 15
Mahu2021: posts big blind 30
*** HOLE CARDS ***
Dealt to Mahu2021 [Ac 6d]
Qassen: calls 15
Mahu2021: checks 
*** FLOP *** [9h 7c 2h]
Mahu2021: checks 
Qassen: bets 30
Mahu2021: folds 
Uncalled bet (30) returned to Qassen
Qassen collected 60 from pot
Qassen: doesn't show hand 
*** SUMMARY ***
Total pot 60 | Rake 0 
Board [9h 7c 2h]
Seat 2: Qassen (button) (small blind) collected (60)
Seat 3: Mahu2021 (big blind) folded on the Flop



PokerStars Hand #247916896906: Tournament #3692641748, $1.84+$0.16 USD Hold'em No Limit - Level II (15/30) - 2023/12/28 15:13:24 CET [2023/12/28 9:13:24 ET]
Table '3692641748 1' 3-max Seat #3 is the button
Seat 2: Qassen (640 in chips) 
Seat 3: Mahu2021 (860 in chips) 
Mahu2021: posts small blind 15
Qassen: posts big blind 30
*** HOLE CARDS ***
Dealt to Mahu2021 [Jc 5s]
Mahu2021: folds 
Uncalled bet (15) returned to Qassen
Qassen collected 30 from pot
Qassen: doesn't show hand 
*** SUMMARY ***
Total pot 30 | Rake 0 
Seat 2: Qassen (big blind) collected (30)
Seat 3: Mahu2021 (button) (small blind) folded before Flop



PokerStars Hand #247916898019: Tournament #3692641748, $1.84+$0.16 USD Hold'em No Limit - Level II (15/30) - 2023/12/28 15:13:29 CET [2023/12/28 9:13:29 ET]
Table '3692641748 1' 3-max Seat #2 is the button
Seat 2: Qassen (655 in chips) 
Seat 3: Mahu2021 (845 in chips) 
Qassen: posts small blind 15
Mahu2021: posts big blind 30
*** HOLE CARDS ***
Dealt to Mahu2021 [Ac 6s]
Qassen: folds 
Uncalled bet (15) returned to Mahu2021
Mahu2021 collected 30 from pot
Mahu2021: doesn't show hand 
*** SUMMARY ***
Total pot 30 | Rake 0 
Seat 2: Qassen (button) (small blind) folded before Flop
Seat 3: Mahu2021 (big blind) collected (30)



PokerStars Hand #247916898873: Tournament #3692641748, $1.84+$0.16 USD Hold'em No Limit - Level II (15/30) - 2023/12/28 15:13:32 CET [2023/12/28 9:13:32 ET]
Table '3692641748 1' 3-max Seat #3 is the button
Seat 2: Qassen (640 in chips) 
Seat 3: Mahu2021 (860 in chips) 
Mahu2021: posts small blind 15
Qassen: posts big blind 30
*** HOLE CARDS ***
Dealt to Mahu2021 [Jh 8d]
Mahu2021: calls 15
Qassen: checks 
*** FLOP *** [As Kh 7c]
Qassen: checks 
Mahu2021: bets 30
Qassen: raises 60 to 90
Mahu2021: folds 
Uncalled bet (60) returned to Qassen
Qassen collected 120 from pot
Qassen: doesn't show hand 
*** SUMMARY ***
Total pot 120 | Rake 0 
Board [As Kh 7c]
Seat 2: Qassen (big blind) collected (120)
Seat 3: Mahu2021 (button) (small blind) folded on the Flop



PokerStars Hand #247916907392: Tournament #3692641748, $1.84+$0.16 USD Hold'em No Limit - Level III (20/40) - 2023/12/28 15:14:08 CET [2023/12/28 9:14:08 ET]
Table '3692641748 1' 3-max Seat #2 is the button
Seat 2: Qassen (700 in chips) 
Seat 3: Mahu2021 (800 in chips) 
Qassen: posts small blind 20
Mahu2021: posts big blind 40
*** HOLE CARDS ***
Dealt to Mahu2021 [4c 9d]
Qassen: raises 40 to 80
Mahu2021: folds 
Uncalled bet (40) returned to Qassen
Qassen collected 80 from pot
Qassen: doesn't show hand 
*** SUMMARY ***
Total pot 80 | Rake 0 
Seat 2: Qassen (button) (small blind) collected (80)
Seat 3: Mahu2021 (big blind) folded before Flop



PokerStars Hand #247916909747: Tournament #3692641748, $1.84+$0.16 USD Hold'em No Limit - Level III (20/40) - 2023/12/28 15:14:18 CET [2023/12/28 9:14:18 ET]
Table '3692641748 1' 3-max Seat #3 is the button
Seat 2: Qassen (740 in chips) 
Seat 3: Mahu2021 (760 in chips) 
Mahu2021: posts small blind 20
Qassen: posts big blind 40
*** HOLE CARDS ***
Dealt to Mahu2021 [7d Qh]
Mahu2021: calls 20
Qassen: raises 80 to 120
Mahu2021: folds 
Uncalled bet (80) returned to Qassen
Qassen collected 80 from pot
Qassen: doesn't show hand 
*** SUMMARY ***
Total pot 80 | Rake 0 
Seat 2: Qassen (big blind) collected (80)
Seat 3: Mahu2021 (button) (small blind) folded before Flop



PokerStars Hand #247916913009: Tournament #3692641748, $1.84+$0.16 USD Hold'em No Limit - Level III (20/40) - 2023/12/28 15:14:31 CET [2023/12/28 9:14:31 ET]
Table '3692641748 1' 3-max Seat #2 is the button
Seat 2: Qassen (780 in chips) 
Seat 3: Mahu2021 (720 in chips) 
Qassen: posts small blind 20
Mahu2021: posts big blind 40
*** HOLE CARDS ***
Dealt to Mahu2021 [4s As]
Qassen: raises 40 to 80
Mahu2021: calls 40
*** FLOP *** [2d Qs Ah]
Mahu2021: bets 80
Qassen: calls 80
*** TURN *** [2d Qs Ah] [Jd]
Mahu2021: bets 320
Qassen: raises 300 to 620 and is all-in
Mahu2021: calls 240 and is all-in
Uncalled bet (60) returned to Qassen
*** RIVER *** [2d Qs Ah Jd] [5h]
*** SHOW DOWN ***
Mahu2021: shows [4s As] (a pair of Aces)
Qassen: shows [Td Qd] (a pair of Queens)
Mahu2021 collected 1440 from pot
*** SUMMARY ***
Total pot 1440 | Rake 0 
Board [2d Qs Ah Jd 5h]
Seat 2: Qassen (button) (small blind) showed [Td Qd] and lost with a pair of Queens
Seat 3: Mahu2021 (big blind) showed [4s As] and won (1440) with a pair of Aces



PokerStars Hand #247916921933: Tournament #3692641748, $1.84+$0.16 USD Hold'em No Limit - Level III (20/40) - 2023/12/28 15:15:09 CET [2023/12/28 9:15:09 ET]
Table '3692641748 1' 3-max Seat #3 is the button
Seat 2: Qassen (60 in chips) 
Seat 3: Mahu2021 (1440 in chips) 
Mahu2021: posts small blind 20
Qassen: posts big blind 40
*** HOLE CARDS ***
Dealt to Mahu2021 [7c 8c]
Mahu2021: raises 40 to 80
Qassen: calls 20 and is all-in
Uncalled bet (20) returned to Mahu2021
*** FLOP *** [9d 6h Js]
*** TURN *** [9d 6h Js] [Qd]
*** RIVER *** [9d 6h Js Qd] [2c]
*** SHOW DOWN ***
Qassen: shows [Jc Ad] (a pair of Jacks)
Mahu2021: shows [7c 8c] (high card Queen)
Qassen collected 120 from pot
*** SUMMARY ***
Total pot 120 | Rake 0 
Board [9d 6h Js Qd 2c]
Seat 2: Qassen (big blind) showed [Jc Ad] and won (120) with a pair of Jacks
Seat 3: Mahu2021 (button) (small blind) showed [7c 8c] and lost with high card Queen



PokerStars Hand #247916926285: Tournament #3692641748, $1.84+$0.16 USD Hold'em No Limit - Level III (20/40) - 2023/12/28 15:15:27 CET [2023/12/28 9:15:27 ET]
Table '3692641748 1' 3-max Seat #2 is the button
Seat 2: Qassen (120 in chips) 
Seat 3: Mahu2021 (1380 in chips) 
Qassen: posts small blind 20
Mahu2021: posts big blind 40
*** HOLE CARDS ***
Dealt to Mahu2021 [Kd 3h]
Qassen: raises 80 to 120 and is all-in
Mahu2021: calls 80
*** FLOP *** [Tc 2s Qh]
*** TURN *** [Tc 2s Qh] [5h]
*** RIVER *** [Tc 2s Qh 5h] [Qc]
*** SHOW DOWN ***
Mahu2021: shows [Kd 3h] (a pair of Queens)
Qassen: shows [Ad Js] (a pair of Queens - Ace kicker)
Qassen collected 240 from pot
*** SUMMARY ***
Total pot 240 | Rake 0 
Board [Tc 2s Qh 5h Qc]
Seat 2: Qassen (button) (small blind) showed [Ad Js] and won (240) with a pair of Queens
Seat 3: Mahu2021 (big blind) showed [Kd 3h] and lost with a pair of Queens



PokerStars Hand #247916928947: Tournament #3692641748, $1.84+$0.16 USD Hold'em No Limit - Level III (20/40) - 2023/12/28 15:15:38 CET [2023/12/28 9:15:38 ET]
Table '3692641748 1' 3-max Seat #3 is the button
Seat 2: Qassen (240 in chips) 
Seat 3: Mahu2021 (1260 in chips) 
Mahu2021: posts small blind 20
Qassen: posts big blind 40
*** HOLE CARDS ***
Dealt to Mahu2021 [2c 8s]
Mahu2021: folds 
Uncalled bet (20) returned to Qassen
Qassen collected 40 from pot
Qassen: doesn't show hand 
*** SUMMARY ***
Total pot 40 | Rake 0 
Seat 2: Qassen (big blind) collected (40)
Seat 3: Mahu2021 (button) (small blind) folded before Flop



PokerStars Hand #247916929933: Tournament #3692641748, $1.84+$0.16 USD Hold'em No Limit - Level III (20/40) - 2023/12/28 15:15:42 CET [2023/12/28 9:15:42 ET]
Table '3692641748 1' 3-max Seat #2 is the button
Seat 2: Qassen (260 in chips) 
Seat 3: Mahu2021 (1240 in chips) 
Qassen: posts small blind 20
Mahu2021: posts big blind 40
*** HOLE CARDS ***
Dealt to Mahu2021 [3h 9d]
Qassen: raises 220 to 260 and is all-in
Mahu2021: folds 
Uncalled bet (220) returned to Qassen
Qassen collected 80 from pot
Qassen: doesn't show hand 
*** SUMMARY ***
Total pot 80 | Rake 0 
Seat 2: Qassen (button) (small blind) collected (80)
Seat 3: Mahu2021 (big blind) folded before Flop



PokerStars Hand #247916931055: Tournament #3692641748, $1.84+$0.16 USD Hold'em No Limit - Level III (20/40) - 2023/12/28 15:15:47 CET [2023/12/28 9:15:47 ET]
Table '3692641748 1' 3-max Seat #3 is the button
Seat 2: Qassen (300 in chips) 
Seat 3: Mahu2021 (1200 in chips) 
Mahu2021: posts small blind 20
Qassen: posts big blind 40
*** HOLE CARDS ***
Dealt to Mahu2021 [9s Qd]
Mahu2021: calls 20
Qassen: checks 
*** FLOP *** [6h Th 4d]
Qassen: checks 
Mahu2021: checks 
*** TURN *** [6h Th 4d] [2h]
Qassen: checks 
Mahu2021: bets 40
Qassen: calls 40
*** RIVER *** [6h Th 4d 2h] [7c]
Qassen: checks 
Mahu2021: bets 160
Qassen: folds 
Uncalled bet (160) returned to Mahu2021
Mahu2021 collected 160 from pot
Mahu2021: doesn't show hand 
*** SUMMARY ***
Total pot 160 | Rake 0 
Board [6h Th 4d 2h 7c]
Seat 2: Qassen (big blind) folded on the River
Seat 3: Mahu2021 (button) (small blind) collected (160)



PokerStars Hand #247916937703: Tournament #3692641748, $1.84+$0.16 USD Hold'em No Limit - Level III (20/40) - 2023/12/28 15:16:15 CET [2023/12/28 9:16:15 ET]
Table '3692641748 1' 3-max Seat #2 is the button
Seat 2: Qassen (220 in chips) 
Seat 3: Mahu2021 (1280 in chips) 
Qassen: posts small blind 20
Mahu2021: posts big blind 40
*** HOLE CARDS ***
Dealt to Mahu2021 [Qs 3h]
Qassen: raises 180 to 220 and is all-in
Mahu2021: folds 
Uncalled bet (180) returned to Qassen
Qassen collected 80 from pot
Qassen: doesn't show hand 
*** SUMMARY ***
Total pot 80 | Rake 0 
Seat 2: Qassen (button) (small blind) collected (80)
Seat 3: Mahu2021 (big blind) folded before Flop



PokerStars Hand #247916938878: Tournament #3692641748, $1.84+$0.16 USD Hold'em No Limit - Level III (20/40) - 2023/12/28 15:16:20 CET [2023/12/28 9:16:20 ET]
Table '3692641748 1' 3-max Seat #3 is the button
Seat 2: Qassen (260 in chips) 
Seat 3: Mahu2021 (1240 in chips) 
Mahu2021: posts small blind 20
Qassen: posts big blind 40
*** HOLE CARDS ***
Dealt to Mahu2021 [3h Jh]
Mahu2021: calls 20
Qassen: raises 220 to 260 and is all-in
Mahu2021: folds 
Uncalled bet (220) returned to Qassen
Qassen collected 80 from pot
Qassen: doesn't show hand 
*** SUMMARY ***
Total pot 80 | Rake 0 
Seat 2: Qassen (big blind) collected (80)
Seat 3: Mahu2021 (button) (small blind) folded before Flop



PokerStars Hand #247916941070: Tournament #3692641748, $1.84+$0.16 USD Hold'em No Limit - Level III (20/40) - 2023/12/28 15:16:30 CET [2023/12/28 9:16:30 ET]
Table '3692641748 1' 3-max Seat #2 is the button
Seat 2: Qassen (300 in chips) 
Seat 3: Mahu2021 (1200 in chips) 
Qassen: posts small blind 20
Mahu2021: posts big blind 40
*** HOLE CARDS ***
Dealt to Mahu2021 [4s Ah]
Qassen: raises 260 to 300 and is all-in
Mahu2021: folds 
Uncalled bet (260) returned to Qassen
Qassen collected 80 from pot
Qassen: doesn't show hand 
*** SUMMARY ***
Total pot 80 | Rake 0 
Seat 2: Qassen (button) (small blind) collected (80)
Seat 3: Mahu2021 (big blind) folded before Flop



PokerStars Hand #247916943898: Tournament #3692641748, $1.84+$0.16 USD Hold'em No Limit - Level III (20/40) - 2023/12/28 15:16:41 CET [2023/12/28 9:16:41 ET]
Table '3692641748 1' 3-max Seat #3 is the button
Seat 2: Qassen (340 in chips) 
Seat 3: Mahu2021 (1160 in chips) 
Mahu2021: posts small blind 20
Qassen: posts big blind 40
*** HOLE CARDS ***
Dealt to Mahu2021 [Jh 8d]
Mahu2021: calls 20
Qassen: checks 
*** FLOP *** [5d 5s 6h]
Qassen: checks 
Mahu2021: checks 
*** TURN *** [5d 5s 6h] [4h]
Qassen: checks 
Mahu2021: checks 
*** RIVER *** [5d 5s 6h 4h] [Qs]
Qassen: checks 
Mahu2021: checks 
*** SHOW DOWN ***
Qassen: shows [Td 4d] (two pair, Fives and Fours)
Mahu2021: mucks hand 
Qassen collected 80 from pot
*** SUMMARY ***
Total pot 80 | Rake 0 
Board [5d 5s 6h 4h Qs]
Seat 2: Qassen (big blind) showed [Td 4d] and won (80) with two pair, Fives and Fours
Seat 3: Mahu2021 (button) (small blind) mucked [Jh 8d]



PokerStars Hand #247916948346: Tournament #3692641748, $1.84+$0.16 USD Hold'em No Limit - Level IV (30/60) - 2023/12/28 15:17:00 CET [2023/12/28 9:17:00 ET]
Table '3692641748 1' 3-max Seat #2 is the button
Seat 2: Qassen (380 in chips) 
Seat 3: Mahu2021 (1120 in chips) 
Qassen: posts small blind 30
Mahu2021: posts big blind 60
*** HOLE CARDS ***
Dealt to Mahu2021 [4h Jc]
Qassen: raises 320 to 380 and is all-in
Mahu2021: folds 
Uncalled bet (320) returned to Qassen
Qassen collected 120 from pot
Qassen: doesn't show hand 
*** SUMMARY ***
Total pot 120 | Rake 0 
Seat 2: Qassen (button) (small blind) collected (120)
Seat 3: Mahu2021 (big blind) folded before Flop



PokerStars Hand #247916949967: Tournament #3692641748, $1.84+$0.16 USD Hold'em No Limit - Level IV (30/60) - 2023/12/28 15:17:07 CET [2023/12/28 9:17:07 ET]
Table '3692641748 1' 3-max Seat #3 is the button
Seat 2: Qassen (440 in chips) 
Seat 3: Mahu2021 (1060 in chips) 
Mahu2021: posts small blind 30
Qassen: posts big blind 60
*** HOLE CARDS ***
Dealt to Mahu2021 [Kc 2h]
Mahu2021: calls 30
Qassen: raises 380 to 440 and is all-in
Mahu2021: folds 
Uncalled bet (380) returned to Qassen
Qassen collected 120 from pot
Qassen: doesn't show hand 
*** SUMMARY ***
Total pot 120 | Rake 0 
Seat 2: Qassen (big blind) collected (120)
Seat 3: Mahu2021 (button) (small blind) folded before Flop



PokerStars Hand #247916953992: Tournament #3692641748, $1.84+$0.16 USD Hold'em No Limit - Level IV (30/60) - 2023/12/28 15:17:23 CET [2023/12/28 9:17:23 ET]
Table '3692641748 1' 3-max Seat #2 is the button
Seat 2: Qassen (500 in chips) 
Seat 3: Mahu2021 (1000 in chips) 
Qassen: posts small blind 30
Mahu2021: posts big blind 60
*** HOLE CARDS ***
Dealt to Mahu2021 [4d Ts]
Qassen: raises 440 to 500 and is all-in
Mahu2021: folds 
Uncalled bet (440) returned to Qassen
Qassen collected 120 from pot
Qassen: doesn't show hand 
*** SUMMARY ***
Total pot 120 | Rake 0 
Seat 2: Qassen (button) (small blind) collected (120)
Seat 3: Mahu2021 (big blind) folded before Flop



PokerStars Hand #247916955101: Tournament #3692641748, $1.84+$0.16 USD Hold'em No Limit - Level IV (30/60) - 2023/12/28 15:17:28 CET [2023/12/28 9:17:28 ET]
Table '3692641748 1' 3-max Seat #3 is the button
Seat 2: Qassen (560 in chips) 
Seat 3: Mahu2021 (940 in chips) 
Mahu2021: posts small blind 30
Qassen: posts big blind 60
*** HOLE CARDS ***
Dealt to Mahu2021 [Qh Ac]
Mahu2021: calls 30
Qassen: raises 500 to 560 and is all-in
Mahu2021: calls 500
*** FLOP *** [Tc Ad Ts]
*** TURN *** [Tc Ad Ts] [3d]
*** RIVER *** [Tc Ad Ts 3d] [7d]
*** SHOW DOWN ***
Qassen: shows [2h 2c] (two pair, Tens and Deuces)
Mahu2021: shows [Qh Ac] (two pair, Aces and Tens)
Mahu2021 collected 1120 from pot
Qassen finished the tournament in 2nd place
Mahu2021 wins the tournament and receives $6.00 - congratulations!
*** SUMMARY ***
Total pot 1120 | Rake 0 
Board [Tc Ad Ts 3d 7d]
Seat 2: Qassen (big blind) showed [2h 2c] and lost with two pair, Tens and Deuces
Seat 3: Mahu2021 (button) (small blind) showed [Qh Ac] and won (1120) with two pair, Aces and Tens



