PokerStars Hand #245735574372: Tournament #3639601104, $0.92+$0.08 USD Hold'em No Limit - Level I (10/20) - 2023/09/02 21:42:41 CET [2023/09/02 15:42:41 ET]
Table '3639601104 1' 3-max Seat #1 is the button
Seat 1: theGreatSlaam (500 in chips) 
Seat 2: KDragon 2512 (500 in chips) 
Seat 3: Mahu2021 (500 in chips) 
KDragon 2512: posts small blind 10
Mahu2021: posts big blind 20
*** HOLE CARDS ***
Dealt to Mahu2021 [6c 4h]
theGreatSlaam: folds 
KDragon 2512: raises 60 to 80
Mahu2021: folds 
Uncalled bet (60) returned to KDragon 2512
KDragon 2512 collected 40 from pot
KDragon 2512: doesn't show hand 
*** SUMMARY ***
Total pot 40 | Rake 0 
Seat 1: theGreatSlaam (button) folded before Flop (didn't bet)
Seat 2: KDragon 2512 (small blind) collected (40)
Seat 3: Mahu2021 (big blind) folded before Flop



PokerStars Hand #245735578695: Tournament #3639601104, $0.92+$0.08 USD Hold'em No Limit - Level I (10/20) - 2023/09/02 21:42:54 CET [2023/09/02 15:42:54 ET]
Table '3639601104 1' 3-max Seat #2 is the button
Seat 1: theGreatSlaam (500 in chips) 
Seat 2: KDragon 2512 (520 in chips) 
Seat 3: Mahu2021 (480 in chips) 
Mahu2021: posts small blind 10
theGreatSlaam: posts big blind 20
*** HOLE CARDS ***
Dealt to Mahu2021 [Jc 8h]
KDragon 2512: calls 20
Mahu2021: calls 10
theGreatSlaam: checks 
*** FLOP *** [7c Ad Jh]
Mahu2021: checks 
theGreatSlaam: checks 
KDragon 2512: bets 60
Mahu2021: folds 
theGreatSlaam: folds 
Uncalled bet (60) returned to KDragon 2512
KDragon 2512 collected 60 from pot
KDragon 2512: doesn't show hand 
*** SUMMARY ***
Total pot 60 | Rake 0 
Board [7c Ad Jh]
Seat 1: theGreatSlaam (big blind) folded on the Flop
Seat 2: KDragon 2512 (button) collected (60)
Seat 3: Mahu2021 (small blind) folded on the Flop



PokerStars Hand #245735587289: Tournament #3639601104, $0.92+$0.08 USD Hold'em No Limit - Level I (10/20) - 2023/09/02 21:43:20 CET [2023/09/02 15:43:20 ET]
Table '3639601104 1' 3-max Seat #3 is the button
Seat 1: theGreatSlaam (480 in chips) 
Seat 2: KDragon 2512 (560 in chips) 
Seat 3: Mahu2021 (460 in chips) 
theGreatSlaam: posts small blind 10
KDragon 2512: posts big blind 20
*** HOLE CARDS ***
Dealt to Mahu2021 [7s 8s]
Mahu2021: calls 20
theGreatSlaam: raises 460 to 480 and is all-in
KDragon 2512: folds 
Mahu2021: folds 
Uncalled bet (460) returned to theGreatSlaam
theGreatSlaam collected 60 from pot
theGreatSlaam: doesn't show hand 
*** SUMMARY ***
Total pot 60 | Rake 0 
Seat 1: theGreatSlaam (small blind) collected (60)
Seat 2: KDragon 2512 (big blind) folded before Flop
Seat 3: Mahu2021 (button) folded before Flop



PokerStars Hand #245735590605: Tournament #3639601104, $0.92+$0.08 USD Hold'em No Limit - Level I (10/20) - 2023/09/02 21:43:30 CET [2023/09/02 15:43:30 ET]
Table '3639601104 1' 3-max Seat #1 is the button
Seat 1: theGreatSlaam (520 in chips) 
Seat 2: KDragon 2512 (540 in chips) 
Seat 3: Mahu2021 (440 in chips) 
KDragon 2512: posts small blind 10
Mahu2021: posts big blind 20
*** HOLE CARDS ***
Dealt to Mahu2021 [2c 3h]
theGreatSlaam: folds 
KDragon 2512: raises 60 to 80
Mahu2021: folds 
Uncalled bet (60) returned to KDragon 2512
KDragon 2512 collected 40 from pot
KDragon 2512: doesn't show hand 
*** SUMMARY ***
Total pot 40 | Rake 0 
Seat 1: theGreatSlaam (button) folded before Flop (didn't bet)
Seat 2: KDragon 2512 (small blind) collected (40)
Seat 3: Mahu2021 (big blind) folded before Flop



PokerStars Hand #245735594565: Tournament #3639601104, $0.92+$0.08 USD Hold'em No Limit - Level I (10/20) - 2023/09/02 21:43:42 CET [2023/09/02 15:43:42 ET]
Table '3639601104 1' 3-max Seat #2 is the button
Seat 1: theGreatSlaam (520 in chips) 
Seat 2: KDragon 2512 (560 in chips) 
Seat 3: Mahu2021 (420 in chips) 
Mahu2021: posts small blind 10
theGreatSlaam: posts big blind 20
*** HOLE CARDS ***
Dealt to Mahu2021 [7s 9h]
KDragon 2512: calls 20
Mahu2021: folds 
theGreatSlaam: checks 
*** FLOP *** [Ts 2s 7d]
theGreatSlaam: checks 
KDragon 2512: checks 
*** TURN *** [Ts 2s 7d] [4c]
theGreatSlaam: checks 
KDragon 2512: checks 
*** RIVER *** [Ts 2s 7d 4c] [Ks]
theGreatSlaam: checks 
KDragon 2512: checks 
*** SHOW DOWN ***
theGreatSlaam: shows [5c 3d] (high card King)
KDragon 2512: shows [3c 6s] (high card King - Ten+Seven+Six kicker)
KDragon 2512 collected 50 from pot
*** SUMMARY ***
Total pot 50 | Rake 0 
Board [Ts 2s 7d 4c Ks]
Seat 1: theGreatSlaam (big blind) showed [5c 3d] and lost with high card King
Seat 2: KDragon 2512 (button) showed [3c 6s] and won (50) with high card King
Seat 3: Mahu2021 (small blind) folded before Flop



PokerStars Hand #245735601109: Tournament #3639601104, $0.92+$0.08 USD Hold'em No Limit - Level I (10/20) - 2023/09/02 21:44:02 CET [2023/09/02 15:44:02 ET]
Table '3639601104 1' 3-max Seat #3 is the button
Seat 1: theGreatSlaam (500 in chips) 
Seat 2: KDragon 2512 (590 in chips) 
Seat 3: Mahu2021 (410 in chips) 
theGreatSlaam: posts small blind 10
KDragon 2512: posts big blind 20
*** HOLE CARDS ***
Dealt to Mahu2021 [6h Ac]
Mahu2021: calls 20
theGreatSlaam: calls 10
KDragon 2512: checks 
*** FLOP *** [9s 3d Th]
theGreatSlaam: checks 
KDragon 2512: checks 
Mahu2021: checks 
*** TURN *** [9s 3d Th] [Qs]
theGreatSlaam: checks 
KDragon 2512: checks 
Mahu2021: bets 20
theGreatSlaam: folds 
KDragon 2512: folds 
Uncalled bet (20) returned to Mahu2021
Mahu2021 collected 60 from pot
Mahu2021: doesn't show hand 
*** SUMMARY ***
Total pot 60 | Rake 0 
Board [9s 3d Th Qs]
Seat 1: theGreatSlaam (small blind) folded on the Turn
Seat 2: KDragon 2512 (big blind) folded on the Turn
Seat 3: Mahu2021 (button) collected (60)



PokerStars Hand #245735610672: Tournament #3639601104, $0.92+$0.08 USD Hold'em No Limit - Level I (10/20) - 2023/09/02 21:44:32 CET [2023/09/02 15:44:32 ET]
Table '3639601104 1' 3-max Seat #1 is the button
Seat 1: theGreatSlaam (480 in chips) 
Seat 2: KDragon 2512 (570 in chips) 
Seat 3: Mahu2021 (450 in chips) 
KDragon 2512: posts small blind 10
Mahu2021: posts big blind 20
*** HOLE CARDS ***
Dealt to Mahu2021 [Ad 8d]
theGreatSlaam: folds 
KDragon 2512: calls 10
Mahu2021: checks 
*** FLOP *** [5d 7s 3h]
KDragon 2512: checks 
Mahu2021: checks 
*** TURN *** [5d 7s 3h] [3c]
KDragon 2512: checks 
Mahu2021: checks 
*** RIVER *** [5d 7s 3h 3c] [Ac]
KDragon 2512: checks 
Mahu2021: bets 40
KDragon 2512: raises 120 to 160
Mahu2021: calls 120
*** SHOW DOWN ***
KDragon 2512: shows [2s 4h] (a straight, Ace to Five)
Mahu2021: mucks hand 
KDragon 2512 collected 360 from pot
*** SUMMARY ***
Total pot 360 | Rake 0 
Board [5d 7s 3h 3c Ac]
Seat 1: theGreatSlaam (button) folded before Flop (didn't bet)
Seat 2: KDragon 2512 (small blind) showed [2s 4h] and won (360) with a straight, Ace to Five
Seat 3: Mahu2021 (big blind) mucked [Ad 8d]



PokerStars Hand #245735618376: Tournament #3639601104, $0.92+$0.08 USD Hold'em No Limit - Level I (10/20) - 2023/09/02 21:44:55 CET [2023/09/02 15:44:55 ET]
Table '3639601104 1' 3-max Seat #2 is the button
Seat 1: theGreatSlaam (480 in chips) 
Seat 2: KDragon 2512 (750 in chips) 
Seat 3: Mahu2021 (270 in chips) 
Mahu2021: posts small blind 10
theGreatSlaam: posts big blind 20
*** HOLE CARDS ***
Dealt to Mahu2021 [As 3d]
KDragon 2512: calls 20
Mahu2021: calls 10
theGreatSlaam: raises 460 to 480 and is all-in
KDragon 2512: folds 
Mahu2021: folds 
Uncalled bet (460) returned to theGreatSlaam
theGreatSlaam collected 60 from pot
theGreatSlaam: doesn't show hand 
*** SUMMARY ***
Total pot 60 | Rake 0 
Seat 1: theGreatSlaam (big blind) collected (60)
Seat 2: KDragon 2512 (button) folded before Flop
Seat 3: Mahu2021 (small blind) folded before Flop



PokerStars Hand #245735623146: Tournament #3639601104, $0.92+$0.08 USD Hold'em No Limit - Level I (10/20) - 2023/09/02 21:45:09 CET [2023/09/02 15:45:09 ET]
Table '3639601104 1' 3-max Seat #3 is the button
Seat 1: theGreatSlaam (520 in chips) 
Seat 2: KDragon 2512 (730 in chips) 
Seat 3: Mahu2021 (250 in chips) 
theGreatSlaam: posts small blind 10
KDragon 2512: posts big blind 20
*** HOLE CARDS ***
Dealt to Mahu2021 [Js 5s]
Mahu2021: calls 20
theGreatSlaam: folds 
KDragon 2512: checks 
*** FLOP *** [2s 6s 3c]
KDragon 2512: checks 
Mahu2021: bets 50
KDragon 2512: folds 
Uncalled bet (50) returned to Mahu2021
Mahu2021 collected 50 from pot
Mahu2021: doesn't show hand 
*** SUMMARY ***
Total pot 50 | Rake 0 
Board [2s 6s 3c]
Seat 1: theGreatSlaam (small blind) folded before Flop
Seat 2: KDragon 2512 (big blind) folded on the Flop
Seat 3: Mahu2021 (button) collected (50)



PokerStars Hand #245735630821: Tournament #3639601104, $0.92+$0.08 USD Hold'em No Limit - Level I (10/20) - 2023/09/02 21:45:33 CET [2023/09/02 15:45:33 ET]
Table '3639601104 1' 3-max Seat #1 is the button
Seat 1: theGreatSlaam (510 in chips) 
Seat 2: KDragon 2512 (710 in chips) 
Seat 3: Mahu2021 (280 in chips) 
KDragon 2512: posts small blind 10
Mahu2021: posts big blind 20
*** HOLE CARDS ***
Dealt to Mahu2021 [Jd 7s]
theGreatSlaam: calls 20
KDragon 2512: raises 100 to 120
Mahu2021: folds 
theGreatSlaam: calls 100
*** FLOP *** [Ks Qc Qd]
KDragon 2512: bets 590 and is all-in
theGreatSlaam: folds 
Uncalled bet (590) returned to KDragon 2512
KDragon 2512 collected 260 from pot
KDragon 2512: doesn't show hand 
*** SUMMARY ***
Total pot 260 | Rake 0 
Board [Ks Qc Qd]
Seat 1: theGreatSlaam (button) folded on the Flop
Seat 2: KDragon 2512 (small blind) collected (260)
Seat 3: Mahu2021 (big blind) folded before Flop



PokerStars Hand #245735640576: Tournament #3639601104, $0.92+$0.08 USD Hold'em No Limit - Level II (15/30) - 2023/09/02 21:46:02 CET [2023/09/02 15:46:02 ET]
Table '3639601104 1' 3-max Seat #2 is the button
Seat 1: theGreatSlaam (390 in chips) 
Seat 2: KDragon 2512 (850 in chips) 
Seat 3: Mahu2021 (260 in chips) 
Mahu2021: posts small blind 15
theGreatSlaam: posts big blind 30
*** HOLE CARDS ***
Dealt to Mahu2021 [Tc Ks]
KDragon 2512: calls 30
Mahu2021: calls 15
theGreatSlaam: checks 
*** FLOP *** [7h Qc 7d]
Mahu2021: checks 
theGreatSlaam: checks 
KDragon 2512: checks 
*** TURN *** [7h Qc 7d] [3h]
Mahu2021: checks 
theGreatSlaam: checks 
KDragon 2512: checks 
*** RIVER *** [7h Qc 7d 3h] [4s]
Mahu2021: checks 
theGreatSlaam: checks 
KDragon 2512: checks 
*** SHOW DOWN ***
Mahu2021: shows [Tc Ks] (a pair of Sevens)
theGreatSlaam: mucks hand 
KDragon 2512: mucks hand 
Mahu2021 collected 90 from pot
*** SUMMARY ***
Total pot 90 | Rake 0 
Board [7h Qc 7d 3h 4s]
Seat 1: theGreatSlaam (big blind) mucked [5c Ts]
Seat 2: KDragon 2512 (button) mucked [6d 8s]
Seat 3: Mahu2021 (small blind) showed [Tc Ks] and won (90) with a pair of Sevens



PokerStars Hand #245735651592: Tournament #3639601104, $0.92+$0.08 USD Hold'em No Limit - Level II (15/30) - 2023/09/02 21:46:36 CET [2023/09/02 15:46:36 ET]
Table '3639601104 1' 3-max Seat #3 is the button
Seat 1: theGreatSlaam (360 in chips) 
Seat 2: KDragon 2512 (820 in chips) 
Seat 3: Mahu2021 (320 in chips) 
theGreatSlaam: posts small blind 15
KDragon 2512: posts big blind 30
*** HOLE CARDS ***
Dealt to Mahu2021 [9c 4s]
Mahu2021: folds 
theGreatSlaam: raises 330 to 360 and is all-in
KDragon 2512: folds 
Uncalled bet (330) returned to theGreatSlaam
theGreatSlaam collected 60 from pot
theGreatSlaam: doesn't show hand 
*** SUMMARY ***
Total pot 60 | Rake 0 
Seat 1: theGreatSlaam (small blind) collected (60)
Seat 2: KDragon 2512 (big blind) folded before Flop
Seat 3: Mahu2021 (button) folded before Flop (didn't bet)



PokerStars Hand #245735655732: Tournament #3639601104, $0.92+$0.08 USD Hold'em No Limit - Level II (15/30) - 2023/09/02 21:46:48 CET [2023/09/02 15:46:48 ET]
Table '3639601104 1' 3-max Seat #1 is the button
Seat 1: theGreatSlaam (390 in chips) 
Seat 2: KDragon 2512 (790 in chips) 
Seat 3: Mahu2021 (320 in chips) 
KDragon 2512: posts small blind 15
Mahu2021: posts big blind 30
*** HOLE CARDS ***
Dealt to Mahu2021 [4s Tc]
theGreatSlaam: folds 
KDragon 2512: raises 60 to 90
Mahu2021: folds 
Uncalled bet (60) returned to KDragon 2512
KDragon 2512 collected 60 from pot
KDragon 2512: doesn't show hand 
*** SUMMARY ***
Total pot 60 | Rake 0 
Seat 1: theGreatSlaam (button) folded before Flop (didn't bet)
Seat 2: KDragon 2512 (small blind) collected (60)
Seat 3: Mahu2021 (big blind) folded before Flop



PokerStars Hand #245735659865: Tournament #3639601104, $0.92+$0.08 USD Hold'em No Limit - Level II (15/30) - 2023/09/02 21:47:01 CET [2023/09/02 15:47:01 ET]
Table '3639601104 1' 3-max Seat #2 is the button
Seat 1: theGreatSlaam (390 in chips) 
Seat 2: KDragon 2512 (820 in chips) 
Seat 3: Mahu2021 (290 in chips) 
Mahu2021: posts small blind 15
theGreatSlaam: posts big blind 30
*** HOLE CARDS ***
Dealt to Mahu2021 [Ad 6s]
KDragon 2512: calls 30
Mahu2021: calls 15
theGreatSlaam: checks 
*** FLOP *** [Kc 6h 5h]
Mahu2021: checks 
theGreatSlaam: checks 
KDragon 2512: checks 
*** TURN *** [Kc 6h 5h] [Ks]
Mahu2021: bets 60
theGreatSlaam: raises 300 to 360 and is all-in
KDragon 2512: folds 
Mahu2021: calls 200 and is all-in
Uncalled bet (100) returned to theGreatSlaam
*** RIVER *** [Kc 6h 5h Ks] [3h]
*** SHOW DOWN ***
Mahu2021: shows [Ad 6s] (two pair, Kings and Sixes)
theGreatSlaam: shows [6d Ts] (two pair, Kings and Sixes - lower kicker)
Mahu2021 collected 610 from pot
*** SUMMARY ***
Total pot 610 | Rake 0 
Board [Kc 6h 5h Ks 3h]
Seat 1: theGreatSlaam (big blind) showed [6d Ts] and lost with two pair, Kings and Sixes
Seat 2: KDragon 2512 (button) folded on the Turn
Seat 3: Mahu2021 (small blind) showed [Ad 6s] and won (610) with two pair, Kings and Sixes



PokerStars Hand #245735669690: Tournament #3639601104, $0.92+$0.08 USD Hold'em No Limit - Level II (15/30) - 2023/09/02 21:47:30 CET [2023/09/02 15:47:30 ET]
Table '3639601104 1' 3-max Seat #3 is the button
Seat 1: theGreatSlaam (100 in chips) 
Seat 2: KDragon 2512 (790 in chips) 
Seat 3: Mahu2021 (610 in chips) 
theGreatSlaam: posts small blind 15
KDragon 2512: posts big blind 30
*** HOLE CARDS ***
Dealt to Mahu2021 [9s 8d]
Mahu2021: folds 
theGreatSlaam: folds 
Uncalled bet (15) returned to KDragon 2512
KDragon 2512 collected 30 from pot
KDragon 2512: doesn't show hand 
*** SUMMARY ***
Total pot 30 | Rake 0 
Seat 1: theGreatSlaam (small blind) folded before Flop
Seat 2: KDragon 2512 (big blind) collected (30)
Seat 3: Mahu2021 (button) folded before Flop (didn't bet)



PokerStars Hand #245735671760: Tournament #3639601104, $0.92+$0.08 USD Hold'em No Limit - Level II (15/30) - 2023/09/02 21:47:36 CET [2023/09/02 15:47:36 ET]
Table '3639601104 1' 3-max Seat #1 is the button
Seat 1: theGreatSlaam (85 in chips) 
Seat 2: KDragon 2512 (805 in chips) 
Seat 3: Mahu2021 (610 in chips) 
KDragon 2512: posts small blind 15
Mahu2021: posts big blind 30
*** HOLE CARDS ***
Dealt to Mahu2021 [2s 2d]
theGreatSlaam: raises 55 to 85 and is all-in
KDragon 2512: raises 720 to 805 and is all-in
Mahu2021: folds 
Uncalled bet (720) returned to KDragon 2512
*** FLOP *** [5s 8h Js]
*** TURN *** [5s 8h Js] [9d]
*** RIVER *** [5s 8h Js 9d] [2h]
*** SHOW DOWN ***
KDragon 2512: shows [8d 8c] (three of a kind, Eights)
theGreatSlaam: shows [Jd 4d] (a pair of Jacks)
KDragon 2512 collected 200 from pot
theGreatSlaam finished the tournament in 3rd place
*** SUMMARY ***
Total pot 200 | Rake 0 
Board [5s 8h Js 9d 2h]
Seat 1: theGreatSlaam (button) showed [Jd 4d] and lost with a pair of Jacks
Seat 2: KDragon 2512 (small blind) showed [8d 8c] and won (200) with three of a kind, Eights
Seat 3: Mahu2021 (big blind) folded before Flop



PokerStars Hand #245735680127: Tournament #3639601104, $0.92+$0.08 USD Hold'em No Limit - Level II (15/30) - 2023/09/02 21:48:02 CET [2023/09/02 15:48:02 ET]
Table '3639601104 1' 3-max Seat #3 is the button
Seat 2: KDragon 2512 (920 in chips) 
Seat 3: Mahu2021 (580 in chips) 
Mahu2021: posts small blind 15
KDragon 2512: posts big blind 30
*** HOLE CARDS ***
Dealt to Mahu2021 [4s 4d]
Mahu2021: calls 15
KDragon 2512: raises 60 to 90
Mahu2021: calls 60
*** FLOP *** [Js Ac 2s]
KDragon 2512: checks 
Mahu2021: checks 
*** TURN *** [Js Ac 2s] [Ah]
KDragon 2512: checks 
Mahu2021: checks 
*** RIVER *** [Js Ac 2s Ah] [Kh]
KDragon 2512: checks 
Mahu2021: checks 
*** SHOW DOWN ***
KDragon 2512: shows [Kc 9h] (two pair, Aces and Kings)
Mahu2021: mucks hand 
KDragon 2512 collected 180 from pot
*** SUMMARY ***
Total pot 180 | Rake 0 
Board [Js Ac 2s Ah Kh]
Seat 2: KDragon 2512 (big blind) showed [Kc 9h] and won (180) with two pair, Aces and Kings
Seat 3: Mahu2021 (button) (small blind) mucked [4s 4d]



PokerStars Hand #245735691230: Tournament #3639601104, $0.92+$0.08 USD Hold'em No Limit - Level II (15/30) - 2023/09/02 21:48:35 CET [2023/09/02 15:48:35 ET]
Table '3639601104 1' 3-max Seat #2 is the button
Seat 2: KDragon 2512 (1010 in chips) 
Seat 3: Mahu2021 (490 in chips) 
KDragon 2512: posts small blind 15
Mahu2021: posts big blind 30
*** HOLE CARDS ***
Dealt to Mahu2021 [9h 9c]
KDragon 2512: calls 15
Mahu2021: raises 460 to 490 and is all-in
KDragon 2512: calls 460
*** FLOP *** [Jh Ah Qh]
*** TURN *** [Jh Ah Qh] [7d]
*** RIVER *** [Jh Ah Qh 7d] [4s]
*** SHOW DOWN ***
Mahu2021: shows [9h 9c] (a pair of Nines)
KDragon 2512: shows [5c 7s] (a pair of Sevens)
Mahu2021 collected 980 from pot
*** SUMMARY ***
Total pot 980 | Rake 0 
Board [Jh Ah Qh 7d 4s]
Seat 2: KDragon 2512 (button) (small blind) showed [5c 7s] and lost with a pair of Sevens
Seat 3: Mahu2021 (big blind) showed [9h 9c] and won (980) with a pair of Nines



PokerStars Hand #245735698340: Tournament #3639601104, $0.92+$0.08 USD Hold'em No Limit - Level III (20/40) - 2023/09/02 21:48:57 CET [2023/09/02 15:48:57 ET]
Table '3639601104 1' 3-max Seat #3 is the button
Seat 2: KDragon 2512 (520 in chips) 
Seat 3: Mahu2021 (980 in chips) 
Mahu2021: posts small blind 20
KDragon 2512: posts big blind 40
*** HOLE CARDS ***
Dealt to Mahu2021 [9s 4d]
Mahu2021: folds 
Uncalled bet (20) returned to KDragon 2512
KDragon 2512 collected 40 from pot
KDragon 2512: doesn't show hand 
*** SUMMARY ***
Total pot 40 | Rake 0 
Seat 2: KDragon 2512 (big blind) collected (40)
Seat 3: Mahu2021 (button) (small blind) folded before Flop



PokerStars Hand #245735699726: Tournament #3639601104, $0.92+$0.08 USD Hold'em No Limit - Level III (20/40) - 2023/09/02 21:49:01 CET [2023/09/02 15:49:01 ET]
Table '3639601104 1' 3-max Seat #2 is the button
Seat 2: KDragon 2512 (540 in chips) 
Seat 3: Mahu2021 (960 in chips) 
KDragon 2512: posts small blind 20
Mahu2021: posts big blind 40
*** HOLE CARDS ***
Dealt to Mahu2021 [5s 3d]
KDragon 2512: raises 500 to 540 and is all-in
Mahu2021: folds 
Uncalled bet (500) returned to KDragon 2512
KDragon 2512 collected 80 from pot
KDragon 2512: doesn't show hand 
*** SUMMARY ***
Total pot 80 | Rake 0 
Seat 2: KDragon 2512 (button) (small blind) collected (80)
Seat 3: Mahu2021 (big blind) folded before Flop



PokerStars Hand #245735702099: Tournament #3639601104, $0.92+$0.08 USD Hold'em No Limit - Level III (20/40) - 2023/09/02 21:49:08 CET [2023/09/02 15:49:08 ET]
Table '3639601104 1' 3-max Seat #3 is the button
Seat 2: KDragon 2512 (580 in chips) 
Seat 3: Mahu2021 (920 in chips) 
Mahu2021: posts small blind 20
KDragon 2512: posts big blind 40
*** HOLE CARDS ***
Dealt to Mahu2021 [4d As]
Mahu2021: calls 20
KDragon 2512: checks 
*** FLOP *** [8h 2s 5h]
KDragon 2512: bets 540 and is all-in
Mahu2021: folds 
Uncalled bet (540) returned to KDragon 2512
KDragon 2512 collected 80 from pot
KDragon 2512: doesn't show hand 
*** SUMMARY ***
Total pot 80 | Rake 0 
Board [8h 2s 5h]
Seat 2: KDragon 2512 (big blind) collected (80)
Seat 3: Mahu2021 (button) (small blind) folded on the Flop



PokerStars Hand #245735705698: Tournament #3639601104, $0.92+$0.08 USD Hold'em No Limit - Level III (20/40) - 2023/09/02 21:49:19 CET [2023/09/02 15:49:19 ET]
Table '3639601104 1' 3-max Seat #2 is the button
Seat 2: KDragon 2512 (620 in chips) 
Seat 3: Mahu2021 (880 in chips) 
KDragon 2512: posts small blind 20
Mahu2021: posts big blind 40
*** HOLE CARDS ***
Dealt to Mahu2021 [2s Kh]
KDragon 2512: folds 
Uncalled bet (20) returned to Mahu2021
Mahu2021 collected 40 from pot
Mahu2021: doesn't show hand 
*** SUMMARY ***
Total pot 40 | Rake 0 
Seat 2: KDragon 2512 (button) (small blind) folded before Flop
Seat 3: Mahu2021 (big blind) collected (40)



PokerStars Hand #245735707575: Tournament #3639601104, $0.92+$0.08 USD Hold'em No Limit - Level III (20/40) - 2023/09/02 21:49:25 CET [2023/09/02 15:49:25 ET]
Table '3639601104 1' 3-max Seat #3 is the button
Seat 2: KDragon 2512 (600 in chips) 
Seat 3: Mahu2021 (900 in chips) 
Mahu2021: posts small blind 20
KDragon 2512: posts big blind 40
*** HOLE CARDS ***
Dealt to Mahu2021 [Td Kh]
Mahu2021: raises 40 to 80
KDragon 2512: raises 520 to 600 and is all-in
Mahu2021: calls 520
*** FLOP *** [As 2s 8d]
*** TURN *** [As 2s 8d] [8s]
*** RIVER *** [As 2s 8d 8s] [Ac]
*** SHOW DOWN ***
KDragon 2512: shows [5c 8c] (a full house, Eights full of Aces)
Mahu2021: shows [Td Kh] (two pair, Aces and Eights)
KDragon 2512 collected 1200 from pot
*** SUMMARY ***
Total pot 1200 | Rake 0 
Board [As 2s 8d 8s Ac]
Seat 2: KDragon 2512 (big blind) showed [5c 8c] and won (1200) with a full house, Eights full of Aces
Seat 3: Mahu2021 (button) (small blind) showed [Td Kh] and lost with two pair, Aces and Eights



PokerStars Hand #245735712085: Tournament #3639601104, $0.92+$0.08 USD Hold'em No Limit - Level III (20/40) - 2023/09/02 21:49:39 CET [2023/09/02 15:49:39 ET]
Table '3639601104 1' 3-max Seat #2 is the button
Seat 2: KDragon 2512 (1200 in chips) 
Seat 3: Mahu2021 (300 in chips) 
KDragon 2512: posts small blind 20
Mahu2021: posts big blind 40
*** HOLE CARDS ***
Dealt to Mahu2021 [8d 6c]
KDragon 2512: calls 20
Mahu2021: checks 
*** FLOP *** [Qh 4d Jd]
Mahu2021: checks 
KDragon 2512: checks 
*** TURN *** [Qh 4d Jd] [4s]
Mahu2021: checks 
KDragon 2512: checks 
*** RIVER *** [Qh 4d Jd 4s] [Jh]
Mahu2021: checks 
KDragon 2512: bets 80
Mahu2021: folds 
Uncalled bet (80) returned to KDragon 2512
KDragon 2512 collected 80 from pot
KDragon 2512: doesn't show hand 
*** SUMMARY ***
Total pot 80 | Rake 0 
Board [Qh 4d Jd 4s Jh]
Seat 2: KDragon 2512 (button) (small blind) collected (80)
Seat 3: Mahu2021 (big blind) folded on the River



PokerStars Hand #245735718449: Tournament #3639601104, $0.92+$0.08 USD Hold'em No Limit - Level III (20/40) - 2023/09/02 21:49:58 CET [2023/09/02 15:49:58 ET]
Table '3639601104 1' 3-max Seat #3 is the button
Seat 2: KDragon 2512 (1240 in chips) 
Seat 3: Mahu2021 (260 in chips) 
Mahu2021: posts small blind 20
KDragon 2512: posts big blind 40
*** HOLE CARDS ***
Dealt to Mahu2021 [Ad 2h]
Mahu2021: raises 220 to 260 and is all-in
KDragon 2512: calls 220
*** FLOP *** [9c 8d 5d]
*** TURN *** [9c 8d 5d] [Jc]
*** RIVER *** [9c 8d 5d Jc] [Ac]
*** SHOW DOWN ***
KDragon 2512: shows [3c Tc] (a flush, Ace high)
Mahu2021: shows [Ad 2h] (a pair of Aces)
KDragon 2512 collected 520 from pot
Mahu2021 finished the tournament in 2nd place
KDragon 2512 wins the tournament and receives $3.00 - congratulations!
*** SUMMARY ***
Total pot 520 | Rake 0 
Board [9c 8d 5d Jc Ac]
Seat 2: KDragon 2512 (big blind) showed [3c Tc] and won (520) with a flush, Ace high
Seat 3: Mahu2021 (button) (small blind) showed [Ad 2h] and lost with a pair of Aces



