PokerStars Hand #248678596731: Tournament #3711049613, $1.84+$0.16 USD Hold'em No Limit - Level I (10/20) - 2024/02/04 12:53:58 CET [2024/02/04 6:53:58 ET]
Table '3711049613 1' 3-max Seat #1 is the button
Seat 1: Rafal277 (500 in chips) 
Seat 2: Nikos1989oia (500 in chips) 
Seat 3: Mahu2021 (500 in chips) 
Nikos1989oia: posts small blind 10
Mahu2021: posts big blind 20
*** HOLE CARDS ***
Dealt to Mahu2021 [5s Js]
Rafal277: calls 20
Nikos1989oia: raises 20 to 40
Mahu2021: calls 20
Rafal277: calls 20
*** FLOP *** [8h 6c 3c]
Nikos1989oia: bets 20
Mahu2021: folds 
Rafal277: calls 20
*** TURN *** [8h 6c 3c] [7h]
Nikos1989oia: bets 40
Rafal277: calls 40
*** RIVER *** [8h 6c 3c 7h] [Th]
Nikos1989oia: bets 40
Rafal277: calls 40
*** SHOW DOWN ***
Nikos1989oia: shows [6d Kc] (a pair of Sixes)
Rafal277: shows [7s 4h] (a pair of Sevens)
Rafal277 collected 320 from pot
*** SUMMARY ***
Total pot 320 | Rake 0 
Board [8h 6c 3c 7h Th]
Seat 1: Rafal277 (button) showed [7s 4h] and won (320) with a pair of Sevens
Seat 2: Nikos1989oia (small blind) showed [6d Kc] and lost with a pair of Sixes
Seat 3: Mahu2021 (big blind) folded on the Flop



PokerStars Hand #248678600361: Tournament #3711049613, $1.84+$0.16 USD Hold'em No Limit - Level I (10/20) - 2024/02/04 12:54:18 CET [2024/02/04 6:54:18 ET]
Table '3711049613 1' 3-max Seat #2 is the button
Seat 1: Rafal277 (680 in chips) 
Seat 2: Nikos1989oia (360 in chips) 
Seat 3: Mahu2021 (460 in chips) 
Mahu2021: posts small blind 10
Rafal277: posts big blind 20
*** HOLE CARDS ***
Dealt to Mahu2021 [7s 3c]
Nikos1989oia: raises 40 to 60
Mahu2021: folds 
Rafal277: calls 40
*** FLOP *** [9d Qs 6h]
Rafal277: bets 20
Nikos1989oia: raises 20 to 40
Rafal277: raises 20 to 60
Nikos1989oia: folds 
Uncalled bet (20) returned to Rafal277
Rafal277 collected 210 from pot
*** SUMMARY ***
Total pot 210 | Rake 0 
Board [9d Qs 6h]
Seat 1: Rafal277 (big blind) collected (210)
Seat 2: Nikos1989oia (button) folded on the Flop
Seat 3: Mahu2021 (small blind) folded before Flop



PokerStars Hand #248678603281: Tournament #3711049613, $1.84+$0.16 USD Hold'em No Limit - Level I (10/20) - 2024/02/04 12:54:34 CET [2024/02/04 6:54:34 ET]
Table '3711049613 1' 3-max Seat #3 is the button
Seat 1: Rafal277 (790 in chips) 
Seat 2: Nikos1989oia (260 in chips) 
Seat 3: Mahu2021 (450 in chips) 
Rafal277: posts small blind 10
Nikos1989oia: posts big blind 20
*** HOLE CARDS ***
Dealt to Mahu2021 [Jh Th]
Mahu2021: raises 20 to 40
Rafal277: calls 30
Nikos1989oia: calls 20
*** FLOP *** [7c Qc Tc]
Rafal277: bets 20
Nikos1989oia: raises 20 to 40
Mahu2021: folds 
Rafal277: calls 20
*** TURN *** [7c Qc Tc] [9c]
Rafal277: bets 40
Nikos1989oia: calls 40
*** RIVER *** [7c Qc Tc 9c] [Jd]
Rafal277: bets 100
Nikos1989oia: calls 100
*** SHOW DOWN ***
Rafal277: shows [7h Jc] (a flush, Queen high)
Nikos1989oia: mucks hand 
Rafal277 collected 480 from pot
*** SUMMARY ***
Total pot 480 | Rake 0 
Board [7c Qc Tc 9c Jd]
Seat 1: Rafal277 (small blind) showed [7h Jc] and won (480) with a flush, Queen high
Seat 2: Nikos1989oia (big blind) mucked [3c 6h]
Seat 3: Mahu2021 (button) folded on the Flop



PokerStars Hand #248678607544: Tournament #3711049613, $1.84+$0.16 USD Hold'em No Limit - Level I (10/20) - 2024/02/04 12:54:58 CET [2024/02/04 6:54:58 ET]
Table '3711049613 1' 3-max Seat #1 is the button
Seat 1: Rafal277 (1050 in chips) 
Seat 2: Nikos1989oia (40 in chips) 
Seat 3: Mahu2021 (410 in chips) 
Nikos1989oia: posts small blind 10
Mahu2021: posts big blind 20
*** HOLE CARDS ***
Dealt to Mahu2021 [2d Qs]
Rafal277: calls 20
Nikos1989oia: raises 20 to 40 and is all-in
Mahu2021: calls 20
Rafal277: calls 20
*** FLOP *** [Qc Kh Qh]
Mahu2021: bets 20
Rafal277: calls 20
*** TURN *** [Qc Kh Qh] [6d]
Mahu2021: bets 20
Rafal277: calls 20
*** RIVER *** [Qc Kh Qh 6d] [3c]
Mahu2021: bets 60
Rafal277: folds 
Uncalled bet (60) returned to Mahu2021
*** SHOW DOWN ***
Mahu2021: shows [2d Qs] (three of a kind, Queens)
Mahu2021 collected 80 from side pot
Nikos1989oia: shows [7h 3s] (two pair, Queens and Threes)
Mahu2021 collected 120 from main pot
Nikos1989oia finished the tournament in 3rd place
*** SUMMARY ***
Total pot 200 Main pot 120. Side pot 80. | Rake 0 
Board [Qc Kh Qh 6d 3c]
Seat 1: Rafal277 (button) folded on the River
Seat 2: Nikos1989oia (small blind) showed [7h 3s] and lost with two pair, Queens and Threes
Seat 3: Mahu2021 (big blind) showed [2d Qs] and won (200) with three of a kind, Queens



PokerStars Hand #248678611827: Tournament #3711049613, $1.84+$0.16 USD Hold'em No Limit - Level I (10/20) - 2024/02/04 12:55:25 CET [2024/02/04 6:55:25 ET]
Table '3711049613 1' 3-max Seat #3 is the button
Seat 1: Rafal277 (970 in chips) 
Seat 3: Mahu2021 (530 in chips) 
Mahu2021: posts small blind 10
Rafal277: posts big blind 20
*** HOLE CARDS ***
Dealt to Mahu2021 [9s 2d]
Mahu2021: folds 
Uncalled bet (10) returned to Rafal277
Rafal277 collected 20 from pot
*** SUMMARY ***
Total pot 20 | Rake 0 
Seat 1: Rafal277 (big blind) collected (20)
Seat 3: Mahu2021 (button) (small blind) folded before Flop



PokerStars Hand #248678612681: Tournament #3711049613, $1.84+$0.16 USD Hold'em No Limit - Level I (10/20) - 2024/02/04 12:55:31 CET [2024/02/04 6:55:31 ET]
Table '3711049613 1' 3-max Seat #1 is the button
Seat 1: Rafal277 (980 in chips) 
Seat 3: Mahu2021 (520 in chips) 
Rafal277: posts small blind 10
Mahu2021: posts big blind 20
*** HOLE CARDS ***
Dealt to Mahu2021 [Kh 2s]
Rafal277: calls 10
Mahu2021: checks 
*** FLOP *** [9d Ts 4c]
Mahu2021: checks 
Rafal277: bets 20
Mahu2021: folds 
Uncalled bet (20) returned to Rafal277
Rafal277 collected 40 from pot
*** SUMMARY ***
Total pot 40 | Rake 0 
Board [9d Ts 4c]
Seat 1: Rafal277 (button) (small blind) collected (40)
Seat 3: Mahu2021 (big blind) folded on the Flop



PokerStars Hand #248678613937: Tournament #3711049613, $1.84+$0.16 USD Hold'em No Limit - Level I (10/20) - 2024/02/04 12:55:40 CET [2024/02/04 6:55:40 ET]
Table '3711049613 1' 3-max Seat #3 is the button
Seat 1: Rafal277 (1000 in chips) 
Seat 3: Mahu2021 (500 in chips) 
Mahu2021: posts small blind 10
Rafal277: posts big blind 20
*** HOLE CARDS ***
Dealt to Mahu2021 [5s 3h]
Mahu2021: folds 
Uncalled bet (10) returned to Rafal277
Rafal277 collected 20 from pot
*** SUMMARY ***
Total pot 20 | Rake 0 
Seat 1: Rafal277 (big blind) collected (20)
Seat 3: Mahu2021 (button) (small blind) folded before Flop



PokerStars Hand #248678614574: Tournament #3711049613, $1.84+$0.16 USD Hold'em No Limit - Level I (10/20) - 2024/02/04 12:55:44 CET [2024/02/04 6:55:44 ET]
Table '3711049613 1' 3-max Seat #1 is the button
Seat 1: Rafal277 (1010 in chips) 
Seat 3: Mahu2021 (490 in chips) 
Rafal277: posts small blind 10
Mahu2021: posts big blind 20
*** HOLE CARDS ***
Dealt to Mahu2021 [Tc 7c]
Rafal277: calls 10
Mahu2021: checks 
*** FLOP *** [Qd 3s 3c]
Mahu2021: checks 
Rafal277: bets 20
Mahu2021: folds 
Uncalled bet (20) returned to Rafal277
Rafal277 collected 40 from pot
*** SUMMARY ***
Total pot 40 | Rake 0 
Board [Qd 3s 3c]
Seat 1: Rafal277 (button) (small blind) collected (40)
Seat 3: Mahu2021 (big blind) folded on the Flop



PokerStars Hand #248678615870: Tournament #3711049613, $1.84+$0.16 USD Hold'em No Limit - Level I (10/20) - 2024/02/04 12:55:53 CET [2024/02/04 6:55:53 ET]
Table '3711049613 1' 3-max Seat #3 is the button
Seat 1: Rafal277 (1030 in chips) 
Seat 3: Mahu2021 (470 in chips) 
Mahu2021: posts small blind 10
Rafal277: posts big blind 20
*** HOLE CARDS ***
Dealt to Mahu2021 [Qh 4s]
Mahu2021: calls 10
Rafal277: checks 
*** FLOP *** [3c Ks 3s]
Rafal277: checks 
Mahu2021: checks 
*** TURN *** [3c Ks 3s] [Th]
Rafal277: bets 20
Mahu2021: folds 
Uncalled bet (20) returned to Rafal277
Rafal277 collected 40 from pot
*** SUMMARY ***
Total pot 40 | Rake 0 
Board [3c Ks 3s Th]
Seat 1: Rafal277 (big blind) collected (40)
Seat 3: Mahu2021 (button) (small blind) folded on the Turn



PokerStars Hand #248678617973: Tournament #3711049613, $1.84+$0.16 USD Hold'em No Limit - Level II (15/30) - 2024/02/04 12:56:08 CET [2024/02/04 6:56:08 ET]
Table '3711049613 1' 3-max Seat #1 is the button
Seat 1: Rafal277 (1050 in chips) 
Seat 3: Mahu2021 (450 in chips) 
Rafal277: posts small blind 15
Mahu2021: posts big blind 30
*** HOLE CARDS ***
Dealt to Mahu2021 [Th 8c]
Rafal277: calls 15
Mahu2021: checks 
*** FLOP *** [Qd 3d Qc]
Mahu2021: checks 
Rafal277: checks 
*** TURN *** [Qd 3d Qc] [As]
Mahu2021: checks 
Rafal277: bets 30
Mahu2021: folds 
Uncalled bet (30) returned to Rafal277
Rafal277 collected 60 from pot
*** SUMMARY ***
Total pot 60 | Rake 0 
Board [Qd 3d Qc As]
Seat 1: Rafal277 (button) (small blind) collected (60)
Seat 3: Mahu2021 (big blind) folded on the Turn



PokerStars Hand #248678619855: Tournament #3711049613, $1.84+$0.16 USD Hold'em No Limit - Level II (15/30) - 2024/02/04 12:56:21 CET [2024/02/04 6:56:21 ET]
Table '3711049613 1' 3-max Seat #3 is the button
Seat 1: Rafal277 (1080 in chips) 
Seat 3: Mahu2021 (420 in chips) 
Mahu2021: posts small blind 15
Rafal277: posts big blind 30
*** HOLE CARDS ***
Dealt to Mahu2021 [8c Js]
Mahu2021: raises 30 to 60
Rafal277: calls 30
*** FLOP *** [8s Tc Jc]
Rafal277: checks 
Mahu2021: checks 
*** TURN *** [8s Tc Jc] [4c]
Rafal277: checks 
Mahu2021: checks 
*** RIVER *** [8s Tc Jc 4c] [Qc]
Rafal277: checks 
Mahu2021: bets 120
Rafal277: folds 
Uncalled bet (120) returned to Mahu2021
Mahu2021 collected 120 from pot
Mahu2021: doesn't show hand 
*** SUMMARY ***
Total pot 120 | Rake 0 
Board [8s Tc Jc 4c Qc]
Seat 1: Rafal277 (big blind) folded on the River
Seat 3: Mahu2021 (button) (small blind) collected (120)



PokerStars Hand #248678622168: Tournament #3711049613, $1.84+$0.16 USD Hold'em No Limit - Level II (15/30) - 2024/02/04 12:56:37 CET [2024/02/04 6:56:37 ET]
Table '3711049613 1' 3-max Seat #1 is the button
Seat 1: Rafal277 (1020 in chips) 
Seat 3: Mahu2021 (480 in chips) 
Rafal277: posts small blind 15
Mahu2021: posts big blind 30
*** HOLE CARDS ***
Dealt to Mahu2021 [Td 8h]
Rafal277: calls 15
Mahu2021: checks 
*** FLOP *** [Ts Kd 5d]
Mahu2021: checks 
Rafal277: checks 
*** TURN *** [Ts Kd 5d] [4h]
Mahu2021: checks 
Rafal277: bets 30
Mahu2021: calls 30
*** RIVER *** [Ts Kd 5d 4h] [3c]
Mahu2021: bets 30
Rafal277: raises 30 to 60
Mahu2021: calls 30
*** SHOW DOWN ***
Rafal277: shows [Ad 2d] (a straight, Ace to Five)
Mahu2021: mucks hand 
Rafal277 collected 240 from pot
*** SUMMARY ***
Total pot 240 | Rake 0 
Board [Ts Kd 5d 4h 3c]
Seat 1: Rafal277 (button) (small blind) showed [Ad 2d] and won (240) with a straight, Ace to Five
Seat 3: Mahu2021 (big blind) mucked [Td 8h]



PokerStars Hand #248678624671: Tournament #3711049613, $1.84+$0.16 USD Hold'em No Limit - Level II (15/30) - 2024/02/04 12:56:54 CET [2024/02/04 6:56:54 ET]
Table '3711049613 1' 3-max Seat #3 is the button
Seat 1: Rafal277 (1140 in chips) 
Seat 3: Mahu2021 (360 in chips) 
Mahu2021: posts small blind 15
Rafal277: posts big blind 30
*** HOLE CARDS ***
Dealt to Mahu2021 [Ac 2s]
Mahu2021: raises 30 to 60
Rafal277: calls 30
*** FLOP *** [Tc 6c 4c]
Rafal277: bets 30
Mahu2021: raises 270 to 300 and is all-in
Rafal277: folds 
Uncalled bet (270) returned to Mahu2021
Mahu2021 collected 180 from pot
Mahu2021: doesn't show hand 
*** SUMMARY ***
Total pot 180 | Rake 0 
Board [Tc 6c 4c]
Seat 1: Rafal277 (big blind) folded on the Flop
Seat 3: Mahu2021 (button) (small blind) collected (180)



PokerStars Hand #248678626570: Tournament #3711049613, $1.84+$0.16 USD Hold'em No Limit - Level II (15/30) - 2024/02/04 12:57:07 CET [2024/02/04 6:57:07 ET]
Table '3711049613 1' 3-max Seat #1 is the button
Seat 1: Rafal277 (1050 in chips) 
Seat 3: Mahu2021 (450 in chips) 
Rafal277: posts small blind 15
Mahu2021: posts big blind 30
*** HOLE CARDS ***
Dealt to Mahu2021 [As 5c]
Rafal277: calls 15
Mahu2021: checks 
*** FLOP *** [8d Kc 2d]
Mahu2021: checks 
Rafal277: checks 
*** TURN *** [8d Kc 2d] [8h]
Mahu2021: checks 
Rafal277: bets 30
Mahu2021: calls 30
*** RIVER *** [8d Kc 2d 8h] [9s]
Mahu2021: checks 
Rafal277: checks 
*** SHOW DOWN ***
Mahu2021: shows [As 5c] (a pair of Eights)
Rafal277: shows [9h Ac] (two pair, Nines and Eights)
Rafal277 collected 120 from pot
*** SUMMARY ***
Total pot 120 | Rake 0 
Board [8d Kc 2d 8h 9s]
Seat 1: Rafal277 (button) (small blind) showed [9h Ac] and won (120) with two pair, Nines and Eights
Seat 3: Mahu2021 (big blind) showed [As 5c] and lost with a pair of Eights



PokerStars Hand #248678628424: Tournament #3711049613, $1.84+$0.16 USD Hold'em No Limit - Level II (15/30) - 2024/02/04 12:57:20 CET [2024/02/04 6:57:20 ET]
Table '3711049613 1' 3-max Seat #3 is the button
Seat 1: Rafal277 (1110 in chips) 
Seat 3: Mahu2021 (390 in chips) 
Mahu2021: posts small blind 15
Rafal277: posts big blind 30
*** HOLE CARDS ***
Dealt to Mahu2021 [5h Kh]
Mahu2021: raises 30 to 60
Rafal277: calls 30
*** FLOP *** [Kd Ac 5d]
Rafal277: bets 30
Mahu2021: calls 30
*** TURN *** [Kd Ac 5d] [7h]
Rafal277: bets 30
Mahu2021: calls 30
*** RIVER *** [Kd Ac 5d 7h] [Ad]
Rafal277: bets 120
Mahu2021: calls 120
*** SHOW DOWN ***
Rafal277: shows [Qc Ah] (three of a kind, Aces)
Mahu2021: mucks hand 
Rafal277 collected 480 from pot
*** SUMMARY ***
Total pot 480 | Rake 0 
Board [Kd Ac 5d 7h Ad]
Seat 1: Rafal277 (big blind) showed [Qc Ah] and won (480) with three of a kind, Aces
Seat 3: Mahu2021 (button) (small blind) mucked [5h Kh]



PokerStars Hand #248678631058: Tournament #3711049613, $1.84+$0.16 USD Hold'em No Limit - Level II (15/30) - 2024/02/04 12:57:38 CET [2024/02/04 6:57:38 ET]
Table '3711049613 1' 3-max Seat #1 is the button
Seat 1: Rafal277 (1350 in chips) 
Seat 3: Mahu2021 (150 in chips) 
Rafal277: posts small blind 15
Mahu2021: posts big blind 30
*** HOLE CARDS ***
Dealt to Mahu2021 [Th 9s]
Rafal277: calls 15
Mahu2021: raises 120 to 150 and is all-in
Rafal277: calls 120
*** FLOP *** [5h Td 3c]
*** TURN *** [5h Td 3c] [2h]
*** RIVER *** [5h Td 3c 2h] [7s]
*** SHOW DOWN ***
Mahu2021: shows [Th 9s] (a pair of Tens)
Rafal277: shows [5d Ah] (a pair of Fives)
Mahu2021 collected 300 from pot
*** SUMMARY ***
Total pot 300 | Rake 0 
Board [5h Td 3c 2h 7s]
Seat 1: Rafal277 (button) (small blind) showed [5d Ah] and lost with a pair of Fives
Seat 3: Mahu2021 (big blind) showed [Th 9s] and won (300) with a pair of Tens



PokerStars Hand #248678633253: Tournament #3711049613, $1.84+$0.16 USD Hold'em No Limit - Level II (15/30) - 2024/02/04 12:57:53 CET [2024/02/04 6:57:53 ET]
Table '3711049613 1' 3-max Seat #3 is the button
Seat 1: Rafal277 (1200 in chips) 
Seat 3: Mahu2021 (300 in chips) 
Mahu2021: posts small blind 15
Rafal277: posts big blind 30
*** HOLE CARDS ***
Dealt to Mahu2021 [Th Td]
Mahu2021: raises 270 to 300 and is all-in
Rafal277: folds 
Uncalled bet (270) returned to Mahu2021
Mahu2021 collected 60 from pot
Mahu2021: doesn't show hand 
*** SUMMARY ***
Total pot 60 | Rake 0 
Seat 1: Rafal277 (big blind) folded before Flop
Seat 3: Mahu2021 (button) (small blind) collected (60)



PokerStars Hand #248678635234: Tournament #3711049613, $1.84+$0.16 USD Hold'em No Limit - Level III (20/40) - 2024/02/04 12:58:07 CET [2024/02/04 6:58:07 ET]
Table '3711049613 1' 3-max Seat #1 is the button
Seat 1: Rafal277 (1170 in chips) 
Seat 3: Mahu2021 (330 in chips) 
Rafal277: posts small blind 20
Mahu2021: posts big blind 40
*** HOLE CARDS ***
Dealt to Mahu2021 [6d 9h]
Rafal277: calls 20
Mahu2021: checks 
*** FLOP *** [3h 2d Jc]
Mahu2021: checks 
Rafal277: bets 40
Mahu2021: folds 
Uncalled bet (40) returned to Rafal277
Rafal277 collected 80 from pot
*** SUMMARY ***
Total pot 80 | Rake 0 
Board [3h 2d Jc]
Seat 1: Rafal277 (button) (small blind) collected (80)
Seat 3: Mahu2021 (big blind) folded on the Flop



PokerStars Hand #248678636753: Tournament #3711049613, $1.84+$0.16 USD Hold'em No Limit - Level III (20/40) - 2024/02/04 12:58:17 CET [2024/02/04 6:58:17 ET]
Table '3711049613 1' 3-max Seat #3 is the button
Seat 1: Rafal277 (1210 in chips) 
Seat 3: Mahu2021 (290 in chips) 
Mahu2021: posts small blind 20
Rafal277: posts big blind 40
*** HOLE CARDS ***
Dealt to Mahu2021 [6s Th]
Mahu2021: folds 
Uncalled bet (20) returned to Rafal277
Rafal277 collected 40 from pot
*** SUMMARY ***
Total pot 40 | Rake 0 
Seat 1: Rafal277 (big blind) collected (40)
Seat 3: Mahu2021 (button) (small blind) folded before Flop



PokerStars Hand #248678637414: Tournament #3711049613, $1.84+$0.16 USD Hold'em No Limit - Level III (20/40) - 2024/02/04 12:58:22 CET [2024/02/04 6:58:22 ET]
Table '3711049613 1' 3-max Seat #1 is the button
Seat 1: Rafal277 (1230 in chips) 
Seat 3: Mahu2021 (270 in chips) 
Rafal277: posts small blind 20
Mahu2021: posts big blind 40
*** HOLE CARDS ***
Dealt to Mahu2021 [Ah 3h]
Rafal277: calls 20
Mahu2021: raises 80 to 120
Rafal277: calls 80
*** FLOP *** [2d 3s 5h]
Mahu2021: bets 150 and is all-in
Rafal277: folds 
Uncalled bet (150) returned to Mahu2021
Mahu2021 collected 240 from pot
Mahu2021: doesn't show hand 
*** SUMMARY ***
Total pot 240 | Rake 0 
Board [2d 3s 5h]
Seat 1: Rafal277 (button) (small blind) folded on the Flop
Seat 3: Mahu2021 (big blind) collected (240)



PokerStars Hand #248678639100: Tournament #3711049613, $1.84+$0.16 USD Hold'em No Limit - Level III (20/40) - 2024/02/04 12:58:33 CET [2024/02/04 6:58:33 ET]
Table '3711049613 1' 3-max Seat #3 is the button
Seat 1: Rafal277 (1110 in chips) 
Seat 3: Mahu2021 (390 in chips) 
Mahu2021: posts small blind 20
Rafal277: posts big blind 40
*** HOLE CARDS ***
Dealt to Mahu2021 [9h 5d]
Mahu2021: folds 
Uncalled bet (20) returned to Rafal277
Rafal277 collected 40 from pot
*** SUMMARY ***
Total pot 40 | Rake 0 
Seat 1: Rafal277 (big blind) collected (40)
Seat 3: Mahu2021 (button) (small blind) folded before Flop



PokerStars Hand #248678639739: Tournament #3711049613, $1.84+$0.16 USD Hold'em No Limit - Level III (20/40) - 2024/02/04 12:58:38 CET [2024/02/04 6:58:38 ET]
Table '3711049613 1' 3-max Seat #1 is the button
Seat 1: Rafal277 (1130 in chips) 
Seat 3: Mahu2021 (370 in chips) 
Rafal277: posts small blind 20
Mahu2021: posts big blind 40
*** HOLE CARDS ***
Dealt to Mahu2021 [7d Ad]
Rafal277: calls 20
Mahu2021: raises 80 to 120
Rafal277: calls 80
*** FLOP *** [Th Ts Qc]
Mahu2021: bets 120
Rafal277: calls 120
*** TURN *** [Th Ts Qc] [8s]
Mahu2021: bets 130 and is all-in
Rafal277: calls 130
*** RIVER *** [Th Ts Qc 8s] [3h]
*** SHOW DOWN ***
Mahu2021: shows [7d Ad] (a pair of Tens)
Rafal277: shows [Jh Ah] (a pair of Tens - Ace+Queen+Jack kicker)
Rafal277 collected 740 from pot
Mahu2021 finished the tournament in 2nd place
Rafal277 wins the tournament and receives $4.00 - congratulations!
*** SUMMARY ***
Total pot 740 | Rake 0 
Board [Th Ts Qc 8s 3h]
Seat 1: Rafal277 (button) (small blind) showed [Jh Ah] and won (740) with a pair of Tens
Seat 3: Mahu2021 (big blind) showed [7d Ad] and lost with a pair of Tens



