PokerStars Hand #249594183980: Tournament #3732938935, $1.84+$0.16 USD Hold'em No Limit - Level I (10/20) - 2024/03/24 13:42:42 CET [2024/03/24 8:42:42 ET]
Table '3732938935 1' 3-max Seat #1 is the button
Seat 1: Mahu2021 (500 in chips) 
Seat 2: Hass2011 (500 in chips) 
Seat 3: matheus337978 (500 in chips) 
Hass2011: posts small blind 10
matheus337978: posts big blind 20
*** HOLE CARDS ***
Dealt to Mahu2021 [Jc 8h]
Mahu2021: folds 
Hass2011: raises 20 to 40
matheus337978: calls 20
*** FLOP *** [Kd Kc Td]
Hass2011: bets 80
matheus337978: calls 80
*** TURN *** [Kd Kc Td] [7c]
Hass2011: checks 
matheus337978: checks 
*** RIVER *** [Kd Kc Td 7c] [6h]
Hass2011: checks 
matheus337978: checks 
*** SHOW DOWN ***
Hass2011: shows [5c Th] (two pair, Kings and Tens)
matheus337978: mucks hand 
Hass2011 collected 240 from pot
*** SUMMARY ***
Total pot 240 | Rake 0 
Board [Kd Kc Td 7c 6h]
Seat 1: Mahu2021 (button) folded before Flop (didn't bet)
Seat 2: Hass2011 (small blind) showed [5c Th] and won (240) with two pair, Kings and Tens
Seat 3: matheus337978 (big blind) mucked [Ad 8d]



PokerStars Hand #249594188849: Tournament #3732938935, $1.84+$0.16 USD Hold'em No Limit - Level I (10/20) - 2024/03/24 13:43:07 CET [2024/03/24 8:43:07 ET]
Table '3732938935 1' 3-max Seat #2 is the button
Seat 1: Mahu2021 (500 in chips) 
Seat 2: Hass2011 (620 in chips) 
Seat 3: matheus337978 (380 in chips) 
matheus337978: posts small blind 10
Mahu2021: posts big blind 20
*** HOLE CARDS ***
Dealt to Mahu2021 [7c 6d]
Hass2011: raises 20 to 40
matheus337978: calls 30
Mahu2021: calls 20
*** FLOP *** [Ac 9h 8d]
matheus337978: bets 20
Mahu2021: calls 20
Hass2011: calls 20
*** TURN *** [Ac 9h 8d] [Jd]
matheus337978: bets 20
Mahu2021: calls 20
Hass2011: calls 20
*** RIVER *** [Ac 9h 8d Jd] [Jc]
matheus337978: bets 300 and is all-in
Mahu2021: folds 
Hass2011: folds 
Uncalled bet (300) returned to matheus337978
matheus337978 collected 240 from pot
*** SUMMARY ***
Total pot 240 | Rake 0 
Board [Ac 9h 8d Jd Jc]
Seat 1: Mahu2021 (big blind) folded on the River
Seat 2: Hass2011 (button) folded on the River
Seat 3: matheus337978 (small blind) collected (240)



PokerStars Hand #249594193996: Tournament #3732938935, $1.84+$0.16 USD Hold'em No Limit - Level I (10/20) - 2024/03/24 13:43:34 CET [2024/03/24 8:43:34 ET]
Table '3732938935 1' 3-max Seat #3 is the button
Seat 1: Mahu2021 (420 in chips) 
Seat 2: Hass2011 (540 in chips) 
Seat 3: matheus337978 (540 in chips) 
Mahu2021: posts small blind 10
Hass2011: posts big blind 20
*** HOLE CARDS ***
Dealt to Mahu2021 [Td Kh]
matheus337978: folds 
Mahu2021: raises 20 to 40
Hass2011: raises 20 to 60
Mahu2021: calls 20
*** FLOP *** [5d 6s 7c]
Mahu2021: checks 
Hass2011: bets 120
Mahu2021: folds 
Uncalled bet (120) returned to Hass2011
Hass2011 collected 120 from pot
Hass2011: doesn't show hand 
*** SUMMARY ***
Total pot 120 | Rake 0 
Board [5d 6s 7c]
Seat 1: Mahu2021 (small blind) folded on the Flop
Seat 2: Hass2011 (big blind) collected (120)
Seat 3: matheus337978 (button) folded before Flop (didn't bet)



PokerStars Hand #249594198744: Tournament #3732938935, $1.84+$0.16 USD Hold'em No Limit - Level I (10/20) - 2024/03/24 13:43:58 CET [2024/03/24 8:43:58 ET]
Table '3732938935 1' 3-max Seat #1 is the button
Seat 1: Mahu2021 (360 in chips) 
Seat 2: Hass2011 (600 in chips) 
Seat 3: matheus337978 (540 in chips) 
Hass2011: posts small blind 10
matheus337978: posts big blind 20
*** HOLE CARDS ***
Dealt to Mahu2021 [6s Js]
Mahu2021: calls 20
Hass2011: calls 10
matheus337978: checks 
*** FLOP *** [2s 8d 5c]
Hass2011: bets 60
matheus337978: raises 60 to 120
Mahu2021: folds 
Hass2011: raises 460 to 580 and is all-in
matheus337978: calls 400 and is all-in
Uncalled bet (60) returned to Hass2011
*** TURN *** [2s 8d 5c] [9s]
*** RIVER *** [2s 8d 5c 9s] [Ks]
*** SHOW DOWN ***
Hass2011: shows [8s Ad] (a pair of Eights)
matheus337978: shows [8c 5h] (two pair, Eights and Fives)
matheus337978 collected 1100 from pot
*** SUMMARY ***
Total pot 1100 | Rake 0 
Board [2s 8d 5c 9s Ks]
Seat 1: Mahu2021 (button) folded on the Flop
Seat 2: Hass2011 (small blind) showed [8s Ad] and lost with a pair of Eights
Seat 3: matheus337978 (big blind) showed [8c 5h] and won (1100) with two pair, Eights and Fives



PokerStars Hand #249594203349: Tournament #3732938935, $1.84+$0.16 USD Hold'em No Limit - Level I (10/20) - 2024/03/24 13:44:22 CET [2024/03/24 8:44:22 ET]
Table '3732938935 1' 3-max Seat #2 is the button
Seat 1: Mahu2021 (340 in chips) 
Seat 2: Hass2011 (60 in chips) 
Seat 3: matheus337978 (1100 in chips) 
matheus337978: posts small blind 10
Mahu2021: posts big blind 20
*** HOLE CARDS ***
Dealt to Mahu2021 [Ah 7s]
Hass2011: calls 20
matheus337978: calls 10
Mahu2021: raises 320 to 340 and is all-in
Hass2011: calls 40 and is all-in
matheus337978: folds 
Uncalled bet (280) returned to Mahu2021
*** FLOP *** [5c 9d 3s]
*** TURN *** [5c 9d 3s] [8s]
*** RIVER *** [5c 9d 3s 8s] [Ad]
*** SHOW DOWN ***
Mahu2021: shows [Ah 7s] (a pair of Aces)
Hass2011: shows [Tc 7d] (high card Ace)
Mahu2021 collected 140 from pot
Hass2011 finished the tournament in 3rd place
*** SUMMARY ***
Total pot 140 | Rake 0 
Board [5c 9d 3s 8s Ad]
Seat 1: Mahu2021 (big blind) showed [Ah 7s] and won (140) with a pair of Aces
Seat 2: Hass2011 (button) showed [Tc 7d] and lost with high card Ace
Seat 3: matheus337978 (small blind) folded before Flop



PokerStars Hand #249594208486: Tournament #3732938935, $1.84+$0.16 USD Hold'em No Limit - Level I (10/20) - 2024/03/24 13:44:48 CET [2024/03/24 8:44:48 ET]
Table '3732938935 1' 3-max Seat #1 is the button
Seat 1: Mahu2021 (420 in chips) 
Seat 3: matheus337978 (1080 in chips) 
Mahu2021: posts small blind 10
matheus337978: posts big blind 20
*** HOLE CARDS ***
Dealt to Mahu2021 [Qh Td]
Mahu2021: calls 10
matheus337978: checks 
*** FLOP *** [3d Jh 9s]
matheus337978: checks 
Mahu2021: bets 40
matheus337978: calls 40
*** TURN *** [3d Jh 9s] [9h]
matheus337978: bets 20
Mahu2021: calls 20
*** RIVER *** [3d Jh 9s 9h] [8s]
matheus337978: checks 
Mahu2021: bets 160
matheus337978: folds 
Uncalled bet (160) returned to Mahu2021
Mahu2021 collected 160 from pot
Mahu2021: doesn't show hand 
*** SUMMARY ***
Total pot 160 | Rake 0 
Board [3d Jh 9s 9h 8s]
Seat 1: Mahu2021 (button) (small blind) collected (160)
Seat 3: matheus337978 (big blind) folded on the River



PokerStars Hand #249594212777: Tournament #3732938935, $1.84+$0.16 USD Hold'em No Limit - Level I (10/20) - 2024/03/24 13:45:10 CET [2024/03/24 8:45:10 ET]
Table '3732938935 1' 3-max Seat #3 is the button
Seat 1: Mahu2021 (500 in chips) 
Seat 3: matheus337978 (1000 in chips) 
matheus337978: posts small blind 10
Mahu2021: posts big blind 20
*** HOLE CARDS ***
Dealt to Mahu2021 [3c 4s]
matheus337978: calls 10
Mahu2021: checks 
*** FLOP *** [9h 9s Ts]
Mahu2021: checks 
matheus337978: bets 40
Mahu2021: folds 
Uncalled bet (40) returned to matheus337978
matheus337978 collected 40 from pot
*** SUMMARY ***
Total pot 40 | Rake 0 
Board [9h 9s Ts]
Seat 1: Mahu2021 (big blind) folded on the Flop
Seat 3: matheus337978 (button) (small blind) collected (40)



PokerStars Hand #249594215196: Tournament #3732938935, $1.84+$0.16 USD Hold'em No Limit - Level I (10/20) - 2024/03/24 13:45:23 CET [2024/03/24 8:45:23 ET]
Table '3732938935 1' 3-max Seat #1 is the button
Seat 1: Mahu2021 (480 in chips) 
Seat 3: matheus337978 (1020 in chips) 
Mahu2021: posts small blind 10
matheus337978: posts big blind 20
*** HOLE CARDS ***
Dealt to Mahu2021 [8d 5s]
Mahu2021: folds 
Uncalled bet (10) returned to matheus337978
matheus337978 collected 20 from pot
*** SUMMARY ***
Total pot 20 | Rake 0 
Seat 1: Mahu2021 (button) (small blind) folded before Flop
Seat 3: matheus337978 (big blind) collected (20)



PokerStars Hand #249594216119: Tournament #3732938935, $1.84+$0.16 USD Hold'em No Limit - Level I (10/20) - 2024/03/24 13:45:27 CET [2024/03/24 8:45:27 ET]
Table '3732938935 1' 3-max Seat #3 is the button
Seat 1: Mahu2021 (470 in chips) 
Seat 3: matheus337978 (1030 in chips) 
matheus337978: posts small blind 10
Mahu2021: posts big blind 20
*** HOLE CARDS ***
Dealt to Mahu2021 [Kc 2d]
matheus337978: calls 10
Mahu2021: checks 
*** FLOP *** [Ac Kd Th]
Mahu2021: checks 
matheus337978: bets 20
Mahu2021: calls 20
*** TURN *** [Ac Kd Th] [7s]
Mahu2021: checks 
matheus337978: bets 40
Mahu2021: calls 40
*** RIVER *** [Ac Kd Th 7s] [4d]
Mahu2021: checks 
matheus337978: bets 120
Mahu2021: calls 120
*** SHOW DOWN ***
matheus337978: shows [Jd Ah] (a pair of Aces)
Mahu2021: mucks hand 
matheus337978 collected 400 from pot
*** SUMMARY ***
Total pot 400 | Rake 0 
Board [Ac Kd Th 7s 4d]
Seat 1: Mahu2021 (big blind) mucked [Kc 2d]
Seat 3: matheus337978 (button) (small blind) showed [Jd Ah] and won (400) with a pair of Aces



PokerStars Hand #249594220600: Tournament #3732938935, $1.84+$0.16 USD Hold'em No Limit - Level II (15/30) - 2024/03/24 13:45:50 CET [2024/03/24 8:45:50 ET]
Table '3732938935 1' 3-max Seat #1 is the button
Seat 1: Mahu2021 (270 in chips) 
Seat 3: matheus337978 (1230 in chips) 
Mahu2021: posts small blind 15
matheus337978: posts big blind 30
*** HOLE CARDS ***
Dealt to Mahu2021 [3c As]
Mahu2021: raises 240 to 270 and is all-in
matheus337978: folds 
Uncalled bet (240) returned to Mahu2021
Mahu2021 collected 60 from pot
Mahu2021: doesn't show hand 
*** SUMMARY ***
Total pot 60 | Rake 0 
Seat 1: Mahu2021 (button) (small blind) collected (60)
Seat 3: matheus337978 (big blind) folded before Flop



PokerStars Hand #249594221916: Tournament #3732938935, $1.84+$0.16 USD Hold'em No Limit - Level II (15/30) - 2024/03/24 13:45:57 CET [2024/03/24 8:45:57 ET]
Table '3732938935 1' 3-max Seat #3 is the button
Seat 1: Mahu2021 (300 in chips) 
Seat 3: matheus337978 (1200 in chips) 
matheus337978: posts small blind 15
Mahu2021: posts big blind 30
*** HOLE CARDS ***
Dealt to Mahu2021 [5s 3d]
matheus337978: calls 15
Mahu2021: checks 
*** FLOP *** [8c 2s Kc]
Mahu2021: checks 
matheus337978: checks 
*** TURN *** [8c 2s Kc] [Qh]
Mahu2021: checks 
matheus337978: checks 
*** RIVER *** [8c 2s Kc Qh] [Ts]
Mahu2021: checks 
matheus337978: bets 90
Mahu2021: folds 
Uncalled bet (90) returned to matheus337978
matheus337978 collected 60 from pot
*** SUMMARY ***
Total pot 60 | Rake 0 
Board [8c 2s Kc Qh Ts]
Seat 1: Mahu2021 (big blind) folded on the River
Seat 3: matheus337978 (button) (small blind) collected (60)



PokerStars Hand #249594224983: Tournament #3732938935, $1.84+$0.16 USD Hold'em No Limit - Level II (15/30) - 2024/03/24 13:46:13 CET [2024/03/24 8:46:13 ET]
Table '3732938935 1' 3-max Seat #1 is the button
Seat 1: Mahu2021 (270 in chips) 
Seat 3: matheus337978 (1230 in chips) 
Mahu2021: posts small blind 15
matheus337978: posts big blind 30
*** HOLE CARDS ***
Dealt to Mahu2021 [Td 6h]
Mahu2021: folds 
Uncalled bet (15) returned to matheus337978
matheus337978 collected 30 from pot
*** SUMMARY ***
Total pot 30 | Rake 0 
Seat 1: Mahu2021 (button) (small blind) folded before Flop
Seat 3: matheus337978 (big blind) collected (30)



PokerStars Hand #249594225806: Tournament #3732938935, $1.84+$0.16 USD Hold'em No Limit - Level II (15/30) - 2024/03/24 13:46:17 CET [2024/03/24 8:46:17 ET]
Table '3732938935 1' 3-max Seat #3 is the button
Seat 1: Mahu2021 (255 in chips) 
Seat 3: matheus337978 (1245 in chips) 
matheus337978: posts small blind 15
Mahu2021: posts big blind 30
*** HOLE CARDS ***
Dealt to Mahu2021 [9d Th]
matheus337978: calls 15
Mahu2021: checks 
*** FLOP *** [8s 7s 2h]
Mahu2021: checks 
matheus337978: checks 
*** TURN *** [8s 7s 2h] [5c]
Mahu2021: bets 60
matheus337978: calls 60
*** RIVER *** [8s 7s 2h 5c] [6h]
Mahu2021: bets 165 and is all-in
matheus337978: calls 165
*** SHOW DOWN ***
Mahu2021: shows [9d Th] (a straight, Six to Ten)
matheus337978: shows [5d Jc] (a pair of Fives)
Mahu2021 collected 510 from pot
*** SUMMARY ***
Total pot 510 | Rake 0 
Board [8s 7s 2h 5c 6h]
Seat 1: Mahu2021 (big blind) showed [9d Th] and won (510) with a straight, Six to Ten
Seat 3: matheus337978 (button) (small blind) showed [5d Jc] and lost with a pair of Fives



PokerStars Hand #249594229385: Tournament #3732938935, $1.84+$0.16 USD Hold'em No Limit - Level II (15/30) - 2024/03/24 13:46:36 CET [2024/03/24 8:46:36 ET]
Table '3732938935 1' 3-max Seat #1 is the button
Seat 1: Mahu2021 (510 in chips) 
Seat 3: matheus337978 (990 in chips) 
Mahu2021: posts small blind 15
matheus337978: posts big blind 30
*** HOLE CARDS ***
Dealt to Mahu2021 [Kc Tc]
Mahu2021: raises 30 to 60
matheus337978: calls 30
*** FLOP *** [5c 6h 9s]
matheus337978: bets 60
Mahu2021: folds 
Uncalled bet (60) returned to matheus337978
matheus337978 collected 120 from pot
*** SUMMARY ***
Total pot 120 | Rake 0 
Board [5c 6h 9s]
Seat 1: Mahu2021 (button) (small blind) folded on the Flop
Seat 3: matheus337978 (big blind) collected (120)



PokerStars Hand #249594232423: Tournament #3732938935, $1.84+$0.16 USD Hold'em No Limit - Level II (15/30) - 2024/03/24 13:46:51 CET [2024/03/24 8:46:51 ET]
Table '3732938935 1' 3-max Seat #3 is the button
Seat 1: Mahu2021 (450 in chips) 
Seat 3: matheus337978 (1050 in chips) 
matheus337978: posts small blind 15
Mahu2021: posts big blind 30
*** HOLE CARDS ***
Dealt to Mahu2021 [Kc 6s]
matheus337978: calls 15
Mahu2021: checks 
*** FLOP *** [5c 2h Ac]
Mahu2021: checks 
matheus337978: checks 
*** TURN *** [5c 2h Ac] [4h]
Mahu2021: checks 
matheus337978: checks 
*** RIVER *** [5c 2h Ac 4h] [Td]
Mahu2021: checks 
matheus337978: bets 1020 and is all-in
Mahu2021: folds 
Uncalled bet (1020) returned to matheus337978
matheus337978 collected 60 from pot
*** SUMMARY ***
Total pot 60 | Rake 0 
Board [5c 2h Ac 4h Td]
Seat 1: Mahu2021 (big blind) folded on the River
Seat 3: matheus337978 (button) (small blind) collected (60)



PokerStars Hand #249594236091: Tournament #3732938935, $1.84+$0.16 USD Hold'em No Limit - Level II (15/30) - 2024/03/24 13:47:09 CET [2024/03/24 8:47:09 ET]
Table '3732938935 1' 3-max Seat #1 is the button
Seat 1: Mahu2021 (420 in chips) 
Seat 3: matheus337978 (1080 in chips) 
Mahu2021: posts small blind 15
matheus337978: posts big blind 30
*** HOLE CARDS ***
Dealt to Mahu2021 [Ah 4h]
Mahu2021: raises 30 to 60
matheus337978: calls 30
*** FLOP *** [2d 4c Kc]
matheus337978: checks 
Mahu2021: bets 60
matheus337978: calls 60
*** TURN *** [2d 4c Kc] [Kd]
matheus337978: checks 
Mahu2021: bets 300 and is all-in
matheus337978: folds 
Uncalled bet (300) returned to Mahu2021
Mahu2021 collected 240 from pot
Mahu2021: doesn't show hand 
*** SUMMARY ***
Total pot 240 | Rake 0 
Board [2d 4c Kc Kd]
Seat 1: Mahu2021 (button) (small blind) collected (240)
Seat 3: matheus337978 (big blind) folded on the Turn



PokerStars Hand #249594239153: Tournament #3732938935, $1.84+$0.16 USD Hold'em No Limit - Level II (15/30) - 2024/03/24 13:47:25 CET [2024/03/24 8:47:25 ET]
Table '3732938935 1' 3-max Seat #3 is the button
Seat 1: Mahu2021 (540 in chips) 
Seat 3: matheus337978 (960 in chips) 
matheus337978: posts small blind 15
Mahu2021: posts big blind 30
*** HOLE CARDS ***
Dealt to Mahu2021 [4d Qs]
matheus337978: calls 15
Mahu2021: checks 
*** FLOP *** [Ts 2s 5c]
Mahu2021: checks 
matheus337978: bets 30
Mahu2021: folds 
Uncalled bet (30) returned to matheus337978
matheus337978 collected 60 from pot
*** SUMMARY ***
Total pot 60 | Rake 0 
Board [Ts 2s 5c]
Seat 1: Mahu2021 (big blind) folded on the Flop
Seat 3: matheus337978 (button) (small blind) collected (60)



PokerStars Hand #249594242103: Tournament #3732938935, $1.84+$0.16 USD Hold'em No Limit - Level II (15/30) - 2024/03/24 13:47:41 CET [2024/03/24 8:47:41 ET]
Table '3732938935 1' 3-max Seat #1 is the button
Seat 1: Mahu2021 (510 in chips) 
Seat 3: matheus337978 (990 in chips) 
Mahu2021: posts small blind 15
matheus337978: posts big blind 30
*** HOLE CARDS ***
Dealt to Mahu2021 [7h Jc]
Mahu2021: calls 15
matheus337978: checks 
*** FLOP *** [3s 8c 7c]
matheus337978: checks 
Mahu2021: bets 60
matheus337978: calls 60
*** TURN *** [3s 8c 7c] [Qd]
matheus337978: bets 60
Mahu2021: folds 
Uncalled bet (60) returned to matheus337978
matheus337978 collected 180 from pot
*** SUMMARY ***
Total pot 180 | Rake 0 
Board [3s 8c 7c Qd]
Seat 1: Mahu2021 (button) (small blind) folded on the Turn
Seat 3: matheus337978 (big blind) collected (180)



PokerStars Hand #249594245560: Tournament #3732938935, $1.84+$0.16 USD Hold'em No Limit - Level II (15/30) - 2024/03/24 13:47:58 CET [2024/03/24 8:47:58 ET]
Table '3732938935 1' 3-max Seat #3 is the button
Seat 1: Mahu2021 (420 in chips) 
Seat 3: matheus337978 (1080 in chips) 
matheus337978: posts small blind 15
Mahu2021: posts big blind 30
*** HOLE CARDS ***
Dealt to Mahu2021 [9h As]
matheus337978: raises 30 to 60
Mahu2021: raises 360 to 420 and is all-in
matheus337978: calls 360
*** FLOP *** [5h 4c 2s]
*** TURN *** [5h 4c 2s] [6s]
*** RIVER *** [5h 4c 2s 6s] [Jc]
*** SHOW DOWN ***
Mahu2021: shows [9h As] (high card Ace)
matheus337978: shows [Jh Ks] (a pair of Jacks)
matheus337978 collected 840 from pot
Mahu2021 finished the tournament in 2nd place
matheus337978 wins the tournament and receives $8.00 - congratulations!
*** SUMMARY ***
Total pot 840 | Rake 0 
Board [5h 4c 2s 6s Jc]
Seat 1: Mahu2021 (big blind) showed [9h As] and lost with high card Ace
Seat 3: matheus337978 (button) (small blind) showed [Jh Ks] and won (840) with a pair of Jacks



