PokerStars Hand #253462436100: Tournament #3824879019, $1.84+$0.16 USD Hold'em No Limit - Level I (10/20) - 2024/11/18 17:40:00 CET [2024/11/18 11:40:00 ET]
Table '3824879019 1' 3-max Seat #1 is the button
Seat 1: Mahu2021 (500 in chips) 
Seat 2: Jcheungcheung (500 in chips) 
Seat 3: Fernando_sc3 (500 in chips) 
Jcheungcheung: posts small blind 10
Fernando_sc3: posts big blind 20
*** HOLE CARDS ***
Dealt to Mahu2021 [Qd 3c]
Mahu2021: folds 
Jcheungcheung: calls 10
Fernando_sc3: checks 
*** FLOP *** [Js Kc Ac]
Jcheungcheung: checks 
Fernando_sc3: checks 
*** TURN *** [Js Kc Ac] [8s]
Jcheungcheung: checks 
Fernando_sc3: bets 40
Jcheungcheung: folds 
Uncalled bet (40) returned to Fernando_sc3
Fernando_sc3 collected 40 from pot
*** SUMMARY ***
Total pot 40 | Rake 0 
Board [Js Kc Ac 8s]
Seat 1: Mahu2021 (button) folded before Flop (didn't bet)
Seat 2: Jcheungcheung (small blind) folded on the Turn
Seat 3: Fernando_sc3 (big blind) collected (40)



PokerStars Hand #253462440436: Tournament #3824879019, $1.84+$0.16 USD Hold'em No Limit - Level I (10/20) - 2024/11/18 17:40:19 CET [2024/11/18 11:40:19 ET]
Table '3824879019 1' 3-max Seat #2 is the button
Seat 1: Mahu2021 (500 in chips) 
Seat 2: Jcheungcheung (480 in chips) 
Seat 3: Fernando_sc3 (520 in chips) 
Fernando_sc3: posts small blind 10
Mahu2021: posts big blind 20
*** HOLE CARDS ***
Dealt to Mahu2021 [2c 6d]
Jcheungcheung: raises 24 to 44
Fernando_sc3: raises 476 to 520 and is all-in
Mahu2021: folds 
Jcheungcheung: folds 
Uncalled bet (476) returned to Fernando_sc3
Fernando_sc3 collected 108 from pot
*** SUMMARY ***
Total pot 108 | Rake 0 
Seat 1: Mahu2021 (big blind) folded before Flop
Seat 2: Jcheungcheung (button) folded before Flop
Seat 3: Fernando_sc3 (small blind) collected (108)



PokerStars Hand #253462443249: Tournament #3824879019, $1.84+$0.16 USD Hold'em No Limit - Level I (10/20) - 2024/11/18 17:40:33 CET [2024/11/18 11:40:33 ET]
Table '3824879019 1' 3-max Seat #3 is the button
Seat 1: Mahu2021 (480 in chips) 
Seat 2: Jcheungcheung (436 in chips) 
Seat 3: Fernando_sc3 (584 in chips) 
Mahu2021: posts small blind 10
Jcheungcheung: posts big blind 20
*** HOLE CARDS ***
Dealt to Mahu2021 [3h Ts]
Fernando_sc3: raises 20 to 40
Mahu2021: folds 
Jcheungcheung: folds 
Uncalled bet (20) returned to Fernando_sc3
Fernando_sc3 collected 50 from pot
*** SUMMARY ***
Total pot 50 | Rake 0 
Seat 1: Mahu2021 (small blind) folded before Flop
Seat 2: Jcheungcheung (big blind) folded before Flop
Seat 3: Fernando_sc3 (button) collected (50)



PokerStars Hand #253462444416: Tournament #3824879019, $1.84+$0.16 USD Hold'em No Limit - Level I (10/20) - 2024/11/18 17:40:38 CET [2024/11/18 11:40:38 ET]
Table '3824879019 1' 3-max Seat #1 is the button
Seat 1: Mahu2021 (470 in chips) 
Seat 2: Jcheungcheung (416 in chips) 
Seat 3: Fernando_sc3 (614 in chips) 
Jcheungcheung: posts small blind 10
Fernando_sc3: posts big blind 20
*** HOLE CARDS ***
Dealt to Mahu2021 [4c 8d]
Mahu2021: folds 
Jcheungcheung: folds 
Uncalled bet (10) returned to Fernando_sc3
Fernando_sc3 collected 20 from pot
*** SUMMARY ***
Total pot 20 | Rake 0 
Seat 1: Mahu2021 (button) folded before Flop (didn't bet)
Seat 2: Jcheungcheung (small blind) folded before Flop
Seat 3: Fernando_sc3 (big blind) collected (20)



PokerStars Hand #253462445414: Tournament #3824879019, $1.84+$0.16 USD Hold'em No Limit - Level I (10/20) - 2024/11/18 17:40:42 CET [2024/11/18 11:40:42 ET]
Table '3824879019 1' 3-max Seat #2 is the button
Seat 1: Mahu2021 (470 in chips) 
Seat 2: Jcheungcheung (406 in chips) 
Seat 3: Fernando_sc3 (624 in chips) 
Fernando_sc3: posts small blind 10
Mahu2021: posts big blind 20
*** HOLE CARDS ***
Dealt to Mahu2021 [9d 5d]
Jcheungcheung: raises 24 to 44
Fernando_sc3: raises 580 to 624 and is all-in
Mahu2021: folds 
Jcheungcheung: folds 
Uncalled bet (580) returned to Fernando_sc3
Fernando_sc3 collected 108 from pot
*** SUMMARY ***
Total pot 108 | Rake 0 
Seat 1: Mahu2021 (big blind) folded before Flop
Seat 2: Jcheungcheung (button) folded before Flop
Seat 3: Fernando_sc3 (small blind) collected (108)



PokerStars Hand #253462448191: Tournament #3824879019, $1.84+$0.16 USD Hold'em No Limit - Level I (10/20) - 2024/11/18 17:40:55 CET [2024/11/18 11:40:55 ET]
Table '3824879019 1' 3-max Seat #3 is the button
Seat 1: Mahu2021 (450 in chips) 
Seat 2: Jcheungcheung (362 in chips) 
Seat 3: Fernando_sc3 (688 in chips) 
Mahu2021: posts small blind 10
Jcheungcheung: posts big blind 20
*** HOLE CARDS ***
Dealt to Mahu2021 [Ac 4c]
Fernando_sc3: folds 
Mahu2021: raises 20 to 40
Jcheungcheung: calls 20
*** FLOP *** [6c 9d 9c]
Mahu2021: bets 40
Jcheungcheung: calls 40
*** TURN *** [6c 9d 9c] [3d]
Mahu2021: bets 40
Jcheungcheung: calls 40
*** RIVER *** [6c 9d 9c 3d] [3c]
Mahu2021: bets 40
Jcheungcheung: folds 
Uncalled bet (40) returned to Mahu2021
Mahu2021 collected 240 from pot
Mahu2021: doesn't show hand 
*** SUMMARY ***
Total pot 240 | Rake 0 
Board [6c 9d 9c 3d 3c]
Seat 1: Mahu2021 (small blind) collected (240)
Seat 2: Jcheungcheung (big blind) folded on the River
Seat 3: Fernando_sc3 (button) folded before Flop (didn't bet)



PokerStars Hand #253462452041: Tournament #3824879019, $1.84+$0.16 USD Hold'em No Limit - Level I (10/20) - 2024/11/18 17:41:13 CET [2024/11/18 11:41:13 ET]
Table '3824879019 1' 3-max Seat #1 is the button
Seat 1: Mahu2021 (570 in chips) 
Seat 2: Jcheungcheung (242 in chips) 
Seat 3: Fernando_sc3 (688 in chips) 
Jcheungcheung: posts small blind 10
Fernando_sc3: posts big blind 20
*** HOLE CARDS ***
Dealt to Mahu2021 [Td 7c]
Mahu2021: folds 
Jcheungcheung: folds 
Uncalled bet (10) returned to Fernando_sc3
Fernando_sc3 collected 20 from pot
*** SUMMARY ***
Total pot 20 | Rake 0 
Seat 1: Mahu2021 (button) folded before Flop (didn't bet)
Seat 2: Jcheungcheung (small blind) folded before Flop
Seat 3: Fernando_sc3 (big blind) collected (20)



PokerStars Hand #253462453028: Tournament #3824879019, $1.84+$0.16 USD Hold'em No Limit - Level I (10/20) - 2024/11/18 17:41:18 CET [2024/11/18 11:41:18 ET]
Table '3824879019 1' 3-max Seat #2 is the button
Seat 1: Mahu2021 (570 in chips) 
Seat 2: Jcheungcheung (232 in chips) 
Seat 3: Fernando_sc3 (698 in chips) 
Fernando_sc3: posts small blind 10
Mahu2021: posts big blind 20
*** HOLE CARDS ***
Dealt to Mahu2021 [7c 8d]
Jcheungcheung: raises 212 to 232 and is all-in
Fernando_sc3: raises 466 to 698 and is all-in
Mahu2021: folds 
Uncalled bet (466) returned to Fernando_sc3
*** FLOP *** [5d 9c 6s]
*** TURN *** [5d 9c 6s] [4c]
*** RIVER *** [5d 9c 6s 4c] [7h]
*** SHOW DOWN ***
Fernando_sc3: shows [Ad Tc] (high card Ace)
Jcheungcheung: shows [2h 2d] (a pair of Deuces)
Jcheungcheung collected 484 from pot
*** SUMMARY ***
Total pot 484 | Rake 0 
Board [5d 9c 6s 4c 7h]
Seat 1: Mahu2021 (big blind) folded before Flop
Seat 2: Jcheungcheung (button) showed [2h 2d] and won (484) with a pair of Deuces
Seat 3: Fernando_sc3 (small blind) showed [Ad Tc] and lost with high card Ace



PokerStars Hand #253462456679: Tournament #3824879019, $1.84+$0.16 USD Hold'em No Limit - Level I (10/20) - 2024/11/18 17:41:35 CET [2024/11/18 11:41:35 ET]
Table '3824879019 1' 3-max Seat #3 is the button
Seat 1: Mahu2021 (550 in chips) 
Seat 2: Jcheungcheung (484 in chips) 
Seat 3: Fernando_sc3 (466 in chips) 
Mahu2021: posts small blind 10
Jcheungcheung: posts big blind 20
*** HOLE CARDS ***
Dealt to Mahu2021 [Kh Jd]
Fernando_sc3: folds 
Mahu2021: raises 20 to 40
Jcheungcheung: calls 20
*** FLOP *** [Ah 7c 4s]
Mahu2021: checks 
Jcheungcheung: bets 48
Mahu2021: folds 
Uncalled bet (48) returned to Jcheungcheung
Jcheungcheung collected 80 from pot
Jcheungcheung: doesn't show hand 
*** SUMMARY ***
Total pot 80 | Rake 0 
Board [Ah 7c 4s]
Seat 1: Mahu2021 (small blind) folded on the Flop
Seat 2: Jcheungcheung (big blind) collected (80)
Seat 3: Fernando_sc3 (button) folded before Flop (didn't bet)



PokerStars Hand #253462459223: Tournament #3824879019, $1.84+$0.16 USD Hold'em No Limit - Level I (10/20) - 2024/11/18 17:41:46 CET [2024/11/18 11:41:46 ET]
Table '3824879019 1' 3-max Seat #1 is the button
Seat 1: Mahu2021 (510 in chips) 
Seat 2: Jcheungcheung (524 in chips) 
Seat 3: Fernando_sc3 (466 in chips) 
Jcheungcheung: posts small blind 10
Fernando_sc3: posts big blind 20
*** HOLE CARDS ***
Dealt to Mahu2021 [8c 2s]
Mahu2021: folds 
Jcheungcheung: raises 20 to 40
Fernando_sc3: calls 20
*** FLOP *** [Qs 5h 8h]
Jcheungcheung: checks 
Fernando_sc3: bets 50
Jcheungcheung: calls 50
*** TURN *** [Qs 5h 8h] [Ac]
Jcheungcheung: checks 
Fernando_sc3: checks 
*** RIVER *** [Qs 5h 8h Ac] [7s]
Jcheungcheung: checks 
Fernando_sc3: checks 
*** SHOW DOWN ***
Jcheungcheung: shows [9h Jc] (high card Ace)
Fernando_sc3: shows [Kh 3d] (high card Ace - King kicker)
Fernando_sc3 collected 180 from pot
*** SUMMARY ***
Total pot 180 | Rake 0 
Board [Qs 5h 8h Ac 7s]
Seat 1: Mahu2021 (button) folded before Flop (didn't bet)
Seat 2: Jcheungcheung (small blind) showed [9h Jc] and lost with high card Ace
Seat 3: Fernando_sc3 (big blind) showed [Kh 3d] and won (180) with high card Ace



PokerStars Hand #253462464311: Tournament #3824879019, $1.84+$0.16 USD Hold'em No Limit - Level I (10/20) - 2024/11/18 17:42:09 CET [2024/11/18 11:42:09 ET]
Table '3824879019 1' 3-max Seat #2 is the button
Seat 1: Mahu2021 (510 in chips) 
Seat 2: Jcheungcheung (434 in chips) 
Seat 3: Fernando_sc3 (556 in chips) 
Fernando_sc3: posts small blind 10
Mahu2021: posts big blind 20
*** HOLE CARDS ***
Dealt to Mahu2021 [6c Jc]
Jcheungcheung: raises 24 to 44
Fernando_sc3: raises 512 to 556 and is all-in
Mahu2021: folds 
Jcheungcheung: folds 
Uncalled bet (512) returned to Fernando_sc3
Fernando_sc3 collected 108 from pot
*** SUMMARY ***
Total pot 108 | Rake 0 
Seat 1: Mahu2021 (big blind) folded before Flop
Seat 2: Jcheungcheung (button) folded before Flop
Seat 3: Fernando_sc3 (small blind) collected (108)



PokerStars Hand #253462466368: Tournament #3824879019, $1.84+$0.16 USD Hold'em No Limit - Level I (10/20) - 2024/11/18 17:42:18 CET [2024/11/18 11:42:18 ET]
Table '3824879019 1' 3-max Seat #3 is the button
Seat 1: Mahu2021 (490 in chips) 
Seat 2: Jcheungcheung (390 in chips) 
Seat 3: Fernando_sc3 (620 in chips) 
Mahu2021: posts small blind 10
Jcheungcheung: posts big blind 20
*** HOLE CARDS ***
Dealt to Mahu2021 [7c 4h]
Fernando_sc3: raises 20 to 40
Mahu2021: folds 
Jcheungcheung: calls 20
*** FLOP *** [As Ac 3s]
Jcheungcheung: checks 
Fernando_sc3: bets 20
Jcheungcheung: folds 
Uncalled bet (20) returned to Fernando_sc3
Fernando_sc3 collected 90 from pot
*** SUMMARY ***
Total pot 90 | Rake 0 
Board [As Ac 3s]
Seat 1: Mahu2021 (small blind) folded before Flop
Seat 2: Jcheungcheung (big blind) folded on the Flop
Seat 3: Fernando_sc3 (button) collected (90)



PokerStars Hand #253462469715: Tournament #3824879019, $1.84+$0.16 USD Hold'em No Limit - Level I (10/20) - 2024/11/18 17:42:33 CET [2024/11/18 11:42:33 ET]
Table '3824879019 1' 3-max Seat #1 is the button
Seat 1: Mahu2021 (480 in chips) 
Seat 2: Jcheungcheung (350 in chips) 
Seat 3: Fernando_sc3 (670 in chips) 
Jcheungcheung: posts small blind 10
Fernando_sc3: posts big blind 20
*** HOLE CARDS ***
Dealt to Mahu2021 [6h 3s]
Mahu2021: folds 
Jcheungcheung: raises 330 to 350 and is all-in
Fernando_sc3: folds 
Uncalled bet (330) returned to Jcheungcheung
Jcheungcheung collected 40 from pot
Jcheungcheung: doesn't show hand 
*** SUMMARY ***
Total pot 40 | Rake 0 
Seat 1: Mahu2021 (button) folded before Flop (didn't bet)
Seat 2: Jcheungcheung (small blind) collected (40)
Seat 3: Fernando_sc3 (big blind) folded before Flop



PokerStars Hand #253462472262: Tournament #3824879019, $1.84+$0.16 USD Hold'em No Limit - Level I (10/20) - 2024/11/18 17:42:44 CET [2024/11/18 11:42:44 ET]
Table '3824879019 1' 3-max Seat #2 is the button
Seat 1: Mahu2021 (480 in chips) 
Seat 2: Jcheungcheung (370 in chips) 
Seat 3: Fernando_sc3 (650 in chips) 
Fernando_sc3: posts small blind 10
Mahu2021: posts big blind 20
*** HOLE CARDS ***
Dealt to Mahu2021 [7d 6s]
Jcheungcheung: folds 
Fernando_sc3: folds 
Uncalled bet (10) returned to Mahu2021
Mahu2021 collected 20 from pot
Mahu2021: doesn't show hand 
*** SUMMARY ***
Total pot 20 | Rake 0 
Seat 1: Mahu2021 (big blind) collected (20)
Seat 2: Jcheungcheung (button) folded before Flop (didn't bet)
Seat 3: Fernando_sc3 (small blind) folded before Flop



PokerStars Hand #253462473484: Tournament #3824879019, $1.84+$0.16 USD Hold'em No Limit - Level I (10/20) - 2024/11/18 17:42:50 CET [2024/11/18 11:42:50 ET]
Table '3824879019 1' 3-max Seat #3 is the button
Seat 1: Mahu2021 (490 in chips) 
Seat 2: Jcheungcheung (370 in chips) 
Seat 3: Fernando_sc3 (640 in chips) 
Mahu2021: posts small blind 10
Jcheungcheung: posts big blind 20
*** HOLE CARDS ***
Dealt to Mahu2021 [4d 8s]
Fernando_sc3: folds 
Mahu2021: folds 
Uncalled bet (10) returned to Jcheungcheung
Jcheungcheung collected 20 from pot
Jcheungcheung: doesn't show hand 
*** SUMMARY ***
Total pot 20 | Rake 0 
Seat 1: Mahu2021 (small blind) folded before Flop
Seat 2: Jcheungcheung (big blind) collected (20)
Seat 3: Fernando_sc3 (button) folded before Flop (didn't bet)



PokerStars Hand #253462474577: Tournament #3824879019, $1.84+$0.16 USD Hold'em No Limit - Level I (10/20) - 2024/11/18 17:42:55 CET [2024/11/18 11:42:55 ET]
Table '3824879019 1' 3-max Seat #1 is the button
Seat 1: Mahu2021 (480 in chips) 
Seat 2: Jcheungcheung (380 in chips) 
Seat 3: Fernando_sc3 (640 in chips) 
Jcheungcheung: posts small blind 10
Fernando_sc3: posts big blind 20
*** HOLE CARDS ***
Dealt to Mahu2021 [7c 5d]
Mahu2021: folds 
Jcheungcheung: folds 
Uncalled bet (10) returned to Fernando_sc3
Fernando_sc3 collected 20 from pot
*** SUMMARY ***
Total pot 20 | Rake 0 
Seat 1: Mahu2021 (button) folded before Flop (didn't bet)
Seat 2: Jcheungcheung (small blind) folded before Flop
Seat 3: Fernando_sc3 (big blind) collected (20)



PokerStars Hand #253462475578: Tournament #3824879019, $1.84+$0.16 USD Hold'em No Limit - Level I (10/20) - 2024/11/18 17:42:59 CET [2024/11/18 11:42:59 ET]
Table '3824879019 1' 3-max Seat #2 is the button
Seat 1: Mahu2021 (480 in chips) 
Seat 2: Jcheungcheung (370 in chips) 
Seat 3: Fernando_sc3 (650 in chips) 
Fernando_sc3: posts small blind 10
Mahu2021: posts big blind 20
*** HOLE CARDS ***
Dealt to Mahu2021 [Ah Th]
Jcheungcheung: folds 
Fernando_sc3: folds 
Uncalled bet (10) returned to Mahu2021
Mahu2021 collected 20 from pot
Mahu2021: doesn't show hand 
*** SUMMARY ***
Total pot 20 | Rake 0 
Seat 1: Mahu2021 (big blind) collected (20)
Seat 2: Jcheungcheung (button) folded before Flop (didn't bet)
Seat 3: Fernando_sc3 (small blind) folded before Flop



PokerStars Hand #253462477596: Tournament #3824879019, $1.84+$0.16 USD Hold'em No Limit - Level II (15/30) - 2024/11/18 17:43:08 CET [2024/11/18 11:43:08 ET]
Table '3824879019 1' 3-max Seat #3 is the button
Seat 1: Mahu2021 (490 in chips) 
Seat 2: Jcheungcheung (370 in chips) 
Seat 3: Fernando_sc3 (640 in chips) 
Mahu2021: posts small blind 15
Jcheungcheung: posts big blind 30
*** HOLE CARDS ***
Dealt to Mahu2021 [9c 8h]
Fernando_sc3: folds 
Mahu2021: calls 15
Jcheungcheung: raises 340 to 370 and is all-in
Mahu2021: folds 
Uncalled bet (340) returned to Jcheungcheung
Jcheungcheung collected 60 from pot
Jcheungcheung: doesn't show hand 
*** SUMMARY ***
Total pot 60 | Rake 0 
Seat 1: Mahu2021 (small blind) folded before Flop
Seat 2: Jcheungcheung (big blind) collected (60)
Seat 3: Fernando_sc3 (button) folded before Flop (didn't bet)



PokerStars Hand #253462479437: Tournament #3824879019, $1.84+$0.16 USD Hold'em No Limit - Level II (15/30) - 2024/11/18 17:43:16 CET [2024/11/18 11:43:16 ET]
Table '3824879019 1' 3-max Seat #1 is the button
Seat 1: Mahu2021 (460 in chips) 
Seat 2: Jcheungcheung (400 in chips) 
Seat 3: Fernando_sc3 (640 in chips) 
Jcheungcheung: posts small blind 15
Fernando_sc3: posts big blind 30
*** HOLE CARDS ***
Dealt to Mahu2021 [Ts 7d]
Mahu2021: folds 
Jcheungcheung: raises 370 to 400 and is all-in
Fernando_sc3: folds 
Uncalled bet (370) returned to Jcheungcheung
Jcheungcheung collected 60 from pot
Jcheungcheung: doesn't show hand 
*** SUMMARY ***
Total pot 60 | Rake 0 
Seat 1: Mahu2021 (button) folded before Flop (didn't bet)
Seat 2: Jcheungcheung (small blind) collected (60)
Seat 3: Fernando_sc3 (big blind) folded before Flop



PokerStars Hand #253462481739: Tournament #3824879019, $1.84+$0.16 USD Hold'em No Limit - Level II (15/30) - 2024/11/18 17:43:27 CET [2024/11/18 11:43:27 ET]
Table '3824879019 1' 3-max Seat #2 is the button
Seat 1: Mahu2021 (460 in chips) 
Seat 2: Jcheungcheung (430 in chips) 
Seat 3: Fernando_sc3 (610 in chips) 
Fernando_sc3: posts small blind 15
Mahu2021: posts big blind 30
*** HOLE CARDS ***
Dealt to Mahu2021 [Jd 9h]
Jcheungcheung: folds 
Fernando_sc3: folds 
Uncalled bet (15) returned to Mahu2021
Mahu2021 collected 30 from pot
Mahu2021: doesn't show hand 
*** SUMMARY ***
Total pot 30 | Rake 0 
Seat 1: Mahu2021 (big blind) collected (30)
Seat 2: Jcheungcheung (button) folded before Flop (didn't bet)
Seat 3: Fernando_sc3 (small blind) folded before Flop



PokerStars Hand #253462483314: Tournament #3824879019, $1.84+$0.16 USD Hold'em No Limit - Level II (15/30) - 2024/11/18 17:43:34 CET [2024/11/18 11:43:34 ET]
Table '3824879019 1' 3-max Seat #3 is the button
Seat 1: Mahu2021 (475 in chips) 
Seat 2: Jcheungcheung (430 in chips) 
Seat 3: Fernando_sc3 (595 in chips) 
Mahu2021: posts small blind 15
Jcheungcheung: posts big blind 30
*** HOLE CARDS ***
Dealt to Mahu2021 [3s 9d]
Fernando_sc3: raises 30 to 60
Mahu2021: folds 
Jcheungcheung: raises 218 to 278
Fernando_sc3: folds 
Uncalled bet (218) returned to Jcheungcheung
Jcheungcheung collected 135 from pot
Jcheungcheung: doesn't show hand 
*** SUMMARY ***
Total pot 135 | Rake 0 
Seat 1: Mahu2021 (small blind) folded before Flop
Seat 2: Jcheungcheung (big blind) collected (135)
Seat 3: Fernando_sc3 (button) folded before Flop



PokerStars Hand #253462485741: Tournament #3824879019, $1.84+$0.16 USD Hold'em No Limit - Level II (15/30) - 2024/11/18 17:43:45 CET [2024/11/18 11:43:45 ET]
Table '3824879019 1' 3-max Seat #1 is the button
Seat 1: Mahu2021 (460 in chips) 
Seat 2: Jcheungcheung (505 in chips) 
Seat 3: Fernando_sc3 (535 in chips) 
Jcheungcheung: posts small blind 15
Fernando_sc3: posts big blind 30
*** HOLE CARDS ***
Dealt to Mahu2021 [9h 7c]
Mahu2021: folds 
Jcheungcheung: folds 
Uncalled bet (15) returned to Fernando_sc3
Fernando_sc3 collected 30 from pot
*** SUMMARY ***
Total pot 30 | Rake 0 
Seat 1: Mahu2021 (button) folded before Flop (didn't bet)
Seat 2: Jcheungcheung (small blind) folded before Flop
Seat 3: Fernando_sc3 (big blind) collected (30)



PokerStars Hand #253462486954: Tournament #3824879019, $1.84+$0.16 USD Hold'em No Limit - Level II (15/30) - 2024/11/18 17:43:50 CET [2024/11/18 11:43:50 ET]
Table '3824879019 1' 3-max Seat #2 is the button
Seat 1: Mahu2021 (460 in chips) 
Seat 2: Jcheungcheung (490 in chips) 
Seat 3: Fernando_sc3 (550 in chips) 
Fernando_sc3: posts small blind 15
Mahu2021: posts big blind 30
*** HOLE CARDS ***
Dealt to Mahu2021 [8h 7h]
Jcheungcheung: folds 
Fernando_sc3: folds 
Uncalled bet (15) returned to Mahu2021
Mahu2021 collected 30 from pot
Mahu2021: doesn't show hand 
*** SUMMARY ***
Total pot 30 | Rake 0 
Seat 1: Mahu2021 (big blind) collected (30)
Seat 2: Jcheungcheung (button) folded before Flop (didn't bet)
Seat 3: Fernando_sc3 (small blind) folded before Flop



PokerStars Hand #253462487872: Tournament #3824879019, $1.84+$0.16 USD Hold'em No Limit - Level II (15/30) - 2024/11/18 17:43:54 CET [2024/11/18 11:43:54 ET]
Table '3824879019 1' 3-max Seat #3 is the button
Seat 1: Mahu2021 (475 in chips) 
Seat 2: Jcheungcheung (490 in chips) 
Seat 3: Fernando_sc3 (535 in chips) 
Mahu2021: posts small blind 15
Jcheungcheung: posts big blind 30
*** HOLE CARDS ***
Dealt to Mahu2021 [6s 7h]
Fernando_sc3: raises 30 to 60
Mahu2021: folds 
Jcheungcheung: calls 30
*** FLOP *** [9s Jd 7c]
Jcheungcheung: checks 
Fernando_sc3: bets 45
Jcheungcheung: folds 
Uncalled bet (45) returned to Fernando_sc3
Fernando_sc3 collected 135 from pot
*** SUMMARY ***
Total pot 135 | Rake 0 
Board [9s Jd 7c]
Seat 1: Mahu2021 (small blind) folded before Flop
Seat 2: Jcheungcheung (big blind) folded on the Flop
Seat 3: Fernando_sc3 (button) collected (135)



PokerStars Hand #253462490814: Tournament #3824879019, $1.84+$0.16 USD Hold'em No Limit - Level II (15/30) - 2024/11/18 17:44:07 CET [2024/11/18 11:44:07 ET]
Table '3824879019 1' 3-max Seat #1 is the button
Seat 1: Mahu2021 (460 in chips) 
Seat 2: Jcheungcheung (430 in chips) 
Seat 3: Fernando_sc3 (610 in chips) 
Jcheungcheung: posts small blind 15
Fernando_sc3: posts big blind 30
*** HOLE CARDS ***
Dealt to Mahu2021 [Jh 4h]
Mahu2021: folds 
Jcheungcheung: raises 30 to 60
Fernando_sc3: calls 30
*** FLOP *** [9s 6h 3h]
Jcheungcheung: checks 
Fernando_sc3: checks 
*** TURN *** [9s 6h 3h] [Qd]
Jcheungcheung: checks 
Fernando_sc3: checks 
*** RIVER *** [9s 6h 3h Qd] [8h]
Jcheungcheung: bets 40
Fernando_sc3: raises 80 to 120
Jcheungcheung: calls 80
*** SHOW DOWN ***
Fernando_sc3: shows [5h 7s] (a straight, Five to Nine)
Jcheungcheung: mucks hand 
Fernando_sc3 collected 360 from pot
*** SUMMARY ***
Total pot 360 | Rake 0 
Board [9s 6h 3h Qd 8h]
Seat 1: Mahu2021 (button) folded before Flop (didn't bet)
Seat 2: Jcheungcheung (small blind) mucked [5d 8d]
Seat 3: Fernando_sc3 (big blind) showed [5h 7s] and won (360) with a straight, Five to Nine



PokerStars Hand #253462497422: Tournament #3824879019, $1.84+$0.16 USD Hold'em No Limit - Level II (15/30) - 2024/11/18 17:44:37 CET [2024/11/18 11:44:37 ET]
Table '3824879019 1' 3-max Seat #2 is the button
Seat 1: Mahu2021 (460 in chips) 
Seat 2: Jcheungcheung (250 in chips) 
Seat 3: Fernando_sc3 (790 in chips) 
Fernando_sc3: posts small blind 15
Mahu2021: posts big blind 30
*** HOLE CARDS ***
Dealt to Mahu2021 [6s 6h]
Jcheungcheung: folds 
Fernando_sc3: raises 30 to 60
Mahu2021: raises 400 to 460 and is all-in
Fernando_sc3: folds 
Uncalled bet (400) returned to Mahu2021
Mahu2021 collected 120 from pot
Mahu2021: doesn't show hand 
*** SUMMARY ***
Total pot 120 | Rake 0 
Seat 1: Mahu2021 (big blind) collected (120)
Seat 2: Jcheungcheung (button) folded before Flop (didn't bet)
Seat 3: Fernando_sc3 (small blind) folded before Flop



PokerStars Hand #253462500667: Tournament #3824879019, $1.84+$0.16 USD Hold'em No Limit - Level II (15/30) - 2024/11/18 17:44:52 CET [2024/11/18 11:44:52 ET]
Table '3824879019 1' 3-max Seat #3 is the button
Seat 1: Mahu2021 (520 in chips) 
Seat 2: Jcheungcheung (250 in chips) 
Seat 3: Fernando_sc3 (730 in chips) 
Mahu2021: posts small blind 15
Jcheungcheung: posts big blind 30
*** HOLE CARDS ***
Dealt to Mahu2021 [2h Kh]
Fernando_sc3: raises 30 to 60
Mahu2021: calls 45
Jcheungcheung: calls 30
*** FLOP *** [Js 8c 6c]
Mahu2021: checks 
Jcheungcheung: bets 190 and is all-in
Fernando_sc3: folds 
Mahu2021: folds 
Uncalled bet (190) returned to Jcheungcheung
Jcheungcheung collected 180 from pot
Jcheungcheung: doesn't show hand 
*** SUMMARY ***
Total pot 180 | Rake 0 
Board [Js 8c 6c]
Seat 1: Mahu2021 (small blind) folded on the Flop
Seat 2: Jcheungcheung (big blind) collected (180)
Seat 3: Fernando_sc3 (button) folded on the Flop



PokerStars Hand #253462503161: Tournament #3824879019, $1.84+$0.16 USD Hold'em No Limit - Level II (15/30) - 2024/11/18 17:45:03 CET [2024/11/18 11:45:03 ET]
Table '3824879019 1' 3-max Seat #1 is the button
Seat 1: Mahu2021 (460 in chips) 
Seat 2: Jcheungcheung (370 in chips) 
Seat 3: Fernando_sc3 (670 in chips) 
Jcheungcheung: posts small blind 15
Fernando_sc3: posts big blind 30
*** HOLE CARDS ***
Dealt to Mahu2021 [9h 6c]
Mahu2021: folds 
Jcheungcheung: raises 340 to 370 and is all-in
Fernando_sc3: folds 
Uncalled bet (340) returned to Jcheungcheung
Jcheungcheung collected 60 from pot
Jcheungcheung: doesn't show hand 
*** SUMMARY ***
Total pot 60 | Rake 0 
Seat 1: Mahu2021 (button) folded before Flop (didn't bet)
Seat 2: Jcheungcheung (small blind) collected (60)
Seat 3: Fernando_sc3 (big blind) folded before Flop



PokerStars Hand #253462505170: Tournament #3824879019, $1.84+$0.16 USD Hold'em No Limit - Level II (15/30) - 2024/11/18 17:45:13 CET [2024/11/18 11:45:13 ET]
Table '3824879019 1' 3-max Seat #2 is the button
Seat 1: Mahu2021 (460 in chips) 
Seat 2: Jcheungcheung (400 in chips) 
Seat 3: Fernando_sc3 (640 in chips) 
Fernando_sc3: posts small blind 15
Mahu2021: posts big blind 30
*** HOLE CARDS ***
Dealt to Mahu2021 [4c 8s]
Jcheungcheung: folds 
Fernando_sc3: folds 
Uncalled bet (15) returned to Mahu2021
Mahu2021 collected 30 from pot
Mahu2021: doesn't show hand 
*** SUMMARY ***
Total pot 30 | Rake 0 
Seat 1: Mahu2021 (big blind) collected (30)
Seat 2: Jcheungcheung (button) folded before Flop (didn't bet)
Seat 3: Fernando_sc3 (small blind) folded before Flop



PokerStars Hand #253462506114: Tournament #3824879019, $1.84+$0.16 USD Hold'em No Limit - Level II (15/30) - 2024/11/18 17:45:17 CET [2024/11/18 11:45:17 ET]
Table '3824879019 1' 3-max Seat #3 is the button
Seat 1: Mahu2021 (475 in chips) 
Seat 2: Jcheungcheung (400 in chips) 
Seat 3: Fernando_sc3 (625 in chips) 
Mahu2021: posts small blind 15
Jcheungcheung: posts big blind 30
*** HOLE CARDS ***
Dealt to Mahu2021 [Jc 2h]
Fernando_sc3: folds 
Mahu2021: folds 
Uncalled bet (15) returned to Jcheungcheung
Jcheungcheung collected 30 from pot
Jcheungcheung: doesn't show hand 
*** SUMMARY ***
Total pot 30 | Rake 0 
Seat 1: Mahu2021 (small blind) folded before Flop
Seat 2: Jcheungcheung (big blind) collected (30)
Seat 3: Fernando_sc3 (button) folded before Flop (didn't bet)



PokerStars Hand #253462507074: Tournament #3824879019, $1.84+$0.16 USD Hold'em No Limit - Level II (15/30) - 2024/11/18 17:45:21 CET [2024/11/18 11:45:21 ET]
Table '3824879019 1' 3-max Seat #1 is the button
Seat 1: Mahu2021 (460 in chips) 
Seat 2: Jcheungcheung (415 in chips) 
Seat 3: Fernando_sc3 (625 in chips) 
Jcheungcheung: posts small blind 15
Fernando_sc3: posts big blind 30
*** HOLE CARDS ***
Dealt to Mahu2021 [8h Jd]
Mahu2021: folds 
Jcheungcheung: folds 
Uncalled bet (15) returned to Fernando_sc3
Fernando_sc3 collected 30 from pot
*** SUMMARY ***
Total pot 30 | Rake 0 
Seat 1: Mahu2021 (button) folded before Flop (didn't bet)
Seat 2: Jcheungcheung (small blind) folded before Flop
Seat 3: Fernando_sc3 (big blind) collected (30)



PokerStars Hand #253462508232: Tournament #3824879019, $1.84+$0.16 USD Hold'em No Limit - Level II (15/30) - 2024/11/18 17:45:27 CET [2024/11/18 11:45:27 ET]
Table '3824879019 1' 3-max Seat #2 is the button
Seat 1: Mahu2021 (460 in chips) 
Seat 2: Jcheungcheung (400 in chips) 
Seat 3: Fernando_sc3 (640 in chips) 
Fernando_sc3: posts small blind 15
Mahu2021: posts big blind 30
*** HOLE CARDS ***
Dealt to Mahu2021 [Ad 2d]
Jcheungcheung: folds 
Fernando_sc3: folds 
Uncalled bet (15) returned to Mahu2021
Mahu2021 collected 30 from pot
Mahu2021: doesn't show hand 
*** SUMMARY ***
Total pot 30 | Rake 0 
Seat 1: Mahu2021 (big blind) collected (30)
Seat 2: Jcheungcheung (button) folded before Flop (didn't bet)
Seat 3: Fernando_sc3 (small blind) folded before Flop



PokerStars Hand #253462509365: Tournament #3824879019, $1.84+$0.16 USD Hold'em No Limit - Level II (15/30) - 2024/11/18 17:45:32 CET [2024/11/18 11:45:32 ET]
Table '3824879019 1' 3-max Seat #3 is the button
Seat 1: Mahu2021 (475 in chips) 
Seat 2: Jcheungcheung (400 in chips) 
Seat 3: Fernando_sc3 (625 in chips) 
Mahu2021: posts small blind 15
Jcheungcheung: posts big blind 30
*** HOLE CARDS ***
Dealt to Mahu2021 [Jd 5s]
Fernando_sc3: folds 
Mahu2021: folds 
Uncalled bet (15) returned to Jcheungcheung
Jcheungcheung collected 30 from pot
Jcheungcheung: doesn't show hand 
*** SUMMARY ***
Total pot 30 | Rake 0 
Seat 1: Mahu2021 (small blind) folded before Flop
Seat 2: Jcheungcheung (big blind) collected (30)
Seat 3: Fernando_sc3 (button) folded before Flop (didn't bet)



PokerStars Hand #253462510342: Tournament #3824879019, $1.84+$0.16 USD Hold'em No Limit - Level II (15/30) - 2024/11/18 17:45:36 CET [2024/11/18 11:45:36 ET]
Table '3824879019 1' 3-max Seat #1 is the button
Seat 1: Mahu2021 (460 in chips) 
Seat 2: Jcheungcheung (415 in chips) 
Seat 3: Fernando_sc3 (625 in chips) 
Jcheungcheung: posts small blind 15
Fernando_sc3: posts big blind 30
*** HOLE CARDS ***
Dealt to Mahu2021 [6h 2c]
Mahu2021: folds 
Jcheungcheung: raises 385 to 415 and is all-in
Fernando_sc3: calls 385
*** FLOP *** [Jd Kd Td]
*** TURN *** [Jd Kd Td] [Qs]
*** RIVER *** [Jd Kd Td Qs] [5s]
*** SHOW DOWN ***
Jcheungcheung: shows [Ad 2d] (a flush, Ace high)
Fernando_sc3: shows [8d 8c] (a pair of Eights)
Jcheungcheung collected 830 from pot
*** SUMMARY ***
Total pot 830 | Rake 0 
Board [Jd Kd Td Qs 5s]
Seat 1: Mahu2021 (button) folded before Flop (didn't bet)
Seat 2: Jcheungcheung (small blind) showed [Ad 2d] and won (830) with a flush, Ace high
Seat 3: Fernando_sc3 (big blind) showed [8d 8c] and lost with a pair of Eights



PokerStars Hand #253462513226: Tournament #3824879019, $1.84+$0.16 USD Hold'em No Limit - Level II (15/30) - 2024/11/18 17:45:49 CET [2024/11/18 11:45:49 ET]
Table '3824879019 1' 3-max Seat #2 is the button
Seat 1: Mahu2021 (460 in chips) 
Seat 2: Jcheungcheung (830 in chips) 
Seat 3: Fernando_sc3 (210 in chips) 
Fernando_sc3: posts small blind 15
Mahu2021: posts big blind 30
*** HOLE CARDS ***
Dealt to Mahu2021 [Ts 7c]
Jcheungcheung: folds 
Fernando_sc3: folds 
Uncalled bet (15) returned to Mahu2021
Mahu2021 collected 30 from pot
Mahu2021: doesn't show hand 
*** SUMMARY ***
Total pot 30 | Rake 0 
Seat 1: Mahu2021 (big blind) collected (30)
Seat 2: Jcheungcheung (button) folded before Flop (didn't bet)
Seat 3: Fernando_sc3 (small blind) folded before Flop



PokerStars Hand #253462514260: Tournament #3824879019, $1.84+$0.16 USD Hold'em No Limit - Level II (15/30) - 2024/11/18 17:45:54 CET [2024/11/18 11:45:54 ET]
Table '3824879019 1' 3-max Seat #3 is the button
Seat 1: Mahu2021 (475 in chips) 
Seat 2: Jcheungcheung (830 in chips) 
Seat 3: Fernando_sc3 (195 in chips) 
Mahu2021: posts small blind 15
Jcheungcheung: posts big blind 30
*** HOLE CARDS ***
Dealt to Mahu2021 [Ah Qd]
Fernando_sc3: folds 
Mahu2021: calls 15
Jcheungcheung: checks 
*** FLOP *** [Ts Ks 2s]
Mahu2021: checks 
Jcheungcheung: bets 30
Mahu2021: folds 
Uncalled bet (30) returned to Jcheungcheung
Jcheungcheung collected 60 from pot
Jcheungcheung: doesn't show hand 
*** SUMMARY ***
Total pot 60 | Rake 0 
Board [Ts Ks 2s]
Seat 1: Mahu2021 (small blind) folded on the Flop
Seat 2: Jcheungcheung (big blind) collected (60)
Seat 3: Fernando_sc3 (button) folded before Flop (didn't bet)



PokerStars Hand #253462517029: Tournament #3824879019, $1.84+$0.16 USD Hold'em No Limit - Level III (20/40) - 2024/11/18 17:46:07 CET [2024/11/18 11:46:07 ET]
Table '3824879019 1' 3-max Seat #1 is the button
Seat 1: Mahu2021 (445 in chips) 
Seat 2: Jcheungcheung (860 in chips) 
Seat 3: Fernando_sc3 (195 in chips) 
Jcheungcheung: posts small blind 20
Fernando_sc3: posts big blind 40
*** HOLE CARDS ***
Dealt to Mahu2021 [Kh Th]
Mahu2021: calls 40
Jcheungcheung: raises 341 to 381
Fernando_sc3: calls 155 and is all-in
Mahu2021: folds 
Uncalled bet (186) returned to Jcheungcheung
*** FLOP *** [2c 7c Ts]
*** TURN *** [2c 7c Ts] [6s]
*** RIVER *** [2c 7c Ts 6s] [9s]
*** SHOW DOWN ***
Jcheungcheung: shows [As Qs] (a flush, Ace high)
Fernando_sc3: shows [Ac 6d] (a pair of Sixes)
Jcheungcheung collected 430 from pot
Fernando_sc3 finished the tournament in 3rd place
*** SUMMARY ***
Total pot 430 | Rake 0 
Board [2c 7c Ts 6s 9s]
Seat 1: Mahu2021 (button) folded before Flop
Seat 2: Jcheungcheung (small blind) showed [As Qs] and won (430) with a flush, Ace high
Seat 3: Fernando_sc3 (big blind) showed [Ac 6d] and lost with a pair of Sixes



PokerStars Hand #253462521670: Tournament #3824879019, $1.84+$0.16 USD Hold'em No Limit - Level III (20/40) - 2024/11/18 17:46:28 CET [2024/11/18 11:46:28 ET]
Table '3824879019 1' 3-max Seat #2 is the button
Seat 1: Mahu2021 (405 in chips) 
Seat 2: Jcheungcheung (1095 in chips) 
Jcheungcheung: posts small blind 20
Mahu2021: posts big blind 40
*** HOLE CARDS ***
Dealt to Mahu2021 [5s Js]
Jcheungcheung: raises 1055 to 1095 and is all-in
Mahu2021: folds 
Uncalled bet (1055) returned to Jcheungcheung
Jcheungcheung collected 80 from pot
Jcheungcheung: doesn't show hand 
*** SUMMARY ***
Total pot 80 | Rake 0 
Seat 1: Mahu2021 (big blind) folded before Flop
Seat 2: Jcheungcheung (button) (small blind) collected (80)



PokerStars Hand #253462522984: Tournament #3824879019, $1.84+$0.16 USD Hold'em No Limit - Level III (20/40) - 2024/11/18 17:46:34 CET [2024/11/18 11:46:34 ET]
Table '3824879019 1' 3-max Seat #1 is the button
Seat 1: Mahu2021 (365 in chips) 
Seat 2: Jcheungcheung (1135 in chips) 
Mahu2021: posts small blind 20
Jcheungcheung: posts big blind 40
*** HOLE CARDS ***
Dealt to Mahu2021 [Jc Ts]
Mahu2021: calls 20
Jcheungcheung: checks 
*** FLOP *** [9s 3h Ad]
Jcheungcheung: bets 40
Mahu2021: calls 40
*** TURN *** [9s 3h Ad] [4s]
Jcheungcheung: checks 
Mahu2021: bets 40
Jcheungcheung: calls 40
*** RIVER *** [9s 3h Ad 4s] [7s]
Jcheungcheung: checks 
Mahu2021: bets 245 and is all-in
Jcheungcheung: folds 
Uncalled bet (245) returned to Mahu2021
Mahu2021 collected 240 from pot
Mahu2021: doesn't show hand 
*** SUMMARY ***
Total pot 240 | Rake 0 
Board [9s 3h Ad 4s 7s]
Seat 1: Mahu2021 (button) (small blind) collected (240)
Seat 2: Jcheungcheung (big blind) folded on the River



PokerStars Hand #253462526680: Tournament #3824879019, $1.84+$0.16 USD Hold'em No Limit - Level III (20/40) - 2024/11/18 17:46:50 CET [2024/11/18 11:46:50 ET]
Table '3824879019 1' 3-max Seat #2 is the button
Seat 1: Mahu2021 (485 in chips) 
Seat 2: Jcheungcheung (1015 in chips) 
Jcheungcheung: posts small blind 20
Mahu2021: posts big blind 40
*** HOLE CARDS ***
Dealt to Mahu2021 [As 7s]
Jcheungcheung: calls 20
Mahu2021: checks 
*** FLOP *** [Ts Qs 2s]
Mahu2021: checks 
Jcheungcheung: bets 40
Mahu2021: calls 40
*** TURN *** [Ts Qs 2s] [3s]
Mahu2021: checks 
Jcheungcheung: checks 
*** RIVER *** [Ts Qs 2s 3s] [Ah]
Mahu2021: bets 80
Jcheungcheung: folds 
Uncalled bet (80) returned to Mahu2021
Mahu2021 collected 160 from pot
Mahu2021: doesn't show hand 
*** SUMMARY ***
Total pot 160 | Rake 0 
Board [Ts Qs 2s 3s Ah]
Seat 1: Mahu2021 (big blind) collected (160)
Seat 2: Jcheungcheung (button) (small blind) folded on the River



PokerStars Hand #253462530061: Tournament #3824879019, $1.84+$0.16 USD Hold'em No Limit - Level III (20/40) - 2024/11/18 17:47:05 CET [2024/11/18 11:47:05 ET]
Table '3824879019 1' 3-max Seat #1 is the button
Seat 1: Mahu2021 (565 in chips) 
Seat 2: Jcheungcheung (935 in chips) 
Mahu2021: posts small blind 20
Jcheungcheung: posts big blind 40
*** HOLE CARDS ***
Dealt to Mahu2021 [Kh 9c]
Mahu2021: calls 20
Jcheungcheung: checks 
*** FLOP *** [Ah 4c Qs]
Jcheungcheung: checks 
Mahu2021: bets 40
Jcheungcheung: calls 40
*** TURN *** [Ah 4c Qs] [Jd]
Jcheungcheung: checks 
Mahu2021: checks 
*** RIVER *** [Ah 4c Qs Jd] [7c]
Jcheungcheung: checks 
Mahu2021: checks 
*** SHOW DOWN ***
Jcheungcheung: shows [2d 3s] (high card Ace)
Mahu2021: shows [Kh 9c] (high card Ace - King kicker)
Mahu2021 collected 160 from pot
*** SUMMARY ***
Total pot 160 | Rake 0 
Board [Ah 4c Qs Jd 7c]
Seat 1: Mahu2021 (button) (small blind) showed [Kh 9c] and won (160) with high card Ace
Seat 2: Jcheungcheung (big blind) showed [2d 3s] and lost with high card Ace



PokerStars Hand #253462533301: Tournament #3824879019, $1.84+$0.16 USD Hold'em No Limit - Level III (20/40) - 2024/11/18 17:47:20 CET [2024/11/18 11:47:20 ET]
Table '3824879019 1' 3-max Seat #2 is the button
Seat 1: Mahu2021 (645 in chips) 
Seat 2: Jcheungcheung (855 in chips) 
Jcheungcheung: posts small blind 20
Mahu2021: posts big blind 40
*** HOLE CARDS ***
Dealt to Mahu2021 [4c 3d]
Jcheungcheung: calls 20
Mahu2021: checks 
*** FLOP *** [Js 9c Td]
Mahu2021: checks 
Jcheungcheung: bets 72
Mahu2021: folds 
Uncalled bet (72) returned to Jcheungcheung
Jcheungcheung collected 80 from pot
Jcheungcheung: doesn't show hand 
*** SUMMARY ***
Total pot 80 | Rake 0 
Board [Js 9c Td]
Seat 1: Mahu2021 (big blind) folded on the Flop
Seat 2: Jcheungcheung (button) (small blind) collected (80)



PokerStars Hand #253462535367: Tournament #3824879019, $1.84+$0.16 USD Hold'em No Limit - Level III (20/40) - 2024/11/18 17:47:29 CET [2024/11/18 11:47:29 ET]
Table '3824879019 1' 3-max Seat #1 is the button
Seat 1: Mahu2021 (605 in chips) 
Seat 2: Jcheungcheung (895 in chips) 
Mahu2021: posts small blind 20
Jcheungcheung: posts big blind 40
*** HOLE CARDS ***
Dealt to Mahu2021 [2d 4d]
Mahu2021: calls 20
Jcheungcheung: checks 
*** FLOP *** [Qh Jd 5h]
Jcheungcheung: checks 
Mahu2021: checks 
*** TURN *** [Qh Jd 5h] [Kd]
Jcheungcheung: checks 
Mahu2021: bets 40
Jcheungcheung: calls 40
*** RIVER *** [Qh Jd 5h Kd] [8s]
Jcheungcheung: checks 
Mahu2021: bets 80
Jcheungcheung: folds 
Uncalled bet (80) returned to Mahu2021
Mahu2021 collected 160 from pot
Mahu2021: doesn't show hand 
*** SUMMARY ***
Total pot 160 | Rake 0 
Board [Qh Jd 5h Kd 8s]
Seat 1: Mahu2021 (button) (small blind) collected (160)
Seat 2: Jcheungcheung (big blind) folded on the River



PokerStars Hand #253462539175: Tournament #3824879019, $1.84+$0.16 USD Hold'em No Limit - Level III (20/40) - 2024/11/18 17:47:47 CET [2024/11/18 11:47:47 ET]
Table '3824879019 1' 3-max Seat #2 is the button
Seat 1: Mahu2021 (685 in chips) 
Seat 2: Jcheungcheung (815 in chips) 
Jcheungcheung: posts small blind 20
Mahu2021: posts big blind 40
*** HOLE CARDS ***
Dealt to Mahu2021 [9c 6h]
Jcheungcheung: raises 775 to 815 and is all-in
Mahu2021: folds 
Uncalled bet (775) returned to Jcheungcheung
Jcheungcheung collected 80 from pot
Jcheungcheung: doesn't show hand 
*** SUMMARY ***
Total pot 80 | Rake 0 
Seat 1: Mahu2021 (big blind) folded before Flop
Seat 2: Jcheungcheung (button) (small blind) collected (80)



PokerStars Hand #253462540584: Tournament #3824879019, $1.84+$0.16 USD Hold'em No Limit - Level III (20/40) - 2024/11/18 17:47:53 CET [2024/11/18 11:47:53 ET]
Table '3824879019 1' 3-max Seat #1 is the button
Seat 1: Mahu2021 (645 in chips) 
Seat 2: Jcheungcheung (855 in chips) 
Mahu2021: posts small blind 20
Jcheungcheung: posts big blind 40
*** HOLE CARDS ***
Dealt to Mahu2021 [Ts Qh]
Mahu2021: calls 20
Jcheungcheung: checks 
*** FLOP *** [9d 9c Kc]
Jcheungcheung: bets 88
Mahu2021: folds 
Uncalled bet (88) returned to Jcheungcheung
Jcheungcheung collected 80 from pot
Jcheungcheung: doesn't show hand 
*** SUMMARY ***
Total pot 80 | Rake 0 
Board [9d 9c Kc]
Seat 1: Mahu2021 (button) (small blind) folded on the Flop
Seat 2: Jcheungcheung (big blind) collected (80)



PokerStars Hand #253462543659: Tournament #3824879019, $1.84+$0.16 USD Hold'em No Limit - Level III (20/40) - 2024/11/18 17:48:06 CET [2024/11/18 11:48:06 ET]
Table '3824879019 1' 3-max Seat #2 is the button
Seat 1: Mahu2021 (605 in chips) 
Seat 2: Jcheungcheung (895 in chips) 
Jcheungcheung: posts small blind 20
Mahu2021: posts big blind 40
*** HOLE CARDS ***
Dealt to Mahu2021 [Jd 5c]
Jcheungcheung: calls 20
Mahu2021: checks 
*** FLOP *** [Ts 4h 9d]
Mahu2021: checks 
Jcheungcheung: checks 
*** TURN *** [Ts 4h 9d] [3c]
Mahu2021: checks 
Jcheungcheung: checks 
*** RIVER *** [Ts 4h 9d 3c] [As]
Mahu2021: checks 
Jcheungcheung: bets 40
Mahu2021: folds 
Uncalled bet (40) returned to Jcheungcheung
Jcheungcheung collected 80 from pot
Jcheungcheung: doesn't show hand 
*** SUMMARY ***
Total pot 80 | Rake 0 
Board [Ts 4h 9d 3c As]
Seat 1: Mahu2021 (big blind) folded on the River
Seat 2: Jcheungcheung (button) (small blind) collected (80)



PokerStars Hand #253462546749: Tournament #3824879019, $1.84+$0.16 USD Hold'em No Limit - Level III (20/40) - 2024/11/18 17:48:20 CET [2024/11/18 11:48:20 ET]
Table '3824879019 1' 3-max Seat #1 is the button
Seat 1: Mahu2021 (565 in chips) 
Seat 2: Jcheungcheung (935 in chips) 
Mahu2021: posts small blind 20
Jcheungcheung: posts big blind 40
*** HOLE CARDS ***
Dealt to Mahu2021 [Jh Tc]
Mahu2021: calls 20
Jcheungcheung: raises 40 to 80
Mahu2021: calls 40
*** FLOP *** [2c 8c 3d]
Jcheungcheung: bets 40
Mahu2021: calls 40
*** TURN *** [2c 8c 3d] [7c]
Jcheungcheung: bets 216
Mahu2021: folds 
Uncalled bet (216) returned to Jcheungcheung
Jcheungcheung collected 240 from pot
Jcheungcheung: doesn't show hand 
*** SUMMARY ***
Total pot 240 | Rake 0 
Board [2c 8c 3d 7c]
Seat 1: Mahu2021 (button) (small blind) folded on the Turn
Seat 2: Jcheungcheung (big blind) collected (240)



PokerStars Hand #253462549912: Tournament #3824879019, $1.84+$0.16 USD Hold'em No Limit - Level III (20/40) - 2024/11/18 17:48:35 CET [2024/11/18 11:48:35 ET]
Table '3824879019 1' 3-max Seat #2 is the button
Seat 1: Mahu2021 (445 in chips) 
Seat 2: Jcheungcheung (1055 in chips) 
Jcheungcheung: posts small blind 20
Mahu2021: posts big blind 40
*** HOLE CARDS ***
Dealt to Mahu2021 [2s As]
Jcheungcheung: raises 1015 to 1055 and is all-in
Mahu2021: calls 405 and is all-in
Uncalled bet (610) returned to Jcheungcheung
*** FLOP *** [6d Qh 5h]
*** TURN *** [6d Qh 5h] [9h]
*** RIVER *** [6d Qh 5h 9h] [7d]
*** SHOW DOWN ***
Mahu2021: shows [2s As] (high card Ace)
Jcheungcheung: shows [Ts Td] (a pair of Tens)
Jcheungcheung collected 890 from pot
Mahu2021 finished the tournament in 2nd place
Jcheungcheung wins the tournament and receives $8.00 - congratulations!
*** SUMMARY ***
Total pot 890 | Rake 0 
Board [6d Qh 5h 9h 7d]
Seat 1: Mahu2021 (big blind) showed [2s As] and lost with high card Ace
Seat 2: Jcheungcheung (button) (small blind) showed [Ts Td] and won (890) with a pair of Tens



