PokerStars Hand #245603397607: Tournament #3636455453, $0.92+$0.08 USD Hold'em No Limit - Level I (10/20) - 2023/08/26 17:10:44 CET [2023/08/26 11:10:44 ET]
Table '3636455453 1' 3-max Seat #1 is the button
Seat 1: Mahu2021 (500 in chips) 
Seat 2: mmm7575 (500 in chips) 
Seat 3: aoePK (500 in chips) 
mmm7575: posts small blind 10
aoePK: posts big blind 20
*** HOLE CARDS ***
Dealt to Mahu2021 [6d 5c]
Mahu2021: calls 20
mmm7575: calls 10
aoePK: checks 
*** FLOP *** [Kh 5d 9d]
mmm7575: checks 
aoePK: bets 31
Mahu2021: folds 
mmm7575: folds 
Uncalled bet (31) returned to aoePK
aoePK collected 60 from pot
*** SUMMARY ***
Total pot 60 | Rake 0 
Board [Kh 5d 9d]
Seat 1: Mahu2021 (button) folded on the Flop
Seat 2: mmm7575 (small blind) folded on the Flop
Seat 3: aoePK (big blind) collected (60)



PokerStars Hand #245603404703: Tournament #3636455453, $0.92+$0.08 USD Hold'em No Limit - Level I (10/20) - 2023/08/26 17:11:12 CET [2023/08/26 11:11:12 ET]
Table '3636455453 1' 3-max Seat #2 is the button
Seat 1: Mahu2021 (480 in chips) 
Seat 2: mmm7575 (480 in chips) 
Seat 3: aoePK (540 in chips) 
aoePK: posts small blind 10
Mahu2021: posts big blind 20
*** HOLE CARDS ***
Dealt to Mahu2021 [2c 6s]
mmm7575: folds 
aoePK: raises 20 to 40
Mahu2021: folds 
Uncalled bet (20) returned to aoePK
aoePK collected 40 from pot
*** SUMMARY ***
Total pot 40 | Rake 0 
Seat 1: Mahu2021 (big blind) folded before Flop
Seat 2: mmm7575 (button) folded before Flop (didn't bet)
Seat 3: aoePK (small blind) collected (40)



PokerStars Hand #245603408509: Tournament #3636455453, $0.92+$0.08 USD Hold'em No Limit - Level I (10/20) - 2023/08/26 17:11:27 CET [2023/08/26 11:11:27 ET]
Table '3636455453 1' 3-max Seat #3 is the button
Seat 1: Mahu2021 (460 in chips) 
Seat 2: mmm7575 (480 in chips) 
Seat 3: aoePK (560 in chips) 
Mahu2021: posts small blind 10
mmm7575: posts big blind 20
*** HOLE CARDS ***
Dealt to Mahu2021 [8h Js]
aoePK: folds 
Mahu2021: calls 10
mmm7575: checks 
*** FLOP *** [4h Ac 6d]
Mahu2021: checks 
mmm7575: checks 
*** TURN *** [4h Ac 6d] [Jh]
Mahu2021: bets 20
mmm7575: calls 20
*** RIVER *** [4h Ac 6d Jh] [5c]
Mahu2021: bets 20
mmm7575: calls 20
*** SHOW DOWN ***
Mahu2021: shows [8h Js] (a pair of Jacks)
mmm7575: shows [5d 6h] (two pair, Sixes and Fives)
mmm7575 collected 120 from pot
*** SUMMARY ***
Total pot 120 | Rake 0 
Board [4h Ac 6d Jh 5c]
Seat 1: Mahu2021 (small blind) showed [8h Js] and lost with a pair of Jacks
Seat 2: mmm7575 (big blind) showed [5d 6h] and won (120) with two pair, Sixes and Fives
Seat 3: aoePK (button) folded before Flop (didn't bet)



PokerStars Hand #245603413476: Tournament #3636455453, $0.92+$0.08 USD Hold'em No Limit - Level I (10/20) - 2023/08/26 17:11:47 CET [2023/08/26 11:11:47 ET]
Table '3636455453 1' 3-max Seat #1 is the button
Seat 1: Mahu2021 (400 in chips) 
Seat 2: mmm7575 (540 in chips) 
Seat 3: aoePK (560 in chips) 
mmm7575: posts small blind 10
aoePK: posts big blind 20
*** HOLE CARDS ***
Dealt to Mahu2021 [4c 9c]
Mahu2021: folds 
mmm7575: calls 10
aoePK: checks 
*** FLOP *** [7d 4h 5c]
mmm7575: checks 
aoePK: bets 20
mmm7575: calls 20
*** TURN *** [7d 4h 5c] [9s]
mmm7575: checks 
aoePK: checks 
*** RIVER *** [7d 4h 5c 9s] [Qh]
mmm7575: bets 40
aoePK: calls 40
*** SHOW DOWN ***
mmm7575: shows [3d As] (high card Ace)
aoePK: shows [6h 9d] (a pair of Nines)
aoePK collected 160 from pot
*** SUMMARY ***
Total pot 160 | Rake 0 
Board [7d 4h 5c 9s Qh]
Seat 1: Mahu2021 (button) folded before Flop (didn't bet)
Seat 2: mmm7575 (small blind) showed [3d As] and lost with high card Ace
Seat 3: aoePK (big blind) showed [6h 9d] and won (160) with a pair of Nines



PokerStars Hand #245603419718: Tournament #3636455453, $0.92+$0.08 USD Hold'em No Limit - Level I (10/20) - 2023/08/26 17:12:12 CET [2023/08/26 11:12:12 ET]
Table '3636455453 1' 3-max Seat #2 is the button
Seat 1: Mahu2021 (400 in chips) 
Seat 2: mmm7575 (460 in chips) 
Seat 3: aoePK (640 in chips) 
aoePK: posts small blind 10
Mahu2021: posts big blind 20
*** HOLE CARDS ***
Dealt to Mahu2021 [Th 7s]
mmm7575: folds 
aoePK: folds 
Uncalled bet (10) returned to Mahu2021
Mahu2021 collected 20 from pot
Mahu2021: doesn't show hand 
*** SUMMARY ***
Total pot 20 | Rake 0 
Seat 1: Mahu2021 (big blind) collected (20)
Seat 2: mmm7575 (button) folded before Flop (didn't bet)
Seat 3: aoePK (small blind) folded before Flop



PokerStars Hand #245603421357: Tournament #3636455453, $0.92+$0.08 USD Hold'em No Limit - Level I (10/20) - 2023/08/26 17:12:18 CET [2023/08/26 11:12:18 ET]
Table '3636455453 1' 3-max Seat #3 is the button
Seat 1: Mahu2021 (410 in chips) 
Seat 2: mmm7575 (460 in chips) 
Seat 3: aoePK (630 in chips) 
Mahu2021: posts small blind 10
mmm7575: posts big blind 20
*** HOLE CARDS ***
Dealt to Mahu2021 [Ad Js]
aoePK: raises 610 to 630 and is all-in
Mahu2021: calls 400 and is all-in
mmm7575: folds 
Uncalled bet (220) returned to aoePK
*** FLOP *** [As 9d 8s]
*** TURN *** [As 9d 8s] [2h]
*** RIVER *** [As 9d 8s 2h] [9c]
*** SHOW DOWN ***
Mahu2021: shows [Ad Js] (two pair, Aces and Nines)
aoePK: shows [8h Ah] (two pair, Aces and Nines - lower kicker)
Mahu2021 collected 840 from pot
*** SUMMARY ***
Total pot 840 | Rake 0 
Board [As 9d 8s 2h 9c]
Seat 1: Mahu2021 (small blind) showed [Ad Js] and won (840) with two pair, Aces and Nines
Seat 2: mmm7575 (big blind) folded before Flop
Seat 3: aoePK (button) showed [8h Ah] and lost with two pair, Aces and Nines



PokerStars Hand #245603425607: Tournament #3636455453, $0.92+$0.08 USD Hold'em No Limit - Level I (10/20) - 2023/08/26 17:12:34 CET [2023/08/26 11:12:34 ET]
Table '3636455453 1' 3-max Seat #1 is the button
Seat 1: Mahu2021 (840 in chips) 
Seat 2: mmm7575 (440 in chips) 
Seat 3: aoePK (220 in chips) 
mmm7575: posts small blind 10
aoePK: posts big blind 20
*** HOLE CARDS ***
Dealt to Mahu2021 [Ts 9d]
Mahu2021: folds 
mmm7575: calls 10
aoePK: checks 
*** FLOP *** [Ah Jh Kd]
mmm7575: checks 
aoePK: checks 
*** TURN *** [Ah Jh Kd] [Tc]
mmm7575: bets 20
aoePK: calls 20
*** RIVER *** [Ah Jh Kd Tc] [9h]
mmm7575: bets 20
aoePK: raises 40 to 60
mmm7575: folds 
Uncalled bet (40) returned to aoePK
aoePK collected 120 from pot
*** SUMMARY ***
Total pot 120 | Rake 0 
Board [Ah Jh Kd Tc 9h]
Seat 1: Mahu2021 (button) folded before Flop (didn't bet)
Seat 2: mmm7575 (small blind) folded on the River
Seat 3: aoePK (big blind) collected (120)



PokerStars Hand #245603435488: Tournament #3636455453, $0.92+$0.08 USD Hold'em No Limit - Level II (15/30) - 2023/08/26 17:13:13 CET [2023/08/26 11:13:13 ET]
Table '3636455453 1' 3-max Seat #2 is the button
Seat 1: Mahu2021 (840 in chips) 
Seat 2: mmm7575 (380 in chips) 
Seat 3: aoePK (280 in chips) 
aoePK: posts small blind 15
Mahu2021: posts big blind 30
*** HOLE CARDS ***
Dealt to Mahu2021 [8c Td]
mmm7575: folds 
aoePK: raises 250 to 280 and is all-in
Mahu2021: folds 
Uncalled bet (250) returned to aoePK
aoePK collected 60 from pot
*** SUMMARY ***
Total pot 60 | Rake 0 
Seat 1: Mahu2021 (big blind) folded before Flop
Seat 2: mmm7575 (button) folded before Flop (didn't bet)
Seat 3: aoePK (small blind) collected (60)



PokerStars Hand #245603438177: Tournament #3636455453, $0.92+$0.08 USD Hold'em No Limit - Level II (15/30) - 2023/08/26 17:13:23 CET [2023/08/26 11:13:23 ET]
Table '3636455453 1' 3-max Seat #3 is the button
Seat 1: Mahu2021 (810 in chips) 
Seat 2: mmm7575 (380 in chips) 
Seat 3: aoePK (310 in chips) 
Mahu2021: posts small blind 15
mmm7575: posts big blind 30
*** HOLE CARDS ***
Dealt to Mahu2021 [Jc Td]
aoePK: folds 
Mahu2021: raises 30 to 60
mmm7575: calls 30
*** FLOP *** [Js 8s Qc]
Mahu2021: checks 
mmm7575: checks 
*** TURN *** [Js 8s Qc] [6d]
Mahu2021: bets 30
mmm7575: calls 30
*** RIVER *** [Js 8s Qc 6d] [5h]
Mahu2021: bets 30
mmm7575: calls 30
*** SHOW DOWN ***
Mahu2021: shows [Jc Td] (a pair of Jacks)
mmm7575: mucks hand 
Mahu2021 collected 240 from pot
*** SUMMARY ***
Total pot 240 | Rake 0 
Board [Js 8s Qc 6d 5h]
Seat 1: Mahu2021 (small blind) showed [Jc Td] and won (240) with a pair of Jacks
Seat 2: mmm7575 (big blind) mucked [7d 5s]
Seat 3: aoePK (button) folded before Flop (didn't bet)



PokerStars Hand #245603444122: Tournament #3636455453, $0.92+$0.08 USD Hold'em No Limit - Level II (15/30) - 2023/08/26 17:13:46 CET [2023/08/26 11:13:46 ET]
Table '3636455453 1' 3-max Seat #1 is the button
Seat 1: Mahu2021 (930 in chips) 
Seat 2: mmm7575 (260 in chips) 
Seat 3: aoePK (310 in chips) 
mmm7575: posts small blind 15
aoePK: posts big blind 30
*** HOLE CARDS ***
Dealt to Mahu2021 [3s Kh]
Mahu2021: folds 
mmm7575: calls 15
aoePK: checks 
*** FLOP *** [4s Ks 8s]
mmm7575: checks 
aoePK: checks 
*** TURN *** [4s Ks 8s] [Ac]
mmm7575: bets 30
aoePK: folds 
Uncalled bet (30) returned to mmm7575
mmm7575 collected 60 from pot
*** SUMMARY ***
Total pot 60 | Rake 0 
Board [4s Ks 8s Ac]
Seat 1: Mahu2021 (button) folded before Flop (didn't bet)
Seat 2: mmm7575 (small blind) collected (60)
Seat 3: aoePK (big blind) folded on the Turn



PokerStars Hand #245603449587: Tournament #3636455453, $0.92+$0.08 USD Hold'em No Limit - Level II (15/30) - 2023/08/26 17:14:08 CET [2023/08/26 11:14:08 ET]
Table '3636455453 1' 3-max Seat #2 is the button
Seat 1: Mahu2021 (930 in chips) 
Seat 2: mmm7575 (290 in chips) 
Seat 3: aoePK (280 in chips) 
aoePK: posts small blind 15
Mahu2021: posts big blind 30
*** HOLE CARDS ***
Dealt to Mahu2021 [Kd Ac]
mmm7575: folds 
aoePK: raises 250 to 280 and is all-in
Mahu2021: calls 250
*** FLOP *** [3h Js Td]
*** TURN *** [3h Js Td] [Tc]
*** RIVER *** [3h Js Td Tc] [Ts]
*** SHOW DOWN ***
aoePK: shows [Qd 3d] (a full house, Tens full of Threes)
Mahu2021: shows [Kd Ac] (three of a kind, Tens)
aoePK collected 560 from pot
*** SUMMARY ***
Total pot 560 | Rake 0 
Board [3h Js Td Tc Ts]
Seat 1: Mahu2021 (big blind) showed [Kd Ac] and lost with three of a kind, Tens
Seat 2: mmm7575 (button) folded before Flop (didn't bet)
Seat 3: aoePK (small blind) showed [Qd 3d] and won (560) with a full house, Tens full of Threes



PokerStars Hand #245603455384: Tournament #3636455453, $0.92+$0.08 USD Hold'em No Limit - Level II (15/30) - 2023/08/26 17:14:30 CET [2023/08/26 11:14:30 ET]
Table '3636455453 1' 3-max Seat #3 is the button
Seat 1: Mahu2021 (650 in chips) 
Seat 2: mmm7575 (290 in chips) 
Seat 3: aoePK (560 in chips) 
Mahu2021: posts small blind 15
mmm7575: posts big blind 30
*** HOLE CARDS ***
Dealt to Mahu2021 [3s 9h]
aoePK: folds 
Mahu2021: folds 
Uncalled bet (15) returned to mmm7575
mmm7575 collected 30 from pot
*** SUMMARY ***
Total pot 30 | Rake 0 
Seat 1: Mahu2021 (small blind) folded before Flop
Seat 2: mmm7575 (big blind) collected (30)
Seat 3: aoePK (button) folded before Flop (didn't bet)



PokerStars Hand #245603456704: Tournament #3636455453, $0.92+$0.08 USD Hold'em No Limit - Level II (15/30) - 2023/08/26 17:14:36 CET [2023/08/26 11:14:36 ET]
Table '3636455453 1' 3-max Seat #1 is the button
Seat 1: Mahu2021 (635 in chips) 
Seat 2: mmm7575 (305 in chips) 
Seat 3: aoePK (560 in chips) 
mmm7575: posts small blind 15
aoePK: posts big blind 30
*** HOLE CARDS ***
Dealt to Mahu2021 [Ad Jc]
Mahu2021: raises 30 to 60
mmm7575: folds 
aoePK: calls 30
*** FLOP *** [Td 3c 8c]
aoePK: checks 
Mahu2021: checks 
*** TURN *** [Td 3c 8c] [Kd]
aoePK: checks 
Mahu2021: bets 60
aoePK: folds 
Uncalled bet (60) returned to Mahu2021
Mahu2021 collected 135 from pot
Mahu2021: doesn't show hand 
*** SUMMARY ***
Total pot 135 | Rake 0 
Board [Td 3c 8c Kd]
Seat 1: Mahu2021 (button) collected (135)
Seat 2: mmm7575 (small blind) folded before Flop
Seat 3: aoePK (big blind) folded on the Turn



PokerStars Hand #245603465634: Tournament #3636455453, $0.92+$0.08 USD Hold'em No Limit - Level III (20/40) - 2023/08/26 17:15:10 CET [2023/08/26 11:15:10 ET]
Table '3636455453 1' 3-max Seat #2 is the button
Seat 1: Mahu2021 (710 in chips) 
Seat 2: mmm7575 (290 in chips) 
Seat 3: aoePK (500 in chips) 
aoePK: posts small blind 20
Mahu2021: posts big blind 40
*** HOLE CARDS ***
Dealt to Mahu2021 [5d 3d]
mmm7575: raises 250 to 290 and is all-in
aoePK: folds 
Mahu2021: folds 
Uncalled bet (250) returned to mmm7575
mmm7575 collected 100 from pot
*** SUMMARY ***
Total pot 100 | Rake 0 
Seat 1: Mahu2021 (big blind) folded before Flop
Seat 2: mmm7575 (button) collected (100)
Seat 3: aoePK (small blind) folded before Flop



PokerStars Hand #245603469383: Tournament #3636455453, $0.92+$0.08 USD Hold'em No Limit - Level III (20/40) - 2023/08/26 17:15:24 CET [2023/08/26 11:15:24 ET]
Table '3636455453 1' 3-max Seat #3 is the button
Seat 1: Mahu2021 (670 in chips) 
Seat 2: mmm7575 (350 in chips) 
Seat 3: aoePK (480 in chips) 
Mahu2021: posts small blind 20
mmm7575: posts big blind 40
*** HOLE CARDS ***
Dealt to Mahu2021 [7d 4h]
aoePK: folds 
Mahu2021: folds 
Uncalled bet (20) returned to mmm7575
mmm7575 collected 40 from pot
*** SUMMARY ***
Total pot 40 | Rake 0 
Seat 1: Mahu2021 (small blind) folded before Flop
Seat 2: mmm7575 (big blind) collected (40)
Seat 3: aoePK (button) folded before Flop (didn't bet)



PokerStars Hand #245603471056: Tournament #3636455453, $0.92+$0.08 USD Hold'em No Limit - Level III (20/40) - 2023/08/26 17:15:30 CET [2023/08/26 11:15:30 ET]
Table '3636455453 1' 3-max Seat #1 is the button
Seat 1: Mahu2021 (650 in chips) 
Seat 2: mmm7575 (370 in chips) 
Seat 3: aoePK (480 in chips) 
mmm7575: posts small blind 20
aoePK: posts big blind 40
*** HOLE CARDS ***
Dealt to Mahu2021 [Ad Td]
Mahu2021: raises 40 to 80
mmm7575: folds 
aoePK: calls 40
*** FLOP *** [7s Ts 4c]
aoePK: checks 
Mahu2021: bets 180
aoePK: folds 
Uncalled bet (180) returned to Mahu2021
Mahu2021 collected 180 from pot
Mahu2021: doesn't show hand 
*** SUMMARY ***
Total pot 180 | Rake 0 
Board [7s Ts 4c]
Seat 1: Mahu2021 (button) collected (180)
Seat 2: mmm7575 (small blind) folded before Flop
Seat 3: aoePK (big blind) folded on the Flop



PokerStars Hand #245603476993: Tournament #3636455453, $0.92+$0.08 USD Hold'em No Limit - Level III (20/40) - 2023/08/26 17:15:53 CET [2023/08/26 11:15:53 ET]
Table '3636455453 1' 3-max Seat #2 is the button
Seat 1: Mahu2021 (750 in chips) 
Seat 2: mmm7575 (350 in chips) 
Seat 3: aoePK (400 in chips) 
aoePK: posts small blind 20
Mahu2021: posts big blind 40
*** HOLE CARDS ***
Dealt to Mahu2021 [2s 4c]
mmm7575: raises 310 to 350 and is all-in
aoePK: folds 
Mahu2021: folds 
Uncalled bet (310) returned to mmm7575
mmm7575 collected 100 from pot
*** SUMMARY ***
Total pot 100 | Rake 0 
Seat 1: Mahu2021 (big blind) folded before Flop
Seat 2: mmm7575 (button) collected (100)
Seat 3: aoePK (small blind) folded before Flop



PokerStars Hand #245603479383: Tournament #3636455453, $0.92+$0.08 USD Hold'em No Limit - Level III (20/40) - 2023/08/26 17:16:03 CET [2023/08/26 11:16:03 ET]
Table '3636455453 1' 3-max Seat #3 is the button
Seat 1: Mahu2021 (710 in chips) 
Seat 2: mmm7575 (410 in chips) 
Seat 3: aoePK (380 in chips) 
Mahu2021: posts small blind 20
mmm7575: posts big blind 40
*** HOLE CARDS ***
Dealt to Mahu2021 [4d 2s]
aoePK: folds 
Mahu2021: folds 
Uncalled bet (20) returned to mmm7575
mmm7575 collected 40 from pot
*** SUMMARY ***
Total pot 40 | Rake 0 
Seat 1: Mahu2021 (small blind) folded before Flop
Seat 2: mmm7575 (big blind) collected (40)
Seat 3: aoePK (button) folded before Flop (didn't bet)



PokerStars Hand #245603481209: Tournament #3636455453, $0.92+$0.08 USD Hold'em No Limit - Level III (20/40) - 2023/08/26 17:16:10 CET [2023/08/26 11:16:10 ET]
Table '3636455453 1' 3-max Seat #1 is the button
Seat 1: Mahu2021 (690 in chips) 
Seat 2: mmm7575 (430 in chips) 
Seat 3: aoePK (380 in chips) 
mmm7575: posts small blind 20
aoePK: posts big blind 40
*** HOLE CARDS ***
Dealt to Mahu2021 [2s As]
Mahu2021: raises 40 to 80
mmm7575: folds 
aoePK: calls 40
*** FLOP *** [5s 8d Qd]
aoePK: checks 
Mahu2021: checks 
*** TURN *** [5s 8d Qd] [4d]
aoePK: checks 
Mahu2021: checks 
*** RIVER *** [5s 8d Qd 4d] [Td]
aoePK: bets 59
Mahu2021: folds 
Uncalled bet (59) returned to aoePK
aoePK collected 180 from pot
*** SUMMARY ***
Total pot 180 | Rake 0 
Board [5s 8d Qd 4d Td]
Seat 1: Mahu2021 (button) folded on the River
Seat 2: mmm7575 (small blind) folded before Flop
Seat 3: aoePK (big blind) collected (180)



PokerStars Hand #245603489454: Tournament #3636455453, $0.92+$0.08 USD Hold'em No Limit - Level III (20/40) - 2023/08/26 17:16:42 CET [2023/08/26 11:16:42 ET]
Table '3636455453 1' 3-max Seat #2 is the button
Seat 1: Mahu2021 (610 in chips) 
Seat 2: mmm7575 (410 in chips) 
Seat 3: aoePK (480 in chips) 
aoePK: posts small blind 20
Mahu2021: posts big blind 40
*** HOLE CARDS ***
Dealt to Mahu2021 [6c Ts]
mmm7575: folds 
aoePK: calls 20
Mahu2021: checks 
*** FLOP *** [Th Kh 3d]
aoePK: checks 
Mahu2021: bets 40
aoePK: calls 40
*** TURN *** [Th Kh 3d] [Js]
aoePK: checks 
Mahu2021: checks 
*** RIVER *** [Th Kh 3d Js] [9d]
aoePK: bets 53
Mahu2021: folds 
Uncalled bet (53) returned to aoePK
aoePK collected 160 from pot
*** SUMMARY ***
Total pot 160 | Rake 0 
Board [Th Kh 3d Js 9d]
Seat 1: Mahu2021 (big blind) folded on the River
Seat 2: mmm7575 (button) folded before Flop (didn't bet)
Seat 3: aoePK (small blind) collected (160)



PokerStars Hand #245603499121: Tournament #3636455453, $0.92+$0.08 USD Hold'em No Limit - Level IV (30/60) - 2023/08/26 17:17:19 CET [2023/08/26 11:17:19 ET]
Table '3636455453 1' 3-max Seat #3 is the button
Seat 1: Mahu2021 (530 in chips) 
Seat 2: mmm7575 (410 in chips) 
Seat 3: aoePK (560 in chips) 
Mahu2021: posts small blind 30
mmm7575: posts big blind 60
*** HOLE CARDS ***
Dealt to Mahu2021 [9s 2s]
aoePK: folds 
Mahu2021: folds 
Uncalled bet (30) returned to mmm7575
mmm7575 collected 60 from pot
*** SUMMARY ***
Total pot 60 | Rake 0 
Seat 1: Mahu2021 (small blind) folded before Flop
Seat 2: mmm7575 (big blind) collected (60)
Seat 3: aoePK (button) folded before Flop (didn't bet)



PokerStars Hand #245603500578: Tournament #3636455453, $0.92+$0.08 USD Hold'em No Limit - Level IV (30/60) - 2023/08/26 17:17:25 CET [2023/08/26 11:17:25 ET]
Table '3636455453 1' 3-max Seat #1 is the button
Seat 1: Mahu2021 (500 in chips) 
Seat 2: mmm7575 (440 in chips) 
Seat 3: aoePK (560 in chips) 
mmm7575: posts small blind 30
aoePK: posts big blind 60
*** HOLE CARDS ***
Dealt to Mahu2021 [As 6c]
Mahu2021: raises 60 to 120
mmm7575: raises 320 to 440 and is all-in
aoePK: folds 
Mahu2021: calls 320
*** FLOP *** [3h 8s Qc]
*** TURN *** [3h 8s Qc] [Ks]
*** RIVER *** [3h 8s Qc Ks] [4c]
*** SHOW DOWN ***
mmm7575: shows [2h 2c] (a pair of Deuces)
Mahu2021: shows [As 6c] (high card Ace)
mmm7575 collected 940 from pot
*** SUMMARY ***
Total pot 940 | Rake 0 
Board [3h 8s Qc Ks 4c]
Seat 1: Mahu2021 (button) showed [As 6c] and lost with high card Ace
Seat 2: mmm7575 (small blind) showed [2h 2c] and won (940) with a pair of Deuces
Seat 3: aoePK (big blind) folded before Flop



PokerStars Hand #245603505078: Tournament #3636455453, $0.92+$0.08 USD Hold'em No Limit - Level IV (30/60) - 2023/08/26 17:17:43 CET [2023/08/26 11:17:43 ET]
Table '3636455453 1' 3-max Seat #2 is the button
Seat 1: Mahu2021 (60 in chips) 
Seat 2: mmm7575 (940 in chips) 
Seat 3: aoePK (500 in chips) 
aoePK: posts small blind 30
Mahu2021: posts big blind 60 and is all-in
*** HOLE CARDS ***
Dealt to Mahu2021 [7h Qs]
mmm7575: calls 60
aoePK: calls 30
*** FLOP *** [9c 2c 8h]
aoePK: checks 
mmm7575: checks 
*** TURN *** [9c 2c 8h] [Jd]
aoePK: bets 94
mmm7575: folds 
Uncalled bet (94) returned to aoePK
*** RIVER *** [9c 2c 8h Jd] [Ks]
*** SHOW DOWN ***
aoePK: shows [7s Ts] (a straight, Seven to Jack)
Mahu2021: shows [7h Qs] (high card King)
aoePK collected 180 from pot
Mahu2021 finished the tournament in 3rd place
*** SUMMARY ***
Total pot 180 | Rake 0 
Board [9c 2c 8h Jd Ks]
Seat 1: Mahu2021 (big blind) showed [7h Qs] and lost with high card King
Seat 2: mmm7575 (button) folded on the Turn
Seat 3: aoePK (small blind) showed [7s Ts] and won (180) with a straight, Seven to Jack



