PokerStars Hand #253411575819: Tournament #3823722896, $1.84+$0.16 USD Hold'em No Limit - Level I (10/20) - 2024/11/15 13:59:59 CET [2024/11/15 7:59:59 ET]
Table '3823722896 1' 3-max Seat #1 is the button
Seat 1: Stankus.Jr (500 in chips) 
Seat 2: Mahu2021 (500 in chips) 
Seat 3: tomC353 (500 in chips) is sitting out
Mahu2021: posts small blind 10
tomC353: posts big blind 20
*** HOLE CARDS ***
Dealt to Mahu2021 [6s 3h]
tomC353 has returned
Stankus.Jr: folds 
Mahu2021: folds 
Uncalled bet (10) returned to tomC353
tomC353 collected 20 from pot
tomC353: doesn't show hand 
*** SUMMARY ***
Total pot 20 | Rake 0 
Seat 1: Stankus.Jr (button) folded before Flop (didn't bet)
Seat 2: Mahu2021 (small blind) folded before Flop
Seat 3: tomC353 (big blind) collected (20)



PokerStars Hand #253411577029: Tournament #3823722896, $1.84+$0.16 USD Hold'em No Limit - Level I (10/20) - 2024/11/15 14:00:09 CET [2024/11/15 8:00:09 ET]
Table '3823722896 1' 3-max Seat #2 is the button
Seat 1: Stankus.Jr (500 in chips) 
Seat 2: Mahu2021 (490 in chips) 
Seat 3: tomC353 (510 in chips) 
tomC353: posts small blind 10
Stankus.Jr: posts big blind 20
*** HOLE CARDS ***
Dealt to Mahu2021 [3c 7d]
Mahu2021: folds 
tomC353: raises 40 to 60
Stankus.Jr: folds 
Uncalled bet (40) returned to tomC353
tomC353 collected 40 from pot
tomC353: doesn't show hand 
*** SUMMARY ***
Total pot 40 | Rake 0 
Seat 1: Stankus.Jr (big blind) folded before Flop
Seat 2: Mahu2021 (button) folded before Flop (didn't bet)
Seat 3: tomC353 (small blind) collected (40)



PokerStars Hand #253411578346: Tournament #3823722896, $1.84+$0.16 USD Hold'em No Limit - Level I (10/20) - 2024/11/15 14:00:19 CET [2024/11/15 8:00:19 ET]
Table '3823722896 1' 3-max Seat #3 is the button
Seat 1: Stankus.Jr (480 in chips) 
Seat 2: Mahu2021 (490 in chips) 
Seat 3: tomC353 (530 in chips) 
Stankus.Jr: posts small blind 10
Mahu2021: posts big blind 20
*** HOLE CARDS ***
Dealt to Mahu2021 [8h 7h]
tomC353: raises 50 to 70
Stankus.Jr: folds 
Mahu2021: folds 
Uncalled bet (50) returned to tomC353
tomC353 collected 50 from pot
tomC353: doesn't show hand 
*** SUMMARY ***
Total pot 50 | Rake 0 
Seat 1: Stankus.Jr (small blind) folded before Flop
Seat 2: Mahu2021 (big blind) folded before Flop
Seat 3: tomC353 (button) collected (50)



PokerStars Hand #253411581905: Tournament #3823722896, $1.84+$0.16 USD Hold'em No Limit - Level I (10/20) - 2024/11/15 14:00:46 CET [2024/11/15 8:00:46 ET]
Table '3823722896 1' 3-max Seat #1 is the button
Seat 1: Stankus.Jr (470 in chips) 
Seat 2: Mahu2021 (470 in chips) 
Seat 3: tomC353 (560 in chips) 
Mahu2021: posts small blind 10
tomC353: posts big blind 20
*** HOLE CARDS ***
Dealt to Mahu2021 [8d 9h]
Stankus.Jr: raises 20 to 40
Mahu2021: folds 
tomC353: raises 20 to 60
Stankus.Jr: calls 20
*** FLOP *** [5h 6c Ad]
tomC353: checks 
Stankus.Jr: bets 43
tomC353: raises 216 to 259
Stankus.Jr: folds 
Uncalled bet (216) returned to tomC353
tomC353 collected 216 from pot
tomC353: doesn't show hand 
*** SUMMARY ***
Total pot 216 | Rake 0 
Board [5h 6c Ad]
Seat 1: Stankus.Jr (button) folded on the Flop
Seat 2: Mahu2021 (small blind) folded before Flop
Seat 3: tomC353 (big blind) collected (216)



PokerStars Hand #253411588956: Tournament #3823722896, $1.84+$0.16 USD Hold'em No Limit - Level I (10/20) - 2024/11/15 14:01:32 CET [2024/11/15 8:01:32 ET]
Table '3823722896 1' 3-max Seat #2 is the button
Seat 1: Stankus.Jr (367 in chips) 
Seat 2: Mahu2021 (460 in chips) 
Seat 3: tomC353 (673 in chips) 
tomC353: posts small blind 10
Stankus.Jr: posts big blind 20
*** HOLE CARDS ***
Dealt to Mahu2021 [6s 4c]
Mahu2021: folds 
tomC353: raises 40 to 60
Stankus.Jr: folds 
Uncalled bet (40) returned to tomC353
tomC353 collected 40 from pot
tomC353: doesn't show hand 
*** SUMMARY ***
Total pot 40 | Rake 0 
Seat 1: Stankus.Jr (big blind) folded before Flop
Seat 2: Mahu2021 (button) folded before Flop (didn't bet)
Seat 3: tomC353 (small blind) collected (40)



PokerStars Hand #253411593157: Tournament #3823722896, $1.84+$0.16 USD Hold'em No Limit - Level I (10/20) - 2024/11/15 14:02:00 CET [2024/11/15 8:02:00 ET]
Table '3823722896 1' 3-max Seat #3 is the button
Seat 1: Stankus.Jr (347 in chips) 
Seat 2: Mahu2021 (460 in chips) 
Seat 3: tomC353 (693 in chips) 
Stankus.Jr: posts small blind 10
Mahu2021: posts big blind 20
*** HOLE CARDS ***
Dealt to Mahu2021 [4c 9c]
tomC353: folds 
Stankus.Jr: calls 10
Mahu2021: checks 
*** FLOP *** [2s Ah 5d]
Stankus.Jr: bets 20
Mahu2021: calls 20
*** TURN *** [2s Ah 5d] [2d]
Stankus.Jr: bets 60
Mahu2021: folds 
Uncalled bet (60) returned to Stankus.Jr
Stankus.Jr collected 80 from pot
Stankus.Jr: doesn't show hand 
*** SUMMARY ***
Total pot 80 | Rake 0 
Board [2s Ah 5d 2d]
Seat 1: Stankus.Jr (small blind) collected (80)
Seat 2: Mahu2021 (big blind) folded on the Turn
Seat 3: tomC353 (button) folded before Flop (didn't bet)



PokerStars Hand #253411601329: Tournament #3823722896, $1.84+$0.16 USD Hold'em No Limit - Level I (10/20) - 2024/11/15 14:02:51 CET [2024/11/15 8:02:51 ET]
Table '3823722896 1' 3-max Seat #1 is the button
Seat 1: Stankus.Jr (387 in chips) 
Seat 2: Mahu2021 (420 in chips) 
Seat 3: tomC353 (693 in chips) 
Mahu2021: posts small blind 10
tomC353: posts big blind 20
*** HOLE CARDS ***
Dealt to Mahu2021 [7d 3c]
Stankus.Jr: raises 20 to 40
Mahu2021: folds 
tomC353: folds 
Uncalled bet (20) returned to Stankus.Jr
Stankus.Jr collected 50 from pot
Stankus.Jr: doesn't show hand 
*** SUMMARY ***
Total pot 50 | Rake 0 
Seat 1: Stankus.Jr (button) collected (50)
Seat 2: Mahu2021 (small blind) folded before Flop
Seat 3: tomC353 (big blind) folded before Flop



PokerStars Hand #253411603291: Tournament #3823722896, $1.84+$0.16 USD Hold'em No Limit - Level II (15/30) - 2024/11/15 14:03:04 CET [2024/11/15 8:03:04 ET]
Table '3823722896 1' 3-max Seat #2 is the button
Seat 1: Stankus.Jr (417 in chips) 
Seat 2: Mahu2021 (410 in chips) 
Seat 3: tomC353 (673 in chips) 
tomC353: posts small blind 15
Stankus.Jr: posts big blind 30
*** HOLE CARDS ***
Dealt to Mahu2021 [2d 9h]
Mahu2021: folds 
tomC353: folds 
Uncalled bet (15) returned to Stankus.Jr
Stankus.Jr collected 30 from pot
Stankus.Jr: doesn't show hand 
*** SUMMARY ***
Total pot 30 | Rake 0 
Seat 1: Stankus.Jr (big blind) collected (30)
Seat 2: Mahu2021 (button) folded before Flop (didn't bet)
Seat 3: tomC353 (small blind) folded before Flop



PokerStars Hand #253411604888: Tournament #3823722896, $1.84+$0.16 USD Hold'em No Limit - Level II (15/30) - 2024/11/15 14:03:14 CET [2024/11/15 8:03:14 ET]
Table '3823722896 1' 3-max Seat #3 is the button
Seat 1: Stankus.Jr (432 in chips) 
Seat 2: Mahu2021 (410 in chips) 
Seat 3: tomC353 (658 in chips) 
Stankus.Jr: posts small blind 15
Mahu2021: posts big blind 30
*** HOLE CARDS ***
Dealt to Mahu2021 [8d 7c]
tomC353: folds 
Stankus.Jr: folds 
Uncalled bet (15) returned to Mahu2021
Mahu2021 collected 30 from pot
Mahu2021: doesn't show hand 
*** SUMMARY ***
Total pot 30 | Rake 0 
Seat 1: Stankus.Jr (small blind) folded before Flop
Seat 2: Mahu2021 (big blind) collected (30)
Seat 3: tomC353 (button) folded before Flop (didn't bet)



PokerStars Hand #253411606011: Tournament #3823722896, $1.84+$0.16 USD Hold'em No Limit - Level II (15/30) - 2024/11/15 14:03:21 CET [2024/11/15 8:03:21 ET]
Table '3823722896 1' 3-max Seat #1 is the button
Seat 1: Stankus.Jr (417 in chips) 
Seat 2: Mahu2021 (425 in chips) 
Seat 3: tomC353 (658 in chips) 
Mahu2021: posts small blind 15
tomC353: posts big blind 30
*** HOLE CARDS ***
Dealt to Mahu2021 [Jh As]
Stankus.Jr: raises 30 to 60
Mahu2021: calls 45
tomC353: folds 
*** FLOP *** [Js 2h 8c]
Mahu2021: bets 150
Stankus.Jr: folds 
Uncalled bet (150) returned to Mahu2021
Mahu2021 collected 150 from pot
Mahu2021: doesn't show hand 
*** SUMMARY ***
Total pot 150 | Rake 0 
Board [Js 2h 8c]
Seat 1: Stankus.Jr (button) folded on the Flop
Seat 2: Mahu2021 (small blind) collected (150)
Seat 3: tomC353 (big blind) folded before Flop



PokerStars Hand #253411609905: Tournament #3823722896, $1.84+$0.16 USD Hold'em No Limit - Level II (15/30) - 2024/11/15 14:03:46 CET [2024/11/15 8:03:46 ET]
Table '3823722896 1' 3-max Seat #2 is the button
Seat 1: Stankus.Jr (357 in chips) 
Seat 2: Mahu2021 (515 in chips) 
Seat 3: tomC353 (628 in chips) 
tomC353: posts small blind 15
Stankus.Jr: posts big blind 30
*** HOLE CARDS ***
Dealt to Mahu2021 [7s 7h]
Mahu2021: raises 30 to 60
tomC353: calls 45
Stankus.Jr: calls 30
*** FLOP *** [Th Qs 9c]
tomC353: bets 90
Stankus.Jr: folds 
Mahu2021: folds 
Uncalled bet (90) returned to tomC353
tomC353 collected 180 from pot
tomC353: doesn't show hand 
*** SUMMARY ***
Total pot 180 | Rake 0 
Board [Th Qs 9c]
Seat 1: Stankus.Jr (big blind) folded on the Flop
Seat 2: Mahu2021 (button) folded on the Flop
Seat 3: tomC353 (small blind) collected (180)



PokerStars Hand #253411612928: Tournament #3823722896, $1.84+$0.16 USD Hold'em No Limit - Level II (15/30) - 2024/11/15 14:04:05 CET [2024/11/15 8:04:05 ET]
Table '3823722896 1' 3-max Seat #3 is the button
Seat 1: Stankus.Jr (297 in chips) 
Seat 2: Mahu2021 (455 in chips) 
Seat 3: tomC353 (748 in chips) 
Stankus.Jr: posts small blind 15
Mahu2021: posts big blind 30
*** HOLE CARDS ***
Dealt to Mahu2021 [Ac 6c]
tomC353: folds 
Stankus.Jr: folds 
Uncalled bet (15) returned to Mahu2021
Mahu2021 collected 30 from pot
Mahu2021: doesn't show hand 
*** SUMMARY ***
Total pot 30 | Rake 0 
Seat 1: Stankus.Jr (small blind) folded before Flop
Seat 2: Mahu2021 (big blind) collected (30)
Seat 3: tomC353 (button) folded before Flop (didn't bet)



PokerStars Hand #253411614865: Tournament #3823722896, $1.84+$0.16 USD Hold'em No Limit - Level II (15/30) - 2024/11/15 14:04:18 CET [2024/11/15 8:04:18 ET]
Table '3823722896 1' 3-max Seat #1 is the button
Seat 1: Stankus.Jr (282 in chips) 
Seat 2: Mahu2021 (470 in chips) 
Seat 3: tomC353 (748 in chips) 
Mahu2021: posts small blind 15
tomC353: posts big blind 30
*** HOLE CARDS ***
Dealt to Mahu2021 [4c Ks]
Stankus.Jr: raises 252 to 282 and is all-in
Mahu2021: folds 
tomC353: folds 
Uncalled bet (252) returned to Stankus.Jr
Stankus.Jr collected 75 from pot
Stankus.Jr: doesn't show hand 
*** SUMMARY ***
Total pot 75 | Rake 0 
Seat 1: Stankus.Jr (button) collected (75)
Seat 2: Mahu2021 (small blind) folded before Flop
Seat 3: tomC353 (big blind) folded before Flop



PokerStars Hand #253411617890: Tournament #3823722896, $1.84+$0.16 USD Hold'em No Limit - Level II (15/30) - 2024/11/15 14:04:37 CET [2024/11/15 8:04:37 ET]
Table '3823722896 1' 3-max Seat #2 is the button
Seat 1: Stankus.Jr (327 in chips) 
Seat 2: Mahu2021 (455 in chips) 
Seat 3: tomC353 (718 in chips) 
tomC353: posts small blind 15
Stankus.Jr: posts big blind 30
*** HOLE CARDS ***
Dealt to Mahu2021 [8d Ah]
Mahu2021: raises 30 to 60
tomC353: folds 
Stankus.Jr: raises 267 to 327 and is all-in
Mahu2021: calls 267
*** FLOP *** [Tc Ks 2c]
*** TURN *** [Tc Ks 2c] [Jc]
*** RIVER *** [Tc Ks 2c Jc] [4c]
*** SHOW DOWN ***
Stankus.Jr: shows [Qd Ac] (a flush, Ace high)
Mahu2021: shows [8d Ah] (high card Ace)
Stankus.Jr collected 669 from pot
*** SUMMARY ***
Total pot 669 | Rake 0 
Board [Tc Ks 2c Jc 4c]
Seat 1: Stankus.Jr (big blind) showed [Qd Ac] and won (669) with a flush, Ace high
Seat 2: Mahu2021 (button) showed [8d Ah] and lost with high card Ace
Seat 3: tomC353 (small blind) folded before Flop



PokerStars Hand #253411622925: Tournament #3823722896, $1.84+$0.16 USD Hold'em No Limit - Level II (15/30) - 2024/11/15 14:05:08 CET [2024/11/15 8:05:08 ET]
Table '3823722896 1' 3-max Seat #3 is the button
Seat 1: Stankus.Jr (669 in chips) 
Seat 2: Mahu2021 (128 in chips) 
Seat 3: tomC353 (703 in chips) 
Stankus.Jr: posts small blind 15
Mahu2021: posts big blind 30
*** HOLE CARDS ***
Dealt to Mahu2021 [4d 5s]
tomC353: folds 
Stankus.Jr: folds 
Uncalled bet (15) returned to Mahu2021
Mahu2021 collected 30 from pot
Mahu2021: doesn't show hand 
*** SUMMARY ***
Total pot 30 | Rake 0 
Seat 1: Stankus.Jr (small blind) folded before Flop
Seat 2: Mahu2021 (big blind) collected (30)
Seat 3: tomC353 (button) folded before Flop (didn't bet)



PokerStars Hand #253411625339: Tournament #3823722896, $1.84+$0.16 USD Hold'em No Limit - Level II (15/30) - 2024/11/15 14:05:23 CET [2024/11/15 8:05:23 ET]
Table '3823722896 1' 3-max Seat #1 is the button
Seat 1: Stankus.Jr (654 in chips) 
Seat 2: Mahu2021 (143 in chips) 
Seat 3: tomC353 (703 in chips) 
Mahu2021: posts small blind 15
tomC353: posts big blind 30
*** HOLE CARDS ***
Dealt to Mahu2021 [9d Qh]
Stankus.Jr: raises 30 to 60
Mahu2021: calls 45
tomC353: raises 30 to 90
Stankus.Jr: folds 
Mahu2021: calls 30
*** FLOP *** [3d 6s 4c]
Mahu2021: bets 53 and is all-in
tomC353: calls 53
*** TURN *** [3d 6s 4c] [8s]
*** RIVER *** [3d 6s 4c 8s] [Th]
*** SHOW DOWN ***
Mahu2021: shows [9d Qh] (high card Queen)
tomC353: shows [5s 5d] (a pair of Fives)
tomC353 collected 346 from pot
Mahu2021 finished the tournament in 3rd place
*** SUMMARY ***
Total pot 346 | Rake 0 
Board [3d 6s 4c 8s Th]
Seat 1: Stankus.Jr (button) folded before Flop
Seat 2: Mahu2021 (small blind) showed [9d Qh] and lost with high card Queen
Seat 3: tomC353 (big blind) showed [5s 5d] and won (346) with a pair of Fives



