PokerStars Hand #244355928431: Tournament #3606420944, $0.92+$0.08 USD Hold'em No Limit - Level I (10/20) - 2023/06/19 18:37:22 CET [2023/06/19 12:37:22 ET]
Table '3606420944 1' 3-max Seat #1 is the button
Seat 1: Mahu2021 (500 in chips) 
Seat 2: sahello2my.l.fr (500 in chips) 
Seat 3: XY324 (500 in chips) 
sahello2my.l.fr: posts small blind 10
XY324: posts big blind 20
*** HOLE CARDS ***
Dealt to Mahu2021 [4s 8h]
Mahu2021: folds 
sahello2my.l.fr: raises 20 to 40
XY324: calls 20
*** FLOP *** [Ad 3h Js]
sahello2my.l.fr: checks 
XY324: checks 
*** TURN *** [Ad 3h Js] [Td]
sahello2my.l.fr: bets 40
XY324: calls 40
*** RIVER *** [Ad 3h Js Td] [8d]
sahello2my.l.fr: bets 100
XY324: folds 
Uncalled bet (100) returned to sahello2my.l.fr
sahello2my.l.fr collected 160 from pot
*** SUMMARY ***
Total pot 160 | Rake 0 
Board [Ad 3h Js Td 8d]
Seat 1: Mahu2021 (button) folded before Flop (didn't bet)
Seat 2: sahello2my.l.fr (small blind) collected (160)
Seat 3: XY324 (big blind) folded on the River



PokerStars Hand #244355939093: Tournament #3606420944, $0.92+$0.08 USD Hold'em No Limit - Level I (10/20) - 2023/06/19 18:38:02 CET [2023/06/19 12:38:02 ET]
Table '3606420944 1' 3-max Seat #2 is the button
Seat 1: Mahu2021 (500 in chips) 
Seat 2: sahello2my.l.fr (580 in chips) 
Seat 3: XY324 (420 in chips) 
XY324: posts small blind 10
Mahu2021: posts big blind 20
*** HOLE CARDS ***
Dealt to Mahu2021 [5c 8h]
sahello2my.l.fr: folds 
XY324: raises 60 to 80
Mahu2021: folds 
Uncalled bet (60) returned to XY324
XY324 collected 40 from pot
*** SUMMARY ***
Total pot 40 | Rake 0 
Seat 1: Mahu2021 (big blind) folded before Flop
Seat 2: sahello2my.l.fr (button) folded before Flop (didn't bet)
Seat 3: XY324 (small blind) collected (40)



PokerStars Hand #244355941659: Tournament #3606420944, $0.92+$0.08 USD Hold'em No Limit - Level I (10/20) - 2023/06/19 18:38:12 CET [2023/06/19 12:38:12 ET]
Table '3606420944 1' 3-max Seat #3 is the button
Seat 1: Mahu2021 (480 in chips) 
Seat 2: sahello2my.l.fr (580 in chips) 
Seat 3: XY324 (440 in chips) 
Mahu2021: posts small blind 10
sahello2my.l.fr: posts big blind 20
*** HOLE CARDS ***
Dealt to Mahu2021 [Td 7c]
XY324: folds 
Mahu2021: calls 10
sahello2my.l.fr: checks 
*** FLOP *** [Qc 8c Jd]
Mahu2021: checks 
sahello2my.l.fr: checks 
*** TURN *** [Qc 8c Jd] [2c]
Mahu2021: bets 20
sahello2my.l.fr: folds 
Uncalled bet (20) returned to Mahu2021
Mahu2021 collected 40 from pot
Mahu2021: doesn't show hand 
*** SUMMARY ***
Total pot 40 | Rake 0 
Board [Qc 8c Jd 2c]
Seat 1: Mahu2021 (small blind) collected (40)
Seat 2: sahello2my.l.fr (big blind) folded on the Turn
Seat 3: XY324 (button) folded before Flop (didn't bet)



PokerStars Hand #244355946219: Tournament #3606420944, $0.92+$0.08 USD Hold'em No Limit - Level I (10/20) - 2023/06/19 18:38:29 CET [2023/06/19 12:38:29 ET]
Table '3606420944 1' 3-max Seat #1 is the button
Seat 1: Mahu2021 (500 in chips) 
Seat 2: sahello2my.l.fr (560 in chips) 
Seat 3: XY324 (440 in chips) 
sahello2my.l.fr: posts small blind 10
XY324: posts big blind 20
*** HOLE CARDS ***
Dealt to Mahu2021 [4h 6d]
Mahu2021: folds 
sahello2my.l.fr: folds 
Uncalled bet (10) returned to XY324
XY324 collected 20 from pot
*** SUMMARY ***
Total pot 20 | Rake 0 
Seat 1: Mahu2021 (button) folded before Flop (didn't bet)
Seat 2: sahello2my.l.fr (small blind) folded before Flop
Seat 3: XY324 (big blind) collected (20)



PokerStars Hand #244355947908: Tournament #3606420944, $0.92+$0.08 USD Hold'em No Limit - Level I (10/20) - 2023/06/19 18:38:35 CET [2023/06/19 12:38:35 ET]
Table '3606420944 1' 3-max Seat #2 is the button
Seat 1: Mahu2021 (500 in chips) 
Seat 2: sahello2my.l.fr (550 in chips) 
Seat 3: XY324 (450 in chips) 
XY324: posts small blind 10
Mahu2021: posts big blind 20
*** HOLE CARDS ***
Dealt to Mahu2021 [8s Jc]
sahello2my.l.fr: raises 20 to 40
XY324: calls 30
Mahu2021: calls 20
*** FLOP *** [Th 8h Kc]
XY324: bets 80
Mahu2021: folds 
sahello2my.l.fr: raises 430 to 510 and is all-in
XY324: folds 
Uncalled bet (430) returned to sahello2my.l.fr
sahello2my.l.fr collected 280 from pot
*** SUMMARY ***
Total pot 280 | Rake 0 
Board [Th 8h Kc]
Seat 1: Mahu2021 (big blind) folded on the Flop
Seat 2: sahello2my.l.fr (button) collected (280)
Seat 3: XY324 (small blind) folded on the Flop



PokerStars Hand #244355953591: Tournament #3606420944, $0.92+$0.08 USD Hold'em No Limit - Level I (10/20) - 2023/06/19 18:38:57 CET [2023/06/19 12:38:57 ET]
Table '3606420944 1' 3-max Seat #3 is the button
Seat 1: Mahu2021 (460 in chips) 
Seat 2: sahello2my.l.fr (710 in chips) 
Seat 3: XY324 (330 in chips) 
Mahu2021: posts small blind 10
sahello2my.l.fr: posts big blind 20
*** HOLE CARDS ***
Dealt to Mahu2021 [Js 5s]
XY324: raises 310 to 330 and is all-in
Mahu2021: folds 
sahello2my.l.fr: calls 310
*** FLOP *** [7s 4c Qd]
*** TURN *** [7s 4c Qd] [Ks]
*** RIVER *** [7s 4c Qd Ks] [7c]
*** SHOW DOWN ***
sahello2my.l.fr: shows [Tc Th] (two pair, Tens and Sevens)
XY324: shows [9h Ac] (a pair of Sevens)
sahello2my.l.fr collected 670 from pot
XY324 finished the tournament in 3rd place
*** SUMMARY ***
Total pot 670 | Rake 0 
Board [7s 4c Qd Ks 7c]
Seat 1: Mahu2021 (small blind) folded before Flop
Seat 2: sahello2my.l.fr (big blind) showed [Tc Th] and won (670) with two pair, Tens and Sevens
Seat 3: XY324 (button) showed [9h Ac] and lost with a pair of Sevens



PokerStars Hand #244355958066: Tournament #3606420944, $0.92+$0.08 USD Hold'em No Limit - Level I (10/20) - 2023/06/19 18:39:14 CET [2023/06/19 12:39:14 ET]
Table '3606420944 1' 3-max Seat #2 is the button
Seat 1: Mahu2021 (450 in chips) 
Seat 2: sahello2my.l.fr (1050 in chips) 
sahello2my.l.fr: posts small blind 10
Mahu2021: posts big blind 20
*** HOLE CARDS ***
Dealt to Mahu2021 [5s 3h]
sahello2my.l.fr: raises 20 to 40
Mahu2021: calls 20
*** FLOP *** [6d Js Ad]
Mahu2021: checks 
sahello2my.l.fr: bets 40
Mahu2021: folds 
Uncalled bet (40) returned to sahello2my.l.fr
sahello2my.l.fr collected 80 from pot
*** SUMMARY ***
Total pot 80 | Rake 0 
Board [6d Js Ad]
Seat 1: Mahu2021 (big blind) folded on the Flop
Seat 2: sahello2my.l.fr (button) (small blind) collected (80)



PokerStars Hand #244355963026: Tournament #3606420944, $0.92+$0.08 USD Hold'em No Limit - Level II (15/30) - 2023/06/19 18:39:33 CET [2023/06/19 12:39:33 ET]
Table '3606420944 1' 3-max Seat #1 is the button
Seat 1: Mahu2021 (410 in chips) 
Seat 2: sahello2my.l.fr (1090 in chips) 
Mahu2021: posts small blind 15
sahello2my.l.fr: posts big blind 30
*** HOLE CARDS ***
Dealt to Mahu2021 [Kd Ah]
Mahu2021: raises 380 to 410 and is all-in
sahello2my.l.fr: folds 
Uncalled bet (380) returned to Mahu2021
Mahu2021 collected 60 from pot
Mahu2021: doesn't show hand 
*** SUMMARY ***
Total pot 60 | Rake 0 
Seat 1: Mahu2021 (button) (small blind) collected (60)
Seat 2: sahello2my.l.fr (big blind) folded before Flop



PokerStars Hand #244355964513: Tournament #3606420944, $0.92+$0.08 USD Hold'em No Limit - Level II (15/30) - 2023/06/19 18:39:38 CET [2023/06/19 12:39:38 ET]
Table '3606420944 1' 3-max Seat #2 is the button
Seat 1: Mahu2021 (440 in chips) 
Seat 2: sahello2my.l.fr (1060 in chips) 
sahello2my.l.fr: posts small blind 15
Mahu2021: posts big blind 30
*** HOLE CARDS ***
Dealt to Mahu2021 [Qd 7h]
sahello2my.l.fr: raises 30 to 60
Mahu2021: calls 30
*** FLOP *** [Kh Kd 2c]
Mahu2021: checks 
sahello2my.l.fr: checks 
*** TURN *** [Kh Kd 2c] [Jd]
Mahu2021: checks 
sahello2my.l.fr: bets 30
Mahu2021: raises 60 to 90
sahello2my.l.fr: folds 
Uncalled bet (60) returned to Mahu2021
Mahu2021 collected 180 from pot
Mahu2021: doesn't show hand 
*** SUMMARY ***
Total pot 180 | Rake 0 
Board [Kh Kd 2c Jd]
Seat 1: Mahu2021 (big blind) collected (180)
Seat 2: sahello2my.l.fr (button) (small blind) folded on the Turn



PokerStars Hand #244355969751: Tournament #3606420944, $0.92+$0.08 USD Hold'em No Limit - Level II (15/30) - 2023/06/19 18:39:58 CET [2023/06/19 12:39:58 ET]
Table '3606420944 1' 3-max Seat #1 is the button
Seat 1: Mahu2021 (530 in chips) 
Seat 2: sahello2my.l.fr (970 in chips) 
Mahu2021: posts small blind 15
sahello2my.l.fr: posts big blind 30
*** HOLE CARDS ***
Dealt to Mahu2021 [8d As]
Mahu2021: raises 30 to 60
sahello2my.l.fr: calls 30
*** FLOP *** [8s 7c Qs]
sahello2my.l.fr: checks 
Mahu2021: bets 120
sahello2my.l.fr: raises 790 to 910 and is all-in
Mahu2021: calls 350 and is all-in
Uncalled bet (440) returned to sahello2my.l.fr
*** TURN *** [8s 7c Qs] [6c]
*** RIVER *** [8s 7c Qs 6c] [Qc]
*** SHOW DOWN ***
sahello2my.l.fr: shows [6h 5s] (two pair, Queens and Sixes)
Mahu2021: shows [8d As] (two pair, Queens and Eights)
Mahu2021 collected 1060 from pot
*** SUMMARY ***
Total pot 1060 | Rake 0 
Board [8s 7c Qs 6c Qc]
Seat 1: Mahu2021 (button) (small blind) showed [8d As] and won (1060) with two pair, Queens and Eights
Seat 2: sahello2my.l.fr (big blind) showed [6h 5s] and lost with two pair, Queens and Sixes



PokerStars Hand #244355975947: Tournament #3606420944, $0.92+$0.08 USD Hold'em No Limit - Level II (15/30) - 2023/06/19 18:40:22 CET [2023/06/19 12:40:22 ET]
Table '3606420944 1' 3-max Seat #2 is the button
Seat 1: Mahu2021 (1060 in chips) 
Seat 2: sahello2my.l.fr (440 in chips) 
sahello2my.l.fr: posts small blind 15
Mahu2021: posts big blind 30
*** HOLE CARDS ***
Dealt to Mahu2021 [Ah 4s]
sahello2my.l.fr: folds 
Uncalled bet (15) returned to Mahu2021
Mahu2021 collected 30 from pot
Mahu2021: doesn't show hand 
*** SUMMARY ***
Total pot 30 | Rake 0 
Seat 1: Mahu2021 (big blind) collected (30)
Seat 2: sahello2my.l.fr (button) (small blind) folded before Flop



PokerStars Hand #244355977219: Tournament #3606420944, $0.92+$0.08 USD Hold'em No Limit - Level II (15/30) - 2023/06/19 18:40:26 CET [2023/06/19 12:40:26 ET]
Table '3606420944 1' 3-max Seat #1 is the button
Seat 1: Mahu2021 (1075 in chips) 
Seat 2: sahello2my.l.fr (425 in chips) 
Mahu2021: posts small blind 15
sahello2my.l.fr: posts big blind 30
*** HOLE CARDS ***
Dealt to Mahu2021 [Ks 9c]
Mahu2021: raises 30 to 60
sahello2my.l.fr: raises 365 to 425 and is all-in
Mahu2021: calls 365
*** FLOP *** [Tc 5h 8h]
*** TURN *** [Tc 5h 8h] [8s]
*** RIVER *** [Tc 5h 8h 8s] [5d]
*** SHOW DOWN ***
sahello2my.l.fr: shows [Jh Ac] (two pair, Eights and Fives)
Mahu2021: shows [Ks 9c] (two pair, Eights and Fives - lower kicker)
sahello2my.l.fr collected 850 from pot
*** SUMMARY ***
Total pot 850 | Rake 0 
Board [Tc 5h 8h 8s 5d]
Seat 1: Mahu2021 (button) (small blind) showed [Ks 9c] and lost with two pair, Eights and Fives
Seat 2: sahello2my.l.fr (big blind) showed [Jh Ac] and won (850) with two pair, Eights and Fives



PokerStars Hand #244355980987: Tournament #3606420944, $0.92+$0.08 USD Hold'em No Limit - Level II (15/30) - 2023/06/19 18:40:41 CET [2023/06/19 12:40:41 ET]
Table '3606420944 1' 3-max Seat #2 is the button
Seat 1: Mahu2021 (650 in chips) 
Seat 2: sahello2my.l.fr (850 in chips) 
sahello2my.l.fr: posts small blind 15
Mahu2021: posts big blind 30
*** HOLE CARDS ***
Dealt to Mahu2021 [Qs 8s]
sahello2my.l.fr: raises 30 to 60
Mahu2021: calls 30
*** FLOP *** [Ts Ac Js]
Mahu2021: checks 
sahello2my.l.fr: checks 
*** TURN *** [Ts Ac Js] [Qc]
Mahu2021: checks 
sahello2my.l.fr: bets 60
Mahu2021: calls 60
*** RIVER *** [Ts Ac Js Qc] [Jd]
Mahu2021: checks 
sahello2my.l.fr: checks 
*** SHOW DOWN ***
Mahu2021: shows [Qs 8s] (two pair, Queens and Jacks)
sahello2my.l.fr: shows [9h 8d] (a straight, Eight to Queen)
sahello2my.l.fr collected 240 from pot
*** SUMMARY ***
Total pot 240 | Rake 0 
Board [Ts Ac Js Qc Jd]
Seat 1: Mahu2021 (big blind) showed [Qs 8s] and lost with two pair, Queens and Jacks
Seat 2: sahello2my.l.fr (button) (small blind) showed [9h 8d] and won (240) with a straight, Eight to Queen



PokerStars Hand #244355989135: Tournament #3606420944, $0.92+$0.08 USD Hold'em No Limit - Level II (15/30) - 2023/06/19 18:41:11 CET [2023/06/19 12:41:11 ET]
Table '3606420944 1' 3-max Seat #1 is the button
Seat 1: Mahu2021 (530 in chips) 
Seat 2: sahello2my.l.fr (970 in chips) 
Mahu2021: posts small blind 15
sahello2my.l.fr: posts big blind 30
*** HOLE CARDS ***
Dealt to Mahu2021 [2s 2d]
Mahu2021: raises 500 to 530 and is all-in
sahello2my.l.fr: calls 500
*** FLOP *** [4c Th Js]
*** TURN *** [4c Th Js] [As]
*** RIVER *** [4c Th Js As] [Tc]
*** SHOW DOWN ***
sahello2my.l.fr: shows [Kc Ad] (two pair, Aces and Tens)
Mahu2021: shows [2s 2d] (two pair, Tens and Deuces)
sahello2my.l.fr collected 1060 from pot
Mahu2021 finished the tournament in 2nd place
sahello2my.l.fr wins the tournament and receives $2.00 - congratulations!
*** SUMMARY ***
Total pot 1060 | Rake 0 
Board [4c Th Js As Tc]
Seat 1: Mahu2021 (button) (small blind) showed [2s 2d] and lost with two pair, Tens and Deuces
Seat 2: sahello2my.l.fr (big blind) showed [Kc Ad] and won (1060) with two pair, Aces and Tens



