PokerStars Hand #247670600857: Tournament #3686706715, $1.84+$0.16 USD Hold'em No Limit - Level I (10/20) - 2023/12/15 12:27:13 CET [2023/12/15 6:27:13 ET]
Table '3686706715 1' 3-max Seat #1 is the button
Seat 1: bena25 (500 in chips) 
Seat 2: Mahu2021 (500 in chips) 
Seat 3: przekasel (500 in chips) 
Mahu2021: posts small blind 10
przekasel: posts big blind 20
*** HOLE CARDS ***
Dealt to Mahu2021 [Kc Qd]
bena25: raises 20 to 40
Mahu2021: calls 30
przekasel: calls 20
*** FLOP *** [Jd Ac 5s]
Mahu2021: checks 
przekasel: checks 
bena25: checks 
*** TURN *** [Jd Ac 5s] [3d]
Mahu2021: checks 
przekasel: bets 60
bena25: calls 60
Mahu2021: calls 60
*** RIVER *** [Jd Ac 5s 3d] [8s]
Mahu2021: checks 
przekasel: checks 
bena25: bets 60
Mahu2021: folds 
przekasel: calls 60
*** SHOW DOWN ***
bena25: shows [7c Ah] (a pair of Aces)
przekasel: mucks hand 
bena25 collected 420 from pot
*** SUMMARY ***
Total pot 420 | Rake 0 
Board [Jd Ac 5s 3d 8s]
Seat 1: bena25 (button) showed [7c Ah] and won (420) with a pair of Aces
Seat 2: Mahu2021 (small blind) folded on the River
Seat 3: przekasel (big blind) mucked [2s Ad]



PokerStars Hand #247670604995: Tournament #3686706715, $1.84+$0.16 USD Hold'em No Limit - Level I (10/20) - 2023/12/15 12:27:42 CET [2023/12/15 6:27:42 ET]
Table '3686706715 1' 3-max Seat #2 is the button
Seat 1: bena25 (760 in chips) 
Seat 2: Mahu2021 (400 in chips) 
Seat 3: przekasel (340 in chips) 
przekasel: posts small blind 10
bena25: posts big blind 20
*** HOLE CARDS ***
Dealt to Mahu2021 [4s 9s]
Mahu2021: folds 
przekasel: folds 
Uncalled bet (10) returned to bena25
bena25 collected 20 from pot
bena25: doesn't show hand 
*** SUMMARY ***
Total pot 20 | Rake 0 
Seat 1: bena25 (big blind) collected (20)
Seat 2: Mahu2021 (button) folded before Flop (didn't bet)
Seat 3: przekasel (small blind) folded before Flop



PokerStars Hand #247670605748: Tournament #3686706715, $1.84+$0.16 USD Hold'em No Limit - Level I (10/20) - 2023/12/15 12:27:48 CET [2023/12/15 6:27:48 ET]
Table '3686706715 1' 3-max Seat #3 is the button
Seat 1: bena25 (770 in chips) 
Seat 2: Mahu2021 (400 in chips) 
Seat 3: przekasel (330 in chips) 
bena25: posts small blind 10
Mahu2021: posts big blind 20
*** HOLE CARDS ***
Dealt to Mahu2021 [Tc Td]
przekasel: raises 20 to 40
bena25: folds 
Mahu2021: raises 360 to 400 and is all-in
przekasel: calls 290 and is all-in
Uncalled bet (70) returned to Mahu2021
*** FLOP *** [5s 7h 3h]
*** TURN *** [5s 7h 3h] [Ad]
*** RIVER *** [5s 7h 3h Ad] [8c]
*** SHOW DOWN ***
Mahu2021: shows [Tc Td] (a pair of Tens)
przekasel: shows [Kc 4d] (high card Ace)
Mahu2021 collected 670 from pot
przekasel finished the tournament in 3rd place
*** SUMMARY ***
Total pot 670 | Rake 0 
Board [5s 7h 3h Ad 8c]
Seat 1: bena25 (small blind) folded before Flop
Seat 2: Mahu2021 (big blind) showed [Tc Td] and won (670) with a pair of Tens
Seat 3: przekasel (button) showed [Kc 4d] and lost with high card Ace



PokerStars Hand #247670609152: Tournament #3686706715, $1.84+$0.16 USD Hold'em No Limit - Level I (10/20) - 2023/12/15 12:28:11 CET [2023/12/15 6:28:11 ET]
Table '3686706715 1' 3-max Seat #2 is the button
Seat 1: bena25 (760 in chips) 
Seat 2: Mahu2021 (740 in chips) 
Mahu2021: posts small blind 10
bena25: posts big blind 20
*** HOLE CARDS ***
Dealt to Mahu2021 [6c As]
Mahu2021: calls 10
bena25: checks 
*** FLOP *** [Qc 4h Th]
bena25: checks 
Mahu2021: bets 20
bena25: calls 20
*** TURN *** [Qc 4h Th] [Ks]
bena25: checks 
Mahu2021: checks 
*** RIVER *** [Qc 4h Th Ks] [Js]
bena25: checks 
Mahu2021: bets 80
bena25: folds 
Uncalled bet (80) returned to Mahu2021
Mahu2021 collected 80 from pot
Mahu2021: doesn't show hand 
*** SUMMARY ***
Total pot 80 | Rake 0 
Board [Qc 4h Th Ks Js]
Seat 1: bena25 (big blind) folded on the River
Seat 2: Mahu2021 (button) (small blind) collected (80)



PokerStars Hand #247670613152: Tournament #3686706715, $1.84+$0.16 USD Hold'em No Limit - Level I (10/20) - 2023/12/15 12:28:39 CET [2023/12/15 6:28:39 ET]
Table '3686706715 1' 3-max Seat #1 is the button
Seat 1: bena25 (720 in chips) 
Seat 2: Mahu2021 (780 in chips) 
bena25: posts small blind 10
Mahu2021: posts big blind 20
*** HOLE CARDS ***
Dealt to Mahu2021 [4s 9d]
bena25: calls 10
Mahu2021: checks 
*** FLOP *** [Tc Jd 8d]
Mahu2021: checks 
bena25: checks 
*** TURN *** [Tc Jd 8d] [4c]
Mahu2021: checks 
bena25: bets 20
Mahu2021: raises 60 to 80
bena25: folds 
Uncalled bet (60) returned to Mahu2021
Mahu2021 collected 80 from pot
Mahu2021: doesn't show hand 
*** SUMMARY ***
Total pot 80 | Rake 0 
Board [Tc Jd 8d 4c]
Seat 1: bena25 (button) (small blind) folded on the Turn
Seat 2: Mahu2021 (big blind) collected (80)



PokerStars Hand #247670620934: Tournament #3686706715, $1.84+$0.16 USD Hold'em No Limit - Level I (10/20) - 2023/12/15 12:29:32 CET [2023/12/15 6:29:32 ET]
Table '3686706715 1' 3-max Seat #2 is the button
Seat 1: bena25 (680 in chips) 
Seat 2: Mahu2021 (820 in chips) 
Mahu2021: posts small blind 10
bena25: posts big blind 20
*** HOLE CARDS ***
Dealt to Mahu2021 [Tc 9h]
Mahu2021: folds 
Uncalled bet (10) returned to bena25
bena25 collected 20 from pot
bena25: doesn't show hand 
*** SUMMARY ***
Total pot 20 | Rake 0 
Seat 1: bena25 (big blind) collected (20)
Seat 2: Mahu2021 (button) (small blind) folded before Flop



PokerStars Hand #247670621737: Tournament #3686706715, $1.84+$0.16 USD Hold'em No Limit - Level I (10/20) - 2023/12/15 12:29:38 CET [2023/12/15 6:29:38 ET]
Table '3686706715 1' 3-max Seat #1 is the button
Seat 1: bena25 (690 in chips) 
Seat 2: Mahu2021 (810 in chips) 
bena25: posts small blind 10
Mahu2021: posts big blind 20
*** HOLE CARDS ***
Dealt to Mahu2021 [Qh Jd]
bena25: folds 
Uncalled bet (10) returned to Mahu2021
Mahu2021 collected 20 from pot
Mahu2021: doesn't show hand 
*** SUMMARY ***
Total pot 20 | Rake 0 
Seat 1: bena25 (button) (small blind) folded before Flop
Seat 2: Mahu2021 (big blind) collected (20)



PokerStars Hand #247670622671: Tournament #3686706715, $1.84+$0.16 USD Hold'em No Limit - Level I (10/20) - 2023/12/15 12:29:45 CET [2023/12/15 6:29:45 ET]
Table '3686706715 1' 3-max Seat #2 is the button
Seat 1: bena25 (680 in chips) 
Seat 2: Mahu2021 (820 in chips) 
Mahu2021: posts small blind 10
bena25: posts big blind 20
*** HOLE CARDS ***
Dealt to Mahu2021 [4c 4h]
Mahu2021: raises 20 to 40
bena25: folds 
Uncalled bet (20) returned to Mahu2021
Mahu2021 collected 40 from pot
Mahu2021: doesn't show hand 
*** SUMMARY ***
Total pot 40 | Rake 0 
Seat 1: bena25 (big blind) folded before Flop
Seat 2: Mahu2021 (button) (small blind) collected (40)



PokerStars Hand #247670624208: Tournament #3686706715, $1.84+$0.16 USD Hold'em No Limit - Level I (10/20) - 2023/12/15 12:29:55 CET [2023/12/15 6:29:55 ET]
Table '3686706715 1' 3-max Seat #1 is the button
Seat 1: bena25 (660 in chips) 
Seat 2: Mahu2021 (840 in chips) 
bena25: posts small blind 10
Mahu2021: posts big blind 20
*** HOLE CARDS ***
Dealt to Mahu2021 [Kd As]
bena25: folds 
Uncalled bet (10) returned to Mahu2021
Mahu2021 collected 20 from pot
Mahu2021: doesn't show hand 
*** SUMMARY ***
Total pot 20 | Rake 0 
Seat 1: bena25 (button) (small blind) folded before Flop
Seat 2: Mahu2021 (big blind) collected (20)



PokerStars Hand #247670624909: Tournament #3686706715, $1.84+$0.16 USD Hold'em No Limit - Level I (10/20) - 2023/12/15 12:30:00 CET [2023/12/15 6:30:00 ET]
Table '3686706715 1' 3-max Seat #2 is the button
Seat 1: bena25 (650 in chips) 
Seat 2: Mahu2021 (850 in chips) 
Mahu2021: posts small blind 10
bena25: posts big blind 20
*** HOLE CARDS ***
Dealt to Mahu2021 [4c 8d]
Mahu2021: folds 
Uncalled bet (10) returned to bena25
bena25 collected 20 from pot
bena25: doesn't show hand 
*** SUMMARY ***
Total pot 20 | Rake 0 
Seat 1: bena25 (big blind) collected (20)
Seat 2: Mahu2021 (button) (small blind) folded before Flop



PokerStars Hand #247670625649: Tournament #3686706715, $1.84+$0.16 USD Hold'em No Limit - Level I (10/20) - 2023/12/15 12:30:05 CET [2023/12/15 6:30:05 ET]
Table '3686706715 1' 3-max Seat #1 is the button
Seat 1: bena25 (660 in chips) 
Seat 2: Mahu2021 (840 in chips) 
bena25: posts small blind 10
Mahu2021: posts big blind 20
*** HOLE CARDS ***
Dealt to Mahu2021 [Js 2h]
bena25: calls 10
Mahu2021: checks 
*** FLOP *** [Tc 7d Ad]
Mahu2021: checks 
bena25: checks 
*** TURN *** [Tc 7d Ad] [6s]
Mahu2021: checks 
bena25: checks 
*** RIVER *** [Tc 7d Ad 6s] [4d]
Mahu2021: checks 
bena25: checks 
*** SHOW DOWN ***
Mahu2021: shows [Js 2h] (high card Ace)
bena25: shows [Kd 3h] (high card Ace - King kicker)
bena25 collected 40 from pot
*** SUMMARY ***
Total pot 40 | Rake 0 
Board [Tc 7d Ad 6s 4d]
Seat 1: bena25 (button) (small blind) showed [Kd 3h] and won (40) with high card Ace
Seat 2: Mahu2021 (big blind) showed [Js 2h] and lost with high card Ace



PokerStars Hand #247670629453: Tournament #3686706715, $1.84+$0.16 USD Hold'em No Limit - Level II (15/30) - 2023/12/15 12:30:31 CET [2023/12/15 6:30:31 ET]
Table '3686706715 1' 3-max Seat #2 is the button
Seat 1: bena25 (680 in chips) 
Seat 2: Mahu2021 (820 in chips) 
Mahu2021: posts small blind 15
bena25: posts big blind 30
*** HOLE CARDS ***
Dealt to Mahu2021 [7d 3h]
Mahu2021: folds 
Uncalled bet (15) returned to bena25
bena25 collected 30 from pot
bena25: doesn't show hand 
*** SUMMARY ***
Total pot 30 | Rake 0 
Seat 1: bena25 (big blind) collected (30)
Seat 2: Mahu2021 (button) (small blind) folded before Flop



PokerStars Hand #247670630154: Tournament #3686706715, $1.84+$0.16 USD Hold'em No Limit - Level II (15/30) - 2023/12/15 12:30:36 CET [2023/12/15 6:30:36 ET]
Table '3686706715 1' 3-max Seat #1 is the button
Seat 1: bena25 (695 in chips) 
Seat 2: Mahu2021 (805 in chips) 
bena25: posts small blind 15
Mahu2021: posts big blind 30
*** HOLE CARDS ***
Dealt to Mahu2021 [Jc 3d]
bena25: raises 30 to 60
Mahu2021: calls 30
*** FLOP *** [2d 2h Ts]
Mahu2021: checks 
bena25: bets 30
Mahu2021: calls 30
*** TURN *** [2d 2h Ts] [6d]
Mahu2021: checks 
bena25: checks 
*** RIVER *** [2d 2h Ts 6d] [7h]
Mahu2021: checks 
bena25: checks 
*** SHOW DOWN ***
Mahu2021: shows [Jc 3d] (a pair of Deuces)
bena25: shows [Ks Jh] (a pair of Deuces - King kicker)
bena25 collected 180 from pot
*** SUMMARY ***
Total pot 180 | Rake 0 
Board [2d 2h Ts 6d 7h]
Seat 1: bena25 (button) (small blind) showed [Ks Jh] and won (180) with a pair of Deuces
Seat 2: Mahu2021 (big blind) showed [Jc 3d] and lost with a pair of Deuces



PokerStars Hand #247670635129: Tournament #3686706715, $1.84+$0.16 USD Hold'em No Limit - Level II (15/30) - 2023/12/15 12:31:10 CET [2023/12/15 6:31:10 ET]
Table '3686706715 1' 3-max Seat #2 is the button
Seat 1: bena25 (785 in chips) 
Seat 2: Mahu2021 (715 in chips) 
Mahu2021: posts small blind 15
bena25: posts big blind 30
*** HOLE CARDS ***
Dealt to Mahu2021 [Jh 2c]
Mahu2021: folds 
Uncalled bet (15) returned to bena25
bena25 collected 30 from pot
bena25: doesn't show hand 
*** SUMMARY ***
Total pot 30 | Rake 0 
Seat 1: bena25 (big blind) collected (30)
Seat 2: Mahu2021 (button) (small blind) folded before Flop



PokerStars Hand #247670635768: Tournament #3686706715, $1.84+$0.16 USD Hold'em No Limit - Level II (15/30) - 2023/12/15 12:31:14 CET [2023/12/15 6:31:14 ET]
Table '3686706715 1' 3-max Seat #1 is the button
Seat 1: bena25 (800 in chips) 
Seat 2: Mahu2021 (700 in chips) 
bena25: posts small blind 15
Mahu2021: posts big blind 30
*** HOLE CARDS ***
Dealt to Mahu2021 [9d Qd]
bena25: raises 30 to 60
Mahu2021: calls 30
*** FLOP *** [6c As 7c]
Mahu2021: checks 
bena25: checks 
*** TURN *** [6c As 7c] [Ts]
Mahu2021: checks 
bena25: bets 60
Mahu2021: calls 60
*** RIVER *** [6c As 7c Ts] [Jd]
Mahu2021: checks 
bena25: checks 
*** SHOW DOWN ***
Mahu2021: shows [9d Qd] (high card Ace)
bena25: shows [Tc Ks] (a pair of Tens)
bena25 collected 240 from pot
*** SUMMARY ***
Total pot 240 | Rake 0 
Board [6c As 7c Ts Jd]
Seat 1: bena25 (button) (small blind) showed [Tc Ks] and won (240) with a pair of Tens
Seat 2: Mahu2021 (big blind) showed [9d Qd] and lost with high card Ace



PokerStars Hand #247670639301: Tournament #3686706715, $1.84+$0.16 USD Hold'em No Limit - Level II (15/30) - 2023/12/15 12:31:38 CET [2023/12/15 6:31:38 ET]
Table '3686706715 1' 3-max Seat #2 is the button
Seat 1: bena25 (920 in chips) 
Seat 2: Mahu2021 (580 in chips) 
Mahu2021: posts small blind 15
bena25: posts big blind 30
*** HOLE CARDS ***
Dealt to Mahu2021 [7s 5d]
Mahu2021: folds 
Uncalled bet (15) returned to bena25
bena25 collected 30 from pot
bena25: doesn't show hand 
*** SUMMARY ***
Total pot 30 | Rake 0 
Seat 1: bena25 (big blind) collected (30)
Seat 2: Mahu2021 (button) (small blind) folded before Flop



PokerStars Hand #247670639914: Tournament #3686706715, $1.84+$0.16 USD Hold'em No Limit - Level II (15/30) - 2023/12/15 12:31:43 CET [2023/12/15 6:31:43 ET]
Table '3686706715 1' 3-max Seat #1 is the button
Seat 1: bena25 (935 in chips) 
Seat 2: Mahu2021 (565 in chips) 
bena25: posts small blind 15
Mahu2021: posts big blind 30
*** HOLE CARDS ***
Dealt to Mahu2021 [7d Js]
bena25: folds 
Uncalled bet (15) returned to Mahu2021
Mahu2021 collected 30 from pot
Mahu2021: doesn't show hand 
*** SUMMARY ***
Total pot 30 | Rake 0 
Seat 1: bena25 (button) (small blind) folded before Flop
Seat 2: Mahu2021 (big blind) collected (30)



PokerStars Hand #247670640681: Tournament #3686706715, $1.84+$0.16 USD Hold'em No Limit - Level II (15/30) - 2023/12/15 12:31:48 CET [2023/12/15 6:31:48 ET]
Table '3686706715 1' 3-max Seat #2 is the button
Seat 1: bena25 (920 in chips) 
Seat 2: Mahu2021 (580 in chips) 
Mahu2021: posts small blind 15
bena25: posts big blind 30
*** HOLE CARDS ***
Dealt to Mahu2021 [9d Qd]
Mahu2021: raises 30 to 60
bena25: calls 30
*** FLOP *** [8c Tc 2s]
bena25: checks 
Mahu2021: checks 
*** TURN *** [8c Tc 2s] [8d]
bena25: bets 30
Mahu2021: calls 30
*** RIVER *** [8c Tc 2s 8d] [As]
bena25: checks 
Mahu2021: bets 180
bena25: folds 
Uncalled bet (180) returned to Mahu2021
Mahu2021 collected 180 from pot
Mahu2021: doesn't show hand 
*** SUMMARY ***
Total pot 180 | Rake 0 
Board [8c Tc 2s 8d As]
Seat 1: bena25 (big blind) folded on the River
Seat 2: Mahu2021 (button) (small blind) collected (180)



PokerStars Hand #247670644604: Tournament #3686706715, $1.84+$0.16 USD Hold'em No Limit - Level II (15/30) - 2023/12/15 12:32:15 CET [2023/12/15 6:32:15 ET]
Table '3686706715 1' 3-max Seat #1 is the button
Seat 1: bena25 (830 in chips) 
Seat 2: Mahu2021 (670 in chips) 
bena25: posts small blind 15
Mahu2021: posts big blind 30
*** HOLE CARDS ***
Dealt to Mahu2021 [6c 8d]
bena25: folds 
Uncalled bet (15) returned to Mahu2021
Mahu2021 collected 30 from pot
Mahu2021: doesn't show hand 
*** SUMMARY ***
Total pot 30 | Rake 0 
Seat 1: bena25 (button) (small blind) folded before Flop
Seat 2: Mahu2021 (big blind) collected (30)



PokerStars Hand #247670646554: Tournament #3686706715, $1.84+$0.16 USD Hold'em No Limit - Level II (15/30) - 2023/12/15 12:32:28 CET [2023/12/15 6:32:28 ET]
Table '3686706715 1' 3-max Seat #2 is the button
Seat 1: bena25 (815 in chips) 
Seat 2: Mahu2021 (685 in chips) 
Mahu2021: posts small blind 15
bena25: posts big blind 30
*** HOLE CARDS ***
Dealt to Mahu2021 [2c Qs]
Mahu2021: folds 
Uncalled bet (15) returned to bena25
bena25 collected 30 from pot
bena25: doesn't show hand 
*** SUMMARY ***
Total pot 30 | Rake 0 
Seat 1: bena25 (big blind) collected (30)
Seat 2: Mahu2021 (button) (small blind) folded before Flop



PokerStars Hand #247670647286: Tournament #3686706715, $1.84+$0.16 USD Hold'em No Limit - Level II (15/30) - 2023/12/15 12:32:33 CET [2023/12/15 6:32:33 ET]
Table '3686706715 1' 3-max Seat #1 is the button
Seat 1: bena25 (830 in chips) 
Seat 2: Mahu2021 (670 in chips) 
bena25: posts small blind 15
Mahu2021: posts big blind 30
*** HOLE CARDS ***
Dealt to Mahu2021 [7s Qc]
bena25: folds 
Uncalled bet (15) returned to Mahu2021
Mahu2021 collected 30 from pot
Mahu2021: doesn't show hand 
*** SUMMARY ***
Total pot 30 | Rake 0 
Seat 1: bena25 (button) (small blind) folded before Flop
Seat 2: Mahu2021 (big blind) collected (30)



PokerStars Hand #247670648110: Tournament #3686706715, $1.84+$0.16 USD Hold'em No Limit - Level II (15/30) - 2023/12/15 12:32:38 CET [2023/12/15 6:32:38 ET]
Table '3686706715 1' 3-max Seat #2 is the button
Seat 1: bena25 (815 in chips) 
Seat 2: Mahu2021 (685 in chips) 
Mahu2021: posts small blind 15
bena25: posts big blind 30
*** HOLE CARDS ***
Dealt to Mahu2021 [5s 9c]
Mahu2021: folds 
Uncalled bet (15) returned to bena25
bena25 collected 30 from pot
bena25: doesn't show hand 
*** SUMMARY ***
Total pot 30 | Rake 0 
Seat 1: bena25 (big blind) collected (30)
Seat 2: Mahu2021 (button) (small blind) folded before Flop



PokerStars Hand #247670648781: Tournament #3686706715, $1.84+$0.16 USD Hold'em No Limit - Level II (15/30) - 2023/12/15 12:32:43 CET [2023/12/15 6:32:43 ET]
Table '3686706715 1' 3-max Seat #1 is the button
Seat 1: bena25 (830 in chips) 
Seat 2: Mahu2021 (670 in chips) 
bena25: posts small blind 15
Mahu2021: posts big blind 30
*** HOLE CARDS ***
Dealt to Mahu2021 [8d Qh]
bena25: folds 
Uncalled bet (15) returned to Mahu2021
Mahu2021 collected 30 from pot
Mahu2021: doesn't show hand 
*** SUMMARY ***
Total pot 30 | Rake 0 
Seat 1: bena25 (button) (small blind) folded before Flop
Seat 2: Mahu2021 (big blind) collected (30)



PokerStars Hand #247670649412: Tournament #3686706715, $1.84+$0.16 USD Hold'em No Limit - Level II (15/30) - 2023/12/15 12:32:47 CET [2023/12/15 6:32:47 ET]
Table '3686706715 1' 3-max Seat #2 is the button
Seat 1: bena25 (815 in chips) 
Seat 2: Mahu2021 (685 in chips) 
Mahu2021: posts small blind 15
bena25: posts big blind 30
*** HOLE CARDS ***
Dealt to Mahu2021 [5d 8d]
Mahu2021: calls 15
bena25: raises 785 to 815 and is all-in
Mahu2021: folds 
Uncalled bet (785) returned to bena25
bena25 collected 60 from pot
bena25: doesn't show hand 
*** SUMMARY ***
Total pot 60 | Rake 0 
Seat 1: bena25 (big blind) collected (60)
Seat 2: Mahu2021 (button) (small blind) folded before Flop



PokerStars Hand #247670651062: Tournament #3686706715, $1.84+$0.16 USD Hold'em No Limit - Level II (15/30) - 2023/12/15 12:32:59 CET [2023/12/15 6:32:59 ET]
Table '3686706715 1' 3-max Seat #1 is the button
Seat 1: bena25 (845 in chips) 
Seat 2: Mahu2021 (655 in chips) 
bena25: posts small blind 15
Mahu2021: posts big blind 30
*** HOLE CARDS ***
Dealt to Mahu2021 [5h 5c]
bena25: raises 60 to 90
Mahu2021: calls 60
*** FLOP *** [Kd Ac 5d]
Mahu2021: checks 
bena25: bets 60
Mahu2021: calls 60
*** TURN *** [Kd Ac 5d] [8s]
Mahu2021: checks 
bena25: bets 120
Mahu2021: calls 120
*** RIVER *** [Kd Ac 5d 8s] [2d]
Mahu2021: bets 385 and is all-in
bena25: calls 385
*** SHOW DOWN ***
Mahu2021: shows [5h 5c] (three of a kind, Fives)
bena25: shows [Qd Ad] (a flush, Ace high)
bena25 collected 1310 from pot
Mahu2021 finished the tournament in 2nd place
bena25 wins the tournament and receives $6.00 - congratulations!
*** SUMMARY ***
Total pot 1310 | Rake 0 
Board [Kd Ac 5d 8s 2d]
Seat 1: bena25 (button) (small blind) showed [Qd Ad] and won (1310) with a flush, Ace high
Seat 2: Mahu2021 (big blind) showed [5h 5c] and lost with three of a kind, Fives



