PokerStars Hand #247549940838: Tournament #3683802575, $1.84+$0.16 USD Hold'em No Limit - Level I (10/20) - 2023/12/08 20:13:17 CET [2023/12/08 14:13:17 ET]
Table '3683802575 1' 3-max Seat #1 is the button
Seat 1: Mahu2021 (500 in chips) 
Seat 2: kwkbmhkw (500 in chips) 
Seat 3: ferfawksake (500 in chips) 
kwkbmhkw: posts small blind 10
ferfawksake: posts big blind 20
*** HOLE CARDS ***
Dealt to Mahu2021 [Ah 6d]
Mahu2021: calls 20
kwkbmhkw: calls 10
ferfawksake: checks 
*** FLOP *** [Qc Tc Jh]
kwkbmhkw: checks 
ferfawksake: bets 20
Mahu2021: calls 20
kwkbmhkw: folds 
*** TURN *** [Qc Tc Jh] [7c]
ferfawksake: checks 
Mahu2021: checks 
*** RIVER *** [Qc Tc Jh 7c] [As]
ferfawksake: checks 
Mahu2021: checks 
*** SHOW DOWN ***
ferfawksake: shows [Ts 9d] (a pair of Tens)
Mahu2021: shows [Ah 6d] (a pair of Aces)
Mahu2021 collected 100 from pot
*** SUMMARY ***
Total pot 100 | Rake 0 
Board [Qc Tc Jh 7c As]
Seat 1: Mahu2021 (button) showed [Ah 6d] and won (100) with a pair of Aces
Seat 2: kwkbmhkw (small blind) folded on the Flop
Seat 3: ferfawksake (big blind) showed [Ts 9d] and lost with a pair of Tens



PokerStars Hand #247549949824: Tournament #3683802575, $1.84+$0.16 USD Hold'em No Limit - Level I (10/20) - 2023/12/08 20:13:49 CET [2023/12/08 14:13:49 ET]
Table '3683802575 1' 3-max Seat #2 is the button
Seat 1: Mahu2021 (560 in chips) 
Seat 2: kwkbmhkw (480 in chips) 
Seat 3: ferfawksake (460 in chips) 
ferfawksake: posts small blind 10
Mahu2021: posts big blind 20
*** HOLE CARDS ***
Dealt to Mahu2021 [6s Td]
kwkbmhkw: calls 20
ferfawksake: folds 
Mahu2021: checks 
*** FLOP *** [3s 4s 3d]
Mahu2021: checks 
kwkbmhkw: checks 
*** TURN *** [3s 4s 3d] [7s]
Mahu2021: checks 
kwkbmhkw: bets 20
Mahu2021: calls 20
*** RIVER *** [3s 4s 3d 7s] [7c]
Mahu2021: checks 
kwkbmhkw: bets 40
Mahu2021: folds 
Uncalled bet (40) returned to kwkbmhkw
kwkbmhkw collected 90 from pot
kwkbmhkw: doesn't show hand 
*** SUMMARY ***
Total pot 90 | Rake 0 
Board [3s 4s 3d 7s 7c]
Seat 1: Mahu2021 (big blind) folded on the River
Seat 2: kwkbmhkw (button) collected (90)
Seat 3: ferfawksake (small blind) folded before Flop



PokerStars Hand #247549956768: Tournament #3683802575, $1.84+$0.16 USD Hold'em No Limit - Level I (10/20) - 2023/12/08 20:14:13 CET [2023/12/08 14:14:13 ET]
Table '3683802575 1' 3-max Seat #3 is the button
Seat 1: Mahu2021 (520 in chips) 
Seat 2: kwkbmhkw (530 in chips) 
Seat 3: ferfawksake (450 in chips) 
Mahu2021: posts small blind 10
kwkbmhkw: posts big blind 20
*** HOLE CARDS ***
Dealt to Mahu2021 [6s Jc]
ferfawksake: folds 
Mahu2021: folds 
Uncalled bet (10) returned to kwkbmhkw
kwkbmhkw collected 20 from pot
kwkbmhkw: doesn't show hand 
*** SUMMARY ***
Total pot 20 | Rake 0 
Seat 1: Mahu2021 (small blind) folded before Flop
Seat 2: kwkbmhkw (big blind) collected (20)
Seat 3: ferfawksake (button) folded before Flop (didn't bet)



PokerStars Hand #247549958401: Tournament #3683802575, $1.84+$0.16 USD Hold'em No Limit - Level I (10/20) - 2023/12/08 20:14:18 CET [2023/12/08 14:14:18 ET]
Table '3683802575 1' 3-max Seat #1 is the button
Seat 1: Mahu2021 (510 in chips) 
Seat 2: kwkbmhkw (540 in chips) 
Seat 3: ferfawksake (450 in chips) 
kwkbmhkw: posts small blind 10
ferfawksake: posts big blind 20
*** HOLE CARDS ***
Dealt to Mahu2021 [4h 8h]
Mahu2021: folds 
kwkbmhkw: folds 
Uncalled bet (10) returned to ferfawksake
ferfawksake collected 20 from pot
*** SUMMARY ***
Total pot 20 | Rake 0 
Seat 1: Mahu2021 (button) folded before Flop (didn't bet)
Seat 2: kwkbmhkw (small blind) folded before Flop
Seat 3: ferfawksake (big blind) collected (20)



PokerStars Hand #247549960902: Tournament #3683802575, $1.84+$0.16 USD Hold'em No Limit - Level I (10/20) - 2023/12/08 20:14:26 CET [2023/12/08 14:14:26 ET]
Table '3683802575 1' 3-max Seat #2 is the button
Seat 1: Mahu2021 (510 in chips) 
Seat 2: kwkbmhkw (530 in chips) 
Seat 3: ferfawksake (460 in chips) 
ferfawksake: posts small blind 10
Mahu2021: posts big blind 20
*** HOLE CARDS ***
Dealt to Mahu2021 [3c 4s]
kwkbmhkw: calls 20
ferfawksake: calls 10
Mahu2021: checks 
*** FLOP *** [8d 3d Jh]
ferfawksake: checks 
Mahu2021: checks 
kwkbmhkw: checks 
*** TURN *** [8d 3d Jh] [Ah]
ferfawksake: checks 
Mahu2021: checks 
kwkbmhkw: bets 20
ferfawksake: folds 
Mahu2021: folds 
Uncalled bet (20) returned to kwkbmhkw
kwkbmhkw collected 60 from pot
kwkbmhkw: doesn't show hand 
*** SUMMARY ***
Total pot 60 | Rake 0 
Board [8d 3d Jh Ah]
Seat 1: Mahu2021 (big blind) folded on the Turn
Seat 2: kwkbmhkw (button) collected (60)
Seat 3: ferfawksake (small blind) folded on the Turn



PokerStars Hand #247549966910: Tournament #3683802575, $1.84+$0.16 USD Hold'em No Limit - Level I (10/20) - 2023/12/08 20:14:46 CET [2023/12/08 14:14:46 ET]
Table '3683802575 1' 3-max Seat #3 is the button
Seat 1: Mahu2021 (490 in chips) 
Seat 2: kwkbmhkw (570 in chips) 
Seat 3: ferfawksake (440 in chips) 
Mahu2021: posts small blind 10
kwkbmhkw: posts big blind 20
*** HOLE CARDS ***
Dealt to Mahu2021 [Ad 3h]
ferfawksake: raises 20 to 40
Mahu2021: folds 
kwkbmhkw: folds 
Uncalled bet (20) returned to ferfawksake
ferfawksake collected 50 from pot
*** SUMMARY ***
Total pot 50 | Rake 0 
Seat 1: Mahu2021 (small blind) folded before Flop
Seat 2: kwkbmhkw (big blind) folded before Flop
Seat 3: ferfawksake (button) collected (50)



PokerStars Hand #247549969651: Tournament #3683802575, $1.84+$0.16 USD Hold'em No Limit - Level I (10/20) - 2023/12/08 20:14:55 CET [2023/12/08 14:14:55 ET]
Table '3683802575 1' 3-max Seat #1 is the button
Seat 1: Mahu2021 (480 in chips) 
Seat 2: kwkbmhkw (550 in chips) 
Seat 3: ferfawksake (470 in chips) 
kwkbmhkw: posts small blind 10
ferfawksake: posts big blind 20
*** HOLE CARDS ***
Dealt to Mahu2021 [6c 2c]
Mahu2021: folds 
kwkbmhkw: folds 
Uncalled bet (10) returned to ferfawksake
ferfawksake collected 20 from pot
*** SUMMARY ***
Total pot 20 | Rake 0 
Seat 1: Mahu2021 (button) folded before Flop (didn't bet)
Seat 2: kwkbmhkw (small blind) folded before Flop
Seat 3: ferfawksake (big blind) collected (20)



PokerStars Hand #247549971336: Tournament #3683802575, $1.84+$0.16 USD Hold'em No Limit - Level I (10/20) - 2023/12/08 20:15:00 CET [2023/12/08 14:15:00 ET]
Table '3683802575 1' 3-max Seat #2 is the button
Seat 1: Mahu2021 (480 in chips) 
Seat 2: kwkbmhkw (540 in chips) 
Seat 3: ferfawksake (480 in chips) 
ferfawksake: posts small blind 10
Mahu2021: posts big blind 20
*** HOLE CARDS ***
Dealt to Mahu2021 [Qs Ac]
kwkbmhkw: calls 20
ferfawksake: raises 60 to 80
Mahu2021: calls 60
kwkbmhkw: calls 60
*** FLOP *** [Qd Js 3c]
ferfawksake: checks 
Mahu2021: bets 400 and is all-in
kwkbmhkw: folds 
ferfawksake: folds 
Uncalled bet (400) returned to Mahu2021
Mahu2021 collected 240 from pot
Mahu2021: doesn't show hand 
*** SUMMARY ***
Total pot 240 | Rake 0 
Board [Qd Js 3c]
Seat 1: Mahu2021 (big blind) collected (240)
Seat 2: kwkbmhkw (button) folded on the Flop
Seat 3: ferfawksake (small blind) folded on the Flop



PokerStars Hand #247549978663: Tournament #3683802575, $1.84+$0.16 USD Hold'em No Limit - Level II (15/30) - 2023/12/08 20:15:24 CET [2023/12/08 14:15:24 ET]
Table '3683802575 1' 3-max Seat #3 is the button
Seat 1: Mahu2021 (640 in chips) 
Seat 2: kwkbmhkw (460 in chips) 
Seat 3: ferfawksake (400 in chips) 
Mahu2021: posts small blind 15
kwkbmhkw: posts big blind 30
*** HOLE CARDS ***
Dealt to Mahu2021 [Td 3d]
ferfawksake: raises 30 to 60
Mahu2021: folds 
kwkbmhkw: calls 30
*** FLOP *** [9d 3s 7h]
kwkbmhkw: checks 
ferfawksake: checks 
*** TURN *** [9d 3s 7h] [6d]
kwkbmhkw: bets 30
ferfawksake: calls 30
*** RIVER *** [9d 3s 7h 6d] [3c]
kwkbmhkw: checks 
ferfawksake: checks 
*** SHOW DOWN ***
kwkbmhkw: shows [5d Ac] (a pair of Threes)
ferfawksake: shows [Ad Jc] (a pair of Threes - Ace+Jack kicker)
ferfawksake collected 195 from pot
*** SUMMARY ***
Total pot 195 | Rake 0 
Board [9d 3s 7h 6d 3c]
Seat 1: Mahu2021 (small blind) folded before Flop
Seat 2: kwkbmhkw (big blind) showed [5d Ac] and lost with a pair of Threes
Seat 3: ferfawksake (button) showed [Ad Jc] and won (195) with a pair of Threes



PokerStars Hand #247549986974: Tournament #3683802575, $1.84+$0.16 USD Hold'em No Limit - Level II (15/30) - 2023/12/08 20:15:53 CET [2023/12/08 14:15:53 ET]
Table '3683802575 1' 3-max Seat #1 is the button
Seat 1: Mahu2021 (625 in chips) 
Seat 2: kwkbmhkw (370 in chips) 
Seat 3: ferfawksake (505 in chips) 
kwkbmhkw: posts small blind 15
ferfawksake: posts big blind 30
*** HOLE CARDS ***
Dealt to Mahu2021 [2d Qh]
Mahu2021: folds 
kwkbmhkw: calls 15
ferfawksake: checks 
*** FLOP *** [8s Td 3c]
kwkbmhkw: checks 
ferfawksake: checks 
*** TURN *** [8s Td 3c] [Kh]
kwkbmhkw: bets 30
ferfawksake: calls 30
*** RIVER *** [8s Td 3c Kh] [4s]
kwkbmhkw: bets 30
ferfawksake: raises 90 to 120
kwkbmhkw: calls 90
*** SHOW DOWN ***
ferfawksake: shows [6c Kc] (a pair of Kings)
kwkbmhkw: shows [Kd 9h] (a pair of Kings - Ten+Nine kicker)
kwkbmhkw collected 360 from pot
*** SUMMARY ***
Total pot 360 | Rake 0 
Board [8s Td 3c Kh 4s]
Seat 1: Mahu2021 (button) folded before Flop (didn't bet)
Seat 2: kwkbmhkw (small blind) showed [Kd 9h] and won (360) with a pair of Kings
Seat 3: ferfawksake (big blind) showed [6c Kc] and lost with a pair of Kings



PokerStars Hand #247549993762: Tournament #3683802575, $1.84+$0.16 USD Hold'em No Limit - Level II (15/30) - 2023/12/08 20:16:18 CET [2023/12/08 14:16:18 ET]
Table '3683802575 1' 3-max Seat #2 is the button
Seat 1: Mahu2021 (625 in chips) 
Seat 2: kwkbmhkw (550 in chips) 
Seat 3: ferfawksake (325 in chips) 
ferfawksake: posts small blind 15
Mahu2021: posts big blind 30
*** HOLE CARDS ***
Dealt to Mahu2021 [8h 4h]
kwkbmhkw: folds 
ferfawksake: calls 15
Mahu2021: checks 
*** FLOP *** [3s 5h 7h]
ferfawksake: bets 30
Mahu2021: calls 30
*** TURN *** [3s 5h 7h] [7c]
ferfawksake: checks 
Mahu2021: bets 120
ferfawksake: calls 120
*** RIVER *** [3s 5h 7h 7c] [3h]
ferfawksake: checks 
Mahu2021: bets 150
ferfawksake: calls 145 and is all-in
Uncalled bet (5) returned to Mahu2021
*** SHOW DOWN ***
Mahu2021: shows [8h 4h] (a flush, Eight high)
ferfawksake: shows [7d 6d] (a full house, Sevens full of Threes)
ferfawksake collected 650 from pot
*** SUMMARY ***
Total pot 650 | Rake 0 
Board [3s 5h 7h 7c 3h]
Seat 1: Mahu2021 (big blind) showed [8h 4h] and lost with a flush, Eight high
Seat 2: kwkbmhkw (button) folded before Flop (didn't bet)
Seat 3: ferfawksake (small blind) showed [7d 6d] and won (650) with a full house, Sevens full of Threes



PokerStars Hand #247550003136: Tournament #3683802575, $1.84+$0.16 USD Hold'em No Limit - Level II (15/30) - 2023/12/08 20:16:49 CET [2023/12/08 14:16:49 ET]
Table '3683802575 1' 3-max Seat #3 is the button
Seat 1: Mahu2021 (300 in chips) 
Seat 2: kwkbmhkw (550 in chips) 
Seat 3: ferfawksake (650 in chips) 
Mahu2021: posts small blind 15
kwkbmhkw: posts big blind 30
*** HOLE CARDS ***
Dealt to Mahu2021 [Ad Kh]
ferfawksake: raises 30 to 60
Mahu2021: raises 240 to 300 and is all-in
kwkbmhkw: folds 
ferfawksake: calls 240
*** FLOP *** [Kc Qs 2h]
*** TURN *** [Kc Qs 2h] [Qc]
*** RIVER *** [Kc Qs 2h Qc] [7s]
*** SHOW DOWN ***
Mahu2021: shows [Ad Kh] (two pair, Kings and Queens)
ferfawksake: shows [Ah 8d] (a pair of Queens)
Mahu2021 collected 630 from pot
*** SUMMARY ***
Total pot 630 | Rake 0 
Board [Kc Qs 2h Qc 7s]
Seat 1: Mahu2021 (small blind) showed [Ad Kh] and won (630) with two pair, Kings and Queens
Seat 2: kwkbmhkw (big blind) folded before Flop
Seat 3: ferfawksake (button) showed [Ah 8d] and lost with a pair of Queens



PokerStars Hand #247550007862: Tournament #3683802575, $1.84+$0.16 USD Hold'em No Limit - Level II (15/30) - 2023/12/08 20:17:05 CET [2023/12/08 14:17:05 ET]
Table '3683802575 1' 3-max Seat #1 is the button
Seat 1: Mahu2021 (630 in chips) 
Seat 2: kwkbmhkw (520 in chips) 
Seat 3: ferfawksake (350 in chips) 
kwkbmhkw: posts small blind 15
ferfawksake: posts big blind 30
*** HOLE CARDS ***
Dealt to Mahu2021 [Ks 7d]
Mahu2021: folds 
kwkbmhkw: raises 490 to 520 and is all-in
ferfawksake: calls 320 and is all-in
Uncalled bet (170) returned to kwkbmhkw
*** FLOP *** [9d 5h 4h]
*** TURN *** [9d 5h 4h] [2d]
*** RIVER *** [9d 5h 4h 2d] [Kd]
*** SHOW DOWN ***
kwkbmhkw: shows [8h 8c] (a pair of Eights)
ferfawksake: shows [Ac Js] (high card Ace)
kwkbmhkw collected 700 from pot
ferfawksake finished the tournament in 3rd place
*** SUMMARY ***
Total pot 700 | Rake 0 
Board [9d 5h 4h 2d Kd]
Seat 1: Mahu2021 (button) folded before Flop (didn't bet)
Seat 2: kwkbmhkw (small blind) showed [8h 8c] and won (700) with a pair of Eights
Seat 3: ferfawksake (big blind) showed [Ac Js] and lost with high card Ace



PokerStars Hand #247550013628: Tournament #3683802575, $1.84+$0.16 USD Hold'em No Limit - Level III (20/40) - 2023/12/08 20:17:23 CET [2023/12/08 14:17:23 ET]
Table '3683802575 1' 3-max Seat #2 is the button
Seat 1: Mahu2021 (630 in chips) 
Seat 2: kwkbmhkw (870 in chips) 
kwkbmhkw: posts small blind 20
Mahu2021: posts big blind 40
*** HOLE CARDS ***
Dealt to Mahu2021 [Kd 5c]
kwkbmhkw: calls 20
Mahu2021: checks 
*** FLOP *** [8h 3c 9h]
Mahu2021: checks 
kwkbmhkw: bets 40
Mahu2021: folds 
Uncalled bet (40) returned to kwkbmhkw
kwkbmhkw collected 80 from pot
kwkbmhkw: doesn't show hand 
*** SUMMARY ***
Total pot 80 | Rake 0 
Board [8h 3c 9h]
Seat 1: Mahu2021 (big blind) folded on the Flop
Seat 2: kwkbmhkw (button) (small blind) collected (80)



PokerStars Hand #247550016917: Tournament #3683802575, $1.84+$0.16 USD Hold'em No Limit - Level III (20/40) - 2023/12/08 20:17:34 CET [2023/12/08 14:17:34 ET]
Table '3683802575 1' 3-max Seat #1 is the button
Seat 1: Mahu2021 (590 in chips) 
Seat 2: kwkbmhkw (910 in chips) 
Mahu2021: posts small blind 20
kwkbmhkw: posts big blind 40
*** HOLE CARDS ***
Dealt to Mahu2021 [5h 3d]
Mahu2021: calls 20
kwkbmhkw: checks 
*** FLOP *** [Qd 9s Qc]
kwkbmhkw: checks 
Mahu2021: bets 40
kwkbmhkw: folds 
Uncalled bet (40) returned to Mahu2021
Mahu2021 collected 80 from pot
Mahu2021: doesn't show hand 
*** SUMMARY ***
Total pot 80 | Rake 0 
Board [Qd 9s Qc]
Seat 1: Mahu2021 (button) (small blind) collected (80)
Seat 2: kwkbmhkw (big blind) folded on the Flop



PokerStars Hand #247550020171: Tournament #3683802575, $1.84+$0.16 USD Hold'em No Limit - Level III (20/40) - 2023/12/08 20:17:45 CET [2023/12/08 14:17:45 ET]
Table '3683802575 1' 3-max Seat #2 is the button
Seat 1: Mahu2021 (630 in chips) 
Seat 2: kwkbmhkw (870 in chips) 
kwkbmhkw: posts small blind 20
Mahu2021: posts big blind 40
*** HOLE CARDS ***
Dealt to Mahu2021 [7d Qs]
kwkbmhkw: calls 20
Mahu2021: checks 
*** FLOP *** [8c 9d 4h]
Mahu2021: checks 
kwkbmhkw: checks 
*** TURN *** [8c 9d 4h] [3s]
Mahu2021: checks 
kwkbmhkw: checks 
*** RIVER *** [8c 9d 4h 3s] [Td]
Mahu2021: checks 
kwkbmhkw: checks 
*** SHOW DOWN ***
Mahu2021: shows [7d Qs] (high card Queen)
kwkbmhkw: shows [7s Ah] (high card Ace)
kwkbmhkw collected 80 from pot
*** SUMMARY ***
Total pot 80 | Rake 0 
Board [8c 9d 4h 3s Td]
Seat 1: Mahu2021 (big blind) showed [7d Qs] and lost with high card Queen
Seat 2: kwkbmhkw (button) (small blind) showed [7s Ah] and won (80) with high card Ace



PokerStars Hand #247550024062: Tournament #3683802575, $1.84+$0.16 USD Hold'em No Limit - Level III (20/40) - 2023/12/08 20:17:57 CET [2023/12/08 14:17:57 ET]
Table '3683802575 1' 3-max Seat #1 is the button
Seat 1: Mahu2021 (590 in chips) 
Seat 2: kwkbmhkw (910 in chips) 
Mahu2021: posts small blind 20
kwkbmhkw: posts big blind 40
*** HOLE CARDS ***
Dealt to Mahu2021 [3c Tc]
Mahu2021: folds 
Uncalled bet (20) returned to kwkbmhkw
kwkbmhkw collected 40 from pot
kwkbmhkw: doesn't show hand 
*** SUMMARY ***
Total pot 40 | Rake 0 
Seat 1: Mahu2021 (button) (small blind) folded before Flop
Seat 2: kwkbmhkw (big blind) collected (40)



PokerStars Hand #247550025457: Tournament #3683802575, $1.84+$0.16 USD Hold'em No Limit - Level III (20/40) - 2023/12/08 20:18:02 CET [2023/12/08 14:18:02 ET]
Table '3683802575 1' 3-max Seat #2 is the button
Seat 1: Mahu2021 (570 in chips) 
Seat 2: kwkbmhkw (930 in chips) 
kwkbmhkw: posts small blind 20
Mahu2021: posts big blind 40
*** HOLE CARDS ***
Dealt to Mahu2021 [Ad 9d]
kwkbmhkw: calls 20
Mahu2021: raises 80 to 120
kwkbmhkw: folds 
Uncalled bet (80) returned to Mahu2021
Mahu2021 collected 80 from pot
Mahu2021: doesn't show hand 
*** SUMMARY ***
Total pot 80 | Rake 0 
Seat 1: Mahu2021 (big blind) collected (80)
Seat 2: kwkbmhkw (button) (small blind) folded before Flop



PokerStars Hand #247550027896: Tournament #3683802575, $1.84+$0.16 USD Hold'em No Limit - Level III (20/40) - 2023/12/08 20:18:10 CET [2023/12/08 14:18:10 ET]
Table '3683802575 1' 3-max Seat #1 is the button
Seat 1: Mahu2021 (610 in chips) 
Seat 2: kwkbmhkw (890 in chips) 
Mahu2021: posts small blind 20
kwkbmhkw: posts big blind 40
*** HOLE CARDS ***
Dealt to Mahu2021 [Qh Js]
Mahu2021: raises 40 to 80
kwkbmhkw: folds 
Uncalled bet (40) returned to Mahu2021
Mahu2021 collected 80 from pot
Mahu2021: doesn't show hand 
*** SUMMARY ***
Total pot 80 | Rake 0 
Seat 1: Mahu2021 (button) (small blind) collected (80)
Seat 2: kwkbmhkw (big blind) folded before Flop



PokerStars Hand #247550029661: Tournament #3683802575, $1.84+$0.16 USD Hold'em No Limit - Level III (20/40) - 2023/12/08 20:18:15 CET [2023/12/08 14:18:15 ET]
Table '3683802575 1' 3-max Seat #2 is the button
Seat 1: Mahu2021 (650 in chips) 
Seat 2: kwkbmhkw (850 in chips) 
kwkbmhkw: posts small blind 20
Mahu2021: posts big blind 40
*** HOLE CARDS ***
Dealt to Mahu2021 [5h 9c]
kwkbmhkw: calls 20
Mahu2021: checks 
*** FLOP *** [Qh Qd 9s]
Mahu2021: bets 40
kwkbmhkw: folds 
Uncalled bet (40) returned to Mahu2021
Mahu2021 collected 80 from pot
Mahu2021: doesn't show hand 
*** SUMMARY ***
Total pot 80 | Rake 0 
Board [Qh Qd 9s]
Seat 1: Mahu2021 (big blind) collected (80)
Seat 2: kwkbmhkw (button) (small blind) folded on the Flop



PokerStars Hand #247550032706: Tournament #3683802575, $1.84+$0.16 USD Hold'em No Limit - Level III (20/40) - 2023/12/08 20:18:25 CET [2023/12/08 14:18:25 ET]
Table '3683802575 1' 3-max Seat #1 is the button
Seat 1: Mahu2021 (690 in chips) 
Seat 2: kwkbmhkw (810 in chips) 
Mahu2021: posts small blind 20
kwkbmhkw: posts big blind 40
*** HOLE CARDS ***
Dealt to Mahu2021 [7s 6d]
Mahu2021: calls 20
kwkbmhkw: checks 
*** FLOP *** [Th 9s 3c]
kwkbmhkw: bets 40
Mahu2021: calls 40
*** TURN *** [Th 9s 3c] [9c]
kwkbmhkw: bets 40
Mahu2021: calls 40
*** RIVER *** [Th 9s 3c 9c] [6h]
kwkbmhkw: checks 
Mahu2021: checks 
*** SHOW DOWN ***
kwkbmhkw: shows [8s 3h] (two pair, Nines and Threes)
Mahu2021: shows [7s 6d] (two pair, Nines and Sixes)
Mahu2021 collected 240 from pot
*** SUMMARY ***
Total pot 240 | Rake 0 
Board [Th 9s 3c 9c 6h]
Seat 1: Mahu2021 (button) (small blind) showed [7s 6d] and won (240) with two pair, Nines and Sixes
Seat 2: kwkbmhkw (big blind) showed [8s 3h] and lost with two pair, Nines and Threes



PokerStars Hand #247550038332: Tournament #3683802575, $1.84+$0.16 USD Hold'em No Limit - Level III (20/40) - 2023/12/08 20:18:43 CET [2023/12/08 14:18:43 ET]
Table '3683802575 1' 3-max Seat #2 is the button
Seat 1: Mahu2021 (810 in chips) 
Seat 2: kwkbmhkw (690 in chips) 
kwkbmhkw: posts small blind 20
Mahu2021: posts big blind 40
*** HOLE CARDS ***
Dealt to Mahu2021 [Jc 8h]
kwkbmhkw: folds 
Uncalled bet (20) returned to Mahu2021
Mahu2021 collected 40 from pot
Mahu2021: doesn't show hand 
*** SUMMARY ***
Total pot 40 | Rake 0 
Seat 1: Mahu2021 (big blind) collected (40)
Seat 2: kwkbmhkw (button) (small blind) folded before Flop



PokerStars Hand #247550039675: Tournament #3683802575, $1.84+$0.16 USD Hold'em No Limit - Level III (20/40) - 2023/12/08 20:18:47 CET [2023/12/08 14:18:47 ET]
Table '3683802575 1' 3-max Seat #1 is the button
Seat 1: Mahu2021 (830 in chips) 
Seat 2: kwkbmhkw (670 in chips) 
Mahu2021: posts small blind 20
kwkbmhkw: posts big blind 40
*** HOLE CARDS ***
Dealt to Mahu2021 [2c 4s]
Mahu2021: calls 20
kwkbmhkw: checks 
*** FLOP *** [Jh Qh 7d]
kwkbmhkw: checks 
Mahu2021: checks 
*** TURN *** [Jh Qh 7d] [8s]
kwkbmhkw: checks 
Mahu2021: checks 
*** RIVER *** [Jh Qh 7d 8s] [6c]
kwkbmhkw: checks 
Mahu2021: checks 
*** SHOW DOWN ***
kwkbmhkw: shows [2h Ks] (high card King)
Mahu2021: mucks hand 
kwkbmhkw collected 80 from pot
*** SUMMARY ***
Total pot 80 | Rake 0 
Board [Jh Qh 7d 8s 6c]
Seat 1: Mahu2021 (button) (small blind) mucked [2c 4s]
Seat 2: kwkbmhkw (big blind) showed [2h Ks] and won (80) with high card King



PokerStars Hand #247550044929: Tournament #3683802575, $1.84+$0.16 USD Hold'em No Limit - Level III (20/40) - 2023/12/08 20:19:04 CET [2023/12/08 14:19:04 ET]
Table '3683802575 1' 3-max Seat #2 is the button
Seat 1: Mahu2021 (790 in chips) 
Seat 2: kwkbmhkw (710 in chips) 
kwkbmhkw: posts small blind 20
Mahu2021: posts big blind 40
*** HOLE CARDS ***
Dealt to Mahu2021 [2c Td]
kwkbmhkw: calls 20
Mahu2021: checks 
*** FLOP *** [9c As 4h]
Mahu2021: checks 
kwkbmhkw: checks 
*** TURN *** [9c As 4h] [Jd]
Mahu2021: bets 40
kwkbmhkw: calls 40
*** RIVER *** [9c As 4h Jd] [8s]
Mahu2021: checks 
kwkbmhkw: checks 
*** SHOW DOWN ***
Mahu2021: shows [2c Td] (high card Ace)
kwkbmhkw: shows [6s Js] (a pair of Jacks)
kwkbmhkw collected 160 from pot
*** SUMMARY ***
Total pot 160 | Rake 0 
Board [9c As 4h Jd 8s]
Seat 1: Mahu2021 (big blind) showed [2c Td] and lost with high card Ace
Seat 2: kwkbmhkw (button) (small blind) showed [6s Js] and won (160) with a pair of Jacks



PokerStars Hand #247550049243: Tournament #3683802575, $1.84+$0.16 USD Hold'em No Limit - Level III (20/40) - 2023/12/08 20:19:18 CET [2023/12/08 14:19:18 ET]
Table '3683802575 1' 3-max Seat #1 is the button
Seat 1: Mahu2021 (710 in chips) 
Seat 2: kwkbmhkw (790 in chips) 
Mahu2021: posts small blind 20
kwkbmhkw: posts big blind 40
*** HOLE CARDS ***
Dealt to Mahu2021 [2h Jd]
Mahu2021: calls 20
kwkbmhkw: checks 
*** FLOP *** [2d 8c Kc]
kwkbmhkw: bets 40
Mahu2021: calls 40
*** TURN *** [2d 8c Kc] [7d]
kwkbmhkw: bets 40
Mahu2021: calls 40
*** RIVER *** [2d 8c Kc 7d] [9d]
kwkbmhkw: bets 40
Mahu2021: calls 40
*** SHOW DOWN ***
kwkbmhkw: shows [9s Ks] (two pair, Kings and Nines)
Mahu2021: mucks hand 
kwkbmhkw collected 320 from pot
*** SUMMARY ***
Total pot 320 | Rake 0 
Board [2d 8c Kc 7d 9d]
Seat 1: Mahu2021 (button) (small blind) mucked [2h Jd]
Seat 2: kwkbmhkw (big blind) showed [9s Ks] and won (320) with two pair, Kings and Nines



PokerStars Hand #247550054692: Tournament #3683802575, $1.84+$0.16 USD Hold'em No Limit - Level IV (30/60) - 2023/12/08 20:19:36 CET [2023/12/08 14:19:36 ET]
Table '3683802575 1' 3-max Seat #2 is the button
Seat 1: Mahu2021 (550 in chips) 
Seat 2: kwkbmhkw (950 in chips) 
kwkbmhkw: posts small blind 30
Mahu2021: posts big blind 60
*** HOLE CARDS ***
Dealt to Mahu2021 [4h 9c]
kwkbmhkw: calls 30
Mahu2021: checks 
*** FLOP *** [Ad 6s Kd]
Mahu2021: checks 
kwkbmhkw: checks 
*** TURN *** [Ad 6s Kd] [As]
Mahu2021: checks 
kwkbmhkw: checks 
*** RIVER *** [Ad 6s Kd As] [9d]
Mahu2021: checks 
kwkbmhkw: checks 
*** SHOW DOWN ***
Mahu2021: shows [4h 9c] (two pair, Aces and Nines)
kwkbmhkw: mucks hand 
Mahu2021 collected 120 from pot
*** SUMMARY ***
Total pot 120 | Rake 0 
Board [Ad 6s Kd As 9d]
Seat 1: Mahu2021 (big blind) showed [4h 9c] and won (120) with two pair, Aces and Nines
Seat 2: kwkbmhkw (button) (small blind) mucked [Qc Jd]



PokerStars Hand #247550058411: Tournament #3683802575, $1.84+$0.16 USD Hold'em No Limit - Level IV (30/60) - 2023/12/08 20:19:49 CET [2023/12/08 14:19:49 ET]
Table '3683802575 1' 3-max Seat #1 is the button
Seat 1: Mahu2021 (610 in chips) 
Seat 2: kwkbmhkw (890 in chips) 
Mahu2021: posts small blind 30
kwkbmhkw: posts big blind 60
*** HOLE CARDS ***
Dealt to Mahu2021 [Qc 4s]
Mahu2021: calls 30
kwkbmhkw: checks 
*** FLOP *** [Ad 7s 3h]
kwkbmhkw: bets 60
Mahu2021: folds 
Uncalled bet (60) returned to kwkbmhkw
kwkbmhkw collected 120 from pot
kwkbmhkw: doesn't show hand 
*** SUMMARY ***
Total pot 120 | Rake 0 
Board [Ad 7s 3h]
Seat 1: Mahu2021 (button) (small blind) folded on the Flop
Seat 2: kwkbmhkw (big blind) collected (120)



PokerStars Hand #247550061289: Tournament #3683802575, $1.84+$0.16 USD Hold'em No Limit - Level IV (30/60) - 2023/12/08 20:19:59 CET [2023/12/08 14:19:59 ET]
Table '3683802575 1' 3-max Seat #2 is the button
Seat 1: Mahu2021 (550 in chips) 
Seat 2: kwkbmhkw (950 in chips) 
kwkbmhkw: posts small blind 30
Mahu2021: posts big blind 60
*** HOLE CARDS ***
Dealt to Mahu2021 [5s 9c]
kwkbmhkw: folds 
Uncalled bet (30) returned to Mahu2021
Mahu2021 collected 60 from pot
Mahu2021: doesn't show hand 
*** SUMMARY ***
Total pot 60 | Rake 0 
Seat 1: Mahu2021 (big blind) collected (60)
Seat 2: kwkbmhkw (button) (small blind) folded before Flop



PokerStars Hand #247550062729: Tournament #3683802575, $1.84+$0.16 USD Hold'em No Limit - Level IV (30/60) - 2023/12/08 20:20:04 CET [2023/12/08 14:20:04 ET]
Table '3683802575 1' 3-max Seat #1 is the button
Seat 1: Mahu2021 (580 in chips) 
Seat 2: kwkbmhkw (920 in chips) 
Mahu2021: posts small blind 30
kwkbmhkw: posts big blind 60
*** HOLE CARDS ***
Dealt to Mahu2021 [Jh 8c]
Mahu2021: calls 30
kwkbmhkw: checks 
*** FLOP *** [7s 8h 6c]
kwkbmhkw: checks 
Mahu2021: bets 60
kwkbmhkw: folds 
Uncalled bet (60) returned to Mahu2021
Mahu2021 collected 120 from pot
Mahu2021: doesn't show hand 
*** SUMMARY ***
Total pot 120 | Rake 0 
Board [7s 8h 6c]
Seat 1: Mahu2021 (button) (small blind) collected (120)
Seat 2: kwkbmhkw (big blind) folded on the Flop



PokerStars Hand #247550065558: Tournament #3683802575, $1.84+$0.16 USD Hold'em No Limit - Level IV (30/60) - 2023/12/08 20:20:14 CET [2023/12/08 14:20:14 ET]
Table '3683802575 1' 3-max Seat #2 is the button
Seat 1: Mahu2021 (640 in chips) 
Seat 2: kwkbmhkw (860 in chips) 
kwkbmhkw: posts small blind 30
Mahu2021: posts big blind 60
*** HOLE CARDS ***
Dealt to Mahu2021 [Qs Kc]
kwkbmhkw: folds 
Uncalled bet (30) returned to Mahu2021
Mahu2021 collected 60 from pot
Mahu2021: doesn't show hand 
*** SUMMARY ***
Total pot 60 | Rake 0 
Seat 1: Mahu2021 (big blind) collected (60)
Seat 2: kwkbmhkw (button) (small blind) folded before Flop



PokerStars Hand #247550066660: Tournament #3683802575, $1.84+$0.16 USD Hold'em No Limit - Level IV (30/60) - 2023/12/08 20:20:18 CET [2023/12/08 14:20:18 ET]
Table '3683802575 1' 3-max Seat #1 is the button
Seat 1: Mahu2021 (670 in chips) 
Seat 2: kwkbmhkw (830 in chips) 
Mahu2021: posts small blind 30
kwkbmhkw: posts big blind 60
*** HOLE CARDS ***
Dealt to Mahu2021 [Ts 6d]
Mahu2021: calls 30
kwkbmhkw: checks 
*** FLOP *** [9c Kd 6h]
kwkbmhkw: bets 60
Mahu2021: calls 60
*** TURN *** [9c Kd 6h] [Ah]
kwkbmhkw: bets 60
Mahu2021: calls 60
*** RIVER *** [9c Kd 6h Ah] [5s]
kwkbmhkw: checks 
Mahu2021: checks 
*** SHOW DOWN ***
kwkbmhkw: shows [9h 7h] (a pair of Nines)
Mahu2021: mucks hand 
kwkbmhkw collected 360 from pot
*** SUMMARY ***
Total pot 360 | Rake 0 
Board [9c Kd 6h Ah 5s]
Seat 1: Mahu2021 (button) (small blind) mucked [Ts 6d]
Seat 2: kwkbmhkw (big blind) showed [9h 7h] and won (360) with a pair of Nines



PokerStars Hand #247550071682: Tournament #3683802575, $1.84+$0.16 USD Hold'em No Limit - Level IV (30/60) - 2023/12/08 20:20:35 CET [2023/12/08 14:20:35 ET]
Table '3683802575 1' 3-max Seat #2 is the button
Seat 1: Mahu2021 (490 in chips) 
Seat 2: kwkbmhkw (1010 in chips) 
kwkbmhkw: posts small blind 30
Mahu2021: posts big blind 60
*** HOLE CARDS ***
Dealt to Mahu2021 [Qh 6d]
kwkbmhkw: folds 
Uncalled bet (30) returned to Mahu2021
Mahu2021 collected 60 from pot
Mahu2021: doesn't show hand 
*** SUMMARY ***
Total pot 60 | Rake 0 
Seat 1: Mahu2021 (big blind) collected (60)
Seat 2: kwkbmhkw (button) (small blind) folded before Flop



PokerStars Hand #247550073169: Tournament #3683802575, $1.84+$0.16 USD Hold'em No Limit - Level IV (30/60) - 2023/12/08 20:20:40 CET [2023/12/08 14:20:40 ET]
Table '3683802575 1' 3-max Seat #1 is the button
Seat 1: Mahu2021 (520 in chips) 
Seat 2: kwkbmhkw (980 in chips) 
Mahu2021: posts small blind 30
kwkbmhkw: posts big blind 60
*** HOLE CARDS ***
Dealt to Mahu2021 [Jh 5d]
Mahu2021: calls 30
kwkbmhkw: checks 
*** FLOP *** [Qc 9d 2s]
kwkbmhkw: checks 
Mahu2021: bets 60
kwkbmhkw: folds 
Uncalled bet (60) returned to Mahu2021
Mahu2021 collected 120 from pot
Mahu2021: doesn't show hand 
*** SUMMARY ***
Total pot 120 | Rake 0 
Board [Qc 9d 2s]
Seat 1: Mahu2021 (button) (small blind) collected (120)
Seat 2: kwkbmhkw (big blind) folded on the Flop



PokerStars Hand #247550076336: Tournament #3683802575, $1.84+$0.16 USD Hold'em No Limit - Level IV (30/60) - 2023/12/08 20:20:50 CET [2023/12/08 14:20:50 ET]
Table '3683802575 1' 3-max Seat #2 is the button
Seat 1: Mahu2021 (580 in chips) 
Seat 2: kwkbmhkw (920 in chips) 
kwkbmhkw: posts small blind 30
Mahu2021: posts big blind 60
*** HOLE CARDS ***
Dealt to Mahu2021 [Td 5d]
kwkbmhkw: folds 
Uncalled bet (30) returned to Mahu2021
Mahu2021 collected 60 from pot
Mahu2021: doesn't show hand 
*** SUMMARY ***
Total pot 60 | Rake 0 
Seat 1: Mahu2021 (big blind) collected (60)
Seat 2: kwkbmhkw (button) (small blind) folded before Flop



PokerStars Hand #247550077668: Tournament #3683802575, $1.84+$0.16 USD Hold'em No Limit - Level IV (30/60) - 2023/12/08 20:20:55 CET [2023/12/08 14:20:55 ET]
Table '3683802575 1' 3-max Seat #1 is the button
Seat 1: Mahu2021 (610 in chips) 
Seat 2: kwkbmhkw (890 in chips) 
Mahu2021: posts small blind 30
kwkbmhkw: posts big blind 60
*** HOLE CARDS ***
Dealt to Mahu2021 [2s Ts]
Mahu2021: calls 30
kwkbmhkw: checks 
*** FLOP *** [Qs 4c Ad]
kwkbmhkw: checks 
Mahu2021: bets 60
kwkbmhkw: folds 
Uncalled bet (60) returned to Mahu2021
Mahu2021 collected 120 from pot
Mahu2021: doesn't show hand 
*** SUMMARY ***
Total pot 120 | Rake 0 
Board [Qs 4c Ad]
Seat 1: Mahu2021 (button) (small blind) collected (120)
Seat 2: kwkbmhkw (big blind) folded on the Flop



PokerStars Hand #247550080972: Tournament #3683802575, $1.84+$0.16 USD Hold'em No Limit - Level IV (30/60) - 2023/12/08 20:21:06 CET [2023/12/08 14:21:06 ET]
Table '3683802575 1' 3-max Seat #2 is the button
Seat 1: Mahu2021 (670 in chips) 
Seat 2: kwkbmhkw (830 in chips) 
kwkbmhkw: posts small blind 30
Mahu2021: posts big blind 60
*** HOLE CARDS ***
Dealt to Mahu2021 [9h 3c]
kwkbmhkw: calls 30
Mahu2021: checks 
*** FLOP *** [5h 6d Qh]
Mahu2021: checks 
kwkbmhkw: bets 60
Mahu2021: folds 
Uncalled bet (60) returned to kwkbmhkw
kwkbmhkw collected 120 from pot
kwkbmhkw: doesn't show hand 
*** SUMMARY ***
Total pot 120 | Rake 0 
Board [5h 6d Qh]
Seat 1: Mahu2021 (big blind) folded on the Flop
Seat 2: kwkbmhkw (button) (small blind) collected (120)



PokerStars Hand #247550084009: Tournament #3683802575, $1.84+$0.16 USD Hold'em No Limit - Level IV (30/60) - 2023/12/08 20:21:15 CET [2023/12/08 14:21:15 ET]
Table '3683802575 1' 3-max Seat #1 is the button
Seat 1: Mahu2021 (610 in chips) 
Seat 2: kwkbmhkw (890 in chips) 
Mahu2021: posts small blind 30
kwkbmhkw: posts big blind 60
*** HOLE CARDS ***
Dealt to Mahu2021 [4d Qh]
Mahu2021: calls 30
kwkbmhkw: checks 
*** FLOP *** [6c Jd 3d]
kwkbmhkw: checks 
Mahu2021: bets 60
kwkbmhkw: folds 
Uncalled bet (60) returned to Mahu2021
Mahu2021 collected 120 from pot
Mahu2021: doesn't show hand 
*** SUMMARY ***
Total pot 120 | Rake 0 
Board [6c Jd 3d]
Seat 1: Mahu2021 (button) (small blind) collected (120)
Seat 2: kwkbmhkw (big blind) folded on the Flop



PokerStars Hand #247550088272: Tournament #3683802575, $1.84+$0.16 USD Hold'em No Limit - Level V (40/80) - 2023/12/08 20:21:29 CET [2023/12/08 14:21:29 ET]
Table '3683802575 1' 3-max Seat #2 is the button
Seat 1: Mahu2021 (670 in chips) 
Seat 2: kwkbmhkw (830 in chips) 
kwkbmhkw: posts small blind 40
Mahu2021: posts big blind 80
*** HOLE CARDS ***
Dealt to Mahu2021 [4h 7d]
kwkbmhkw: folds 
Uncalled bet (40) returned to Mahu2021
Mahu2021 collected 80 from pot
Mahu2021: doesn't show hand 
*** SUMMARY ***
Total pot 80 | Rake 0 
Seat 1: Mahu2021 (big blind) collected (80)
Seat 2: kwkbmhkw (button) (small blind) folded before Flop



PokerStars Hand #247550089769: Tournament #3683802575, $1.84+$0.16 USD Hold'em No Limit - Level V (40/80) - 2023/12/08 20:21:34 CET [2023/12/08 14:21:34 ET]
Table '3683802575 1' 3-max Seat #1 is the button
Seat 1: Mahu2021 (710 in chips) 
Seat 2: kwkbmhkw (790 in chips) 
Mahu2021: posts small blind 40
kwkbmhkw: posts big blind 80
*** HOLE CARDS ***
Dealt to Mahu2021 [5h 6d]
Mahu2021: raises 80 to 160
kwkbmhkw: folds 
Uncalled bet (80) returned to Mahu2021
Mahu2021 collected 160 from pot
Mahu2021: doesn't show hand 
*** SUMMARY ***
Total pot 160 | Rake 0 
Seat 1: Mahu2021 (button) (small blind) collected (160)
Seat 2: kwkbmhkw (big blind) folded before Flop



PokerStars Hand #247550091505: Tournament #3683802575, $1.84+$0.16 USD Hold'em No Limit - Level V (40/80) - 2023/12/08 20:21:39 CET [2023/12/08 14:21:39 ET]
Table '3683802575 1' 3-max Seat #2 is the button
Seat 1: Mahu2021 (790 in chips) 
Seat 2: kwkbmhkw (710 in chips) 
kwkbmhkw: posts small blind 40
Mahu2021: posts big blind 80
*** HOLE CARDS ***
Dealt to Mahu2021 [3c Jh]
kwkbmhkw: calls 40
Mahu2021: checks 
*** FLOP *** [6s 7c 3h]
Mahu2021: bets 80
kwkbmhkw: folds 
Uncalled bet (80) returned to Mahu2021
Mahu2021 collected 160 from pot
Mahu2021: doesn't show hand 
*** SUMMARY ***
Total pot 160 | Rake 0 
Board [6s 7c 3h]
Seat 1: Mahu2021 (big blind) collected (160)
Seat 2: kwkbmhkw (button) (small blind) folded on the Flop



PokerStars Hand #247550094328: Tournament #3683802575, $1.84+$0.16 USD Hold'em No Limit - Level V (40/80) - 2023/12/08 20:21:48 CET [2023/12/08 14:21:48 ET]
Table '3683802575 1' 3-max Seat #1 is the button
Seat 1: Mahu2021 (870 in chips) 
Seat 2: kwkbmhkw (630 in chips) 
Mahu2021: posts small blind 40
kwkbmhkw: posts big blind 80
*** HOLE CARDS ***
Dealt to Mahu2021 [Tc 6c]
Mahu2021: calls 40
kwkbmhkw: checks 
*** FLOP *** [Ts 2d 8h]
kwkbmhkw: bets 80
Mahu2021: calls 80
*** TURN *** [Ts 2d 8h] [3d]
kwkbmhkw: bets 80
Mahu2021: calls 80
*** RIVER *** [Ts 2d 8h 3d] [9c]
kwkbmhkw: bets 80
Mahu2021: raises 550 to 630 and is all-in
kwkbmhkw: folds 
Uncalled bet (550) returned to Mahu2021
Mahu2021 collected 640 from pot
Mahu2021: doesn't show hand 
*** SUMMARY ***
Total pot 640 | Rake 0 
Board [Ts 2d 8h 3d 9c]
Seat 1: Mahu2021 (button) (small blind) collected (640)
Seat 2: kwkbmhkw (big blind) folded on the River



PokerStars Hand #247550099756: Tournament #3683802575, $1.84+$0.16 USD Hold'em No Limit - Level V (40/80) - 2023/12/08 20:22:06 CET [2023/12/08 14:22:06 ET]
Table '3683802575 1' 3-max Seat #2 is the button
Seat 1: Mahu2021 (1190 in chips) 
Seat 2: kwkbmhkw (310 in chips) 
kwkbmhkw: posts small blind 40
Mahu2021: posts big blind 80
*** HOLE CARDS ***
Dealt to Mahu2021 [3c 9d]
kwkbmhkw: calls 40
Mahu2021: checks 
*** FLOP *** [2s 6c 9h]
Mahu2021: checks 
kwkbmhkw: bets 80
Mahu2021: raises 160 to 240
kwkbmhkw: calls 150 and is all-in
Uncalled bet (10) returned to Mahu2021
*** TURN *** [2s 6c 9h] [Qc]
*** RIVER *** [2s 6c 9h Qc] [6d]
*** SHOW DOWN ***
Mahu2021: shows [3c 9d] (two pair, Nines and Sixes)
kwkbmhkw: shows [Jc Jh] (two pair, Jacks and Sixes)
kwkbmhkw collected 620 from pot
*** SUMMARY ***
Total pot 620 | Rake 0 
Board [2s 6c 9h Qc 6d]
Seat 1: Mahu2021 (big blind) showed [3c 9d] and lost with two pair, Nines and Sixes
Seat 2: kwkbmhkw (button) (small blind) showed [Jc Jh] and won (620) with two pair, Jacks and Sixes



PokerStars Hand #247550105293: Tournament #3683802575, $1.84+$0.16 USD Hold'em No Limit - Level V (40/80) - 2023/12/08 20:22:23 CET [2023/12/08 14:22:23 ET]
Table '3683802575 1' 3-max Seat #1 is the button
Seat 1: Mahu2021 (880 in chips) 
Seat 2: kwkbmhkw (620 in chips) 
Mahu2021: posts small blind 40
kwkbmhkw: posts big blind 80
*** HOLE CARDS ***
Dealt to Mahu2021 [6c Jd]
Mahu2021: calls 40
kwkbmhkw: checks 
*** FLOP *** [3c As Qc]
kwkbmhkw: bets 80
Mahu2021: folds 
Uncalled bet (80) returned to kwkbmhkw
kwkbmhkw collected 160 from pot
kwkbmhkw: doesn't show hand 
*** SUMMARY ***
Total pot 160 | Rake 0 
Board [3c As Qc]
Seat 1: Mahu2021 (button) (small blind) folded on the Flop
Seat 2: kwkbmhkw (big blind) collected (160)



PokerStars Hand #247550108338: Tournament #3683802575, $1.84+$0.16 USD Hold'em No Limit - Level V (40/80) - 2023/12/08 20:22:33 CET [2023/12/08 14:22:33 ET]
Table '3683802575 1' 3-max Seat #2 is the button
Seat 1: Mahu2021 (800 in chips) 
Seat 2: kwkbmhkw (700 in chips) 
kwkbmhkw: posts small blind 40
Mahu2021: posts big blind 80
*** HOLE CARDS ***
Dealt to Mahu2021 [8d 3h]
kwkbmhkw: folds 
Uncalled bet (40) returned to Mahu2021
Mahu2021 collected 80 from pot
Mahu2021: doesn't show hand 
*** SUMMARY ***
Total pot 80 | Rake 0 
Seat 1: Mahu2021 (big blind) collected (80)
Seat 2: kwkbmhkw (button) (small blind) folded before Flop



PokerStars Hand #247550109798: Tournament #3683802575, $1.84+$0.16 USD Hold'em No Limit - Level V (40/80) - 2023/12/08 20:22:38 CET [2023/12/08 14:22:38 ET]
Table '3683802575 1' 3-max Seat #1 is the button
Seat 1: Mahu2021 (840 in chips) 
Seat 2: kwkbmhkw (660 in chips) 
Mahu2021: posts small blind 40
kwkbmhkw: posts big blind 80
*** HOLE CARDS ***
Dealt to Mahu2021 [3s 2h]
Mahu2021: calls 40
kwkbmhkw: checks 
*** FLOP *** [9s 6d Qd]
kwkbmhkw: checks 
Mahu2021: bets 80
kwkbmhkw: calls 80
*** TURN *** [9s 6d Qd] [8d]
kwkbmhkw: checks 
Mahu2021: checks 
*** RIVER *** [9s 6d Qd 8d] [As]
kwkbmhkw: checks 
Mahu2021: bets 680 and is all-in
kwkbmhkw: folds 
Uncalled bet (680) returned to Mahu2021
Mahu2021 collected 320 from pot
Mahu2021: doesn't show hand 
*** SUMMARY ***
Total pot 320 | Rake 0 
Board [9s 6d Qd 8d As]
Seat 1: Mahu2021 (button) (small blind) collected (320)
Seat 2: kwkbmhkw (big blind) folded on the River



PokerStars Hand #247550116273: Tournament #3683802575, $1.84+$0.16 USD Hold'em No Limit - Level V (40/80) - 2023/12/08 20:22:58 CET [2023/12/08 14:22:58 ET]
Table '3683802575 1' 3-max Seat #2 is the button
Seat 1: Mahu2021 (1000 in chips) 
Seat 2: kwkbmhkw (500 in chips) 
kwkbmhkw: posts small blind 40
Mahu2021: posts big blind 80
*** HOLE CARDS ***
Dealt to Mahu2021 [3h 4h]
kwkbmhkw: calls 40
Mahu2021: checks 
*** FLOP *** [Ad Th 2d]
Mahu2021: checks 
kwkbmhkw: checks 
*** TURN *** [Ad Th 2d] [9d]
Mahu2021: checks 
kwkbmhkw: checks 
*** RIVER *** [Ad Th 2d 9d] [3c]
Mahu2021: checks 
kwkbmhkw: checks 
*** SHOW DOWN ***
Mahu2021: shows [3h 4h] (a pair of Threes)
kwkbmhkw: mucks hand 
Mahu2021 collected 160 from pot
*** SUMMARY ***
Total pot 160 | Rake 0 
Board [Ad Th 2d 9d 3c]
Seat 1: Mahu2021 (big blind) showed [3h 4h] and won (160) with a pair of Threes
Seat 2: kwkbmhkw (button) (small blind) mucked [8h Kh]



PokerStars Hand #247550120408: Tournament #3683802575, $1.84+$0.16 USD Hold'em No Limit - Level V (40/80) - 2023/12/08 20:23:12 CET [2023/12/08 14:23:12 ET]
Table '3683802575 1' 3-max Seat #1 is the button
Seat 1: Mahu2021 (1080 in chips) 
Seat 2: kwkbmhkw (420 in chips) 
Mahu2021: posts small blind 40
kwkbmhkw: posts big blind 80
*** HOLE CARDS ***
Dealt to Mahu2021 [Ks 5d]
Mahu2021: raises 80 to 160
kwkbmhkw: calls 80
*** FLOP *** [2h Ac 6h]
kwkbmhkw: bets 260 and is all-in
Mahu2021: folds 
Uncalled bet (260) returned to kwkbmhkw
kwkbmhkw collected 320 from pot
kwkbmhkw: doesn't show hand 
*** SUMMARY ***
Total pot 320 | Rake 0 
Board [2h Ac 6h]
Seat 1: Mahu2021 (button) (small blind) folded on the Flop
Seat 2: kwkbmhkw (big blind) collected (320)



PokerStars Hand #247550125444: Tournament #3683802575, $1.84+$0.16 USD Hold'em No Limit - Level VI (50/100) - 2023/12/08 20:23:28 CET [2023/12/08 14:23:28 ET]
Table '3683802575 1' 3-max Seat #2 is the button
Seat 1: Mahu2021 (920 in chips) 
Seat 2: kwkbmhkw (580 in chips) 
kwkbmhkw: posts small blind 50
Mahu2021: posts big blind 100
*** HOLE CARDS ***
Dealt to Mahu2021 [8s 2h]
kwkbmhkw: folds 
Uncalled bet (50) returned to Mahu2021
Mahu2021 collected 100 from pot
Mahu2021: doesn't show hand 
*** SUMMARY ***
Total pot 100 | Rake 0 
Seat 1: Mahu2021 (big blind) collected (100)
Seat 2: kwkbmhkw (button) (small blind) folded before Flop



PokerStars Hand #247550126864: Tournament #3683802575, $1.84+$0.16 USD Hold'em No Limit - Level VI (50/100) - 2023/12/08 20:23:32 CET [2023/12/08 14:23:32 ET]
Table '3683802575 1' 3-max Seat #1 is the button
Seat 1: Mahu2021 (970 in chips) 
Seat 2: kwkbmhkw (530 in chips) 
Mahu2021: posts small blind 50
kwkbmhkw: posts big blind 100
*** HOLE CARDS ***
Dealt to Mahu2021 [Kd 9c]
Mahu2021: raises 100 to 200
kwkbmhkw: folds 
Uncalled bet (100) returned to Mahu2021
Mahu2021 collected 200 from pot
Mahu2021: doesn't show hand 
*** SUMMARY ***
Total pot 200 | Rake 0 
Seat 1: Mahu2021 (button) (small blind) collected (200)
Seat 2: kwkbmhkw (big blind) folded before Flop



PokerStars Hand #247550128662: Tournament #3683802575, $1.84+$0.16 USD Hold'em No Limit - Level VI (50/100) - 2023/12/08 20:23:38 CET [2023/12/08 14:23:38 ET]
Table '3683802575 1' 3-max Seat #2 is the button
Seat 1: Mahu2021 (1070 in chips) 
Seat 2: kwkbmhkw (430 in chips) 
kwkbmhkw: posts small blind 50
Mahu2021: posts big blind 100
*** HOLE CARDS ***
Dealt to Mahu2021 [Ah Jd]
kwkbmhkw: raises 330 to 430 and is all-in
Mahu2021: calls 330
*** FLOP *** [Ad 3d 5d]
*** TURN *** [Ad 3d 5d] [2h]
*** RIVER *** [Ad 3d 5d 2h] [7c]
*** SHOW DOWN ***
Mahu2021: shows [Ah Jd] (a pair of Aces)
kwkbmhkw: shows [Ks 5s] (a pair of Fives)
Mahu2021 collected 860 from pot
kwkbmhkw finished the tournament in 2nd place
Mahu2021 wins the tournament and receives $4.00 - congratulations!
*** SUMMARY ***
Total pot 860 | Rake 0 
Board [Ad 3d 5d 2h 7c]
Seat 1: Mahu2021 (big blind) showed [Ah Jd] and won (860) with a pair of Aces
Seat 2: kwkbmhkw (button) (small blind) showed [Ks 5s] and lost with a pair of Fives



