PokerStars Hand #247608774835: Tournament #3685191352, $1.84+$0.16 USD Hold'em No Limit - Level I (10/20) - 2023/12/11 22:09:32 CET [2023/12/11 16:09:32 ET]
Table '3685191352 1' 3-max Seat #1 is the button
Seat 1: Slade1711 (500 in chips) 
Seat 2: Mahu2021 (500 in chips) 
Seat 3: gengiskhan74 (500 in chips) 
Mahu2021: posts small blind 10
gengiskhan74: posts big blind 20
*** HOLE CARDS ***
Dealt to Mahu2021 [Jc 7h]
Slade1711: calls 20
Mahu2021: calls 10
gengiskhan74: checks 
*** FLOP *** [2s Kd 9c]
Mahu2021: checks 
gengiskhan74: bets 20
Slade1711: folds 
Mahu2021: folds 
Uncalled bet (20) returned to gengiskhan74
gengiskhan74 collected 60 from pot
*** SUMMARY ***
Total pot 60 | Rake 0 
Board [2s Kd 9c]
Seat 1: Slade1711 (button) folded on the Flop
Seat 2: Mahu2021 (small blind) folded on the Flop
Seat 3: gengiskhan74 (big blind) collected (60)



PokerStars Hand #247608784325: Tournament #3685191352, $1.84+$0.16 USD Hold'em No Limit - Level I (10/20) - 2023/12/11 22:10:00 CET [2023/12/11 16:10:00 ET]
Table '3685191352 1' 3-max Seat #2 is the button
Seat 1: Slade1711 (480 in chips) 
Seat 2: Mahu2021 (480 in chips) 
Seat 3: gengiskhan74 (540 in chips) 
gengiskhan74: posts small blind 10
Slade1711: posts big blind 20
*** HOLE CARDS ***
Dealt to Mahu2021 [Ad Td]
Mahu2021: raises 20 to 40
gengiskhan74: folds 
Slade1711: folds 
Uncalled bet (20) returned to Mahu2021
Mahu2021 collected 50 from pot
Mahu2021: doesn't show hand 
*** SUMMARY ***
Total pot 50 | Rake 0 
Seat 1: Slade1711 (big blind) folded before Flop
Seat 2: Mahu2021 (button) collected (50)
Seat 3: gengiskhan74 (small blind) folded before Flop



PokerStars Hand #247608790131: Tournament #3685191352, $1.84+$0.16 USD Hold'em No Limit - Level I (10/20) - 2023/12/11 22:10:16 CET [2023/12/11 16:10:16 ET]
Table '3685191352 1' 3-max Seat #3 is the button
Seat 1: Slade1711 (460 in chips) 
Seat 2: Mahu2021 (510 in chips) 
Seat 3: gengiskhan74 (530 in chips) 
Slade1711: posts small blind 10
Mahu2021: posts big blind 20
*** HOLE CARDS ***
Dealt to Mahu2021 [9s 4s]
gengiskhan74: calls 20
Slade1711: calls 10
Mahu2021: checks 
*** FLOP *** [6h Td 2s]
Slade1711: checks 
Mahu2021: checks 
gengiskhan74: checks 
*** TURN *** [6h Td 2s] [Qh]
Slade1711: checks 
Mahu2021: checks 
gengiskhan74: checks 
*** RIVER *** [6h Td 2s Qh] [9c]
Slade1711: bets 60
Mahu2021: calls 60
gengiskhan74: folds 
*** SHOW DOWN ***
Slade1711: shows [Jh Ks] (a straight, Nine to King)
Mahu2021: mucks hand 
Slade1711 collected 180 from pot
*** SUMMARY ***
Total pot 180 | Rake 0 
Board [6h Td 2s Qh 9c]
Seat 1: Slade1711 (small blind) showed [Jh Ks] and won (180) with a straight, Nine to King
Seat 2: Mahu2021 (big blind) mucked [9s 4s]
Seat 3: gengiskhan74 (button) folded on the River



PokerStars Hand #247608806354: Tournament #3685191352, $1.84+$0.16 USD Hold'em No Limit - Level I (10/20) - 2023/12/11 22:11:02 CET [2023/12/11 16:11:02 ET]
Table '3685191352 1' 3-max Seat #1 is the button
Seat 1: Slade1711 (560 in chips) 
Seat 2: Mahu2021 (430 in chips) 
Seat 3: gengiskhan74 (510 in chips) 
Mahu2021: posts small blind 10
gengiskhan74: posts big blind 20
*** HOLE CARDS ***
Dealt to Mahu2021 [Th 9c]
Slade1711: folds 
Mahu2021: calls 10
gengiskhan74: checks 
*** FLOP *** [2c 5d 4d]
Mahu2021: checks 
gengiskhan74: checks 
*** TURN *** [2c 5d 4d] [9h]
Mahu2021: checks 
gengiskhan74: checks 
*** RIVER *** [2c 5d 4d 9h] [Kd]
Mahu2021: checks 
gengiskhan74: checks 
*** SHOW DOWN ***
Mahu2021: shows [Th 9c] (a pair of Nines)
gengiskhan74: mucks hand 
Mahu2021 collected 40 from pot
*** SUMMARY ***
Total pot 40 | Rake 0 
Board [2c 5d 4d 9h Kd]
Seat 1: Slade1711 (button) folded before Flop (didn't bet)
Seat 2: Mahu2021 (small blind) showed [Th 9c] and won (40) with a pair of Nines
Seat 3: gengiskhan74 (big blind) mucked [Jc Ac]



PokerStars Hand #247608814283: Tournament #3685191352, $1.84+$0.16 USD Hold'em No Limit - Level I (10/20) - 2023/12/11 22:11:24 CET [2023/12/11 16:11:24 ET]
Table '3685191352 1' 3-max Seat #2 is the button
Seat 1: Slade1711 (560 in chips) 
Seat 2: Mahu2021 (450 in chips) 
Seat 3: gengiskhan74 (490 in chips) 
gengiskhan74: posts small blind 10
Slade1711: posts big blind 20
*** HOLE CARDS ***
Dealt to Mahu2021 [Qs 5s]
Mahu2021: calls 20
gengiskhan74: folds 
Slade1711: checks 
*** FLOP *** [Ts 6d Js]
Slade1711: checks 
Mahu2021: bets 20
Slade1711: folds 
Uncalled bet (20) returned to Mahu2021
Mahu2021 collected 50 from pot
Mahu2021: doesn't show hand 
*** SUMMARY ***
Total pot 50 | Rake 0 
Board [Ts 6d Js]
Seat 1: Slade1711 (big blind) folded on the Flop
Seat 2: Mahu2021 (button) collected (50)
Seat 3: gengiskhan74 (small blind) folded before Flop



PokerStars Hand #247608820073: Tournament #3685191352, $1.84+$0.16 USD Hold'em No Limit - Level II (15/30) - 2023/12/11 22:11:41 CET [2023/12/11 16:11:41 ET]
Table '3685191352 1' 3-max Seat #3 is the button
Seat 1: Slade1711 (540 in chips) 
Seat 2: Mahu2021 (480 in chips) 
Seat 3: gengiskhan74 (480 in chips) 
Slade1711: posts small blind 15
Mahu2021: posts big blind 30
*** HOLE CARDS ***
Dealt to Mahu2021 [As 7h]
gengiskhan74: folds 
Slade1711: calls 15
Mahu2021: checks 
*** FLOP *** [3c 2h Qs]
Slade1711: checks 
Mahu2021: checks 
*** TURN *** [3c 2h Qs] [Kh]
Slade1711: checks 
Mahu2021: bets 30
Slade1711: calls 30
*** RIVER *** [3c 2h Qs Kh] [9d]
Slade1711: checks 
Mahu2021: checks 
*** SHOW DOWN ***
Slade1711: shows [9c Jd] (a pair of Nines)
Mahu2021: mucks hand 
Slade1711 collected 120 from pot
*** SUMMARY ***
Total pot 120 | Rake 0 
Board [3c 2h Qs Kh 9d]
Seat 1: Slade1711 (small blind) showed [9c Jd] and won (120) with a pair of Nines
Seat 2: Mahu2021 (big blind) mucked [As 7h]
Seat 3: gengiskhan74 (button) folded before Flop (didn't bet)



PokerStars Hand #247608833563: Tournament #3685191352, $1.84+$0.16 USD Hold'em No Limit - Level II (15/30) - 2023/12/11 22:12:19 CET [2023/12/11 16:12:19 ET]
Table '3685191352 1' 3-max Seat #1 is the button
Seat 1: Slade1711 (600 in chips) 
Seat 2: Mahu2021 (420 in chips) 
Seat 3: gengiskhan74 (480 in chips) 
Mahu2021: posts small blind 15
gengiskhan74: posts big blind 30
*** HOLE CARDS ***
Dealt to Mahu2021 [4d 5h]
Slade1711: folds 
Mahu2021: calls 15
gengiskhan74: checks 
*** FLOP *** [2h 8c 8d]
Mahu2021: checks 
gengiskhan74: bets 60
Mahu2021: folds 
Uncalled bet (60) returned to gengiskhan74
gengiskhan74 collected 60 from pot
*** SUMMARY ***
Total pot 60 | Rake 0 
Board [2h 8c 8d]
Seat 1: Slade1711 (button) folded before Flop (didn't bet)
Seat 2: Mahu2021 (small blind) folded on the Flop
Seat 3: gengiskhan74 (big blind) collected (60)



PokerStars Hand #247608840629: Tournament #3685191352, $1.84+$0.16 USD Hold'em No Limit - Level II (15/30) - 2023/12/11 22:12:39 CET [2023/12/11 16:12:39 ET]
Table '3685191352 1' 3-max Seat #2 is the button
Seat 1: Slade1711 (600 in chips) 
Seat 2: Mahu2021 (390 in chips) 
Seat 3: gengiskhan74 (510 in chips) 
gengiskhan74: posts small blind 15
Slade1711: posts big blind 30
*** HOLE CARDS ***
Dealt to Mahu2021 [7c 6d]
Mahu2021: folds 
gengiskhan74: folds 
Uncalled bet (15) returned to Slade1711
Slade1711 collected 30 from pot
Slade1711: doesn't show hand 
*** SUMMARY ***
Total pot 30 | Rake 0 
Seat 1: Slade1711 (big blind) collected (30)
Seat 2: Mahu2021 (button) folded before Flop (didn't bet)
Seat 3: gengiskhan74 (small blind) folded before Flop



PokerStars Hand #247608842283: Tournament #3685191352, $1.84+$0.16 USD Hold'em No Limit - Level II (15/30) - 2023/12/11 22:12:43 CET [2023/12/11 16:12:43 ET]
Table '3685191352 1' 3-max Seat #3 is the button
Seat 1: Slade1711 (615 in chips) 
Seat 2: Mahu2021 (390 in chips) 
Seat 3: gengiskhan74 (495 in chips) 
Slade1711: posts small blind 15
Mahu2021: posts big blind 30
*** HOLE CARDS ***
Dealt to Mahu2021 [Kd Jd]
gengiskhan74: folds 
Slade1711: calls 15
Mahu2021: raises 60 to 90
Slade1711: folds 
Uncalled bet (60) returned to Mahu2021
Mahu2021 collected 60 from pot
Mahu2021: doesn't show hand 
*** SUMMARY ***
Total pot 60 | Rake 0 
Seat 1: Slade1711 (small blind) folded before Flop
Seat 2: Mahu2021 (big blind) collected (60)
Seat 3: gengiskhan74 (button) folded before Flop (didn't bet)



PokerStars Hand #247608846065: Tournament #3685191352, $1.84+$0.16 USD Hold'em No Limit - Level II (15/30) - 2023/12/11 22:12:54 CET [2023/12/11 16:12:54 ET]
Table '3685191352 1' 3-max Seat #1 is the button
Seat 1: Slade1711 (585 in chips) 
Seat 2: Mahu2021 (420 in chips) 
Seat 3: gengiskhan74 (495 in chips) 
Mahu2021: posts small blind 15
gengiskhan74: posts big blind 30
*** HOLE CARDS ***
Dealt to Mahu2021 [5h Qh]
Slade1711: folds 
Mahu2021: calls 15
gengiskhan74: checks 
*** FLOP *** [3c 3d Ac]
Mahu2021: checks 
gengiskhan74: checks 
*** TURN *** [3c 3d Ac] [Ad]
Mahu2021: checks 
gengiskhan74: checks 
*** RIVER *** [3c 3d Ac Ad] [4s]
Mahu2021: checks 
gengiskhan74: checks 
*** SHOW DOWN ***
Mahu2021: shows [5h Qh] (two pair, Aces and Threes)
gengiskhan74: mucks hand 
Mahu2021 collected 60 from pot
*** SUMMARY ***
Total pot 60 | Rake 0 
Board [3c 3d Ac Ad 4s]
Seat 1: Slade1711 (button) folded before Flop (didn't bet)
Seat 2: Mahu2021 (small blind) showed [5h Qh] and won (60) with two pair, Aces and Threes
Seat 3: gengiskhan74 (big blind) mucked [8h Jh]



PokerStars Hand #247608851893: Tournament #3685191352, $1.84+$0.16 USD Hold'em No Limit - Level II (15/30) - 2023/12/11 22:13:11 CET [2023/12/11 16:13:11 ET]
Table '3685191352 1' 3-max Seat #2 is the button
Seat 1: Slade1711 (585 in chips) 
Seat 2: Mahu2021 (450 in chips) 
Seat 3: gengiskhan74 (465 in chips) 
gengiskhan74: posts small blind 15
Slade1711: posts big blind 30
*** HOLE CARDS ***
Dealt to Mahu2021 [3c 5s]
Mahu2021: folds 
gengiskhan74: folds 
Uncalled bet (15) returned to Slade1711
Slade1711 collected 30 from pot
Slade1711: doesn't show hand 
*** SUMMARY ***
Total pot 30 | Rake 0 
Seat 1: Slade1711 (big blind) collected (30)
Seat 2: Mahu2021 (button) folded before Flop (didn't bet)
Seat 3: gengiskhan74 (small blind) folded before Flop



PokerStars Hand #247608853640: Tournament #3685191352, $1.84+$0.16 USD Hold'em No Limit - Level II (15/30) - 2023/12/11 22:13:16 CET [2023/12/11 16:13:16 ET]
Table '3685191352 1' 3-max Seat #3 is the button
Seat 1: Slade1711 (600 in chips) 
Seat 2: Mahu2021 (450 in chips) 
Seat 3: gengiskhan74 (450 in chips) 
Slade1711: posts small blind 15
Mahu2021: posts big blind 30
*** HOLE CARDS ***
Dealt to Mahu2021 [6d 5h]
gengiskhan74: calls 30
Slade1711: calls 15
Mahu2021: checks 
*** FLOP *** [7h 8d 5c]
Slade1711: bets 60
Mahu2021: calls 60
gengiskhan74: folds 
*** TURN *** [7h 8d 5c] [Ad]
Slade1711: checks 
Mahu2021: checks 
*** RIVER *** [7h 8d 5c Ad] [Jh]
Slade1711: checks 
Mahu2021: checks 
*** SHOW DOWN ***
Slade1711: shows [8c Qd] (a pair of Eights)
Mahu2021: mucks hand 
Slade1711 collected 210 from pot
*** SUMMARY ***
Total pot 210 | Rake 0 
Board [7h 8d 5c Ad Jh]
Seat 1: Slade1711 (small blind) showed [8c Qd] and won (210) with a pair of Eights
Seat 2: Mahu2021 (big blind) mucked [6d 5h]
Seat 3: gengiskhan74 (button) folded on the Flop



PokerStars Hand #247608863570: Tournament #3685191352, $1.84+$0.16 USD Hold'em No Limit - Level III (20/40) - 2023/12/11 22:13:44 CET [2023/12/11 16:13:44 ET]
Table '3685191352 1' 3-max Seat #1 is the button
Seat 1: Slade1711 (720 in chips) 
Seat 2: Mahu2021 (360 in chips) 
Seat 3: gengiskhan74 (420 in chips) 
Mahu2021: posts small blind 20
gengiskhan74: posts big blind 40
*** HOLE CARDS ***
Dealt to Mahu2021 [6s Kd]
Slade1711: raises 40 to 80
Mahu2021: folds 
gengiskhan74: calls 40
*** FLOP *** [4s 5h 7c]
gengiskhan74: bets 340 and is all-in
Slade1711: folds 
Uncalled bet (340) returned to gengiskhan74
gengiskhan74 collected 180 from pot
*** SUMMARY ***
Total pot 180 | Rake 0 
Board [4s 5h 7c]
Seat 1: Slade1711 (button) folded on the Flop
Seat 2: Mahu2021 (small blind) folded before Flop
Seat 3: gengiskhan74 (big blind) collected (180)



PokerStars Hand #247608870526: Tournament #3685191352, $1.84+$0.16 USD Hold'em No Limit - Level III (20/40) - 2023/12/11 22:14:04 CET [2023/12/11 16:14:04 ET]
Table '3685191352 1' 3-max Seat #2 is the button
Seat 1: Slade1711 (640 in chips) 
Seat 2: Mahu2021 (340 in chips) 
Seat 3: gengiskhan74 (520 in chips) 
gengiskhan74: posts small blind 20
Slade1711: posts big blind 40
*** HOLE CARDS ***
Dealt to Mahu2021 [Th 4h]
Mahu2021: folds 
gengiskhan74: folds 
Uncalled bet (20) returned to Slade1711
Slade1711 collected 40 from pot
Slade1711: doesn't show hand 
*** SUMMARY ***
Total pot 40 | Rake 0 
Seat 1: Slade1711 (big blind) collected (40)
Seat 2: Mahu2021 (button) folded before Flop (didn't bet)
Seat 3: gengiskhan74 (small blind) folded before Flop



PokerStars Hand #247608872236: Tournament #3685191352, $1.84+$0.16 USD Hold'em No Limit - Level III (20/40) - 2023/12/11 22:14:09 CET [2023/12/11 16:14:09 ET]
Table '3685191352 1' 3-max Seat #3 is the button
Seat 1: Slade1711 (660 in chips) 
Seat 2: Mahu2021 (340 in chips) 
Seat 3: gengiskhan74 (500 in chips) 
Slade1711: posts small blind 20
Mahu2021: posts big blind 40
*** HOLE CARDS ***
Dealt to Mahu2021 [6c 7c]
gengiskhan74: raises 100 to 140
Slade1711: folds 
Mahu2021: folds 
Uncalled bet (100) returned to gengiskhan74
gengiskhan74 collected 100 from pot
*** SUMMARY ***
Total pot 100 | Rake 0 
Seat 1: Slade1711 (small blind) folded before Flop
Seat 2: Mahu2021 (big blind) folded before Flop
Seat 3: gengiskhan74 (button) collected (100)



PokerStars Hand #247608879008: Tournament #3685191352, $1.84+$0.16 USD Hold'em No Limit - Level III (20/40) - 2023/12/11 22:14:28 CET [2023/12/11 16:14:28 ET]
Table '3685191352 1' 3-max Seat #1 is the button
Seat 1: Slade1711 (640 in chips) 
Seat 2: Mahu2021 (300 in chips) 
Seat 3: gengiskhan74 (560 in chips) 
Mahu2021: posts small blind 20
gengiskhan74: posts big blind 40
*** HOLE CARDS ***
Dealt to Mahu2021 [7c 4s]
Slade1711: raises 40 to 80
Mahu2021: folds 
gengiskhan74: calls 40
*** FLOP *** [6s Ac Kc]
gengiskhan74: checks 
Slade1711: checks 
*** TURN *** [6s Ac Kc] [8d]
gengiskhan74: checks 
Slade1711: checks 
*** RIVER *** [6s Ac Kc 8d] [8s]
gengiskhan74: checks 
Slade1711: checks 
*** SHOW DOWN ***
gengiskhan74: shows [3h Jh] (a pair of Eights)
Slade1711: mucks hand 
gengiskhan74 collected 180 from pot
*** SUMMARY ***
Total pot 180 | Rake 0 
Board [6s Ac Kc 8d 8s]
Seat 1: Slade1711 (button) mucked [7h Th]
Seat 2: Mahu2021 (small blind) folded before Flop
Seat 3: gengiskhan74 (big blind) showed [3h Jh] and won (180) with a pair of Eights



PokerStars Hand #247608888727: Tournament #3685191352, $1.84+$0.16 USD Hold'em No Limit - Level III (20/40) - 2023/12/11 22:14:55 CET [2023/12/11 16:14:55 ET]
Table '3685191352 1' 3-max Seat #2 is the button
Seat 1: Slade1711 (560 in chips) 
Seat 2: Mahu2021 (280 in chips) 
Seat 3: gengiskhan74 (660 in chips) 
gengiskhan74: posts small blind 20
Slade1711: posts big blind 40
*** HOLE CARDS ***
Dealt to Mahu2021 [9h 6d]
Mahu2021: folds 
gengiskhan74: calls 20
Slade1711: checks 
*** FLOP *** [7h Qd Jc]
gengiskhan74: checks 
Slade1711: checks 
*** TURN *** [7h Qd Jc] [Th]
gengiskhan74: checks 
Slade1711: checks 
*** RIVER *** [7h Qd Jc Th] [2d]
gengiskhan74: checks 
Slade1711: checks 
*** SHOW DOWN ***
gengiskhan74: shows [Jh 3h] (a pair of Jacks)
Slade1711: mucks hand 
gengiskhan74 collected 80 from pot
*** SUMMARY ***
Total pot 80 | Rake 0 
Board [7h Qd Jc Th 2d]
Seat 1: Slade1711 (big blind) mucked [Td As]
Seat 2: Mahu2021 (button) folded before Flop (didn't bet)
Seat 3: gengiskhan74 (small blind) showed [Jh 3h] and won (80) with a pair of Jacks



PokerStars Hand #247608899775: Tournament #3685191352, $1.84+$0.16 USD Hold'em No Limit - Level III (20/40) - 2023/12/11 22:15:26 CET [2023/12/11 16:15:26 ET]
Table '3685191352 1' 3-max Seat #3 is the button
Seat 1: Slade1711 (520 in chips) 
Seat 2: Mahu2021 (280 in chips) 
Seat 3: gengiskhan74 (700 in chips) 
Slade1711: posts small blind 20
Mahu2021: posts big blind 40
*** HOLE CARDS ***
Dealt to Mahu2021 [9s 4s]
gengiskhan74: folds 
Slade1711: calls 20
Mahu2021: checks 
*** FLOP *** [Kd Qd 7c]
Slade1711: checks 
Mahu2021: bets 240 and is all-in
Slade1711: folds 
Uncalled bet (240) returned to Mahu2021
Mahu2021 collected 80 from pot
Mahu2021: doesn't show hand 
*** SUMMARY ***
Total pot 80 | Rake 0 
Board [Kd Qd 7c]
Seat 1: Slade1711 (small blind) folded on the Flop
Seat 2: Mahu2021 (big blind) collected (80)
Seat 3: gengiskhan74 (button) folded before Flop (didn't bet)



PokerStars Hand #247608910153: Tournament #3685191352, $1.84+$0.16 USD Hold'em No Limit - Level IV (30/60) - 2023/12/11 22:15:55 CET [2023/12/11 16:15:55 ET]
Table '3685191352 1' 3-max Seat #1 is the button
Seat 1: Slade1711 (480 in chips) 
Seat 2: Mahu2021 (320 in chips) 
Seat 3: gengiskhan74 (700 in chips) 
Mahu2021: posts small blind 30
gengiskhan74: posts big blind 60
*** HOLE CARDS ***
Dealt to Mahu2021 [9s Qs]
Slade1711: folds 
Mahu2021: raises 260 to 320 and is all-in
gengiskhan74: calls 260
*** FLOP *** [9d Td Kc]
*** TURN *** [9d Td Kc] [6c]
*** RIVER *** [9d Td Kc 6c] [3s]
*** SHOW DOWN ***
Mahu2021: shows [9s Qs] (a pair of Nines)
gengiskhan74: shows [5c 3c] (a pair of Threes)
Mahu2021 collected 640 from pot
*** SUMMARY ***
Total pot 640 | Rake 0 
Board [9d Td Kc 6c 3s]
Seat 1: Slade1711 (button) folded before Flop (didn't bet)
Seat 2: Mahu2021 (small blind) showed [9s Qs] and won (640) with a pair of Nines
Seat 3: gengiskhan74 (big blind) showed [5c 3c] and lost with a pair of Threes



PokerStars Hand #247608915559: Tournament #3685191352, $1.84+$0.16 USD Hold'em No Limit - Level IV (30/60) - 2023/12/11 22:16:11 CET [2023/12/11 16:16:11 ET]
Table '3685191352 1' 3-max Seat #2 is the button
Seat 1: Slade1711 (480 in chips) 
Seat 2: Mahu2021 (640 in chips) 
Seat 3: gengiskhan74 (380 in chips) 
gengiskhan74: posts small blind 30
Slade1711: posts big blind 60
*** HOLE CARDS ***
Dealt to Mahu2021 [7c 6d]
Mahu2021: folds 
gengiskhan74: calls 30
Slade1711: checks 
*** FLOP *** [Ac As Kh]
gengiskhan74: checks 
Slade1711: checks 
*** TURN *** [Ac As Kh] [9d]
gengiskhan74: checks 
Slade1711: checks 
*** RIVER *** [Ac As Kh 9d] [Qs]
gengiskhan74: checks 
Slade1711: checks 
*** SHOW DOWN ***
gengiskhan74: shows [9s Tc] (two pair, Aces and Nines)
Slade1711: shows [9c Ts] (two pair, Aces and Nines)
gengiskhan74 collected 60 from pot
Slade1711 collected 60 from pot
*** SUMMARY ***
Total pot 120 | Rake 0 
Board [Ac As Kh 9d Qs]
Seat 1: Slade1711 (big blind) showed [9c Ts] and won (60) with two pair, Aces and Nines
Seat 2: Mahu2021 (button) folded before Flop (didn't bet)
Seat 3: gengiskhan74 (small blind) showed [9s Tc] and won (60) with two pair, Aces and Nines



PokerStars Hand #247608925258: Tournament #3685191352, $1.84+$0.16 USD Hold'em No Limit - Level IV (30/60) - 2023/12/11 22:16:37 CET [2023/12/11 16:16:37 ET]
Table '3685191352 1' 3-max Seat #3 is the button
Seat 1: Slade1711 (480 in chips) 
Seat 2: Mahu2021 (640 in chips) 
Seat 3: gengiskhan74 (380 in chips) 
Slade1711: posts small blind 30
Mahu2021: posts big blind 60
*** HOLE CARDS ***
Dealt to Mahu2021 [3h Ts]
gengiskhan74: raises 320 to 380 and is all-in
Slade1711: folds 
Mahu2021: folds 
Uncalled bet (320) returned to gengiskhan74
gengiskhan74 collected 150 from pot
*** SUMMARY ***
Total pot 150 | Rake 0 
Seat 1: Slade1711 (small blind) folded before Flop
Seat 2: Mahu2021 (big blind) folded before Flop
Seat 3: gengiskhan74 (button) collected (150)



PokerStars Hand #247608929728: Tournament #3685191352, $1.84+$0.16 USD Hold'em No Limit - Level IV (30/60) - 2023/12/11 22:16:50 CET [2023/12/11 16:16:50 ET]
Table '3685191352 1' 3-max Seat #1 is the button
Seat 1: Slade1711 (450 in chips) 
Seat 2: Mahu2021 (580 in chips) 
Seat 3: gengiskhan74 (470 in chips) 
Mahu2021: posts small blind 30
gengiskhan74: posts big blind 60
*** HOLE CARDS ***
Dealt to Mahu2021 [7s 7h]
Slade1711: calls 60
Mahu2021: raises 520 to 580 and is all-in
gengiskhan74: folds 
Slade1711: folds 
Uncalled bet (520) returned to Mahu2021
Mahu2021 collected 180 from pot
Mahu2021: doesn't show hand 
*** SUMMARY ***
Total pot 180 | Rake 0 
Seat 1: Slade1711 (button) folded before Flop
Seat 2: Mahu2021 (small blind) collected (180)
Seat 3: gengiskhan74 (big blind) folded before Flop



PokerStars Hand #247608934072: Tournament #3685191352, $1.84+$0.16 USD Hold'em No Limit - Level IV (30/60) - 2023/12/11 22:17:02 CET [2023/12/11 16:17:02 ET]
Table '3685191352 1' 3-max Seat #2 is the button
Seat 1: Slade1711 (390 in chips) 
Seat 2: Mahu2021 (700 in chips) 
Seat 3: gengiskhan74 (410 in chips) 
gengiskhan74: posts small blind 30
Slade1711: posts big blind 60
*** HOLE CARDS ***
Dealt to Mahu2021 [8s 6d]
Mahu2021: folds 
gengiskhan74: calls 30
Slade1711: checks 
*** FLOP *** [3c 8c 4s]
gengiskhan74: checks 
Slade1711: bets 120
gengiskhan74: calls 120
*** TURN *** [3c 8c 4s] [Jh]
gengiskhan74: checks 
Slade1711: checks 
*** RIVER *** [3c 8c 4s Jh] [9c]
gengiskhan74: checks 
Slade1711: checks 
*** SHOW DOWN ***
gengiskhan74: shows [6s 5s] (high card Jack)
Slade1711: shows [3d 2s] (a pair of Threes)
Slade1711 collected 360 from pot
*** SUMMARY ***
Total pot 360 | Rake 0 
Board [3c 8c 4s Jh 9c]
Seat 1: Slade1711 (big blind) showed [3d 2s] and won (360) with a pair of Threes
Seat 2: Mahu2021 (button) folded before Flop (didn't bet)
Seat 3: gengiskhan74 (small blind) showed [6s 5s] and lost with high card Jack



PokerStars Hand #247608941989: Tournament #3685191352, $1.84+$0.16 USD Hold'em No Limit - Level IV (30/60) - 2023/12/11 22:17:24 CET [2023/12/11 16:17:24 ET]
Table '3685191352 1' 3-max Seat #3 is the button
Seat 1: Slade1711 (570 in chips) 
Seat 2: Mahu2021 (700 in chips) 
Seat 3: gengiskhan74 (230 in chips) 
Slade1711: posts small blind 30
Mahu2021: posts big blind 60
*** HOLE CARDS ***
Dealt to Mahu2021 [2h 9h]
gengiskhan74: raises 170 to 230 and is all-in
Slade1711: folds 
Mahu2021: folds 
Uncalled bet (170) returned to gengiskhan74
gengiskhan74 collected 150 from pot
*** SUMMARY ***
Total pot 150 | Rake 0 
Seat 1: Slade1711 (small blind) folded before Flop
Seat 2: Mahu2021 (big blind) folded before Flop
Seat 3: gengiskhan74 (button) collected (150)



PokerStars Hand #247608945368: Tournament #3685191352, $1.84+$0.16 USD Hold'em No Limit - Level IV (30/60) - 2023/12/11 22:17:34 CET [2023/12/11 16:17:34 ET]
Table '3685191352 1' 3-max Seat #1 is the button
Seat 1: Slade1711 (540 in chips) 
Seat 2: Mahu2021 (640 in chips) 
Seat 3: gengiskhan74 (320 in chips) 
Mahu2021: posts small blind 30
gengiskhan74: posts big blind 60
*** HOLE CARDS ***
Dealt to Mahu2021 [9h 3c]
Slade1711: folds 
Mahu2021: folds 
Uncalled bet (30) returned to gengiskhan74
gengiskhan74 collected 60 from pot
*** SUMMARY ***
Total pot 60 | Rake 0 
Seat 1: Slade1711 (button) folded before Flop (didn't bet)
Seat 2: Mahu2021 (small blind) folded before Flop
Seat 3: gengiskhan74 (big blind) collected (60)



PokerStars Hand #247608948375: Tournament #3685191352, $1.84+$0.16 USD Hold'em No Limit - Level V (40/80) - 2023/12/11 22:17:42 CET [2023/12/11 16:17:42 ET]
Table '3685191352 1' 3-max Seat #2 is the button
Seat 1: Slade1711 (540 in chips) 
Seat 2: Mahu2021 (610 in chips) 
Seat 3: gengiskhan74 (350 in chips) 
gengiskhan74: posts small blind 40
Slade1711: posts big blind 80
*** HOLE CARDS ***
Dealt to Mahu2021 [7h Js]
Mahu2021: folds 
gengiskhan74: calls 40
Slade1711: checks 
*** FLOP *** [Jh 9d 6c]
gengiskhan74: checks 
Slade1711: checks 
*** TURN *** [Jh 9d 6c] [3c]
gengiskhan74: checks 
Slade1711: checks 
*** RIVER *** [Jh 9d 6c 3c] [5c]
gengiskhan74: checks 
Slade1711: checks 
*** SHOW DOWN ***
gengiskhan74: shows [Ad 3h] (a pair of Threes)
Slade1711: shows [8d 5h] (a pair of Fives)
Slade1711 collected 160 from pot
*** SUMMARY ***
Total pot 160 | Rake 0 
Board [Jh 9d 6c 3c 5c]
Seat 1: Slade1711 (big blind) showed [8d 5h] and won (160) with a pair of Fives
Seat 2: Mahu2021 (button) folded before Flop (didn't bet)
Seat 3: gengiskhan74 (small blind) showed [Ad 3h] and lost with a pair of Threes



PokerStars Hand #247608956530: Tournament #3685191352, $1.84+$0.16 USD Hold'em No Limit - Level V (40/80) - 2023/12/11 22:18:05 CET [2023/12/11 16:18:05 ET]
Table '3685191352 1' 3-max Seat #3 is the button
Seat 1: Slade1711 (620 in chips) 
Seat 2: Mahu2021 (610 in chips) 
Seat 3: gengiskhan74 (270 in chips) 
Slade1711: posts small blind 40
Mahu2021: posts big blind 80
*** HOLE CARDS ***
Dealt to Mahu2021 [Jc Ad]
gengiskhan74: raises 190 to 270 and is all-in
Slade1711: folds 
Mahu2021: calls 190
*** FLOP *** [Th Kc Kd]
*** TURN *** [Th Kc Kd] [7s]
*** RIVER *** [Th Kc Kd 7s] [4h]
*** SHOW DOWN ***
Mahu2021: shows [Jc Ad] (a pair of Kings)
gengiskhan74: shows [8s 3s] (a pair of Kings - lower kicker)
Mahu2021 collected 580 from pot
gengiskhan74 finished the tournament in 3rd place
*** SUMMARY ***
Total pot 580 | Rake 0 
Board [Th Kc Kd 7s 4h]
Seat 1: Slade1711 (small blind) folded before Flop
Seat 2: Mahu2021 (big blind) showed [Jc Ad] and won (580) with a pair of Kings
Seat 3: gengiskhan74 (button) showed [8s 3s] and lost with a pair of Kings



PokerStars Hand #247608963256: Tournament #3685191352, $1.84+$0.16 USD Hold'em No Limit - Level V (40/80) - 2023/12/11 22:18:24 CET [2023/12/11 16:18:24 ET]
Table '3685191352 1' 3-max Seat #2 is the button
Seat 1: Slade1711 (580 in chips) 
Seat 2: Mahu2021 (920 in chips) 
Mahu2021: posts small blind 40
Slade1711: posts big blind 80
*** HOLE CARDS ***
Dealt to Mahu2021 [5c 3d]
Mahu2021: calls 40
Slade1711: checks 
*** FLOP *** [7d 4c 5d]
Slade1711: checks 
Mahu2021: bets 80
Slade1711: calls 80
*** TURN *** [7d 4c 5d] [Jh]
Slade1711: checks 
Mahu2021: checks 
*** RIVER *** [7d 4c 5d Jh] [7h]
Slade1711: bets 240
Mahu2021: folds 
Uncalled bet (240) returned to Slade1711
Slade1711 collected 320 from pot
Slade1711: doesn't show hand 
*** SUMMARY ***
Total pot 320 | Rake 0 
Board [7d 4c 5d Jh 7h]
Seat 1: Slade1711 (big blind) collected (320)
Seat 2: Mahu2021 (button) (small blind) folded on the River



PokerStars Hand #247608975264: Tournament #3685191352, $1.84+$0.16 USD Hold'em No Limit - Level V (40/80) - 2023/12/11 22:18:58 CET [2023/12/11 16:18:58 ET]
Table '3685191352 1' 3-max Seat #1 is the button
Seat 1: Slade1711 (740 in chips) 
Seat 2: Mahu2021 (760 in chips) 
Slade1711: posts small blind 40
Mahu2021: posts big blind 80
*** HOLE CARDS ***
Dealt to Mahu2021 [8s Qd]
Slade1711: folds 
Uncalled bet (40) returned to Mahu2021
Mahu2021 collected 80 from pot
Mahu2021: doesn't show hand 
*** SUMMARY ***
Total pot 80 | Rake 0 
Seat 1: Slade1711 (button) (small blind) folded before Flop
Seat 2: Mahu2021 (big blind) collected (80)



PokerStars Hand #247608977787: Tournament #3685191352, $1.84+$0.16 USD Hold'em No Limit - Level V (40/80) - 2023/12/11 22:19:04 CET [2023/12/11 16:19:04 ET]
Table '3685191352 1' 3-max Seat #2 is the button
Seat 1: Slade1711 (700 in chips) 
Seat 2: Mahu2021 (800 in chips) 
Mahu2021: posts small blind 40
Slade1711: posts big blind 80
*** HOLE CARDS ***
Dealt to Mahu2021 [Kh Th]
Mahu2021: raises 80 to 160
Slade1711: raises 540 to 700 and is all-in
Mahu2021: calls 540
*** FLOP *** [Qs Ac Tc]
*** TURN *** [Qs Ac Tc] [3c]
*** RIVER *** [Qs Ac Tc 3c] [Ts]
*** SHOW DOWN ***
Slade1711: shows [2s 2c] (two pair, Tens and Deuces)
Mahu2021: shows [Kh Th] (three of a kind, Tens)
Mahu2021 collected 1400 from pot
Slade1711 finished the tournament in 2nd place
Mahu2021 wins the tournament and receives $4.00 - congratulations!
*** SUMMARY ***
Total pot 1400 | Rake 0 
Board [Qs Ac Tc 3c Ts]
Seat 1: Slade1711 (big blind) showed [2s 2c] and lost with two pair, Tens and Deuces
Seat 2: Mahu2021 (button) (small blind) showed [Kh Th] and won (1400) with three of a kind, Tens



