PokerStars Hand #254453007499: Tournament #3845104441, $4.90+$4.90+$1.20 USD Hold'em No Limit - Level I (25/50) - 2025/01/19 19:59:45 CET [2025/01/19 13:59:45 ET]
Table '3845104441 12' 8-max Seat #1 is the button
Seat 1: Braia88 (10000 in chips, $4.90 bounty) 
Seat 2: BIGDES104 (10000 in chips, $4.90 bounty) 
Seat 3: MrMears92 (10000 in chips, $4.90 bounty) 
Seat 4: Chillaxarn (10000 in chips, $4.90 bounty) 
Seat 5: hustle03 (10000 in chips, $4.90 bounty) 
Seat 6: andygoon63 (10000 in chips, $4.90 bounty) 
Seat 7: Relded Emzc (10000 in chips, $4.90 bounty) 
Seat 8: Mahu2021 (10000 in chips, $4.90 bounty) 
Braia88: posts the ante 6
BIGDES104: posts the ante 6
MrMears92: posts the ante 6
Chillaxarn: posts the ante 6
hustle03: posts the ante 6
andygoon63: posts the ante 6
Relded Emzc: posts the ante 6
Mahu2021: posts the ante 6
BIGDES104: posts small blind 25
MrMears92: posts big blind 50
*** HOLE CARDS ***
Dealt to Mahu2021 [Kh 4d]
Chillaxarn: folds 
hustle03: folds 
andygoon63: folds 
Relded Emzc: folds 
Mahu2021: folds 
Braia88: folds 
BIGDES104: folds 
Uncalled bet (25) returned to MrMears92
MrMears92 collected 98 from pot
kashel780 is disconnected 
*** SUMMARY ***
Total pot 98 | Rake 0 
Seat 1: Braia88 (button) folded before Flop (didn't bet)
Seat 2: BIGDES104 (small blind) folded before Flop
Seat 3: MrMears92 (big blind) collected (98)
Seat 4: Chillaxarn folded before Flop (didn't bet)
Seat 5: hustle03 folded before Flop (didn't bet)
Seat 6: andygoon63 folded before Flop (didn't bet)
Seat 7: Relded Emzc folded before Flop (didn't bet)
Seat 8: Mahu2021 folded before Flop (didn't bet)



PokerStars Hand #254453017880: Tournament #3845104441, $4.90+$4.90+$1.20 USD Hold'em No Limit - Level I (25/50) - 2025/01/19 20:00:28 CET [2025/01/19 14:00:28 ET]
Table '3845104441 12' 8-max Seat #2 is the button
Seat 1: Braia88 (9994 in chips, $4.90 bounty) 
Seat 2: BIGDES104 (9969 in chips, $4.90 bounty) 
Seat 3: MrMears92 (10067 in chips, $4.90 bounty) 
Seat 4: kashel780 (10000 in chips, $4.90 bounty) 
Seat 5: hustle03 (9994 in chips, $4.90 bounty) 
Seat 6: andygoon63 (9994 in chips, $4.90 bounty) 
Seat 7: Relded Emzc (9994 in chips, $4.90 bounty) 
Seat 8: Mahu2021 (9994 in chips, $4.90 bounty) 
Braia88: posts the ante 6
BIGDES104: posts the ante 6
MrMears92: posts the ante 6
kashel780: posts the ante 6
hustle03: posts the ante 6
andygoon63: posts the ante 6
Relded Emzc: posts the ante 6
Mahu2021: posts the ante 6
MrMears92: posts small blind 25
kashel780: posts big blind 50
*** HOLE CARDS ***
Dealt to Mahu2021 [3s Ad]
hustle03: folds 
andygoon63: folds 
Relded Emzc: folds 
Mahu2021: folds 
Braia88: folds 
BIGDES104: raises 100 to 150
MrMears92: folds 
kashel780: calls 100
*** FLOP *** [Qd 9c Ah]
kashel780: checks 
BIGDES104: bets 93
kashel780: folds 
Uncalled bet (93) returned to BIGDES104
BIGDES104 collected 373 from pot
BIGDES104: doesn't show hand 
*** SUMMARY ***
Total pot 373 | Rake 0 
Board [Qd 9c Ah]
Seat 1: Braia88 folded before Flop (didn't bet)
Seat 2: BIGDES104 (button) collected (373)
Seat 3: MrMears92 (small blind) folded before Flop
Seat 4: kashel780 (big blind) folded on the Flop
Seat 5: hustle03 folded before Flop (didn't bet)
Seat 6: andygoon63 folded before Flop (didn't bet)
Seat 7: Relded Emzc folded before Flop (didn't bet)
Seat 8: Mahu2021 folded before Flop (didn't bet)



PokerStars Hand #254453034385: Tournament #3845104441, $4.90+$4.90+$1.20 USD Hold'em No Limit - Level I (25/50) - 2025/01/19 20:01:30 CET [2025/01/19 14:01:30 ET]
Table '3845104441 12' 8-max Seat #3 is the button
Seat 1: Braia88 (9988 in chips, $4.90 bounty) 
Seat 2: BIGDES104 (10186 in chips, $4.90 bounty) 
Seat 3: MrMears92 (10036 in chips, $4.90 bounty) 
Seat 4: kashel780 (9844 in chips, $4.90 bounty) 
Seat 5: davidrin21 (10000 in chips, $4.90 bounty) 
Seat 6: andygoon63 (9988 in chips, $4.90 bounty) 
Seat 7: Relded Emzc (9988 in chips, $4.90 bounty) 
Seat 8: Mahu2021 (9988 in chips, $4.90 bounty) 
Braia88: posts the ante 6
BIGDES104: posts the ante 6
MrMears92: posts the ante 6
kashel780: posts the ante 6
davidrin21: posts the ante 6
andygoon63: posts the ante 6
Relded Emzc: posts the ante 6
Mahu2021: posts the ante 6
kashel780: posts small blind 25
davidrin21: posts big blind 50
*** HOLE CARDS ***
Dealt to Mahu2021 [8c 3d]
andygoon63: folds 
Relded Emzc: folds 
Mahu2021: folds 
Braia88: folds 
BIGDES104: folds 
MrMears92: folds 
kashel780: calls 25
davidrin21: raises 150 to 200
kashel780: calls 150
*** FLOP *** [Th 5d 9s]
kashel780: checks 
davidrin21: checks 
*** TURN *** [Th 5d 9s] [5h]
kashel780: bets 582
davidrin21: folds 
Uncalled bet (582) returned to kashel780
kashel780 collected 448 from pot
kashel780: doesn't show hand 
*** SUMMARY ***
Total pot 448 | Rake 0 
Board [Th 5d 9s 5h]
Seat 1: Braia88 folded before Flop (didn't bet)
Seat 2: BIGDES104 folded before Flop (didn't bet)
Seat 3: MrMears92 (button) folded before Flop (didn't bet)
Seat 4: kashel780 (small blind) collected (448)
Seat 5: davidrin21 (big blind) folded on the Turn
Seat 6: andygoon63 folded before Flop (didn't bet)
Seat 7: Relded Emzc folded before Flop (didn't bet)
Seat 8: Mahu2021 folded before Flop (didn't bet)



PokerStars Hand #254453066422: Tournament #3845104441, $4.90+$4.90+$1.20 USD Hold'em No Limit - Level I (25/50) - 2025/01/19 20:03:07 CET [2025/01/19 14:03:07 ET]
Table '3845104441 12' 8-max Seat #4 is the button
Seat 1: Braia88 (9982 in chips, $4.90 bounty) 
Seat 2: BIGDES104 (10180 in chips, $4.90 bounty) 
Seat 3: MrMears92 (10030 in chips, $4.90 bounty) 
Seat 4: kashel780 (10086 in chips, $4.90 bounty) 
Seat 5: davidrin21 (9794 in chips, $4.90 bounty) 
Seat 6: andygoon63 (9982 in chips, $4.90 bounty) 
Seat 7: Relded Emzc (9982 in chips, $4.90 bounty) 
Seat 8: Mahu2021 (9982 in chips, $4.90 bounty) 
Braia88: posts the ante 6
BIGDES104: posts the ante 6
MrMears92: posts the ante 6
kashel780: posts the ante 6
davidrin21: posts the ante 6
andygoon63: posts the ante 6
Relded Emzc: posts the ante 6
Mahu2021: posts the ante 6
davidrin21: posts small blind 25
andygoon63: posts big blind 50
*** HOLE CARDS ***
Dealt to Mahu2021 [6h Ad]
Relded Emzc: folds 
Mahu2021: folds 
Braia88: folds 
BIGDES104: raises 100 to 150
MrMears92: calls 150
kashel780: folds 
davidrin21: raises 675 to 825
andygoon63: folds 
BIGDES104: folds 
MrMears92: calls 675
*** FLOP *** [3d 9c Jd]
davidrin21: checks 
MrMears92: checks 
*** TURN *** [3d 9c Jd] [8h]
davidrin21: bets 1254
MrMears92: calls 1254
*** RIVER *** [3d 9c Jd 8h] [7s]
davidrin21: bets 1762
MrMears92: folds 
Uncalled bet (1762) returned to davidrin21
davidrin21 collected 4406 from pot
davidrin21: doesn't show hand 
*** SUMMARY ***
Total pot 4406 | Rake 0 
Board [3d 9c Jd 8h 7s]
Seat 1: Braia88 folded before Flop (didn't bet)
Seat 2: BIGDES104 folded before Flop
Seat 3: MrMears92 folded on the River
Seat 4: kashel780 (button) folded before Flop (didn't bet)
Seat 5: davidrin21 (small blind) collected (4406)
Seat 6: andygoon63 (big blind) folded before Flop
Seat 7: Relded Emzc folded before Flop (didn't bet)
Seat 8: Mahu2021 folded before Flop (didn't bet)



PokerStars Hand #254453109537: Tournament #3845104441, $4.90+$4.90+$1.20 USD Hold'em No Limit - Level I (25/50) - 2025/01/19 20:05:02 CET [2025/01/19 14:05:02 ET]
Table '3845104441 12' 8-max Seat #5 is the button
Seat 1: Braia88 (9976 in chips, $4.90 bounty) 
Seat 2: BIGDES104 (10024 in chips, $4.90 bounty) 
Seat 3: MrMears92 (7945 in chips, $4.90 bounty) 
Seat 4: kashel780 (10080 in chips, $4.90 bounty) 
Seat 5: davidrin21 (12115 in chips, $4.90 bounty) 
Seat 6: andygoon63 (9926 in chips, $4.90 bounty) 
Seat 8: Mahu2021 (9976 in chips, $4.90 bounty) 
Braia88: posts the ante 6
BIGDES104: posts the ante 6
MrMears92: posts the ante 6
kashel780: posts the ante 6
davidrin21: posts the ante 6
andygoon63: posts the ante 6
Mahu2021: posts the ante 6
andygoon63: posts small blind 25
Mahu2021: posts big blind 50
*** HOLE CARDS ***
Dealt to Mahu2021 [Ks Ad]
Nikraz2009 is disconnected 
Braia88: folds 
BIGDES104: folds 
MrMears92: raises 100 to 150
kashel780: folds 
davidrin21: folds 
andygoon63: folds 
Mahu2021: raises 400 to 550
MrMears92: calls 400
*** FLOP *** [Ac 6d 2h]
Mahu2021: bets 9420 and is all-in
MrMears92: calls 7389 and is all-in
Uncalled bet (2031) returned to Mahu2021
*** TURN *** [Ac 6d 2h] [9c]
*** RIVER *** [Ac 6d 2h 9c] [7c]
*** SHOW DOWN ***
Mahu2021: shows [Ks Ad] (a pair of Aces)
MrMears92: shows [6s 6c] (three of a kind, Sixes)
MrMears92 collected 15945 from pot
*** SUMMARY ***
Total pot 15945 | Rake 0 
Board [Ac 6d 2h 9c 7c]
Seat 1: Braia88 folded before Flop (didn't bet)
Seat 2: BIGDES104 folded before Flop (didn't bet)
Seat 3: MrMears92 showed [6s 6c] and won (15945) with three of a kind, Sixes
Seat 4: kashel780 folded before Flop (didn't bet)
Seat 5: davidrin21 (button) folded before Flop (didn't bet)
Seat 6: andygoon63 (small blind) folded before Flop
Seat 8: Mahu2021 (big blind) showed [Ks Ad] and lost with a pair of Aces



PokerStars Hand #254453125708: Tournament #3845104441, $4.90+$4.90+$1.20 USD Hold'em No Limit - Level I (25/50) - 2025/01/19 20:05:46 CET [2025/01/19 14:05:46 ET]
Table '3845104441 12' 8-max Seat #6 is the button
Seat 1: Braia88 (9970 in chips, $4.90 bounty) 
Seat 2: BIGDES104 (10018 in chips, $4.90 bounty) 
Seat 3: MrMears92 (15945 in chips, $4.90 bounty) 
Seat 4: kashel780 (10074 in chips, $4.90 bounty) 
Seat 5: davidrin21 (12109 in chips, $4.90 bounty) 
Seat 6: andygoon63 (9895 in chips, $4.90 bounty) 
Seat 7: Nikraz2009 (10000 in chips) out of hand (moved from another table into small blind)
Seat 8: Mahu2021 (2031 in chips, $4.90 bounty) 
Nikraz2009 will be allowed to play after the button
Braia88: posts the ante 6
BIGDES104: posts the ante 6
MrMears92: posts the ante 6
kashel780: posts the ante 6
davidrin21: posts the ante 6
andygoon63: posts the ante 6
Mahu2021: posts the ante 6
Mahu2021: posts small blind 25
Braia88: posts big blind 50
*** HOLE CARDS ***
Dealt to Mahu2021 [Kd As]
BIGDES104: folds 
MrMears92: folds 
kashel780: folds 
davidrin21: folds 
andygoon63: folds 
Mahu2021: raises 1975 to 2025 and is all-in
Braia88: calls 1975
*** FLOP *** [5h 5s Qd]
*** TURN *** [5h 5s Qd] [5d]
*** RIVER *** [5h 5s Qd 5d] [8h]
*** SHOW DOWN ***
Mahu2021: shows [Kd As] (three of a kind, Fives)
Braia88: shows [7c Ac] (three of a kind, Fives - lower kicker)
Mahu2021 collected 4092 from pot
*** SUMMARY ***
Total pot 4092 | Rake 0 
Board [5h 5s Qd 5d 8h]
Seat 1: Braia88 (big blind) showed [7c Ac] and lost with three of a kind, Fives
Seat 2: BIGDES104 folded before Flop (didn't bet)
Seat 3: MrMears92 folded before Flop (didn't bet)
Seat 4: kashel780 folded before Flop (didn't bet)
Seat 5: davidrin21 folded before Flop (didn't bet)
Seat 6: andygoon63 (button) folded before Flop (didn't bet)
Seat 8: Mahu2021 (small blind) showed [Kd As] and won (4092) with three of a kind, Fives



PokerStars Hand #254453155209: Tournament #3845104441, $4.90+$4.90+$1.20 USD Hold'em No Limit - Level I (25/50) - 2025/01/19 20:07:05 CET [2025/01/19 14:07:05 ET]
Table '3845104441 12' 8-max Seat #8 is the button
Seat 1: Braia88 (7939 in chips, $4.90 bounty) 
Seat 2: BIGDES104 (10012 in chips, $4.90 bounty) 
Seat 3: MrMears92 (15939 in chips, $4.90 bounty) 
Seat 4: kashel780 (10068 in chips, $4.90 bounty) 
Seat 5: davidrin21 (12103 in chips, $4.90 bounty) 
Seat 6: andygoon63 (9889 in chips, $4.90 bounty) 
Seat 7: Nikraz2009 (10000 in chips, $4.90 bounty) 
Seat 8: Mahu2021 (4092 in chips, $4.90 bounty) 
Braia88: posts the ante 6
BIGDES104: posts the ante 6
MrMears92: posts the ante 6
kashel780: posts the ante 6
davidrin21: posts the ante 6
andygoon63: posts the ante 6
Nikraz2009: posts the ante 6
Mahu2021: posts the ante 6
Braia88: posts small blind 25
BIGDES104: posts big blind 50
*** HOLE CARDS ***
Dealt to Mahu2021 [6h As]
MrMears92: folds 
kashel780: folds 
davidrin21: folds 
andygoon63: folds 
Nikraz2009: raises 150 to 200
Mahu2021: calls 200
Braia88: folds 
BIGDES104: calls 150
*** FLOP *** [Qh Jh 6c]
BIGDES104: checks 
Nikraz2009: checks 
Mahu2021: checks 
*** TURN *** [Qh Jh 6c] [Ks]
BIGDES104: checks 
Nikraz2009: checks 
Mahu2021: checks 
*** RIVER *** [Qh Jh 6c Ks] [Jc]
BIGDES104: checks 
Nikraz2009: checks 
Mahu2021: bets 673
BIGDES104: folds 
Nikraz2009: folds 
Uncalled bet (673) returned to Mahu2021
Mahu2021 collected 673 from pot
Mahu2021: doesn't show hand 
*** SUMMARY ***
Total pot 673 | Rake 0 
Board [Qh Jh 6c Ks Jc]
Seat 1: Braia88 (small blind) folded before Flop
Seat 2: BIGDES104 (big blind) folded on the River
Seat 3: MrMears92 folded before Flop (didn't bet)
Seat 4: kashel780 folded before Flop (didn't bet)
Seat 5: davidrin21 folded before Flop (didn't bet)
Seat 6: andygoon63 folded before Flop (didn't bet)
Seat 7: Nikraz2009 folded on the River
Seat 8: Mahu2021 (button) collected (673)



PokerStars Hand #254453172326: Tournament #3845104441, $4.90+$4.90+$1.20 USD Hold'em No Limit - Level I (25/50) - 2025/01/19 20:07:50 CET [2025/01/19 14:07:50 ET]
Table '3845104441 12' 8-max Seat #1 is the button
Seat 1: Braia88 (7908 in chips, $4.90 bounty) 
Seat 2: BIGDES104 (9806 in chips, $4.90 bounty) 
Seat 3: MrMears92 (15933 in chips, $4.90 bounty) 
Seat 4: kashel780 (10062 in chips, $4.90 bounty) 
Seat 5: davidrin21 (12097 in chips, $4.90 bounty) 
Seat 6: andygoon63 (9883 in chips, $4.90 bounty) 
Seat 7: Nikraz2009 (9794 in chips, $4.90 bounty) 
Seat 8: Mahu2021 (4559 in chips, $4.90 bounty) 
Braia88: posts the ante 6
BIGDES104: posts the ante 6
MrMears92: posts the ante 6
kashel780: posts the ante 6
davidrin21: posts the ante 6
andygoon63: posts the ante 6
Nikraz2009: posts the ante 6
Mahu2021: posts the ante 6
BIGDES104: posts small blind 25
MrMears92: posts big blind 50
*** HOLE CARDS ***
Dealt to Mahu2021 [9d 8s]
kashel780: raises 65 to 115
davidrin21: raises 287 to 402
andygoon63: folds 
Nikraz2009: folds 
Mahu2021: folds 
Braia88: folds 
BIGDES104: folds 
MrMears92: folds 
kashel780: calls 287
*** FLOP *** [4d Qh 9h]
kashel780: checks 
davidrin21: bets 232
kashel780: calls 232
*** TURN *** [4d Qh 9h] [Tc]
kashel780: checks 
davidrin21: bets 917
kashel780: calls 917
*** RIVER *** [4d Qh 9h Tc] [7d]
kashel780: checks 
davidrin21: checks 
*** SHOW DOWN ***
kashel780: shows [Ad Qc] (a pair of Queens)
davidrin21: mucks hand 
kashel780 collected 3225 from pot
*** SUMMARY ***
Total pot 3225 | Rake 0 
Board [4d Qh 9h Tc 7d]
Seat 1: Braia88 (button) folded before Flop (didn't bet)
Seat 2: BIGDES104 (small blind) folded before Flop
Seat 3: MrMears92 (big blind) folded before Flop
Seat 4: kashel780 showed [Ad Qc] and won (3225) with a pair of Queens
Seat 5: davidrin21 mucked [Qs Kc]
Seat 6: andygoon63 folded before Flop (didn't bet)
Seat 7: Nikraz2009 folded before Flop (didn't bet)
Seat 8: Mahu2021 folded before Flop (didn't bet)



PokerStars Hand #254453203288: Tournament #3845104441, $4.90+$4.90+$1.20 USD Hold'em No Limit - Level I (25/50) - 2025/01/19 20:09:15 CET [2025/01/19 14:09:15 ET]
Table '3845104441 12' 8-max Seat #2 is the button
Seat 1: Braia88 (7902 in chips, $4.90 bounty) 
Seat 2: BIGDES104 (9775 in chips, $4.90 bounty) 
Seat 3: MrMears92 (15877 in chips, $4.90 bounty) 
Seat 4: kashel780 (11730 in chips, $4.90 bounty) 
Seat 5: davidrin21 (10540 in chips, $4.90 bounty) 
Seat 6: andygoon63 (9877 in chips, $4.90 bounty) 
Seat 7: Nikraz2009 (9788 in chips, $4.90 bounty) 
Seat 8: Mahu2021 (4553 in chips, $4.90 bounty) 
Braia88: posts the ante 6
BIGDES104: posts the ante 6
MrMears92: posts the ante 6
kashel780: posts the ante 6
davidrin21: posts the ante 6
andygoon63: posts the ante 6
Nikraz2009: posts the ante 6
Mahu2021: posts the ante 6
MrMears92: posts small blind 25
kashel780: posts big blind 50
*** HOLE CARDS ***
Dealt to Mahu2021 [5d Kh]
davidrin21: folds 
andygoon63: folds 
Nikraz2009: folds 
Mahu2021: folds 
Braia88: raises 50 to 100
BIGDES104: folds 
MrMears92: folds 
kashel780: calls 50
*** FLOP *** [Jh 8c 9c]
kashel780: checks 
Braia88: bets 126
kashel780: calls 126
*** TURN *** [Jh 8c 9c] [8h]
kashel780: checks 
Braia88: bets 137
kashel780: calls 137
*** RIVER *** [Jh 8c 9c 8h] [3d]
kashel780: bets 1039
Braia88: raises 1899 to 2938
kashel780: folds 
Uncalled bet (1899) returned to Braia88
Braia88 collected 2877 from pot
Braia88: doesn't show hand 
*** SUMMARY ***
Total pot 2877 | Rake 0 
Board [Jh 8c 9c 8h 3d]
Seat 1: Braia88 collected (2877)
Seat 2: BIGDES104 (button) folded before Flop (didn't bet)
Seat 3: MrMears92 (small blind) folded before Flop
Seat 4: kashel780 (big blind) folded on the River
Seat 5: davidrin21 folded before Flop (didn't bet)
Seat 6: andygoon63 folded before Flop (didn't bet)
Seat 7: Nikraz2009 folded before Flop (didn't bet)
Seat 8: Mahu2021 folded before Flop (didn't bet)



PokerStars Hand #254453239228: Tournament #3845104441, $4.90+$4.90+$1.20 USD Hold'em No Limit - Level II (30/60) - 2025/01/19 20:10:50 CET [2025/01/19 14:10:50 ET]
Table '3845104441 12' 8-max Seat #3 is the button
Seat 1: Braia88 (9371 in chips, $4.90 bounty) 
Seat 2: BIGDES104 (9769 in chips, $4.90 bounty) 
Seat 3: MrMears92 (15846 in chips, $4.90 bounty) 
Seat 4: kashel780 (10322 in chips, $4.90 bounty) 
Seat 5: davidrin21 (10534 in chips, $4.90 bounty) 
Seat 6: andygoon63 (9871 in chips, $4.90 bounty) 
Seat 7: Nikraz2009 (9782 in chips, $4.90 bounty) 
Seat 8: Mahu2021 (4547 in chips, $4.90 bounty) 
Braia88: posts the ante 8
BIGDES104: posts the ante 8
MrMears92: posts the ante 8
kashel780: posts the ante 8
davidrin21: posts the ante 8
andygoon63: posts the ante 8
Nikraz2009: posts the ante 8
Mahu2021: posts the ante 8
kashel780: posts small blind 30
davidrin21: posts big blind 60
*** HOLE CARDS ***
Dealt to Mahu2021 [2d 8h]
andygoon63: folds 
Nikraz2009: calls 60
Mahu2021: folds 
Braia88: folds 
BIGDES104: folds 
MrMears92: folds 
kashel780: folds 
davidrin21: checks 
*** FLOP *** [Jc Qs 4d]
davidrin21: checks 
Nikraz2009: checks 
*** TURN *** [Jc Qs 4d] [Js]
davidrin21: checks 
Nikraz2009: checks 
*** RIVER *** [Jc Qs 4d Js] [4c]
davidrin21: checks 
Nikraz2009: checks 
*** SHOW DOWN ***
davidrin21: shows [Ac 7d] (two pair, Jacks and Fours)
Nikraz2009: mucks hand 
davidrin21 collected 214 from pot
*** SUMMARY ***
Total pot 214 | Rake 0 
Board [Jc Qs 4d Js 4c]
Seat 1: Braia88 folded before Flop (didn't bet)
Seat 2: BIGDES104 folded before Flop (didn't bet)
Seat 3: MrMears92 (button) folded before Flop (didn't bet)
Seat 4: kashel780 (small blind) folded before Flop
Seat 5: davidrin21 (big blind) showed [Ac 7d] and won (214) with two pair, Jacks and Fours
Seat 6: andygoon63 folded before Flop (didn't bet)
Seat 7: Nikraz2009 mucked [7h 6h]
Seat 8: Mahu2021 folded before Flop (didn't bet)



PokerStars Hand #254453266464: Tournament #3845104441, $4.90+$4.90+$1.20 USD Hold'em No Limit - Level II (30/60) - 2025/01/19 20:12:02 CET [2025/01/19 14:12:02 ET]
Table '3845104441 12' 8-max Seat #4 is the button
Seat 1: Braia88 (9363 in chips, $4.90 bounty) 
Seat 2: BIGDES104 (9761 in chips, $4.90 bounty) 
Seat 3: MrMears92 (15838 in chips, $4.90 bounty) 
Seat 4: kashel780 (10284 in chips, $4.90 bounty) 
Seat 5: davidrin21 (10680 in chips, $4.90 bounty) 
Seat 6: andygoon63 (9863 in chips, $4.90 bounty) 
Seat 7: Nikraz2009 (9714 in chips, $4.90 bounty) 
Seat 8: Mahu2021 (4539 in chips, $4.90 bounty) 
Braia88: posts the ante 8
BIGDES104: posts the ante 8
MrMears92: posts the ante 8
kashel780: posts the ante 8
davidrin21: posts the ante 8
andygoon63: posts the ante 8
Nikraz2009: posts the ante 8
Mahu2021: posts the ante 8
davidrin21: posts small blind 30
andygoon63: posts big blind 60
*** HOLE CARDS ***
Dealt to Mahu2021 [Kd Qs]
Nikraz2009: calls 60
Mahu2021: folds 
Braia88: folds 
BIGDES104: folds 
MrMears92: folds 
kashel780: folds 
davidrin21: folds 
andygoon63: checks 
*** FLOP *** [2c 4h Th]
andygoon63: checks 
Nikraz2009: checks 
*** TURN *** [2c 4h Th] [Qh]
andygoon63: bets 60
Nikraz2009: calls 60
*** RIVER *** [2c 4h Th Qh] [Tc]
andygoon63: bets 120
Nikraz2009: folds 
Uncalled bet (120) returned to andygoon63
andygoon63 collected 334 from pot
*** SUMMARY ***
Total pot 334 | Rake 0 
Board [2c 4h Th Qh Tc]
Seat 1: Braia88 folded before Flop (didn't bet)
Seat 2: BIGDES104 folded before Flop (didn't bet)
Seat 3: MrMears92 folded before Flop (didn't bet)
Seat 4: kashel780 (button) folded before Flop (didn't bet)
Seat 5: davidrin21 (small blind) folded before Flop
Seat 6: andygoon63 (big blind) collected (334)
Seat 7: Nikraz2009 folded on the River
Seat 8: Mahu2021 folded before Flop (didn't bet)



PokerStars Hand #254453285856: Tournament #3845104441, $4.90+$4.90+$1.20 USD Hold'em No Limit - Level II (30/60) - 2025/01/19 20:12:54 CET [2025/01/19 14:12:54 ET]
Table '3845104441 12' 8-max Seat #5 is the button
Seat 1: Braia88 (9355 in chips, $4.90 bounty) 
Seat 2: BIGDES104 (9753 in chips, $4.90 bounty) 
Seat 3: MrMears92 (15830 in chips, $4.90 bounty) 
Seat 4: kashel780 (10276 in chips, $4.90 bounty) 
Seat 5: davidrin21 (10642 in chips, $4.90 bounty) 
Seat 6: andygoon63 (10069 in chips, $4.90 bounty) 
Seat 8: Mahu2021 (4531 in chips, $4.90 bounty) 
Braia88: posts the ante 8
BIGDES104: posts the ante 8
MrMears92: posts the ante 8
kashel780: posts the ante 8
davidrin21: posts the ante 8
andygoon63: posts the ante 8
Mahu2021: posts the ante 8
andygoon63: posts small blind 30
Mahu2021: posts big blind 60
*** HOLE CARDS ***
Dealt to Mahu2021 [2c Qs]
Braia88: raises 60 to 120
BIGDES104: folds 
MrMears92: raises 180 to 300
kashel780: folds 
davidrin21: folds 
andygoon63: folds 
Mahu2021: folds 
Braia88: calls 180
*** FLOP *** [3c Jc 6s]
Braia88: checks 
MrMears92: bets 420
Braia88: calls 420
*** TURN *** [3c Jc 6s] [Js]
Braia88: checks 
MrMears92: checks 
*** RIVER *** [3c Jc 6s Js] [5h]
Braia88: checks 
MrMears92: bets 1273
Braia88: folds 
Uncalled bet (1273) returned to MrMears92
MrMears92 collected 1586 from pot
*** SUMMARY ***
Total pot 1586 | Rake 0 
Board [3c Jc 6s Js 5h]
Seat 1: Braia88 folded on the River
Seat 2: BIGDES104 folded before Flop (didn't bet)
Seat 3: MrMears92 collected (1586)
Seat 4: kashel780 folded before Flop (didn't bet)
Seat 5: davidrin21 (button) folded before Flop (didn't bet)
Seat 6: andygoon63 (small blind) folded before Flop
Seat 8: Mahu2021 (big blind) folded before Flop



PokerStars Hand #254453311011: Tournament #3845104441, $4.90+$4.90+$1.20 USD Hold'em No Limit - Level II (30/60) - 2025/01/19 20:14:02 CET [2025/01/19 14:14:02 ET]
Table '3845104441 12' 8-max Seat #6 is the button
Seat 1: Braia88 (8627 in chips, $4.90 bounty) 
Seat 2: BIGDES104 (9745 in chips, $4.90 bounty) 
Seat 3: MrMears92 (16688 in chips, $4.90 bounty) 
Seat 4: kashel780 (10268 in chips, $4.90 bounty) 
Seat 5: davidrin21 (10634 in chips, $4.90 bounty) 
Seat 6: andygoon63 (10031 in chips, $4.90 bounty) 
Seat 7: bilbokatze (10000 in chips) out of hand (moved from another table into small blind)
Seat 8: Mahu2021 (4463 in chips, $4.90 bounty) 
bilbokatze will be allowed to play after the button
Braia88: posts the ante 8
BIGDES104: posts the ante 8
MrMears92: posts the ante 8
kashel780: posts the ante 8
davidrin21: posts the ante 8
andygoon63: posts the ante 8
Mahu2021: posts the ante 8
Mahu2021: posts small blind 30
Braia88: posts big blind 60
*** HOLE CARDS ***
Dealt to Mahu2021 [Tc Td]
BIGDES104: folds 
MrMears92: raises 120 to 180
kashel780: folds 
davidrin21: folds 
andygoon63 has timed out
andygoon63: folds 
andygoon63 is sitting out
Mahu2021: raises 4275 to 4455 and is all-in
Braia88: folds 
MrMears92: calls 4275
*** FLOP *** [Kc Ts Kd]
*** TURN *** [Kc Ts Kd] [2s]
*** RIVER *** [Kc Ts Kd 2s] [Ad]
*** SHOW DOWN ***
Mahu2021: shows [Tc Td] (a full house, Tens full of Kings)
MrMears92: shows [8c 8h] (two pair, Kings and Eights)
Mahu2021 collected 9026 from pot
*** SUMMARY ***
Total pot 9026 | Rake 0 
Board [Kc Ts Kd 2s Ad]
Seat 1: Braia88 (big blind) folded before Flop
Seat 2: BIGDES104 folded before Flop (didn't bet)
Seat 3: MrMears92 showed [8c 8h] and lost with two pair, Kings and Eights
Seat 4: kashel780 folded before Flop (didn't bet)
Seat 5: davidrin21 folded before Flop (didn't bet)
Seat 6: andygoon63 (button) folded before Flop (didn't bet)
Seat 8: Mahu2021 (small blind) showed [Tc Td] and won (9026) with a full house, Tens full of Kings



PokerStars Hand #254453337506: Tournament #3845104441, $4.90+$4.90+$1.20 USD Hold'em No Limit - Level II (30/60) - 2025/01/19 20:15:12 CET [2025/01/19 14:15:12 ET]
Table '3845104441 12' 8-max Seat #8 is the button
Seat 1: Braia88 (8559 in chips, $4.90 bounty) 
Seat 2: BIGDES104 (9737 in chips, $4.90 bounty) 
Seat 3: MrMears92 (12225 in chips, $4.90 bounty) 
Seat 4: kashel780 (10260 in chips, $4.90 bounty) 
Seat 5: davidrin21 (10626 in chips, $4.90 bounty) 
Seat 6: andygoon63 (10023 in chips, $4.90 bounty) is sitting out
Seat 7: bilbokatze (10000 in chips, $4.90 bounty) 
Seat 8: Mahu2021 (9026 in chips, $4.90 bounty) 
Braia88: posts the ante 8
BIGDES104: posts the ante 8
MrMears92: posts the ante 8
kashel780: posts the ante 8
davidrin21: posts the ante 8
andygoon63: posts the ante 8
bilbokatze: posts the ante 8
Mahu2021: posts the ante 8
Braia88: posts small blind 30
BIGDES104: posts big blind 60
*** HOLE CARDS ***
Dealt to Mahu2021 [8h 4s]
andygoon63 has returned
MrMears92: folds 
kashel780: folds 
davidrin21: raises 90 to 150
andygoon63: folds 
bilbokatze: folds 
Mahu2021: folds 
Braia88: folds 
BIGDES104: calls 90
*** FLOP *** [5s 6h 7s]
BIGDES104: checks 
davidrin21: checks 
*** TURN *** [5s 6h 7s] [Ts]
BIGDES104: checks 
davidrin21: bets 260
BIGDES104: raises 400 to 660
davidrin21: calls 400
*** RIVER *** [5s 6h 7s Ts] [Jh]
BIGDES104: bets 1148
davidrin21: folds 
Uncalled bet (1148) returned to BIGDES104
BIGDES104 collected 1714 from pot
BIGDES104: doesn't show hand 
*** SUMMARY ***
Total pot 1714 | Rake 0 
Board [5s 6h 7s Ts Jh]
Seat 1: Braia88 (small blind) folded before Flop
Seat 2: BIGDES104 (big blind) collected (1714)
Seat 3: MrMears92 folded before Flop (didn't bet)
Seat 4: kashel780 folded before Flop (didn't bet)
Seat 5: davidrin21 folded on the River
Seat 6: andygoon63 folded before Flop (didn't bet)
Seat 7: bilbokatze folded before Flop (didn't bet)
Seat 8: Mahu2021 (button) folded before Flop (didn't bet)



PokerStars Hand #254453368364: Tournament #3845104441, $4.90+$4.90+$1.20 USD Hold'em No Limit - Level II (30/60) - 2025/01/19 20:16:35 CET [2025/01/19 14:16:35 ET]
Table '3845104441 12' 8-max Seat #1 is the button
Seat 1: Braia88 (8521 in chips, $4.90 bounty) 
Seat 2: BIGDES104 (10633 in chips, $4.90 bounty) 
Seat 3: MrMears92 (12217 in chips, $4.90 bounty) 
Seat 4: kashel780 (10252 in chips, $4.90 bounty) 
Seat 5: davidrin21 (9808 in chips, $4.90 bounty) 
Seat 6: andygoon63 (10015 in chips, $4.90 bounty) 
Seat 7: bilbokatze (9992 in chips, $4.90 bounty) 
Seat 8: Mahu2021 (9018 in chips, $4.90 bounty) 
Braia88: posts the ante 8
BIGDES104: posts the ante 8
MrMears92: posts the ante 8
kashel780: posts the ante 8
davidrin21: posts the ante 8
andygoon63: posts the ante 8
bilbokatze: posts the ante 8
Mahu2021: posts the ante 8
BIGDES104: posts small blind 30
MrMears92: posts big blind 60
*** HOLE CARDS ***
Dealt to Mahu2021 [Ac 8h]
kashel780: folds 
davidrin21: folds 
andygoon63: raises 60 to 120
bilbokatze: folds 
Mahu2021: folds 
Braia88: folds 
BIGDES104: folds 
MrMears92: calls 60
*** FLOP *** [Td Kh 7d]
MrMears92: checks 
andygoon63: bets 120
MrMears92: calls 120
*** TURN *** [Td Kh 7d] [Qc]
MrMears92: checks 
andygoon63: bets 120
MrMears92: raises 180 to 300
andygoon63: calls 180
*** RIVER *** [Td Kh 7d Qc] [9s]
MrMears92: checks 
andygoon63: bets 180
MrMears92: calls 180
*** SHOW DOWN ***
andygoon63: shows [Qd Jc] (a straight, Nine to King)
MrMears92: mucks hand 
andygoon63 collected 1534 from pot
*** SUMMARY ***
Total pot 1534 | Rake 0 
Board [Td Kh 7d Qc 9s]
Seat 1: Braia88 (button) folded before Flop (didn't bet)
Seat 2: BIGDES104 (small blind) folded before Flop
Seat 3: MrMears92 (big blind) mucked [7s Qs]
Seat 4: kashel780 folded before Flop (didn't bet)
Seat 5: davidrin21 folded before Flop (didn't bet)
Seat 6: andygoon63 showed [Qd Jc] and won (1534) with a straight, Nine to King
Seat 7: bilbokatze folded before Flop (didn't bet)
Seat 8: Mahu2021 folded before Flop (didn't bet)



PokerStars Hand #254453395781: Tournament #3845104441, $4.90+$4.90+$1.20 USD Hold'em No Limit - Level II (30/60) - 2025/01/19 20:17:49 CET [2025/01/19 14:17:49 ET]
Table '3845104441 12' 8-max Seat #2 is the button
Seat 1: Braia88 (8513 in chips, $4.90 bounty) 
Seat 2: BIGDES104 (10595 in chips, $4.90 bounty) 
Seat 3: MrMears92 (11489 in chips, $4.90 bounty) 
Seat 4: kashel780 (10244 in chips, $4.90 bounty) 
Seat 5: davidrin21 (9800 in chips, $4.90 bounty) 
Seat 6: andygoon63 (10821 in chips, $4.90 bounty) 
Seat 7: bilbokatze (9984 in chips, $4.90 bounty) 
Seat 8: Mahu2021 (9010 in chips, $4.90 bounty) 
Braia88: posts the ante 8
BIGDES104: posts the ante 8
MrMears92: posts the ante 8
kashel780: posts the ante 8
davidrin21: posts the ante 8
andygoon63: posts the ante 8
bilbokatze: posts the ante 8
Mahu2021: posts the ante 8
MrMears92: posts small blind 30
kashel780: posts big blind 60
*** HOLE CARDS ***
Dealt to Mahu2021 [9h 9d]
davidrin21: raises 90 to 150
andygoon63: folds 
bilbokatze: folds 
Mahu2021: calls 150
Braia88: folds 
BIGDES104: folds 
MrMears92: calls 120
kashel780: folds 
*** FLOP *** [8d 6c 5c]
MrMears92: checks 
davidrin21: checks 
Mahu2021: bets 574
MrMears92: folds 
davidrin21: folds 
Uncalled bet (574) returned to Mahu2021
Mahu2021 collected 574 from pot
Mahu2021: doesn't show hand 
*** SUMMARY ***
Total pot 574 | Rake 0 
Board [8d 6c 5c]
Seat 1: Braia88 folded before Flop (didn't bet)
Seat 2: BIGDES104 (button) folded before Flop (didn't bet)
Seat 3: MrMears92 (small blind) folded on the Flop
Seat 4: kashel780 (big blind) folded before Flop
Seat 5: davidrin21 folded on the Flop
Seat 6: andygoon63 folded before Flop (didn't bet)
Seat 7: bilbokatze folded before Flop (didn't bet)
Seat 8: Mahu2021 collected (574)



PokerStars Hand #254453409858: Tournament #3845104441, $4.90+$4.90+$1.20 USD Hold'em No Limit - Level II (30/60) - 2025/01/19 20:18:26 CET [2025/01/19 14:18:26 ET]
Table '3845104441 12' 8-max Seat #3 is the button
Seat 1: Braia88 (8505 in chips, $4.90 bounty) 
Seat 2: BIGDES104 (10587 in chips, $4.90 bounty) 
Seat 3: MrMears92 (11331 in chips, $4.90 bounty) 
Seat 4: kashel780 (10176 in chips, $4.90 bounty) 
Seat 5: davidrin21 (9642 in chips, $4.90 bounty) 
Seat 6: andygoon63 (10813 in chips, $4.90 bounty) 
Seat 7: bilbokatze (9976 in chips, $4.90 bounty) 
Seat 8: Mahu2021 (9426 in chips, $4.90 bounty) 
Braia88: posts the ante 8
BIGDES104: posts the ante 8
MrMears92: posts the ante 8
kashel780: posts the ante 8
davidrin21: posts the ante 8
andygoon63: posts the ante 8
bilbokatze: posts the ante 8
Mahu2021: posts the ante 8
kashel780: posts small blind 30
davidrin21: posts big blind 60
*** HOLE CARDS ***
Dealt to Mahu2021 [6c Qd]
andygoon63: raises 60 to 120
bilbokatze: raises 180 to 300
Mahu2021: folds 
Braia88: folds 
BIGDES104: folds 
MrMears92: calls 300
kashel780: folds 
davidrin21: folds 
andygoon63: raises 10505 to 10805 and is all-in
bilbokatze: folds 
MrMears92: folds 
Uncalled bet (10505) returned to andygoon63
andygoon63 collected 1054 from pot
*** SUMMARY ***
Total pot 1054 | Rake 0 
Seat 1: Braia88 folded before Flop (didn't bet)
Seat 2: BIGDES104 folded before Flop (didn't bet)
Seat 3: MrMears92 (button) folded before Flop
Seat 4: kashel780 (small blind) folded before Flop
Seat 5: davidrin21 (big blind) folded before Flop
Seat 6: andygoon63 collected (1054)
Seat 7: bilbokatze folded before Flop
Seat 8: Mahu2021 folded before Flop (didn't bet)



PokerStars Hand #254453428880: Tournament #3845104441, $4.90+$4.90+$1.20 USD Hold'em No Limit - Level II (30/60) - 2025/01/19 20:19:18 CET [2025/01/19 14:19:18 ET]
Table '3845104441 12' 8-max Seat #4 is the button
Seat 1: Braia88 (8497 in chips, $4.90 bounty) 
Seat 2: BIGDES104 (10579 in chips, $4.90 bounty) 
Seat 3: MrMears92 (11023 in chips, $4.90 bounty) 
Seat 4: kashel780 (10138 in chips, $4.90 bounty) 
Seat 5: davidrin21 (9574 in chips, $4.90 bounty) 
Seat 6: andygoon63 (11559 in chips, $4.90 bounty) 
Seat 7: bilbokatze (9668 in chips, $4.90 bounty) 
Seat 8: Mahu2021 (9418 in chips, $4.90 bounty) 
Braia88: posts the ante 8
BIGDES104: posts the ante 8
MrMears92: posts the ante 8
kashel780: posts the ante 8
davidrin21: posts the ante 8
andygoon63: posts the ante 8
bilbokatze: posts the ante 8
Mahu2021: posts the ante 8
davidrin21: posts small blind 30
andygoon63: posts big blind 60
*** HOLE CARDS ***
Dealt to Mahu2021 [5h 6h]
bilbokatze: folds 
Mahu2021: folds 
Braia88: folds 
BIGDES104: raises 120 to 180
MrMears92: folds 
kashel780: folds 
davidrin21: folds 
andygoon63: calls 120
*** FLOP *** [9h Qh 7d]
andygoon63: checks 
BIGDES104: bets 114
andygoon63: calls 114
*** TURN *** [9h Qh 7d] [6c]
andygoon63: checks 
BIGDES104: bets 517
andygoon63: calls 517
*** RIVER *** [9h Qh 7d 6c] [8c]
andygoon63: bets 420
BIGDES104: calls 420
*** SHOW DOWN ***
andygoon63: shows [Ts Js] (a straight, Eight to Queen)
BIGDES104: mucks hand 
andygoon63 collected 2556 from pot
*** SUMMARY ***
Total pot 2556 | Rake 0 
Board [9h Qh 7d 6c 8c]
Seat 1: Braia88 folded before Flop (didn't bet)
Seat 2: BIGDES104 mucked [Th 8h]
Seat 3: MrMears92 folded before Flop (didn't bet)
Seat 4: kashel780 (button) folded before Flop (didn't bet)
Seat 5: davidrin21 (small blind) folded before Flop
Seat 6: andygoon63 (big blind) showed [Ts Js] and won (2556) with a straight, Eight to Queen
Seat 7: bilbokatze folded before Flop (didn't bet)
Seat 8: Mahu2021 folded before Flop (didn't bet)



PokerStars Hand #254453454562: Tournament #3845104441, $4.90+$4.90+$1.20 USD Hold'em No Limit - Level III (40/80) - 2025/01/19 20:20:27 CET [2025/01/19 14:20:27 ET]
Table '3845104441 12' 8-max Seat #5 is the button
Seat 1: Braia88 (8489 in chips, $4.90 bounty) 
Seat 2: BIGDES104 (9340 in chips, $4.90 bounty) 
Seat 3: MrMears92 (11015 in chips, $4.90 bounty) 
Seat 4: kashel780 (10130 in chips, $4.90 bounty) 
Seat 5: davidrin21 (9536 in chips, $4.90 bounty) 
Seat 6: andygoon63 (12876 in chips, $4.90 bounty) 
Seat 7: bilbokatze (9660 in chips, $4.90 bounty) 
Seat 8: Mahu2021 (9410 in chips, $4.90 bounty) 
Braia88: posts the ante 10
BIGDES104: posts the ante 10
MrMears92: posts the ante 10
kashel780: posts the ante 10
davidrin21: posts the ante 10
andygoon63: posts the ante 10
bilbokatze: posts the ante 10
Mahu2021: posts the ante 10
andygoon63: posts small blind 40
bilbokatze: posts big blind 80
*** HOLE CARDS ***
Dealt to Mahu2021 [Qc 6d]
Mahu2021: folds 
Braia88: raises 80 to 160
BIGDES104: folds 
MrMears92: calls 160
kashel780: raises 680 to 840
davidrin21: folds 
andygoon63: folds 
bilbokatze: calls 760
Braia88: folds 
MrMears92: folds 
*** FLOP *** [7c 6c Ah]
bilbokatze: checks 
kashel780: bets 636
bilbokatze: raises 636 to 1272
kashel780: folds 
Uncalled bet (636) returned to bilbokatze
bilbokatze collected 3392 from pot
*** SUMMARY ***
Total pot 3392 | Rake 0 
Board [7c 6c Ah]
Seat 1: Braia88 folded before Flop
Seat 2: BIGDES104 folded before Flop (didn't bet)
Seat 3: MrMears92 folded before Flop
Seat 4: kashel780 folded on the Flop
Seat 5: davidrin21 (button) folded before Flop (didn't bet)
Seat 6: andygoon63 (small blind) folded before Flop
Seat 7: bilbokatze (big blind) collected (3392)
Seat 8: Mahu2021 folded before Flop (didn't bet)



PokerStars Hand #254453472714: Tournament #3845104441, $4.90+$4.90+$1.20 USD Hold'em No Limit - Level III (40/80) - 2025/01/19 20:21:16 CET [2025/01/19 14:21:16 ET]
Table '3845104441 12' 8-max Seat #6 is the button
Seat 1: Braia88 (8319 in chips, $4.90 bounty) 
Seat 3: MrMears92 (10845 in chips, $4.90 bounty) 
Seat 4: kashel780 (8644 in chips, $4.90 bounty) 
Seat 5: davidrin21 (9526 in chips, $4.90 bounty) 
Seat 6: andygoon63 (12826 in chips, $4.90 bounty) 
Seat 7: bilbokatze (11566 in chips, $4.90 bounty) 
Seat 8: Mahu2021 (9400 in chips, $4.90 bounty) 
Braia88: posts the ante 10
MrMears92: posts the ante 10
kashel780: posts the ante 10
davidrin21: posts the ante 10
andygoon63: posts the ante 10
bilbokatze: posts the ante 10
Mahu2021: posts the ante 10
bilbokatze: posts small blind 40
Mahu2021: posts big blind 80
*** HOLE CARDS ***
Dealt to Mahu2021 [4c Jc]
Braia88: folds 
MrMears92: raises 240 to 320
kashel780: folds 
davidrin21: calls 320
andygoon63: folds 
bilbokatze: folds 
Mahu2021: folds 
*** FLOP *** [9d Jd Qh]
MrMears92: checks 
davidrin21: checks 
*** TURN *** [9d Jd Qh] [8c]
MrMears92: bets 240
davidrin21: folds 
Uncalled bet (240) returned to MrMears92
MrMears92 collected 830 from pot
*** SUMMARY ***
Total pot 830 | Rake 0 
Board [9d Jd Qh 8c]
Seat 1: Braia88 folded before Flop (didn't bet)
Seat 3: MrMears92 collected (830)
Seat 4: kashel780 folded before Flop (didn't bet)
Seat 5: davidrin21 folded on the Turn
Seat 6: andygoon63 (button) folded before Flop (didn't bet)
Seat 7: bilbokatze (small blind) folded before Flop
Seat 8: Mahu2021 (big blind) folded before Flop



PokerStars Hand #254453505138: Tournament #3845104441, $4.90+$4.90+$1.20 USD Hold'em No Limit - Level III (40/80) - 2025/01/19 20:22:42 CET [2025/01/19 14:22:42 ET]
Table '3845104441 12' 8-max Seat #7 is the button
Seat 1: Braia88 (8309 in chips, $4.90 bounty) 
Seat 2: gilou069 (10000 in chips, $4.90 bounty) 
Seat 3: MrMears92 (11345 in chips, $4.90 bounty) 
Seat 4: kashel780 (8634 in chips, $4.90 bounty) 
Seat 5: davidrin21 (9196 in chips, $4.90 bounty) 
Seat 6: andygoon63 (12816 in chips, $4.90 bounty) 
Seat 7: bilbokatze (11516 in chips, $4.90 bounty) 
Seat 8: Mahu2021 (9310 in chips, $4.90 bounty) 
Braia88: posts the ante 10
gilou069: posts the ante 10
MrMears92: posts the ante 10
kashel780: posts the ante 10
davidrin21: posts the ante 10
andygoon63: posts the ante 10
bilbokatze: posts the ante 10
Mahu2021: posts the ante 10
Mahu2021: posts small blind 40
Braia88: posts big blind 80
*** HOLE CARDS ***
Dealt to Mahu2021 [7h Qs]
gilou069: folds 
MrMears92: folds 
kashel780: folds 
davidrin21: folds 
andygoon63: folds 
bilbokatze: folds 
Mahu2021: folds 
Uncalled bet (40) returned to Braia88
Braia88 collected 160 from pot
Braia88: doesn't show hand 
*** SUMMARY ***
Total pot 160 | Rake 0 
Seat 1: Braia88 (big blind) collected (160)
Seat 2: gilou069 folded before Flop (didn't bet)
Seat 3: MrMears92 folded before Flop (didn't bet)
Seat 4: kashel780 folded before Flop (didn't bet)
Seat 5: davidrin21 folded before Flop (didn't bet)
Seat 6: andygoon63 folded before Flop (didn't bet)
Seat 7: bilbokatze (button) folded before Flop (didn't bet)
Seat 8: Mahu2021 (small blind) folded before Flop



PokerStars Hand #254453519954: Tournament #3845104441, $4.90+$4.90+$1.20 USD Hold'em No Limit - Level III (40/80) - 2025/01/19 20:23:22 CET [2025/01/19 14:23:22 ET]
Table '3845104441 12' 8-max Seat #8 is the button
Seat 1: Braia88 (8419 in chips, $4.90 bounty) 
Seat 2: gilou069 (9990 in chips, $4.90 bounty) 
Seat 3: MrMears92 (11335 in chips, $4.90 bounty) 
Seat 4: kashel780 (8624 in chips, $4.90 bounty) 
Seat 5: davidrin21 (9186 in chips, $4.90 bounty) 
Seat 6: andygoon63 (12806 in chips, $4.90 bounty) 
Seat 7: bilbokatze (11506 in chips, $4.90 bounty) 
Seat 8: Mahu2021 (9260 in chips, $4.90 bounty) 
Braia88: posts the ante 10
gilou069: posts the ante 10
MrMears92: posts the ante 10
kashel780: posts the ante 10
davidrin21: posts the ante 10
andygoon63: posts the ante 10
bilbokatze: posts the ante 10
Mahu2021: posts the ante 10
Braia88: posts small blind 40
gilou069: posts big blind 80
*** HOLE CARDS ***
Dealt to Mahu2021 [9c Ks]
MrMears92: calls 80
kashel780: raises 280 to 360
davidrin21: folds 
andygoon63: calls 360
bilbokatze: folds 
Mahu2021: folds 
Braia88: folds 
gilou069: folds 
MrMears92: calls 280
*** FLOP *** [3d Qs 7s]
MrMears92: checks 
kashel780: checks 
andygoon63: checks 
*** TURN *** [3d Qs 7s] [6h]
MrMears92: checks 
kashel780: checks 
andygoon63: checks 
*** RIVER *** [3d Qs 7s 6h] [9s]
MrMears92: bets 320
kashel780: folds 
andygoon63: folds 
Uncalled bet (320) returned to MrMears92
MrMears92 collected 1280 from pot
*** SUMMARY ***
Total pot 1280 | Rake 0 
Board [3d Qs 7s 6h 9s]
Seat 1: Braia88 (small blind) folded before Flop
Seat 2: gilou069 (big blind) folded before Flop
Seat 3: MrMears92 collected (1280)
Seat 4: kashel780 folded on the River
Seat 5: davidrin21 folded before Flop (didn't bet)
Seat 6: andygoon63 folded on the River
Seat 7: bilbokatze folded before Flop (didn't bet)
Seat 8: Mahu2021 (button) folded before Flop (didn't bet)



PokerStars Hand #254453557882: Tournament #3845104441, $4.90+$4.90+$1.20 USD Hold'em No Limit - Level III (40/80) - 2025/01/19 20:25:05 CET [2025/01/19 14:25:05 ET]
Table '3845104441 12' 8-max Seat #1 is the button
Seat 1: Braia88 (8369 in chips, $4.90 bounty) 
Seat 2: gilou069 (9900 in chips, $4.90 bounty) 
Seat 3: MrMears92 (12245 in chips, $4.90 bounty) 
Seat 4: kashel780 (8254 in chips, $4.90 bounty) 
Seat 5: davidrin21 (9176 in chips, $4.90 bounty) 
Seat 6: andygoon63 (12436 in chips, $4.90 bounty) 
Seat 7: bilbokatze (11496 in chips, $4.90 bounty) 
Seat 8: Mahu2021 (9250 in chips, $4.90 bounty) 
Braia88: posts the ante 10
gilou069: posts the ante 10
MrMears92: posts the ante 10
kashel780: posts the ante 10
davidrin21: posts the ante 10
andygoon63: posts the ante 10
bilbokatze: posts the ante 10
Mahu2021: posts the ante 10
gilou069: posts small blind 40
MrMears92: posts big blind 80
*** HOLE CARDS ***
Dealt to Mahu2021 [2d Js]
kashel780: folds 
davidrin21: folds 
andygoon63: raises 80 to 160
bilbokatze: folds 
Mahu2021: folds 
Braia88: folds 
gilou069: folds 
MrMears92: folds 
Uncalled bet (80) returned to andygoon63
andygoon63 collected 280 from pot
*** SUMMARY ***
Total pot 280 | Rake 0 
Seat 1: Braia88 (button) folded before Flop (didn't bet)
Seat 2: gilou069 (small blind) folded before Flop
Seat 3: MrMears92 (big blind) folded before Flop
Seat 4: kashel780 folded before Flop (didn't bet)
Seat 5: davidrin21 folded before Flop (didn't bet)
Seat 6: andygoon63 collected (280)
Seat 7: bilbokatze folded before Flop (didn't bet)
Seat 8: Mahu2021 folded before Flop (didn't bet)



PokerStars Hand #254453589918: Tournament #3845104441, $4.90+$4.90+$1.20 USD Hold'em No Limit - Level III (40/80) - 2025/01/19 20:26:31 CET [2025/01/19 14:26:31 ET]
Table '3845104441 12' 8-max Seat #2 is the button
Seat 1: Braia88 (8359 in chips, $4.90 bounty) 
Seat 2: gilou069 (9850 in chips, $4.90 bounty) 
Seat 3: MrMears92 (12155 in chips, $4.90 bounty) 
Seat 4: kashel780 (8244 in chips, $4.90 bounty) 
Seat 5: davidrin21 (9166 in chips, $4.90 bounty) 
Seat 6: andygoon63 (12626 in chips, $4.90 bounty) 
Seat 7: bilbokatze (11486 in chips, $4.90 bounty) 
Seat 8: Mahu2021 (9240 in chips, $4.90 bounty) 
Braia88: posts the ante 10
gilou069: posts the ante 10
MrMears92: posts the ante 10
kashel780: posts the ante 10
davidrin21: posts the ante 10
andygoon63: posts the ante 10
bilbokatze: posts the ante 10
Mahu2021: posts the ante 10
MrMears92: posts small blind 40
kashel780: posts big blind 80
*** HOLE CARDS ***
Dealt to Mahu2021 [Ks 5d]
davidrin21: raises 120 to 200
andygoon63: folds 
bilbokatze: folds 
Mahu2021: folds 
Braia88: folds 
gilou069: folds 
MrMears92: folds 
kashel780: calls 120
*** FLOP *** [2d Kd 3c]
kashel780: checks 
davidrin21: bets 172
kashel780: calls 172
*** TURN *** [2d Kd 3c] [9h]
kashel780: checks 
davidrin21: checks 
*** RIVER *** [2d Kd 3c 9h] [2s]
kashel780: bets 259
davidrin21: folds 
Uncalled bet (259) returned to kashel780
kashel780 collected 864 from pot
kashel780: doesn't show hand 
*** SUMMARY ***
Total pot 864 | Rake 0 
Board [2d Kd 3c 9h 2s]
Seat 1: Braia88 folded before Flop (didn't bet)
Seat 2: gilou069 (button) folded before Flop (didn't bet)
Seat 3: MrMears92 (small blind) folded before Flop
Seat 4: kashel780 (big blind) collected (864)
Seat 5: davidrin21 folded on the River
Seat 6: andygoon63 folded before Flop (didn't bet)
Seat 7: bilbokatze folded before Flop (didn't bet)
Seat 8: Mahu2021 folded before Flop (didn't bet)



PokerStars Hand #254453617803: Tournament #3845104441, $4.90+$4.90+$1.20 USD Hold'em No Limit - Level III (40/80) - 2025/01/19 20:27:45 CET [2025/01/19 14:27:45 ET]
Table '3845104441 12' 8-max Seat #3 is the button
Seat 1: Braia88 (8349 in chips, $4.90 bounty) 
Seat 2: gilou069 (9840 in chips, $4.90 bounty) 
Seat 3: MrMears92 (12105 in chips, $4.90 bounty) 
Seat 4: kashel780 (8726 in chips, $4.90 bounty) 
Seat 5: davidrin21 (8784 in chips, $4.90 bounty) 
Seat 6: andygoon63 (12616 in chips, $4.90 bounty) 
Seat 7: bilbokatze (11476 in chips, $4.90 bounty) 
Seat 8: Mahu2021 (9230 in chips, $4.90 bounty) 
Braia88: posts the ante 10
gilou069: posts the ante 10
MrMears92: posts the ante 10
kashel780: posts the ante 10
davidrin21: posts the ante 10
andygoon63: posts the ante 10
bilbokatze: posts the ante 10
Mahu2021: posts the ante 10
kashel780: posts small blind 40
davidrin21: posts big blind 80
*** HOLE CARDS ***
Dealt to Mahu2021 [6d Jd]
andygoon63: folds 
bilbokatze: raises 80 to 160
Mahu2021: folds 
Braia88: calls 160
gilou069: raises 720 to 880
MrMears92: folds 
kashel780: folds 
davidrin21: folds 
bilbokatze: raises 10586 to 11466 and is all-in
Braia88: folds 
gilou069: folds 
Uncalled bet (10586) returned to bilbokatze
bilbokatze collected 2120 from pot
*** SUMMARY ***
Total pot 2120 | Rake 0 
Seat 1: Braia88 folded before Flop
Seat 2: gilou069 folded before Flop
Seat 3: MrMears92 (button) folded before Flop (didn't bet)
Seat 4: kashel780 (small blind) folded before Flop
Seat 5: davidrin21 (big blind) folded before Flop
Seat 6: andygoon63 folded before Flop (didn't bet)
Seat 7: bilbokatze collected (2120)
Seat 8: Mahu2021 folded before Flop (didn't bet)



PokerStars Hand #254453643835: Tournament #3845104441, $4.90+$4.90+$1.20 USD Hold'em No Limit - Level III (40/80) - 2025/01/19 20:28:55 CET [2025/01/19 14:28:55 ET]
Table '3845104441 12' 8-max Seat #4 is the button
Seat 1: Braia88 (8179 in chips, $4.90 bounty) 
Seat 2: gilou069 (8950 in chips, $4.90 bounty) 
Seat 3: MrMears92 (12095 in chips, $4.90 bounty) 
Seat 4: kashel780 (8676 in chips, $4.90 bounty) 
Seat 5: davidrin21 (8694 in chips, $4.90 bounty) 
Seat 6: andygoon63 (12606 in chips, $4.90 bounty) 
Seat 7: bilbokatze (12706 in chips, $4.90 bounty) 
Seat 8: Mahu2021 (9220 in chips, $4.90 bounty) 
Braia88: posts the ante 10
gilou069: posts the ante 10
MrMears92: posts the ante 10
kashel780: posts the ante 10
davidrin21: posts the ante 10
andygoon63: posts the ante 10
bilbokatze: posts the ante 10
Mahu2021: posts the ante 10
davidrin21: posts small blind 40
andygoon63: posts big blind 80
*** HOLE CARDS ***
Dealt to Mahu2021 [Qs 8s]
bilbokatze: raises 80 to 160
Mahu2021: folds 
Braia88: folds 
gilou069: folds 
MrMears92: folds 
kashel780: folds 
davidrin21: folds 
andygoon63: calls 80
*** FLOP *** [3s Kc As]
andygoon63: checks 
bilbokatze: bets 160
andygoon63: folds 
Uncalled bet (160) returned to bilbokatze
bilbokatze collected 440 from pot
*** SUMMARY ***
Total pot 440 | Rake 0 
Board [3s Kc As]
Seat 1: Braia88 folded before Flop (didn't bet)
Seat 2: gilou069 folded before Flop (didn't bet)
Seat 3: MrMears92 folded before Flop (didn't bet)
Seat 4: kashel780 (button) folded before Flop (didn't bet)
Seat 5: davidrin21 (small blind) folded before Flop
Seat 6: andygoon63 (big blind) folded on the Flop
Seat 7: bilbokatze collected (440)
Seat 8: Mahu2021 folded before Flop (didn't bet)



PokerStars Hand #254453663071: Tournament #3845104441, $4.90+$4.90+$1.20 USD Hold'em No Limit - Level III (40/80) - 2025/01/19 20:29:46 CET [2025/01/19 14:29:46 ET]
Table '3845104441 12' 8-max Seat #5 is the button
Seat 1: Braia88 (8169 in chips, $4.90 bounty) 
Seat 2: gilou069 (8940 in chips, $4.90 bounty) 
Seat 3: MrMears92 (12085 in chips, $4.90 bounty) 
Seat 4: kashel780 (8666 in chips, $4.90 bounty) 
Seat 5: davidrin21 (8644 in chips, $4.90 bounty) 
Seat 6: andygoon63 (12436 in chips, $4.90 bounty) 
Seat 7: bilbokatze (12976 in chips, $4.90 bounty) 
Seat 8: Mahu2021 (9210 in chips, $4.90 bounty) 
Braia88: posts the ante 10
gilou069: posts the ante 10
MrMears92: posts the ante 10
kashel780: posts the ante 10
davidrin21: posts the ante 10
andygoon63: posts the ante 10
bilbokatze: posts the ante 10
Mahu2021: posts the ante 10
andygoon63: posts small blind 40
bilbokatze: posts big blind 80
*** HOLE CARDS ***
Dealt to Mahu2021 [Th 4s]
Mahu2021: folds 
Braia88: folds 
gilou069: folds 
MrMears92 has timed out
MrMears92: folds 
MrMears92 is sitting out
kashel780: folds 
davidrin21: raises 120 to 200
andygoon63: calls 160
MrMears92 has returned
bilbokatze: folds 
*** FLOP *** [3h Jh Tc]
andygoon63: bets 240
davidrin21: calls 240
*** TURN *** [3h Jh Tc] [Ts]
andygoon63: bets 240
davidrin21: folds 
Uncalled bet (240) returned to andygoon63
andygoon63 collected 1040 from pot
*** SUMMARY ***
Total pot 1040 | Rake 0 
Board [3h Jh Tc Ts]
Seat 1: Braia88 folded before Flop (didn't bet)
Seat 2: gilou069 folded before Flop (didn't bet)
Seat 3: MrMears92 folded before Flop (didn't bet)
Seat 4: kashel780 folded before Flop (didn't bet)
Seat 5: davidrin21 (button) folded on the Turn
Seat 6: andygoon63 (small blind) collected (1040)
Seat 7: bilbokatze (big blind) folded before Flop
Seat 8: Mahu2021 folded before Flop (didn't bet)



PokerStars Hand #254453692218: Tournament #3845104441, $4.90+$4.90+$1.20 USD Hold'em No Limit - Level IV (50/100) - 2025/01/19 20:31:02 CET [2025/01/19 14:31:02 ET]
Table '3845104441 12' 8-max Seat #6 is the button
Seat 1: Braia88 (8159 in chips, $4.90 bounty) 
Seat 2: gilou069 (8930 in chips, $4.90 bounty) 
Seat 3: MrMears92 (12075 in chips, $4.90 bounty) 
Seat 4: kashel780 (8656 in chips, $4.90 bounty) 
Seat 5: davidrin21 (8194 in chips, $4.90 bounty) 
Seat 6: andygoon63 (13026 in chips, $4.90 bounty) 
Seat 7: bilbokatze (12886 in chips, $4.90 bounty) 
Seat 8: Mahu2021 (9200 in chips, $4.90 bounty) 
Braia88: posts the ante 12
gilou069: posts the ante 12
MrMears92: posts the ante 12
kashel780: posts the ante 12
davidrin21: posts the ante 12
andygoon63: posts the ante 12
bilbokatze: posts the ante 12
Mahu2021: posts the ante 12
bilbokatze: posts small blind 50
Mahu2021: posts big blind 100
*** HOLE CARDS ***
Dealt to Mahu2021 [2c 6c]
Braia88: raises 100 to 200
gilou069: folds 
MrMears92: folds 
kashel780: folds 
davidrin21: folds 
andygoon63: calls 200
bilbokatze: folds 
Mahu2021: folds 
*** FLOP *** [5s 2h 5d]
Braia88: bets 168
andygoon63: raises 568 to 736
Braia88: folds 
Uncalled bet (568) returned to andygoon63
andygoon63 collected 982 from pot
*** SUMMARY ***
Total pot 982 | Rake 0 
Board [5s 2h 5d]
Seat 1: Braia88 folded on the Flop
Seat 2: gilou069 folded before Flop (didn't bet)
Seat 3: MrMears92 folded before Flop (didn't bet)
Seat 4: kashel780 folded before Flop (didn't bet)
Seat 5: davidrin21 folded before Flop (didn't bet)
Seat 6: andygoon63 (button) collected (982)
Seat 7: bilbokatze (small blind) folded before Flop
Seat 8: Mahu2021 (big blind) folded before Flop



PokerStars Hand #254453721887: Tournament #3845104441, $4.90+$4.90+$1.20 USD Hold'em No Limit - Level IV (50/100) - 2025/01/19 20:32:20 CET [2025/01/19 14:32:20 ET]
Table '3845104441 12' 8-max Seat #7 is the button
Seat 1: Braia88 (7779 in chips, $4.90 bounty) 
Seat 2: gilou069 (8918 in chips, $4.90 bounty) 
Seat 3: MrMears92 (12063 in chips, $4.90 bounty) 
Seat 4: kashel780 (8644 in chips, $4.90 bounty) 
Seat 5: davidrin21 (8182 in chips, $4.90 bounty) 
Seat 6: andygoon63 (13628 in chips, $4.90 bounty) 
Seat 7: bilbokatze (12824 in chips, $4.90 bounty) 
Seat 8: Mahu2021 (9088 in chips, $4.90 bounty) 
Braia88: posts the ante 12
gilou069: posts the ante 12
MrMears92: posts the ante 12
kashel780: posts the ante 12
davidrin21: posts the ante 12
andygoon63: posts the ante 12
bilbokatze: posts the ante 12
Mahu2021: posts the ante 12
Mahu2021: posts small blind 50
Braia88: posts big blind 100
*** HOLE CARDS ***
Dealt to Mahu2021 [Qd 4c]
gilou069: folds 
MrMears92: folds 
kashel780: folds 
davidrin21: folds 
andygoon63: folds 
bilbokatze: raises 100 to 200
Mahu2021: folds 
Braia88: folds 
Uncalled bet (100) returned to bilbokatze
bilbokatze collected 346 from pot
*** SUMMARY ***
Total pot 346 | Rake 0 
Seat 1: Braia88 (big blind) folded before Flop
Seat 2: gilou069 folded before Flop (didn't bet)
Seat 3: MrMears92 folded before Flop (didn't bet)
Seat 4: kashel780 folded before Flop (didn't bet)
Seat 5: davidrin21 folded before Flop (didn't bet)
Seat 6: andygoon63 folded before Flop (didn't bet)
Seat 7: bilbokatze (button) collected (346)
Seat 8: Mahu2021 (small blind) folded before Flop



PokerStars Hand #254453741840: Tournament #3845104441, $4.90+$4.90+$1.20 USD Hold'em No Limit - Level IV (50/100) - 2025/01/19 20:33:13 CET [2025/01/19 14:33:13 ET]
Table '3845104441 12' 8-max Seat #8 is the button
Seat 1: Braia88 (7667 in chips, $4.90 bounty) 
Seat 2: gilou069 (8906 in chips, $4.90 bounty) 
Seat 3: MrMears92 (12051 in chips, $4.90 bounty) 
Seat 4: kashel780 (8632 in chips, $4.90 bounty) 
Seat 5: davidrin21 (8170 in chips, $4.90 bounty) 
Seat 6: andygoon63 (13616 in chips, $4.90 bounty) 
Seat 7: bilbokatze (13058 in chips, $4.90 bounty) 
Seat 8: Mahu2021 (9026 in chips, $4.90 bounty) 
Braia88: posts the ante 12
gilou069: posts the ante 12
MrMears92: posts the ante 12
kashel780: posts the ante 12
davidrin21: posts the ante 12
andygoon63: posts the ante 12
bilbokatze: posts the ante 12
Mahu2021: posts the ante 12
Braia88: posts small blind 50
gilou069: posts big blind 100
*** HOLE CARDS ***
Dealt to Mahu2021 [9d Kh]
MrMears92: raises 200 to 300
kashel780: folds 
davidrin21: folds 
andygoon63: folds 
bilbokatze: folds 
Mahu2021: folds 
Braia88: folds 
gilou069: folds 
Uncalled bet (200) returned to MrMears92
MrMears92 collected 346 from pot
*** SUMMARY ***
Total pot 346 | Rake 0 
Seat 1: Braia88 (small blind) folded before Flop
Seat 2: gilou069 (big blind) folded before Flop
Seat 3: MrMears92 collected (346)
Seat 4: kashel780 folded before Flop (didn't bet)
Seat 5: davidrin21 folded before Flop (didn't bet)
Seat 6: andygoon63 folded before Flop (didn't bet)
Seat 7: bilbokatze folded before Flop (didn't bet)
Seat 8: Mahu2021 (button) folded before Flop (didn't bet)



PokerStars Hand #254453751199: Tournament #3845104441, $4.90+$4.90+$1.20 USD Hold'em No Limit - Level IV (50/100) - 2025/01/19 20:33:37 CET [2025/01/19 14:33:37 ET]
Table '3845104441 12' 8-max Seat #1 is the button
Seat 1: Braia88 (7605 in chips, $4.90 bounty) 
Seat 2: gilou069 (8794 in chips, $4.90 bounty) 
Seat 3: MrMears92 (12285 in chips, $4.90 bounty) 
Seat 4: kashel780 (8620 in chips, $4.90 bounty) 
Seat 5: davidrin21 (8158 in chips, $4.90 bounty) 
Seat 6: andygoon63 (13604 in chips, $4.90 bounty) 
Seat 7: bilbokatze (13046 in chips, $4.90 bounty) 
Seat 8: Mahu2021 (9014 in chips, $4.90 bounty) 
Braia88: posts the ante 12
gilou069: posts the ante 12
MrMears92: posts the ante 12
kashel780: posts the ante 12
davidrin21: posts the ante 12
andygoon63: posts the ante 12
bilbokatze: posts the ante 12
Mahu2021: posts the ante 12
gilou069: posts small blind 50
MrMears92: posts big blind 100
*** HOLE CARDS ***
Dealt to Mahu2021 [9c Td]
kashel780: folds 
davidrin21: folds 
andygoon63: folds 
bilbokatze: folds 
Mahu2021: folds 
Braia88: folds 
gilou069: folds 
Uncalled bet (50) returned to MrMears92
MrMears92 collected 196 from pot
*** SUMMARY ***
Total pot 196 | Rake 0 
Seat 1: Braia88 (button) folded before Flop (didn't bet)
Seat 2: gilou069 (small blind) folded before Flop
Seat 3: MrMears92 (big blind) collected (196)
Seat 4: kashel780 folded before Flop (didn't bet)
Seat 5: davidrin21 folded before Flop (didn't bet)
Seat 6: andygoon63 folded before Flop (didn't bet)
Seat 7: bilbokatze folded before Flop (didn't bet)
Seat 8: Mahu2021 folded before Flop (didn't bet)



PokerStars Hand #254453761116: Tournament #3845104441, $4.90+$4.90+$1.20 USD Hold'em No Limit - Level IV (50/100) - 2025/01/19 20:34:02 CET [2025/01/19 14:34:02 ET]
Table '3845104441 12' 8-max Seat #2 is the button
Seat 1: Braia88 (7593 in chips, $4.90 bounty) 
Seat 2: gilou069 (8732 in chips, $4.90 bounty) 
Seat 3: MrMears92 (12419 in chips, $4.90 bounty) 
Seat 4: kashel780 (8608 in chips, $4.90 bounty) 
Seat 5: davidrin21 (8146 in chips, $4.90 bounty) 
Seat 6: andygoon63 (13592 in chips, $4.90 bounty) 
Seat 7: bilbokatze (13034 in chips, $4.90 bounty) 
Seat 8: Mahu2021 (9002 in chips, $4.90 bounty) 
Braia88: posts the ante 12
gilou069: posts the ante 12
MrMears92: posts the ante 12
kashel780: posts the ante 12
davidrin21: posts the ante 12
andygoon63: posts the ante 12
bilbokatze: posts the ante 12
Mahu2021: posts the ante 12
MrMears92: posts small blind 50
kashel780: posts big blind 100
*** HOLE CARDS ***
Dealt to Mahu2021 [6h 6c]
davidrin21: folds 
andygoon63: folds 
bilbokatze: raises 100 to 200
Mahu2021: folds 
Braia88: folds 
gilou069: calls 200
MrMears92: folds 
kashel780: folds 
*** FLOP *** [9s Tc 9c]
bilbokatze: checks 
gilou069: bets 323
bilbokatze: folds 
Uncalled bet (323) returned to gilou069
gilou069 collected 646 from pot
gilou069: doesn't show hand 
*** SUMMARY ***
Total pot 646 | Rake 0 
Board [9s Tc 9c]
Seat 1: Braia88 folded before Flop (didn't bet)
Seat 2: gilou069 (button) collected (646)
Seat 3: MrMears92 (small blind) folded before Flop
Seat 4: kashel780 (big blind) folded before Flop
Seat 5: davidrin21 folded before Flop (didn't bet)
Seat 6: andygoon63 folded before Flop (didn't bet)
Seat 7: bilbokatze folded on the Flop
Seat 8: Mahu2021 folded before Flop (didn't bet)



PokerStars Hand #254453789761: Tournament #3845104441, $4.90+$4.90+$1.20 USD Hold'em No Limit - Level IV (50/100) - 2025/01/19 20:35:17 CET [2025/01/19 14:35:17 ET]
Table '3845104441 12' 8-max Seat #3 is the button
Seat 1: Braia88 (7581 in chips, $4.90 bounty) 
Seat 2: gilou069 (9166 in chips, $4.90 bounty) 
Seat 3: MrMears92 (12357 in chips, $4.90 bounty) 
Seat 4: kashel780 (8496 in chips, $4.90 bounty) 
Seat 5: davidrin21 (8134 in chips, $4.90 bounty) 
Seat 6: andygoon63 (13580 in chips, $4.90 bounty) 
Seat 7: bilbokatze (12822 in chips, $4.90 bounty) 
Seat 8: Mahu2021 (8990 in chips, $4.90 bounty) 
Braia88: posts the ante 12
gilou069: posts the ante 12
MrMears92: posts the ante 12
kashel780: posts the ante 12
davidrin21: posts the ante 12
andygoon63: posts the ante 12
bilbokatze: posts the ante 12
Mahu2021: posts the ante 12
kashel780: posts small blind 50
davidrin21: posts big blind 100
*** HOLE CARDS ***
Dealt to Mahu2021 [3h As]
andygoon63: folds 
bilbokatze: folds 
Mahu2021: folds 
Braia88: folds 
gilou069: folds 
MrMears92: raises 200 to 300
kashel780: folds 
davidrin21: calls 200
*** FLOP *** [5s 7h 9d]
davidrin21: checks 
MrMears92: checks 
*** TURN *** [5s 7h 9d] [6c]
davidrin21: bets 298
MrMears92: folds 
Uncalled bet (298) returned to davidrin21
davidrin21 collected 746 from pot
davidrin21: doesn't show hand 
*** SUMMARY ***
Total pot 746 | Rake 0 
Board [5s 7h 9d 6c]
Seat 1: Braia88 folded before Flop (didn't bet)
Seat 2: gilou069 folded before Flop (didn't bet)
Seat 3: MrMears92 (button) folded on the Turn
Seat 4: kashel780 (small blind) folded before Flop
Seat 5: davidrin21 (big blind) collected (746)
Seat 6: andygoon63 folded before Flop (didn't bet)
Seat 7: bilbokatze folded before Flop (didn't bet)
Seat 8: Mahu2021 folded before Flop (didn't bet)



PokerStars Hand #254453805920: Tournament #3845104441, $4.90+$4.90+$1.20 USD Hold'em No Limit - Level IV (50/100) - 2025/01/19 20:35:59 CET [2025/01/19 14:35:59 ET]
Table '3845104441 12' 8-max Seat #4 is the button
Seat 1: Braia88 (7569 in chips, $4.90 bounty) 
Seat 2: gilou069 (9154 in chips, $4.90 bounty) 
Seat 3: MrMears92 (12045 in chips, $4.90 bounty) 
Seat 4: kashel780 (8434 in chips, $4.90 bounty) 
Seat 5: davidrin21 (8568 in chips, $4.90 bounty) 
Seat 6: andygoon63 (13568 in chips, $4.90 bounty) 
Seat 7: bilbokatze (12810 in chips, $4.90 bounty) 
Seat 8: Mahu2021 (8978 in chips, $4.90 bounty) 
Braia88: posts the ante 12
gilou069: posts the ante 12
MrMears92: posts the ante 12
kashel780: posts the ante 12
davidrin21: posts the ante 12
andygoon63: posts the ante 12
bilbokatze: posts the ante 12
Mahu2021: posts the ante 12
davidrin21: posts small blind 50
andygoon63: posts big blind 100
*** HOLE CARDS ***
Dealt to Mahu2021 [Qd 8h]
bilbokatze: calls 100
Mahu2021: folds 
Braia88: folds 
gilou069: folds 
MrMears92 has timed out
MrMears92: folds 
MrMears92 is sitting out
kashel780: folds 
MrMears92 has returned
davidrin21: calls 50
andygoon63: checks 
*** FLOP *** [7s 4s Kh]
davidrin21: checks 
andygoon63: checks 
bilbokatze: bets 200
davidrin21: calls 200
andygoon63: raises 300 to 500
bilbokatze: calls 300
davidrin21: calls 300
*** TURN *** [7s 4s Kh] [8c]
davidrin21: checks 
andygoon63: bets 700
bilbokatze: calls 700
davidrin21: calls 700
*** RIVER *** [7s 4s Kh 8c] [Ah]
davidrin21: checks 
andygoon63: bets 900
bilbokatze: calls 900
davidrin21: folds 
*** SHOW DOWN ***
andygoon63: shows [4d 4h] (three of a kind, Fours)
bilbokatze: mucks hand 
andygoon63 collected 5796 from pot
*** SUMMARY ***
Total pot 5796 | Rake 0 
Board [7s 4s Kh 8c Ah]
Seat 1: Braia88 folded before Flop (didn't bet)
Seat 2: gilou069 folded before Flop (didn't bet)
Seat 3: MrMears92 folded before Flop (didn't bet)
Seat 4: kashel780 (button) folded before Flop (didn't bet)
Seat 5: davidrin21 (small blind) folded on the River
Seat 6: andygoon63 (big blind) showed [4d 4h] and won (5796) with three of a kind, Fours
Seat 7: bilbokatze mucked [Kd Ts]
Seat 8: Mahu2021 folded before Flop (didn't bet)



PokerStars Hand #254453838589: Tournament #3845104441, $4.90+$4.90+$1.20 USD Hold'em No Limit - Level IV (50/100) - 2025/01/19 20:37:25 CET [2025/01/19 14:37:25 ET]
Table '3845104441 12' 8-max Seat #5 is the button
Seat 1: Braia88 (7557 in chips, $4.90 bounty) 
Seat 2: gilou069 (9142 in chips, $4.90 bounty) 
Seat 3: MrMears92 (12033 in chips, $4.90 bounty) 
Seat 4: kashel780 (8422 in chips, $4.90 bounty) 
Seat 5: davidrin21 (7256 in chips, $4.90 bounty) 
Seat 6: andygoon63 (17152 in chips, $4.90 bounty) 
Seat 7: bilbokatze (10598 in chips, $4.90 bounty) 
Seat 8: Mahu2021 (8966 in chips, $4.90 bounty) 
Braia88: posts the ante 12
gilou069: posts the ante 12
MrMears92: posts the ante 12
kashel780: posts the ante 12
davidrin21: posts the ante 12
andygoon63: posts the ante 12
bilbokatze: posts the ante 12
Mahu2021: posts the ante 12
andygoon63: posts small blind 50
bilbokatze: posts big blind 100
*** HOLE CARDS ***
Dealt to Mahu2021 [Th 4s]
Mahu2021: folds 
Braia88: folds 
gilou069: raises 120 to 220
MrMears92: folds 
kashel780: raises 430 to 650
davidrin21: folds 
andygoon63: folds 
bilbokatze: calls 550
gilou069: calls 430
*** FLOP *** [Qd 4h Ad]
bilbokatze: checks 
gilou069: checks 
kashel780: checks 
*** TURN *** [Qd 4h Ad] [5s]
bilbokatze: checks 
gilou069: checks 
kashel780: bets 629
bilbokatze: calls 629
gilou069: folds 
*** RIVER *** [Qd 4h Ad 5s] [Kc]
bilbokatze: checks 
kashel780: checks 
*** SHOW DOWN ***
bilbokatze: shows [7d 7s] (a pair of Sevens)
kashel780: shows [Qc Jc] (a pair of Queens)
kashel780 collected 3354 from pot
*** SUMMARY ***
Total pot 3354 | Rake 0 
Board [Qd 4h Ad 5s Kc]
Seat 1: Braia88 folded before Flop (didn't bet)
Seat 2: gilou069 folded on the Turn
Seat 3: MrMears92 folded before Flop (didn't bet)
Seat 4: kashel780 showed [Qc Jc] and won (3354) with a pair of Queens
Seat 5: davidrin21 (button) folded before Flop (didn't bet)
Seat 6: andygoon63 (small blind) folded before Flop
Seat 7: bilbokatze (big blind) showed [7d 7s] and lost with a pair of Sevens
Seat 8: Mahu2021 folded before Flop (didn't bet)



PokerStars Hand #254453876370: Tournament #3845104441, $4.90+$4.90+$1.20 USD Hold'em No Limit - Level IV (50/100) - 2025/01/19 20:39:04 CET [2025/01/19 14:39:04 ET]
Table '3845104441 12' 8-max Seat #6 is the button
Seat 1: Braia88 (7545 in chips, $4.90 bounty) 
Seat 2: gilou069 (8480 in chips, $4.90 bounty) 
Seat 3: MrMears92 (12021 in chips, $4.90 bounty) 
Seat 4: kashel780 (10485 in chips, $4.90 bounty) 
Seat 5: davidrin21 (7244 in chips, $4.90 bounty) 
Seat 6: andygoon63 (17090 in chips, $4.90 bounty) 
Seat 7: bilbokatze (9307 in chips, $4.90 bounty) 
Seat 8: Mahu2021 (8954 in chips, $4.90 bounty) 
Braia88: posts the ante 12
gilou069: posts the ante 12
MrMears92: posts the ante 12
kashel780: posts the ante 12
davidrin21: posts the ante 12
andygoon63: posts the ante 12
bilbokatze: posts the ante 12
Mahu2021: posts the ante 12
bilbokatze: posts small blind 50
Mahu2021: posts big blind 100
*** HOLE CARDS ***
Dealt to Mahu2021 [4c Jc]
Braia88: folds 
gilou069: folds 
MrMears92: folds 
kashel780: folds 
davidrin21: folds 
andygoon63: folds 
bilbokatze: raises 200 to 300
Mahu2021: calls 200
*** FLOP *** [7s 5c 8d]
bilbokatze: bets 300
Mahu2021: calls 300
*** TURN *** [7s 5c 8d] [Ac]
bilbokatze: bets 500
Mahu2021: raises 700 to 1200
bilbokatze: raises 1848 to 3048
Mahu2021: calls 1848
*** RIVER *** [7s 5c 8d Ac] [5h]
bilbokatze: bets 5647 and is all-in
Mahu2021: folds 
Uncalled bet (5647) returned to bilbokatze
bilbokatze collected 7392 from pot
*** SUMMARY ***
Total pot 7392 | Rake 0 
Board [7s 5c 8d Ac 5h]
Seat 1: Braia88 folded before Flop (didn't bet)
Seat 2: gilou069 folded before Flop (didn't bet)
Seat 3: MrMears92 folded before Flop (didn't bet)
Seat 4: kashel780 folded before Flop (didn't bet)
Seat 5: davidrin21 folded before Flop (didn't bet)
Seat 6: andygoon63 (button) folded before Flop (didn't bet)
Seat 7: bilbokatze (small blind) collected (7392)
Seat 8: Mahu2021 (big blind) folded on the River



PokerStars Hand #254453907261: Tournament #3845104441, $4.90+$4.90+$1.20 USD Hold'em No Limit - Level V (60/120) - 2025/01/19 20:40:26 CET [2025/01/19 14:40:26 ET]
Table '3845104441 12' 8-max Seat #7 is the button
Seat 1: Braia88 (7533 in chips, $4.90 bounty) 
Seat 2: gilou069 (8468 in chips, $4.90 bounty) 
Seat 3: MrMears92 (12009 in chips, $4.90 bounty) 
Seat 4: kashel780 (10473 in chips, $4.90 bounty) 
Seat 5: davidrin21 (7232 in chips, $4.90 bounty) 
Seat 6: andygoon63 (17078 in chips, $4.90 bounty) 
Seat 7: bilbokatze (13039 in chips, $4.90 bounty) 
Seat 8: Mahu2021 (5294 in chips, $4.90 bounty) 
Braia88: posts the ante 16
gilou069: posts the ante 16
MrMears92: posts the ante 16
kashel780: posts the ante 16
davidrin21: posts the ante 16
andygoon63: posts the ante 16
bilbokatze: posts the ante 16
Mahu2021: posts the ante 16
Mahu2021: posts small blind 60
Braia88: posts big blind 120
*** HOLE CARDS ***
Dealt to Mahu2021 [8c 6h]
gilou069: raises 144 to 264
MrMears92: folds 
kashel780: folds 
davidrin21: folds 
andygoon63: calls 264
bilbokatze: folds 
Mahu2021: folds 
Braia88: folds 
*** FLOP *** [9s Jc 6d]
gilou069: bets 276
andygoon63: folds 
Uncalled bet (276) returned to gilou069
gilou069 collected 836 from pot
gilou069: doesn't show hand 
*** SUMMARY ***
Total pot 836 | Rake 0 
Board [9s Jc 6d]
Seat 1: Braia88 (big blind) folded before Flop
Seat 2: gilou069 collected (836)
Seat 3: MrMears92 folded before Flop (didn't bet)
Seat 4: kashel780 folded before Flop (didn't bet)
Seat 5: davidrin21 folded before Flop (didn't bet)
Seat 6: andygoon63 folded on the Flop
Seat 7: bilbokatze (button) folded before Flop (didn't bet)
Seat 8: Mahu2021 (small blind) folded before Flop



PokerStars Hand #254453920793: Tournament #3845104441, $4.90+$4.90+$1.20 USD Hold'em No Limit - Level V (60/120) - 2025/01/19 20:41:01 CET [2025/01/19 14:41:01 ET]
Table '3845104441 12' 8-max Seat #8 is the button
Seat 1: Braia88 (7397 in chips, $4.90 bounty) 
Seat 2: gilou069 (9024 in chips, $4.90 bounty) 
Seat 3: MrMears92 (11993 in chips, $4.90 bounty) 
Seat 4: kashel780 (10457 in chips, $4.90 bounty) 
Seat 5: davidrin21 (7216 in chips, $4.90 bounty) 
Seat 6: andygoon63 (16798 in chips, $4.90 bounty) 
Seat 7: bilbokatze (13023 in chips, $4.90 bounty) 
Seat 8: Mahu2021 (5218 in chips, $4.90 bounty) 
Braia88: posts the ante 16
gilou069: posts the ante 16
MrMears92: posts the ante 16
kashel780: posts the ante 16
davidrin21: posts the ante 16
andygoon63: posts the ante 16
bilbokatze: posts the ante 16
Mahu2021: posts the ante 16
Braia88: posts small blind 60
gilou069: posts big blind 120
*** HOLE CARDS ***
Dealt to Mahu2021 [Ad 5c]
MrMears92 has timed out
MrMears92: folds 
MrMears92 is sitting out
kashel780: folds 
MrMears92 has returned
davidrin21: raises 156 to 276
andygoon63: folds 
bilbokatze: folds 
Mahu2021: calls 276
Braia88: raises 7105 to 7381 and is all-in
gilou069: folds 
davidrin21: folds 
Mahu2021: folds 
Uncalled bet (7105) returned to Braia88
Braia88 collected 1076 from pot
Braia88: doesn't show hand 
*** SUMMARY ***
Total pot 1076 | Rake 0 
Seat 1: Braia88 (small blind) collected (1076)
Seat 2: gilou069 (big blind) folded before Flop
Seat 3: MrMears92 folded before Flop (didn't bet)
Seat 4: kashel780 folded before Flop (didn't bet)
Seat 5: davidrin21 folded before Flop
Seat 6: andygoon63 folded before Flop (didn't bet)
Seat 7: bilbokatze folded before Flop (didn't bet)
Seat 8: Mahu2021 (button) folded before Flop



PokerStars Hand #254453938482: Tournament #3845104441, $4.90+$4.90+$1.20 USD Hold'em No Limit - Level V (60/120) - 2025/01/19 20:41:47 CET [2025/01/19 14:41:47 ET]
Table '3845104441 12' 8-max Seat #1 is the button
Seat 1: Braia88 (8181 in chips, $4.90 bounty) 
Seat 2: gilou069 (8888 in chips, $4.90 bounty) 
Seat 3: MrMears92 (11977 in chips, $4.90 bounty) 
Seat 4: kashel780 (10441 in chips, $4.90 bounty) 
Seat 5: davidrin21 (6924 in chips, $4.90 bounty) 
Seat 6: andygoon63 (16782 in chips, $4.90 bounty) 
Seat 7: bilbokatze (13007 in chips, $4.90 bounty) 
Seat 8: Mahu2021 (4926 in chips, $4.90 bounty) 
Braia88: posts the ante 16
gilou069: posts the ante 16
MrMears92: posts the ante 16
kashel780: posts the ante 16
davidrin21: posts the ante 16
andygoon63: posts the ante 16
bilbokatze: posts the ante 16
Mahu2021: posts the ante 16
gilou069: posts small blind 60
MrMears92: posts big blind 120
*** HOLE CARDS ***
Dealt to Mahu2021 [4s 5s]
kashel780: folds 
davidrin21: raises 156 to 276
andygoon63: folds 
bilbokatze: folds 
Mahu2021: calls 276
Braia88: calls 276
gilou069: folds 
MrMears92: calls 156
*** FLOP *** [2d Qs 5c]
MrMears92: checks 
davidrin21: checks 
Mahu2021: bets 240
Braia88: calls 240
MrMears92: folds 
davidrin21: calls 240
*** TURN *** [2d Qs 5c] [Ad]
davidrin21: checks 
Mahu2021: checks 
Braia88: bets 1200
davidrin21: calls 1200
Mahu2021: folds 
*** RIVER *** [2d Qs 5c Ad] [2c]
davidrin21: checks 
Braia88: bets 6449 and is all-in
davidrin21: calls 5192 and is all-in
Uncalled bet (1257) returned to Braia88
*** SHOW DOWN ***
Braia88: shows [5d Ah] (two pair, Aces and Fives)
davidrin21: shows [Qc Qd] (a full house, Queens full of Deuces)
davidrin21 collected 14796 from pot
*** SUMMARY ***
Total pot 14796 | Rake 0 
Board [2d Qs 5c Ad 2c]
Seat 1: Braia88 (button) showed [5d Ah] and lost with two pair, Aces and Fives
Seat 2: gilou069 (small blind) folded before Flop
Seat 3: MrMears92 (big blind) folded on the Flop
Seat 4: kashel780 folded before Flop (didn't bet)
Seat 5: davidrin21 showed [Qc Qd] and won (14796) with a full house, Queens full of Deuces
Seat 6: andygoon63 folded before Flop (didn't bet)
Seat 7: bilbokatze folded before Flop (didn't bet)
Seat 8: Mahu2021 folded on the Turn



PokerStars Hand #254453967985: Tournament #3845104441, $4.90+$4.90+$1.20 USD Hold'em No Limit - Level V (60/120) - 2025/01/19 20:43:05 CET [2025/01/19 14:43:05 ET]
Table '3845104441 12' 8-max Seat #2 is the button
Seat 1: Braia88 (1257 in chips, $4.90 bounty) 
Seat 2: gilou069 (8812 in chips, $4.90 bounty) 
Seat 3: MrMears92 (11685 in chips, $4.90 bounty) 
Seat 4: kashel780 (10425 in chips, $4.90 bounty) 
Seat 5: davidrin21 (14796 in chips, $4.90 bounty) 
Seat 6: andygoon63 (16766 in chips, $4.90 bounty) 
Seat 7: bilbokatze (12991 in chips, $4.90 bounty) 
Seat 8: Mahu2021 (4394 in chips, $4.90 bounty) 
Braia88: posts the ante 16
gilou069: posts the ante 16
MrMears92: posts the ante 16
kashel780: posts the ante 16
davidrin21: posts the ante 16
andygoon63: posts the ante 16
bilbokatze: posts the ante 16
Mahu2021: posts the ante 16
MrMears92: posts small blind 60
kashel780: posts big blind 120
*** HOLE CARDS ***
Dealt to Mahu2021 [Qh 4c]
davidrin21: raises 156 to 276
andygoon63: folds 
bilbokatze: folds 
Mahu2021: folds 
Braia88: folds 
gilou069: folds 
MrMears92: folds 
kashel780: folds 
Uncalled bet (156) returned to davidrin21
davidrin21 collected 428 from pot
davidrin21: doesn't show hand 
*** SUMMARY ***
Total pot 428 | Rake 0 
Seat 1: Braia88 folded before Flop (didn't bet)
Seat 2: gilou069 (button) folded before Flop (didn't bet)
Seat 3: MrMears92 (small blind) folded before Flop
Seat 4: kashel780 (big blind) folded before Flop
Seat 5: davidrin21 collected (428)
Seat 6: andygoon63 folded before Flop (didn't bet)
Seat 7: bilbokatze folded before Flop (didn't bet)
Seat 8: Mahu2021 folded before Flop (didn't bet)



PokerStars Hand #254453975273: Tournament #3845104441, $4.90+$4.90+$1.20 USD Hold'em No Limit - Level V (60/120) - 2025/01/19 20:43:24 CET [2025/01/19 14:43:24 ET]
Table '3845104441 12' 8-max Seat #3 is the button
Seat 1: Braia88 (1241 in chips, $4.90 bounty) 
Seat 2: gilou069 (8796 in chips, $4.90 bounty) 
Seat 3: MrMears92 (11609 in chips, $4.90 bounty) 
Seat 4: kashel780 (10289 in chips, $4.90 bounty) 
Seat 5: davidrin21 (15088 in chips, $4.90 bounty) 
Seat 6: andygoon63 (16750 in chips, $4.90 bounty) 
Seat 7: bilbokatze (12975 in chips, $4.90 bounty) 
Seat 8: Mahu2021 (4378 in chips, $4.90 bounty) 
Braia88: posts the ante 16
gilou069: posts the ante 16
MrMears92: posts the ante 16
kashel780: posts the ante 16
davidrin21: posts the ante 16
andygoon63: posts the ante 16
bilbokatze: posts the ante 16
Mahu2021: posts the ante 16
kashel780: posts small blind 60
davidrin21: posts big blind 120
*** HOLE CARDS ***
Dealt to Mahu2021 [4c 8d]
andygoon63: folds 
bilbokatze: folds 
Mahu2021: folds 
Braia88: folds 
gilou069: folds 
MrMears92: calls 120
kashel780: folds 
davidrin21: checks 
*** FLOP *** [6c Jd 8s]
davidrin21: checks 
MrMears92: checks 
*** TURN *** [6c Jd 8s] [7h]
davidrin21: checks 
MrMears92: checks 
*** RIVER *** [6c Jd 8s 7h] [2c]
davidrin21: bets 171
MrMears92: calls 171
*** SHOW DOWN ***
davidrin21: shows [8h 5d] (a pair of Eights)
MrMears92: mucks hand 
davidrin21 collected 770 from pot
*** SUMMARY ***
Total pot 770 | Rake 0 
Board [6c Jd 8s 7h 2c]
Seat 1: Braia88 folded before Flop (didn't bet)
Seat 2: gilou069 folded before Flop (didn't bet)
Seat 3: MrMears92 (button) mucked [Kd 2d]
Seat 4: kashel780 (small blind) folded before Flop
Seat 5: davidrin21 (big blind) showed [8h 5d] and won (770) with a pair of Eights
Seat 6: andygoon63 folded before Flop (didn't bet)
Seat 7: bilbokatze folded before Flop (didn't bet)
Seat 8: Mahu2021 folded before Flop (didn't bet)



PokerStars Hand #254454022905: Tournament #3845104441, $4.90+$4.90+$1.20 USD Hold'em No Limit - Level V (60/120) - 2025/01/19 20:45:29 CET [2025/01/19 14:45:29 ET]
Table '3845104441 728' 8-max Seat #2 is the button
Seat 1: TAXFREEME (9994 in chips, $4.90 bounty) 
Seat 2: DemirBH (13710 in chips, $4.90 bounty) 
Seat 3: patra1977 (16577 in chips, $4.90 bounty) 
Seat 4: andreiy05 (9666 in chips, $4.90 bounty) 
Seat 5: Cashine94 (7895 in chips, $4.90 bounty) 
Seat 6: Mahu2021 (4362 in chips, $4.90 bounty) 
Seat 7: Inflames6 (9952 in chips, $4.90 bounty) 
Seat 8: Sh0uTTT (10000 in chips, $4.90 bounty) 
TAXFREEME: posts the ante 16
DemirBH: posts the ante 16
patra1977: posts the ante 16
andreiy05: posts the ante 16
Cashine94: posts the ante 16
Mahu2021: posts the ante 16
Inflames6: posts the ante 16
Sh0uTTT: posts the ante 16
patra1977: posts small blind 60
andreiy05: posts big blind 120
*** HOLE CARDS ***
Dealt to Mahu2021 [Jc 5h]
Cashine94: folds 
Mahu2021: folds 
Inflames6: folds 
Sh0uTTT: folds 
TAXFREEME: raises 120 to 240
DemirBH: folds 
patra1977: calls 180
andreiy05: calls 120
*** FLOP *** [Td Kc As]
patra1977: bets 240
andreiy05: calls 240
TAXFREEME: calls 240
*** TURN *** [Td Kc As] [2s]
patra1977: bets 784
andreiy05: folds 
TAXFREEME: raises 1568 to 2352
patra1977: calls 1568
*** RIVER *** [Td Kc As 2s] [4c]
patra1977: checks 
TAXFREEME: bets 7146 and is all-in
patra1977: folds 
Uncalled bet (7146) returned to TAXFREEME
TAXFREEME collected 6272 from pot
TAXFREEME: doesn't show hand 
*** SUMMARY ***
Total pot 6272 | Rake 0 
Board [Td Kc As 2s 4c]
Seat 1: TAXFREEME collected (6272)
Seat 2: DemirBH (button) folded before Flop (didn't bet)
Seat 3: patra1977 (small blind) folded on the River
Seat 4: andreiy05 (big blind) folded on the Turn
Seat 5: Cashine94 folded before Flop (didn't bet)
Seat 6: Mahu2021 folded before Flop (didn't bet)
Seat 7: Inflames6 folded before Flop (didn't bet)
Seat 8: Sh0uTTT folded before Flop (didn't bet)



PokerStars Hand #254454056569: Tournament #3845104441, $4.90+$4.90+$1.20 USD Hold'em No Limit - Level V (60/120) - 2025/01/19 20:46:58 CET [2025/01/19 14:46:58 ET]
Table '3845104441 728' 8-max Seat #3 is the button
Seat 1: TAXFREEME (13418 in chips, $4.90 bounty) 
Seat 2: DemirBH (13694 in chips, $4.90 bounty) 
Seat 3: patra1977 (13729 in chips, $4.90 bounty) 
Seat 4: andreiy05 (9170 in chips, $4.90 bounty) 
Seat 5: Cashine94 (7879 in chips, $4.90 bounty) 
Seat 6: Mahu2021 (4346 in chips, $4.90 bounty) 
Seat 7: Inflames6 (9936 in chips, $4.90 bounty) 
Seat 8: Sh0uTTT (9984 in chips, $4.90 bounty) 
TAXFREEME: posts the ante 16
DemirBH: posts the ante 16
patra1977: posts the ante 16
andreiy05: posts the ante 16
Cashine94: posts the ante 16
Mahu2021: posts the ante 16
Inflames6: posts the ante 16
Sh0uTTT: posts the ante 16
andreiy05: posts small blind 60
Cashine94: posts big blind 120
*** HOLE CARDS ***
Dealt to Mahu2021 [4d As]
Mahu2021: folds 
Inflames6: raises 120 to 240
Sh0uTTT: folds 
TAXFREEME: folds 
DemirBH: folds 
patra1977: calls 240
andreiy05: folds 
Cashine94: calls 120
*** FLOP *** [3d Ah Ad]
Cashine94: checks 
Inflames6: checks 
patra1977: checks 
*** TURN *** [3d Ah Ad] [Ts]
Cashine94: checks 
Inflames6: checks 
patra1977: checks 
*** RIVER *** [3d Ah Ad Ts] [5c]
Cashine94: bets 263
Inflames6: folds 
patra1977: folds 
Uncalled bet (263) returned to Cashine94
Cashine94 collected 908 from pot
*** SUMMARY ***
Total pot 908 | Rake 0 
Board [3d Ah Ad Ts 5c]
Seat 1: TAXFREEME folded before Flop (didn't bet)
Seat 2: DemirBH folded before Flop (didn't bet)
Seat 3: patra1977 (button) folded on the River
Seat 4: andreiy05 (small blind) folded before Flop
Seat 5: Cashine94 (big blind) collected (908)
Seat 6: Mahu2021 folded before Flop (didn't bet)
Seat 7: Inflames6 folded on the River
Seat 8: Sh0uTTT folded before Flop (didn't bet)



PokerStars Hand #254454076683: Tournament #3845104441, $4.90+$4.90+$1.20 USD Hold'em No Limit - Level V (60/120) - 2025/01/19 20:47:52 CET [2025/01/19 14:47:52 ET]
Table '3845104441 728' 8-max Seat #4 is the button
Seat 1: TAXFREEME (13402 in chips, $4.90 bounty) 
Seat 2: DemirBH (13678 in chips, $4.90 bounty) 
Seat 3: patra1977 (13473 in chips, $4.90 bounty) 
Seat 4: andreiy05 (9094 in chips, $4.90 bounty) 
Seat 5: Cashine94 (8531 in chips, $4.90 bounty) 
Seat 6: Mahu2021 (4330 in chips, $4.90 bounty) 
Seat 7: Inflames6 (9680 in chips, $4.90 bounty) 
Seat 8: Sh0uTTT (9968 in chips, $4.90 bounty) 
TAXFREEME: posts the ante 16
DemirBH: posts the ante 16
patra1977: posts the ante 16
andreiy05: posts the ante 16
Cashine94: posts the ante 16
Mahu2021: posts the ante 16
Inflames6: posts the ante 16
Sh0uTTT: posts the ante 16
Cashine94: posts small blind 60
Mahu2021: posts big blind 120
*** HOLE CARDS ***
Dealt to Mahu2021 [Ad 7d]
Inflames6: folds 
Sh0uTTT: folds 
TAXFREEME: raises 240 to 360
DemirBH: folds 
patra1977: folds 
andreiy05: folds 
Cashine94: folds 
Mahu2021: calls 240
*** FLOP *** [Kh Tc 9c]
Mahu2021: checks 
TAXFREEME: bets 454
Mahu2021: folds 
Uncalled bet (454) returned to TAXFREEME
TAXFREEME collected 908 from pot
TAXFREEME: doesn't show hand 
*** SUMMARY ***
Total pot 908 | Rake 0 
Board [Kh Tc 9c]
Seat 1: TAXFREEME collected (908)
Seat 2: DemirBH folded before Flop (didn't bet)
Seat 3: patra1977 folded before Flop (didn't bet)
Seat 4: andreiy05 (button) folded before Flop (didn't bet)
Seat 5: Cashine94 (small blind) folded before Flop
Seat 6: Mahu2021 (big blind) folded on the Flop
Seat 7: Inflames6 folded before Flop (didn't bet)
Seat 8: Sh0uTTT folded before Flop (didn't bet)



PokerStars Hand #254454087396: Tournament #3845104441, $4.90+$4.90+$1.20 USD Hold'em No Limit - Level V (60/120) - 2025/01/19 20:48:20 CET [2025/01/19 14:48:20 ET]
Table '3845104441 728' 8-max Seat #5 is the button
Seat 1: TAXFREEME (13934 in chips, $4.90 bounty) 
Seat 2: DemirBH (13662 in chips, $4.90 bounty) 
Seat 3: patra1977 (13457 in chips, $4.90 bounty) 
Seat 4: andreiy05 (9078 in chips, $4.90 bounty) 
Seat 5: Cashine94 (8455 in chips, $4.90 bounty) 
Seat 6: Mahu2021 (3954 in chips, $4.90 bounty) 
Seat 7: Inflames6 (9664 in chips, $4.90 bounty) 
Seat 8: Sh0uTTT (9952 in chips, $4.90 bounty) 
TAXFREEME: posts the ante 16
DemirBH: posts the ante 16
patra1977: posts the ante 16
andreiy05: posts the ante 16
Cashine94: posts the ante 16
Mahu2021: posts the ante 16
Inflames6: posts the ante 16
Sh0uTTT: posts the ante 16
Mahu2021: posts small blind 60
Inflames6: posts big blind 120
*** HOLE CARDS ***
Dealt to Mahu2021 [Qc 6d]
Sh0uTTT: raises 120 to 240
TAXFREEME: calls 240
DemirBH: calls 240
patra1977: folds 
andreiy05: folds 
Cashine94: folds 
Mahu2021: folds 
Inflames6: calls 120
*** FLOP *** [6h 8d 9c]
Inflames6: checks 
Sh0uTTT: checks 
TAXFREEME: bets 360
DemirBH: calls 360
Inflames6: folds 
Sh0uTTT: calls 360
*** TURN *** [6h 8d 9c] [5h]
Sh0uTTT: checks 
TAXFREEME: checks 
DemirBH: bets 754
Sh0uTTT: calls 754
TAXFREEME: folds 
*** RIVER *** [6h 8d 9c 5h] [4s]
Sh0uTTT: checks 
DemirBH: checks 
*** SHOW DOWN ***
Sh0uTTT: shows [Qs Qh] (a pair of Queens)
DemirBH: shows [6c 6s] (three of a kind, Sixes)
DemirBH collected 3736 from pot
*** SUMMARY ***
Total pot 3736 | Rake 0 
Board [6h 8d 9c 5h 4s]
Seat 1: TAXFREEME folded on the Turn
Seat 2: DemirBH showed [6c 6s] and won (3736) with three of a kind, Sixes
Seat 3: patra1977 folded before Flop (didn't bet)
Seat 4: andreiy05 folded before Flop (didn't bet)
Seat 5: Cashine94 (button) folded before Flop (didn't bet)
Seat 6: Mahu2021 (small blind) folded before Flop
Seat 7: Inflames6 (big blind) folded on the Flop
Seat 8: Sh0uTTT showed [Qs Qh] and lost with a pair of Queens



PokerStars Hand #254454128895: Tournament #3845104441, $4.90+$4.90+$1.20 USD Hold'em No Limit - Level VI (80/160) - 2025/01/19 20:50:11 CET [2025/01/19 14:50:11 ET]
Table '3845104441 728' 8-max Seat #6 is the button
Seat 1: TAXFREEME (13318 in chips, $4.90 bounty) 
Seat 2: DemirBH (16028 in chips, $4.90 bounty) 
Seat 3: patra1977 (13441 in chips, $4.90 bounty) 
Seat 4: andreiy05 (9062 in chips, $4.90 bounty) 
Seat 5: Cashine94 (8439 in chips, $4.90 bounty) 
Seat 6: Mahu2021 (3878 in chips, $4.90 bounty) 
Seat 7: Inflames6 (9408 in chips, $4.90 bounty) 
Seat 8: Sh0uTTT (8582 in chips, $4.90 bounty) 
TAXFREEME: posts the ante 20
DemirBH: posts the ante 20
patra1977: posts the ante 20
andreiy05: posts the ante 20
Cashine94: posts the ante 20
Mahu2021: posts the ante 20
Inflames6: posts the ante 20
Sh0uTTT: posts the ante 20
Inflames6: posts small blind 80
Sh0uTTT: posts big blind 160
*** HOLE CARDS ***
Dealt to Mahu2021 [5s Kd]
TAXFREEME: folds 
DemirBH: folds 
patra1977: raises 160 to 320
andreiy05: folds 
Cashine94: folds 
Mahu2021: folds 
Inflames6: folds 
Sh0uTTT: folds 
Uncalled bet (160) returned to patra1977
patra1977 collected 560 from pot
patra1977: doesn't show hand 
*** SUMMARY ***
Total pot 560 | Rake 0 
Seat 1: TAXFREEME folded before Flop (didn't bet)
Seat 2: DemirBH folded before Flop (didn't bet)
Seat 3: patra1977 collected (560)
Seat 4: andreiy05 folded before Flop (didn't bet)
Seat 5: Cashine94 folded before Flop (didn't bet)
Seat 6: Mahu2021 (button) folded before Flop (didn't bet)
Seat 7: Inflames6 (small blind) folded before Flop
Seat 8: Sh0uTTT (big blind) folded before Flop



PokerStars Hand #254454142133: Tournament #3845104441, $4.90+$4.90+$1.20 USD Hold'em No Limit - Level VI (80/160) - 2025/01/19 20:50:46 CET [2025/01/19 14:50:46 ET]
Table '3845104441 728' 8-max Seat #7 is the button
Seat 1: TAXFREEME (13298 in chips, $4.90 bounty) 
Seat 2: DemirBH (16008 in chips, $4.90 bounty) 
Seat 3: patra1977 (13821 in chips, $4.90 bounty) 
Seat 4: andreiy05 (9042 in chips, $4.90 bounty) 
Seat 5: Cashine94 (8419 in chips, $4.90 bounty) 
Seat 6: Mahu2021 (3858 in chips, $4.90 bounty) 
Seat 7: Inflames6 (9308 in chips, $4.90 bounty) 
Seat 8: Sh0uTTT (8402 in chips, $4.90 bounty) 
TAXFREEME: posts the ante 20
DemirBH: posts the ante 20
patra1977: posts the ante 20
andreiy05: posts the ante 20
Cashine94: posts the ante 20
Mahu2021: posts the ante 20
Inflames6: posts the ante 20
Sh0uTTT: posts the ante 20
Sh0uTTT: posts small blind 80
TAXFREEME: posts big blind 160
*** HOLE CARDS ***
Dealt to Mahu2021 [Qs Js]
DemirBH: folds 
patra1977: raises 320 to 480
andreiy05: folds 
Cashine94: folds 
Mahu2021: calls 480
Inflames6: folds 
Sh0uTTT: folds 
TAXFREEME: calls 320
*** FLOP *** [Ad 8s 3d]
TAXFREEME: checks 
patra1977: bets 640
Mahu2021: folds 
TAXFREEME: calls 640
*** TURN *** [Ad 8s 3d] [8c]
TAXFREEME: checks 
patra1977: bets 960
TAXFREEME: raises 1600 to 2560
patra1977: calls 1600
*** RIVER *** [Ad 8s 3d 8c] [2c]
TAXFREEME: bets 8080
patra1977: calls 8080
*** SHOW DOWN ***
TAXFREEME: shows [7c As] (two pair, Aces and Eights)
patra1977: shows [Ks Ac] (two pair, Aces and Eights - King kicker)
patra1977 collected 24240 from pot
*** SUMMARY ***
Total pot 24240 | Rake 0 
Board [Ad 8s 3d 8c 2c]
Seat 1: TAXFREEME (big blind) showed [7c As] and lost with two pair, Aces and Eights
Seat 2: DemirBH folded before Flop (didn't bet)
Seat 3: patra1977 showed [Ks Ac] and won (24240) with two pair, Aces and Eights
Seat 4: andreiy05 folded before Flop (didn't bet)
Seat 5: Cashine94 folded before Flop (didn't bet)
Seat 6: Mahu2021 folded on the Flop
Seat 7: Inflames6 (button) folded before Flop (didn't bet)
Seat 8: Sh0uTTT (small blind) folded before Flop



PokerStars Hand #254454163068: Tournament #3845104441, $4.90+$4.90+$1.20 USD Hold'em No Limit - Level VI (80/160) - 2025/01/19 20:51:42 CET [2025/01/19 14:51:42 ET]
Table '3845104441 728' 8-max Seat #8 is the button
Seat 1: TAXFREEME (1518 in chips, $4.90 bounty) 
Seat 2: DemirBH (15988 in chips, $4.90 bounty) 
Seat 3: patra1977 (26281 in chips, $4.90 bounty) 
Seat 4: andreiy05 (9022 in chips, $4.90 bounty) 
Seat 5: Cashine94 (8399 in chips, $4.90 bounty) 
Seat 6: Mahu2021 (3358 in chips, $4.90 bounty) 
Seat 7: Inflames6 (9288 in chips, $4.90 bounty) 
Seat 8: Sh0uTTT (8302 in chips, $4.90 bounty) 
TAXFREEME: posts the ante 20
DemirBH: posts the ante 20
patra1977: posts the ante 20
andreiy05: posts the ante 20
Cashine94: posts the ante 20
Mahu2021: posts the ante 20
Inflames6: posts the ante 20
Sh0uTTT: posts the ante 20
TAXFREEME: posts small blind 80
DemirBH: posts big blind 160
*** HOLE CARDS ***
Dealt to Mahu2021 [Td Ts]
patra1977: raises 560 to 720
andreiy05: folds 
Cashine94: folds 
Mahu2021: calls 720
Inflames6: folds 
Sh0uTTT: folds 
TAXFREEME: folds 
DemirBH: folds 
*** FLOP *** [Ad Tc 8s]
patra1977: checks 
Mahu2021: checks 
*** TURN *** [Ad Tc 8s] [3c]
patra1977: bets 320
Mahu2021: calls 320
*** RIVER *** [Ad Tc 8s 3c] [Kc]
patra1977: bets 320
Mahu2021: raises 640 to 960
patra1977: calls 640
*** SHOW DOWN ***
Mahu2021: shows [Td Ts] (three of a kind, Tens)
patra1977: mucks hand 
Mahu2021 collected 4400 from pot
*** SUMMARY ***
Total pot 4400 | Rake 0 
Board [Ad Tc 8s 3c Kc]
Seat 1: TAXFREEME (small blind) folded before Flop
Seat 2: DemirBH (big blind) folded before Flop
Seat 3: patra1977 mucked [6h 3s]
Seat 4: andreiy05 folded before Flop (didn't bet)
Seat 5: Cashine94 folded before Flop (didn't bet)
Seat 6: Mahu2021 showed [Td Ts] and won (4400) with three of a kind, Tens
Seat 7: Inflames6 folded before Flop (didn't bet)
Seat 8: Sh0uTTT (button) folded before Flop (didn't bet)



PokerStars Hand #254454183374: Tournament #3845104441, $4.90+$4.90+$1.20 USD Hold'em No Limit - Level VI (80/160) - 2025/01/19 20:52:35 CET [2025/01/19 14:52:35 ET]
Table '3845104441 728' 8-max Seat #1 is the button
Seat 1: TAXFREEME (1418 in chips, $4.90 bounty) 
Seat 2: DemirBH (15808 in chips, $4.90 bounty) 
Seat 3: patra1977 (24261 in chips, $4.90 bounty) 
Seat 4: andreiy05 (9002 in chips, $4.90 bounty) 
Seat 5: Cashine94 (8379 in chips, $4.90 bounty) 
Seat 6: Mahu2021 (5738 in chips, $4.90 bounty) 
Seat 7: Inflames6 (9268 in chips, $4.90 bounty) 
Seat 8: Sh0uTTT (8282 in chips, $4.90 bounty) 
TAXFREEME: posts the ante 20
DemirBH: posts the ante 20
patra1977: posts the ante 20
andreiy05: posts the ante 20
Cashine94: posts the ante 20
Mahu2021: posts the ante 20
Inflames6: posts the ante 20
Sh0uTTT: posts the ante 20
DemirBH: posts small blind 80
patra1977: posts big blind 160
*** HOLE CARDS ***
Dealt to Mahu2021 [Th 4d]
andreiy05: raises 240 to 400
Cashine94: folds 
Mahu2021: folds 
Inflames6: raises 720 to 1120
Sh0uTTT: folds 
TAXFREEME: raises 278 to 1398 and is all-in
DemirBH: folds 
patra1977: calls 1238
andreiy05: calls 998
Inflames6: calls 278
*** FLOP *** [Ah Ks Td]
patra1977: checks 
andreiy05: checks 
Inflames6: checks 
*** TURN *** [Ah Ks Td] [3d]
patra1977: checks 
andreiy05: bets 1280
Inflames6: calls 1280
patra1977: folds 
*** RIVER *** [Ah Ks Td 3d] [9d]
andreiy05: checks 
Inflames6: checks 
*** SHOW DOWN ***
andreiy05: shows [Kc Qc] (a pair of Kings)
Inflames6: shows [Ac Qh] (a pair of Aces)
Inflames6 collected 2560 from side pot
TAXFREEME: mucks hand 
Inflames6 collected 5832 from main pot
Inflames6 wins $2.45 for eliminating TAXFREEME and their own bounty increases by $2.45 to $7.35
TAXFREEME finished the tournament
*** SUMMARY ***
Total pot 8392 Main pot 5832. Side pot 2560. | Rake 0 
Board [Ah Ks Td 3d 9d]
Seat 1: TAXFREEME (button) mucked [Kh 7d]
Seat 2: DemirBH (small blind) folded before Flop
Seat 3: patra1977 (big blind) folded on the Turn
Seat 4: andreiy05 showed [Kc Qc] and lost with a pair of Kings
Seat 5: Cashine94 folded before Flop (didn't bet)
Seat 6: Mahu2021 folded before Flop (didn't bet)
Seat 7: Inflames6 showed [Ac Qh] and won (8392) with a pair of Aces
Seat 8: Sh0uTTT folded before Flop (didn't bet)



PokerStars Hand #254454207801: Tournament #3845104441, $4.90+$4.90+$1.20 USD Hold'em No Limit - Level VI (80/160) - 2025/01/19 20:53:41 CET [2025/01/19 14:53:41 ET]
Table '3845104441 728' 8-max Seat #2 is the button
Seat 2: DemirBH (15708 in chips, $4.90 bounty) 
Seat 3: patra1977 (22843 in chips, $4.90 bounty) 
Seat 4: andreiy05 (6304 in chips, $4.90 bounty) 
Seat 5: Cashine94 (8359 in chips, $4.90 bounty) 
Seat 6: Mahu2021 (5718 in chips, $4.90 bounty) 
Seat 7: Inflames6 (14962 in chips, $7.35 bounty) 
Seat 8: Sh0uTTT (8262 in chips, $4.90 bounty) 
DemirBH: posts the ante 20
patra1977: posts the ante 20
andreiy05: posts the ante 20
Cashine94: posts the ante 20
Mahu2021: posts the ante 20
Inflames6: posts the ante 20
Sh0uTTT: posts the ante 20
patra1977: posts small blind 80
andreiy05: posts big blind 160
*** HOLE CARDS ***
Dealt to Mahu2021 [Ah 5d]
Stefblue3 is disconnected 
Cashine94: folds 
Mahu2021: folds 
Inflames6: raises 240 to 400
Sh0uTTT: folds 
DemirBH: folds 
patra1977: calls 320
andreiy05: folds 
*** FLOP *** [6c 6h Ts]
patra1977: bets 320
Inflames6: calls 320
*** TURN *** [6c 6h Ts] [8c]
patra1977: bets 480
Inflames6: folds 
Uncalled bet (480) returned to patra1977
patra1977 collected 1740 from pot
patra1977: doesn't show hand 
*** SUMMARY ***
Total pot 1740 | Rake 0 
Board [6c 6h Ts 8c]
Seat 2: DemirBH (button) folded before Flop (didn't bet)
Seat 3: patra1977 (small blind) collected (1740)
Seat 4: andreiy05 (big blind) folded before Flop
Seat 5: Cashine94 folded before Flop (didn't bet)
Seat 6: Mahu2021 folded before Flop (didn't bet)
Seat 7: Inflames6 folded on the Turn
Seat 8: Sh0uTTT folded before Flop (didn't bet)



PokerStars Hand #254454225969: Tournament #3845104441, $4.90+$4.90+$1.20 USD Hold'em No Limit - Level VI (80/160) - 2025/01/19 20:54:29 CET [2025/01/19 14:54:29 ET]
Table '3845104441 728' 8-max Seat #3 is the button
Seat 1: Stefblue3 (10000 in chips, $4.90 bounty) 
Seat 2: DemirBH (15688 in chips, $4.90 bounty) 
Seat 3: patra1977 (23843 in chips, $4.90 bounty) 
Seat 4: andreiy05 (6124 in chips, $4.90 bounty) 
Seat 5: Cashine94 (8339 in chips, $4.90 bounty) 
Seat 6: Mahu2021 (5698 in chips, $4.90 bounty) 
Seat 7: Inflames6 (14222 in chips, $7.35 bounty) 
Seat 8: Sh0uTTT (8242 in chips, $4.90 bounty) 
Stefblue3: posts the ante 20
DemirBH: posts the ante 20
patra1977: posts the ante 20
andreiy05: posts the ante 20
Cashine94: posts the ante 20
Mahu2021: posts the ante 20
Inflames6: posts the ante 20
Sh0uTTT: posts the ante 20
andreiy05: posts small blind 80
Cashine94: posts big blind 160
*** HOLE CARDS ***
Dealt to Mahu2021 [6d Tc]
Mahu2021: folds 
Inflames6: folds 
Sh0uTTT: folds 
Stefblue3: folds 
DemirBH: raises 240 to 400
patra1977: calls 400
andreiy05: folds 
Cashine94: folds 
*** FLOP *** [8s Jh Kh]
DemirBH: bets 440
patra1977: raises 1040 to 1480
DemirBH: calls 1040
*** TURN *** [8s Jh Kh] [9h]
DemirBH: checks 
patra1977: bets 2240
DemirBH: raises 2560 to 4800
patra1977: folds 
Uncalled bet (2560) returned to DemirBH
DemirBH collected 8640 from pot
DemirBH: doesn't show hand 
*** SUMMARY ***
Total pot 8640 | Rake 0 
Board [8s Jh Kh 9h]
Seat 1: Stefblue3 folded before Flop (didn't bet)
Seat 2: DemirBH collected (8640)
Seat 3: patra1977 (button) folded on the Turn
Seat 4: andreiy05 (small blind) folded before Flop
Seat 5: Cashine94 (big blind) folded before Flop
Seat 6: Mahu2021 folded before Flop (didn't bet)
Seat 7: Inflames6 folded before Flop (didn't bet)
Seat 8: Sh0uTTT folded before Flop (didn't bet)



PokerStars Hand #254454362670: Tournament #3845104441, $4.90+$4.90+$1.20 USD Hold'em No Limit - Level VI (80/160) - 2025/01/19 21:03:12 CET [2025/01/19 15:03:12 ET]
Table '3845104441 728' 8-max Seat #4 is the button
Seat 1: Stefblue3 (9980 in chips, $4.90 bounty) 
Seat 2: DemirBH (20188 in chips, $4.90 bounty) 
Seat 3: patra1977 (19703 in chips, $4.90 bounty) 
Seat 4: andreiy05 (6024 in chips, $4.90 bounty) 
Seat 5: Cashine94 (8159 in chips, $4.90 bounty) 
Seat 6: Mahu2021 (5678 in chips, $4.90 bounty) 
Seat 7: Inflames6 (14202 in chips, $7.35 bounty) 
Seat 8: Sh0uTTT (8222 in chips, $4.90 bounty) 
Stefblue3: posts the ante 20
DemirBH: posts the ante 20
patra1977: posts the ante 20
andreiy05: posts the ante 20
Cashine94: posts the ante 20
Mahu2021: posts the ante 20
Inflames6: posts the ante 20
Sh0uTTT: posts the ante 20
Cashine94: posts small blind 80
Mahu2021: posts big blind 160
*** HOLE CARDS ***
Dealt to Mahu2021 [7d 3c]
Inflames6: folds 
Sh0uTTT: folds 
Stefblue3: raises 160 to 320
DemirBH: folds 
patra1977: calls 320
andreiy05: calls 320
Cashine94: folds 
Mahu2021: folds 
*** FLOP *** [Ah 9d 3h]
Stefblue3: checks 
patra1977: bets 480
andreiy05: calls 480
Stefblue3: folds 
*** TURN *** [Ah 9d 3h] [4c]
patra1977: bets 18883 and is all-in
andreiy05: folds 
Uncalled bet (18883) returned to patra1977
patra1977 collected 2320 from pot
patra1977: doesn't show hand 
*** SUMMARY ***
Total pot 2320 | Rake 0 
Board [Ah 9d 3h 4c]
Seat 1: Stefblue3 folded on the Flop
Seat 2: DemirBH folded before Flop (didn't bet)
Seat 3: patra1977 collected (2320)
Seat 4: andreiy05 (button) folded on the Turn
Seat 5: Cashine94 (small blind) folded before Flop
Seat 6: Mahu2021 (big blind) folded before Flop
Seat 7: Inflames6 folded before Flop (didn't bet)
Seat 8: Sh0uTTT folded before Flop (didn't bet)



PokerStars Hand #254454377900: Tournament #3845104441, $4.90+$4.90+$1.20 USD Hold'em No Limit - Level VI (80/160) - 2025/01/19 21:03:54 CET [2025/01/19 15:03:54 ET]
Table '3845104441 728' 8-max Seat #5 is the button
Seat 1: Stefblue3 (9640 in chips, $4.90 bounty) 
Seat 2: DemirBH (20168 in chips, $4.90 bounty) 
Seat 3: patra1977 (21203 in chips, $4.90 bounty) 
Seat 4: andreiy05 (5204 in chips, $4.90 bounty) 
Seat 5: Cashine94 (8059 in chips, $4.90 bounty) 
Seat 6: Mahu2021 (5498 in chips, $4.90 bounty) 
Seat 7: Inflames6 (14182 in chips, $7.35 bounty) 
Seat 8: Sh0uTTT (8202 in chips, $4.90 bounty) 
Stefblue3: posts the ante 20
DemirBH: posts the ante 20
patra1977: posts the ante 20
andreiy05: posts the ante 20
Cashine94: posts the ante 20
Mahu2021: posts the ante 20
Inflames6: posts the ante 20
Sh0uTTT: posts the ante 20
Mahu2021: posts small blind 80
Inflames6: posts big blind 160
*** HOLE CARDS ***
Dealt to Mahu2021 [Ac 3h]
Sh0uTTT: folds 
Stefblue3: raises 160 to 320
DemirBH: folds 
patra1977: calls 320
andreiy05: folds 
Cashine94: folds 
Mahu2021: folds 
Inflames6: folds 
*** FLOP *** [5c Kd 2c]
Stefblue3: checks 
patra1977: checks 
*** TURN *** [5c Kd 2c] [2d]
Stefblue3: bets 520
patra1977: calls 520
*** RIVER *** [5c Kd 2c 2d] [Tc]
Stefblue3: bets 1040
patra1977: folds 
Uncalled bet (1040) returned to Stefblue3
Stefblue3 collected 2080 from pot
Stefblue3: doesn't show hand 
*** SUMMARY ***
Total pot 2080 | Rake 0 
Board [5c Kd 2c 2d Tc]
Seat 1: Stefblue3 collected (2080)
Seat 2: DemirBH folded before Flop (didn't bet)
Seat 3: patra1977 folded on the River
Seat 4: andreiy05 folded before Flop (didn't bet)
Seat 5: Cashine94 (button) folded before Flop (didn't bet)
Seat 6: Mahu2021 (small blind) folded before Flop
Seat 7: Inflames6 (big blind) folded before Flop
Seat 8: Sh0uTTT folded before Flop (didn't bet)



PokerStars Hand #254454389849: Tournament #3845104441, $4.90+$4.90+$1.20 USD Hold'em No Limit - Level VI (80/160) - 2025/01/19 21:04:27 CET [2025/01/19 15:04:27 ET]
Table '3845104441 728' 8-max Seat #6 is the button
Seat 1: Stefblue3 (10860 in chips, $4.90 bounty) 
Seat 2: DemirBH (20148 in chips, $4.90 bounty) 
Seat 3: patra1977 (20343 in chips, $4.90 bounty) 
Seat 4: andreiy05 (5184 in chips, $4.90 bounty) 
Seat 5: Cashine94 (8039 in chips, $4.90 bounty) 
Seat 6: Mahu2021 (5398 in chips, $4.90 bounty) 
Seat 7: Inflames6 (14002 in chips, $7.35 bounty) 
Seat 8: Sh0uTTT (8182 in chips, $4.90 bounty) 
Stefblue3: posts the ante 20
DemirBH: posts the ante 20
patra1977: posts the ante 20
andreiy05: posts the ante 20
Cashine94: posts the ante 20
Mahu2021: posts the ante 20
Inflames6: posts the ante 20
Sh0uTTT: posts the ante 20
Inflames6: posts small blind 80
Sh0uTTT: posts big blind 160
*** HOLE CARDS ***
Dealt to Mahu2021 [Jd Qd]
Stefblue3: folds 
DemirBH: folds 
patra1977: raises 160 to 320
andreiy05: folds 
Cashine94: folds 
Mahu2021: calls 320
Inflames6: folds 
Sh0uTTT: folds 
*** FLOP *** [Qh Tc 7h]
patra1977: checks 
Mahu2021: bets 1040
patra1977: folds 
Uncalled bet (1040) returned to Mahu2021
Mahu2021 collected 1040 from pot
Mahu2021: doesn't show hand 
*** SUMMARY ***
Total pot 1040 | Rake 0 
Board [Qh Tc 7h]
Seat 1: Stefblue3 folded before Flop (didn't bet)
Seat 2: DemirBH folded before Flop (didn't bet)
Seat 3: patra1977 folded on the Flop
Seat 4: andreiy05 folded before Flop (didn't bet)
Seat 5: Cashine94 folded before Flop (didn't bet)
Seat 6: Mahu2021 (button) collected (1040)
Seat 7: Inflames6 (small blind) folded before Flop
Seat 8: Sh0uTTT (big blind) folded before Flop



PokerStars Hand #254454400113: Tournament #3845104441, $4.90+$4.90+$1.20 USD Hold'em No Limit - Level VI (80/160) - 2025/01/19 21:04:53 CET [2025/01/19 15:04:53 ET]
Table '3845104441 728' 8-max Seat #7 is the button
Seat 1: Stefblue3 (10840 in chips, $4.90 bounty) 
Seat 2: DemirBH (20128 in chips, $4.90 bounty) 
Seat 3: patra1977 (20003 in chips, $4.90 bounty) 
Seat 4: andreiy05 (5164 in chips, $4.90 bounty) 
Seat 5: Cashine94 (8019 in chips, $4.90 bounty) 
Seat 6: Mahu2021 (6098 in chips, $4.90 bounty) 
Seat 7: Inflames6 (13902 in chips, $7.35 bounty) 
Seat 8: Sh0uTTT (8002 in chips, $4.90 bounty) 
Stefblue3: posts the ante 20
DemirBH: posts the ante 20
patra1977: posts the ante 20
andreiy05: posts the ante 20
Cashine94: posts the ante 20
Mahu2021: posts the ante 20
Inflames6: posts the ante 20
Sh0uTTT: posts the ante 20
Sh0uTTT: posts small blind 80
Stefblue3: posts big blind 160
*** HOLE CARDS ***
Dealt to Mahu2021 [9d Kh]
DemirBH: folds 
patra1977: raises 320 to 480
andreiy05: folds 
Cashine94: folds 
Mahu2021: folds 
Inflames6: folds 
Sh0uTTT: folds 
Stefblue3: folds 
Uncalled bet (320) returned to patra1977
patra1977 collected 560 from pot
patra1977: doesn't show hand 
*** SUMMARY ***
Total pot 560 | Rake 0 
Seat 1: Stefblue3 (big blind) folded before Flop
Seat 2: DemirBH folded before Flop (didn't bet)
Seat 3: patra1977 collected (560)
Seat 4: andreiy05 folded before Flop (didn't bet)
Seat 5: Cashine94 folded before Flop (didn't bet)
Seat 6: Mahu2021 folded before Flop (didn't bet)
Seat 7: Inflames6 (button) folded before Flop (didn't bet)
Seat 8: Sh0uTTT (small blind) folded before Flop



PokerStars Hand #254454408978: Tournament #3845104441, $4.90+$4.90+$1.20 USD Hold'em No Limit - Level VI (80/160) - 2025/01/19 21:05:15 CET [2025/01/19 15:05:15 ET]
Table '3845104441 728' 8-max Seat #8 is the button
Seat 1: Stefblue3 (10660 in chips, $4.90 bounty) 
Seat 2: DemirBH (20108 in chips, $4.90 bounty) 
Seat 3: patra1977 (20383 in chips, $4.90 bounty) 
Seat 4: andreiy05 (5144 in chips, $4.90 bounty) 
Seat 5: Cashine94 (7999 in chips, $4.90 bounty) 
Seat 6: Mahu2021 (6078 in chips, $4.90 bounty) 
Seat 7: Inflames6 (13882 in chips, $7.35 bounty) 
Seat 8: Sh0uTTT (7902 in chips, $4.90 bounty) 
Stefblue3: posts the ante 20
DemirBH: posts the ante 20
patra1977: posts the ante 20
andreiy05: posts the ante 20
Cashine94: posts the ante 20
Mahu2021: posts the ante 20
Inflames6: posts the ante 20
Sh0uTTT: posts the ante 20
Stefblue3: posts small blind 80
DemirBH: posts big blind 160
*** HOLE CARDS ***
Dealt to Mahu2021 [6s 5h]
patra1977: calls 160
andreiy05: folds 
Cashine94: raises 400 to 560
Mahu2021: folds 
Inflames6: folds 
Sh0uTTT: folds 
Stefblue3: raises 1600 to 2160
DemirBH: folds 
patra1977: folds 
Cashine94: folds 
Uncalled bet (1600) returned to Stefblue3
Stefblue3 collected 1600 from pot
Stefblue3: doesn't show hand 
*** SUMMARY ***
Total pot 1600 | Rake 0 
Seat 1: Stefblue3 (small blind) collected (1600)
Seat 2: DemirBH (big blind) folded before Flop
Seat 3: patra1977 folded before Flop
Seat 4: andreiy05 folded before Flop (didn't bet)
Seat 5: Cashine94 folded before Flop
Seat 6: Mahu2021 folded before Flop (didn't bet)
Seat 7: Inflames6 folded before Flop (didn't bet)
Seat 8: Sh0uTTT (button) folded before Flop (didn't bet)



PokerStars Hand #254454421869: Tournament #3845104441, $4.90+$4.90+$1.20 USD Hold'em No Limit - Level VI (80/160) - 2025/01/19 21:05:49 CET [2025/01/19 15:05:49 ET]
Table '3845104441 728' 8-max Seat #1 is the button
Seat 1: Stefblue3 (11680 in chips, $4.90 bounty) 
Seat 2: DemirBH (19928 in chips, $4.90 bounty) 
Seat 3: patra1977 (20203 in chips, $4.90 bounty) 
Seat 4: andreiy05 (5124 in chips, $4.90 bounty) 
Seat 5: Cashine94 (7419 in chips, $4.90 bounty) 
Seat 6: Mahu2021 (6058 in chips, $4.90 bounty) 
Seat 7: Inflames6 (13862 in chips, $7.35 bounty) 
Seat 8: Sh0uTTT (7882 in chips, $4.90 bounty) 
Stefblue3: posts the ante 20
DemirBH: posts the ante 20
patra1977: posts the ante 20
andreiy05: posts the ante 20
Cashine94: posts the ante 20
Mahu2021: posts the ante 20
Inflames6: posts the ante 20
Sh0uTTT: posts the ante 20
DemirBH: posts small blind 80
patra1977: posts big blind 160
*** HOLE CARDS ***
Dealt to Mahu2021 [Js Qd]
andreiy05: folds 
Cashine94: folds 
Mahu2021: folds 
Inflames6: raises 160 to 320
Sh0uTTT: calls 320
Stefblue3: calls 320
DemirBH: folds 
patra1977: calls 160
*** FLOP *** [5c Qc 2h]
patra1977: bets 320
Inflames6: calls 320
Sh0uTTT: calls 320
Stefblue3: raises 1440 to 1760
patra1977: raises 2400 to 4160
Inflames6: folds 
Sh0uTTT: folds 
Stefblue3: calls 2400
*** TURN *** [5c Qc 2h] [Ad]
patra1977: bets 15703 and is all-in
Stefblue3: calls 7180 and is all-in
Uncalled bet (8523) returned to patra1977
*** RIVER *** [5c Qc 2h Ad] [7d]
*** SHOW DOWN ***
patra1977: shows [2c 5s] (two pair, Fives and Deuces)
Stefblue3: shows [Qh Jd] (a pair of Queens)
patra1977 collected 24840 from pot
patra1977 wins $2.45 for eliminating Stefblue3 and their own bounty increases by $2.45 to $7.35
Stefblue3 finished the tournament
*** SUMMARY ***
Total pot 24840 | Rake 0 
Board [5c Qc 2h Ad 7d]
Seat 1: Stefblue3 (button) showed [Qh Jd] and lost with a pair of Queens
Seat 2: DemirBH (small blind) folded before Flop
Seat 3: patra1977 (big blind) showed [2c 5s] and won (24840) with two pair, Fives and Deuces
Seat 4: andreiy05 folded before Flop (didn't bet)
Seat 5: Cashine94 folded before Flop (didn't bet)
Seat 6: Mahu2021 folded before Flop (didn't bet)
Seat 7: Inflames6 folded on the Flop
Seat 8: Sh0uTTT folded on the Flop



PokerStars Hand #254454450375: Tournament #3845104441, $4.90+$4.90+$1.20 USD Hold'em No Limit - Level VI (80/160) - 2025/01/19 21:07:02 CET [2025/01/19 15:07:02 ET]
Table '3845104441 728' 8-max Seat #2 is the button
Seat 2: DemirBH (19828 in chips, $4.90 bounty) 
Seat 3: patra1977 (33363 in chips, $7.35 bounty) 
Seat 4: andreiy05 (5104 in chips, $4.90 bounty) 
Seat 5: Cashine94 (7399 in chips, $4.90 bounty) 
Seat 6: Mahu2021 (6038 in chips, $4.90 bounty) 
Seat 7: Inflames6 (13202 in chips, $7.35 bounty) 
Seat 8: Sh0uTTT (7222 in chips, $4.90 bounty) 
DemirBH: posts the ante 20
patra1977: posts the ante 20
andreiy05: posts the ante 20
Cashine94: posts the ante 20
Mahu2021: posts the ante 20
Inflames6: posts the ante 20
Sh0uTTT: posts the ante 20
patra1977: posts small blind 80
andreiy05: posts big blind 160
*** HOLE CARDS ***
Dealt to Mahu2021 [7s 3c]
Cashine94: folds 
Mahu2021: folds 
Inflames6: folds 
Sh0uTTT: folds 
DemirBH: raises 220 to 380
patra1977: folds 
andreiy05: folds 
Uncalled bet (220) returned to DemirBH
DemirBH collected 540 from pot
DemirBH: doesn't show hand 
*** SUMMARY ***
Total pot 540 | Rake 0 
Seat 2: DemirBH (button) collected (540)
Seat 3: patra1977 (small blind) folded before Flop
Seat 4: andreiy05 (big blind) folded before Flop
Seat 5: Cashine94 folded before Flop (didn't bet)
Seat 6: Mahu2021 folded before Flop (didn't bet)
Seat 7: Inflames6 folded before Flop (didn't bet)
Seat 8: Sh0uTTT folded before Flop (didn't bet)



PokerStars Hand #254454475519: Tournament #3845104441, $4.90+$4.90+$1.20 USD Hold'em No Limit - Level VII (100/200) - 2025/01/19 21:08:05 CET [2025/01/19 15:08:05 ET]
Table '3845104441 728' 8-max Seat #3 is the button
Seat 1: Mommasaid3 (10000 in chips, $4.90 bounty) 
Seat 2: DemirBH (20188 in chips, $4.90 bounty) 
Seat 3: patra1977 (33263 in chips, $7.35 bounty) 
Seat 4: andreiy05 (4924 in chips, $4.90 bounty) 
Seat 5: Cashine94 (7379 in chips, $4.90 bounty) 
Seat 6: Mahu2021 (6018 in chips, $4.90 bounty) 
Seat 7: Inflames6 (13182 in chips, $7.35 bounty) 
Seat 8: Sh0uTTT (7202 in chips, $4.90 bounty) 
Mommasaid3: posts the ante 25
DemirBH: posts the ante 25
patra1977: posts the ante 25
andreiy05: posts the ante 25
Cashine94: posts the ante 25
Mahu2021: posts the ante 25
Inflames6: posts the ante 25
Sh0uTTT: posts the ante 25
andreiy05: posts small blind 100
Cashine94: posts big blind 200
*** HOLE CARDS ***
Dealt to Mahu2021 [Jd 4s]
Mahu2021: folds 
Inflames6: folds 
Sh0uTTT: folds 
Mommasaid3: folds 
DemirBH: folds 
patra1977: raises 200 to 400
andreiy05: folds 
Cashine94: folds 
Uncalled bet (200) returned to patra1977
patra1977 collected 700 from pot
patra1977: doesn't show hand 
*** SUMMARY ***
Total pot 700 | Rake 0 
Seat 1: Mommasaid3 folded before Flop (didn't bet)
Seat 2: DemirBH folded before Flop (didn't bet)
Seat 3: patra1977 (button) collected (700)
Seat 4: andreiy05 (small blind) folded before Flop
Seat 5: Cashine94 (big blind) folded before Flop
Seat 6: Mahu2021 folded before Flop (didn't bet)
Seat 7: Inflames6 folded before Flop (didn't bet)
Seat 8: Sh0uTTT folded before Flop (didn't bet)



PokerStars Hand #254454484875: Tournament #3845104441, $4.90+$4.90+$1.20 USD Hold'em No Limit - Level VII (100/200) - 2025/01/19 21:08:29 CET [2025/01/19 15:08:29 ET]
Table '3845104441 728' 8-max Seat #4 is the button
Seat 1: Mommasaid3 (9975 in chips, $4.90 bounty) 
Seat 2: DemirBH (20163 in chips, $4.90 bounty) 
Seat 3: patra1977 (33738 in chips, $7.35 bounty) 
Seat 4: andreiy05 (4799 in chips, $4.90 bounty) 
Seat 5: Cashine94 (7154 in chips, $4.90 bounty) 
Seat 6: Mahu2021 (5993 in chips, $4.90 bounty) 
Seat 7: Inflames6 (13157 in chips, $7.35 bounty) 
Seat 8: Sh0uTTT (7177 in chips, $4.90 bounty) 
Mommasaid3: posts the ante 25
DemirBH: posts the ante 25
patra1977: posts the ante 25
andreiy05: posts the ante 25
Cashine94: posts the ante 25
Mahu2021: posts the ante 25
Inflames6: posts the ante 25
Sh0uTTT: posts the ante 25
Cashine94: posts small blind 100
Mahu2021: posts big blind 200
*** HOLE CARDS ***
Dealt to Mahu2021 [5h Tc]
Inflames6: folds 
Sh0uTTT: folds 
Mommasaid3: folds 
DemirBH: folds 
patra1977: raises 200 to 400
andreiy05: folds 
Cashine94: folds 
Mahu2021: folds 
Uncalled bet (200) returned to patra1977
patra1977 collected 700 from pot
patra1977: doesn't show hand 
*** SUMMARY ***
Total pot 700 | Rake 0 
Seat 1: Mommasaid3 folded before Flop (didn't bet)
Seat 2: DemirBH folded before Flop (didn't bet)
Seat 3: patra1977 collected (700)
Seat 4: andreiy05 (button) folded before Flop (didn't bet)
Seat 5: Cashine94 (small blind) folded before Flop
Seat 6: Mahu2021 (big blind) folded before Flop
Seat 7: Inflames6 folded before Flop (didn't bet)
Seat 8: Sh0uTTT folded before Flop (didn't bet)



PokerStars Hand #254454491599: Tournament #3845104441, $4.90+$4.90+$1.20 USD Hold'em No Limit - Level VII (100/200) - 2025/01/19 21:08:47 CET [2025/01/19 15:08:47 ET]
Table '3845104441 728' 8-max Seat #5 is the button
Seat 1: Mommasaid3 (9950 in chips, $4.90 bounty) 
Seat 2: DemirBH (20138 in chips, $4.90 bounty) 
Seat 3: patra1977 (34213 in chips, $7.35 bounty) 
Seat 4: andreiy05 (4774 in chips, $4.90 bounty) 
Seat 5: Cashine94 (7029 in chips, $4.90 bounty) 
Seat 6: Mahu2021 (5768 in chips, $4.90 bounty) 
Seat 7: Inflames6 (13132 in chips, $7.35 bounty) 
Seat 8: Sh0uTTT (7152 in chips, $4.90 bounty) 
Mommasaid3: posts the ante 25
DemirBH: posts the ante 25
patra1977: posts the ante 25
andreiy05: posts the ante 25
Cashine94: posts the ante 25
Mahu2021: posts the ante 25
Inflames6: posts the ante 25
Sh0uTTT: posts the ante 25
Mahu2021: posts small blind 100
Inflames6: posts big blind 200
*** HOLE CARDS ***
Dealt to Mahu2021 [6h 6s]
Sh0uTTT: folds 
Mommasaid3: folds 
DemirBH: folds 
patra1977: raises 200 to 400
andreiy05: folds 
Cashine94: folds 
Mahu2021: raises 1400 to 1800
Inflames6: folds 
patra1977: raises 4000 to 5800
Mahu2021: folds 
Uncalled bet (4000) returned to patra1977
patra1977 collected 4000 from pot
patra1977: doesn't show hand 
*** SUMMARY ***
Total pot 4000 | Rake 0 
Seat 1: Mommasaid3 folded before Flop (didn't bet)
Seat 2: DemirBH folded before Flop (didn't bet)
Seat 3: patra1977 collected (4000)
Seat 4: andreiy05 folded before Flop (didn't bet)
Seat 5: Cashine94 (button) folded before Flop (didn't bet)
Seat 6: Mahu2021 (small blind) folded before Flop
Seat 7: Inflames6 (big blind) folded before Flop
Seat 8: Sh0uTTT folded before Flop (didn't bet)



PokerStars Hand #254454513322: Tournament #3845104441, $4.90+$4.90+$1.20 USD Hold'em No Limit - Level VII (100/200) - 2025/01/19 21:09:42 CET [2025/01/19 15:09:42 ET]
Table '3845104441 728' 8-max Seat #6 is the button
Seat 1: Mommasaid3 (9925 in chips, $4.90 bounty) 
Seat 2: DemirBH (20113 in chips, $4.90 bounty) 
Seat 3: patra1977 (36388 in chips, $7.35 bounty) 
Seat 4: andreiy05 (4749 in chips, $4.90 bounty) 
Seat 5: Cashine94 (7004 in chips, $4.90 bounty) 
Seat 6: Mahu2021 (3943 in chips, $4.90 bounty) 
Seat 7: Inflames6 (12907 in chips, $7.35 bounty) 
Seat 8: Sh0uTTT (7127 in chips, $4.90 bounty) 
Mommasaid3: posts the ante 25
DemirBH: posts the ante 25
patra1977: posts the ante 25
andreiy05: posts the ante 25
Cashine94: posts the ante 25
Mahu2021: posts the ante 25
Inflames6: posts the ante 25
Sh0uTTT: posts the ante 25
Inflames6: posts small blind 100
Sh0uTTT: posts big blind 200
*** HOLE CARDS ***
Dealt to Mahu2021 [8h Td]
Mommasaid3: folds 
DemirBH: folds 
patra1977: raises 400 to 600
andreiy05: folds 
Cashine94: calls 600
Mahu2021: folds 
Inflames6: folds 
Sh0uTTT: calls 400
*** FLOP *** [Ac 8s 2h]
Sh0uTTT: checks 
patra1977: bets 600
Cashine94: folds 
Sh0uTTT: folds 
Uncalled bet (600) returned to patra1977
patra1977 collected 2100 from pot
patra1977: doesn't show hand 
*** SUMMARY ***
Total pot 2100 | Rake 0 
Board [Ac 8s 2h]
Seat 1: Mommasaid3 folded before Flop (didn't bet)
Seat 2: DemirBH folded before Flop (didn't bet)
Seat 3: patra1977 collected (2100)
Seat 4: andreiy05 folded before Flop (didn't bet)
Seat 5: Cashine94 folded on the Flop
Seat 6: Mahu2021 (button) folded before Flop (didn't bet)
Seat 7: Inflames6 (small blind) folded before Flop
Seat 8: Sh0uTTT (big blind) folded on the Flop



PokerStars Hand #254454525571: Tournament #3845104441, $4.90+$4.90+$1.20 USD Hold'em No Limit - Level VII (100/200) - 2025/01/19 21:10:13 CET [2025/01/19 15:10:13 ET]
Table '3845104441 728' 8-max Seat #7 is the button
Seat 1: Mommasaid3 (9900 in chips, $4.90 bounty) 
Seat 2: DemirBH (20088 in chips, $4.90 bounty) 
Seat 3: patra1977 (37863 in chips, $7.35 bounty) 
Seat 4: andreiy05 (4724 in chips, $4.90 bounty) 
Seat 5: Cashine94 (6379 in chips, $4.90 bounty) 
Seat 6: Mahu2021 (3918 in chips, $4.90 bounty) 
Seat 7: Inflames6 (12782 in chips, $7.35 bounty) 
Seat 8: Sh0uTTT (6502 in chips, $4.90 bounty) 
Mommasaid3: posts the ante 25
DemirBH: posts the ante 25
patra1977: posts the ante 25
andreiy05: posts the ante 25
Cashine94: posts the ante 25
Mahu2021: posts the ante 25
Inflames6: posts the ante 25
Sh0uTTT: posts the ante 25
Sh0uTTT: posts small blind 100
Mommasaid3: posts big blind 200
*** HOLE CARDS ***
Dealt to Mahu2021 [Kc 2s]
DemirBH: raises 200 to 400
patra1977: folds 
andreiy05: folds 
Cashine94: folds 
Mahu2021: folds 
Inflames6: folds 
Sh0uTTT: folds 
Mommasaid3: folds 
Uncalled bet (200) returned to DemirBH
DemirBH collected 700 from pot
DemirBH: doesn't show hand 
*** SUMMARY ***
Total pot 700 | Rake 0 
Seat 1: Mommasaid3 (big blind) folded before Flop
Seat 2: DemirBH collected (700)
Seat 3: patra1977 folded before Flop (didn't bet)
Seat 4: andreiy05 folded before Flop (didn't bet)
Seat 5: Cashine94 folded before Flop (didn't bet)
Seat 6: Mahu2021 folded before Flop (didn't bet)
Seat 7: Inflames6 (button) folded before Flop (didn't bet)
Seat 8: Sh0uTTT (small blind) folded before Flop



PokerStars Hand #254454535855: Tournament #3845104441, $4.90+$4.90+$1.20 USD Hold'em No Limit - Level VII (100/200) - 2025/01/19 21:10:39 CET [2025/01/19 15:10:39 ET]
Table '3845104441 728' 8-max Seat #8 is the button
Seat 1: Mommasaid3 (9675 in chips, $4.90 bounty) 
Seat 2: DemirBH (20563 in chips, $4.90 bounty) 
Seat 3: patra1977 (37838 in chips, $7.35 bounty) 
Seat 4: andreiy05 (4699 in chips, $4.90 bounty) 
Seat 5: Cashine94 (6354 in chips, $4.90 bounty) 
Seat 6: Mahu2021 (3893 in chips, $4.90 bounty) 
Seat 7: Inflames6 (12757 in chips, $7.35 bounty) 
Seat 8: Sh0uTTT (6377 in chips, $4.90 bounty) 
Mommasaid3: posts the ante 25
DemirBH: posts the ante 25
patra1977: posts the ante 25
andreiy05: posts the ante 25
Cashine94: posts the ante 25
Mahu2021: posts the ante 25
Inflames6: posts the ante 25
Sh0uTTT: posts the ante 25
Mommasaid3: posts small blind 100
DemirBH: posts big blind 200
*** HOLE CARDS ***
Dealt to Mahu2021 [3h 8d]
patra1977: raises 200 to 400
andreiy05: folds 
Cashine94: folds 
Mahu2021: folds 
Inflames6: folds 
Sh0uTTT: folds 
Mommasaid3: folds 
DemirBH: folds 
Uncalled bet (200) returned to patra1977
patra1977 collected 700 from pot
patra1977: doesn't show hand 
*** SUMMARY ***
Total pot 700 | Rake 0 
Seat 1: Mommasaid3 (small blind) folded before Flop
Seat 2: DemirBH (big blind) folded before Flop
Seat 3: patra1977 collected (700)
Seat 4: andreiy05 folded before Flop (didn't bet)
Seat 5: Cashine94 folded before Flop (didn't bet)
Seat 6: Mahu2021 folded before Flop (didn't bet)
Seat 7: Inflames6 folded before Flop (didn't bet)
Seat 8: Sh0uTTT (button) folded before Flop (didn't bet)



PokerStars Hand #254454544286: Tournament #3845104441, $4.90+$4.90+$1.20 USD Hold'em No Limit - Level VII (100/200) - 2025/01/19 21:11:01 CET [2025/01/19 15:11:01 ET]
Table '3845104441 728' 8-max Seat #1 is the button
Seat 1: Mommasaid3 (9550 in chips, $4.90 bounty) 
Seat 2: DemirBH (20338 in chips, $4.90 bounty) 
Seat 3: patra1977 (38313 in chips, $7.35 bounty) 
Seat 4: andreiy05 (4674 in chips, $4.90 bounty) 
Seat 5: Cashine94 (6329 in chips, $4.90 bounty) 
Seat 6: Mahu2021 (3868 in chips, $4.90 bounty) 
Seat 7: Inflames6 (12732 in chips, $7.35 bounty) 
Seat 8: Sh0uTTT (6352 in chips, $4.90 bounty) 
Mommasaid3: posts the ante 25
DemirBH: posts the ante 25
patra1977: posts the ante 25
andreiy05: posts the ante 25
Cashine94: posts the ante 25
Mahu2021: posts the ante 25
Inflames6: posts the ante 25
Sh0uTTT: posts the ante 25
DemirBH: posts small blind 100
patra1977: posts big blind 200
*** HOLE CARDS ***
Dealt to Mahu2021 [6h 2c]
andreiy05: folds 
Cashine94: folds 
Mahu2021: folds 
Inflames6: folds 
Sh0uTTT: folds 
Mommasaid3: folds 
DemirBH: calls 100
patra1977: checks 
*** FLOP *** [Th 9s 2s]
DemirBH: checks 
patra1977: bets 200
DemirBH: folds 
Uncalled bet (200) returned to patra1977
patra1977 collected 600 from pot
patra1977: doesn't show hand 
*** SUMMARY ***
Total pot 600 | Rake 0 
Board [Th 9s 2s]
Seat 1: Mommasaid3 (button) folded before Flop (didn't bet)
Seat 2: DemirBH (small blind) folded on the Flop
Seat 3: patra1977 (big blind) collected (600)
Seat 4: andreiy05 folded before Flop (didn't bet)
Seat 5: Cashine94 folded before Flop (didn't bet)
Seat 6: Mahu2021 folded before Flop (didn't bet)
Seat 7: Inflames6 folded before Flop (didn't bet)
Seat 8: Sh0uTTT folded before Flop (didn't bet)



PokerStars Hand #254454557596: Tournament #3845104441, $4.90+$4.90+$1.20 USD Hold'em No Limit - Level VII (100/200) - 2025/01/19 21:11:34 CET [2025/01/19 15:11:34 ET]
Table '3845104441 728' 8-max Seat #2 is the button
Seat 1: Mommasaid3 (9525 in chips, $4.90 bounty) 
Seat 2: DemirBH (20113 in chips, $4.90 bounty) 
Seat 3: patra1977 (38688 in chips, $7.35 bounty) 
Seat 4: andreiy05 (4649 in chips, $4.90 bounty) 
Seat 5: Cashine94 (6304 in chips, $4.90 bounty) 
Seat 6: Mahu2021 (3843 in chips, $4.90 bounty) 
Seat 7: Inflames6 (12707 in chips, $7.35 bounty) 
Seat 8: Sh0uTTT (6327 in chips, $4.90 bounty) 
Mommasaid3: posts the ante 25
DemirBH: posts the ante 25
patra1977: posts the ante 25
andreiy05: posts the ante 25
Cashine94: posts the ante 25
Mahu2021: posts the ante 25
Inflames6: posts the ante 25
Sh0uTTT: posts the ante 25
patra1977: posts small blind 100
andreiy05: posts big blind 200
*** HOLE CARDS ***
Dealt to Mahu2021 [Tc 3h]
Cashine94: folds 
Mahu2021: folds 
Inflames6: folds 
Sh0uTTT: folds 
Mommasaid3: folds 
DemirBH: folds 
patra1977: calls 100
andreiy05: checks 
*** FLOP *** [Kc 8d Qc]
patra1977: bets 200
andreiy05: folds 
Uncalled bet (200) returned to patra1977
patra1977 collected 600 from pot
patra1977: doesn't show hand 
*** SUMMARY ***
Total pot 600 | Rake 0 
Board [Kc 8d Qc]
Seat 1: Mommasaid3 folded before Flop (didn't bet)
Seat 2: DemirBH (button) folded before Flop (didn't bet)
Seat 3: patra1977 (small blind) collected (600)
Seat 4: andreiy05 (big blind) folded on the Flop
Seat 5: Cashine94 folded before Flop (didn't bet)
Seat 6: Mahu2021 folded before Flop (didn't bet)
Seat 7: Inflames6 folded before Flop (didn't bet)
Seat 8: Sh0uTTT folded before Flop (didn't bet)



PokerStars Hand #254454569436: Tournament #3845104441, $4.90+$4.90+$1.20 USD Hold'em No Limit - Level VII (100/200) - 2025/01/19 21:12:04 CET [2025/01/19 15:12:04 ET]
Table '3845104441 728' 8-max Seat #3 is the button
Seat 1: Mommasaid3 (9500 in chips, $4.90 bounty) 
Seat 2: DemirBH (20088 in chips, $4.90 bounty) 
Seat 3: patra1977 (39063 in chips, $7.35 bounty) 
Seat 4: andreiy05 (4424 in chips, $4.90 bounty) 
Seat 5: Cashine94 (6279 in chips, $4.90 bounty) 
Seat 6: Mahu2021 (3818 in chips, $4.90 bounty) 
Seat 7: Inflames6 (12682 in chips, $7.35 bounty) 
Seat 8: Sh0uTTT (6302 in chips, $4.90 bounty) 
Mommasaid3: posts the ante 25
DemirBH: posts the ante 25
patra1977: posts the ante 25
andreiy05: posts the ante 25
Cashine94: posts the ante 25
Mahu2021: posts the ante 25
Inflames6: posts the ante 25
Sh0uTTT: posts the ante 25
andreiy05: posts small blind 100
Cashine94: posts big blind 200
*** HOLE CARDS ***
Dealt to Mahu2021 [5c 9s]
Mahu2021: folds 
Inflames6: folds 
Sh0uTTT: folds 
Mommasaid3: folds 
DemirBH: raises 200 to 400
patra1977: folds 
andreiy05: folds 
Cashine94: calls 200
*** FLOP *** [2c 8d Ac]
Cashine94: checks 
DemirBH: bets 400
Cashine94: calls 400
*** TURN *** [2c 8d Ac] [Ad]
Cashine94: checks 
DemirBH: checks 
*** RIVER *** [2c 8d Ac Ad] [5d]
Cashine94: bets 400
DemirBH: folds 
Uncalled bet (400) returned to Cashine94
Cashine94 collected 1900 from pot
*** SUMMARY ***
Total pot 1900 | Rake 0 
Board [2c 8d Ac Ad 5d]
Seat 1: Mommasaid3 folded before Flop (didn't bet)
Seat 2: DemirBH folded on the River
Seat 3: patra1977 (button) folded before Flop (didn't bet)
Seat 4: andreiy05 (small blind) folded before Flop
Seat 5: Cashine94 (big blind) collected (1900)
Seat 6: Mahu2021 folded before Flop (didn't bet)
Seat 7: Inflames6 folded before Flop (didn't bet)
Seat 8: Sh0uTTT folded before Flop (didn't bet)



PokerStars Hand #254454590739: Tournament #3845104441, $4.90+$4.90+$1.20 USD Hold'em No Limit - Level VII (100/200) - 2025/01/19 21:12:58 CET [2025/01/19 15:12:58 ET]
Table '3845104441 728' 8-max Seat #4 is the button
Seat 1: Mommasaid3 (9475 in chips, $4.90 bounty) 
Seat 2: DemirBH (19263 in chips, $4.90 bounty) 
Seat 3: patra1977 (39038 in chips, $7.35 bounty) 
Seat 4: andreiy05 (4299 in chips, $4.90 bounty) 
Seat 5: Cashine94 (7354 in chips, $4.90 bounty) 
Seat 6: Mahu2021 (3793 in chips, $4.90 bounty) 
Seat 7: Inflames6 (12657 in chips, $7.35 bounty) 
Seat 8: Sh0uTTT (6277 in chips, $4.90 bounty) 
Mommasaid3: posts the ante 25
DemirBH: posts the ante 25
patra1977: posts the ante 25
andreiy05: posts the ante 25
Cashine94: posts the ante 25
Mahu2021: posts the ante 25
Inflames6: posts the ante 25
Sh0uTTT: posts the ante 25
Cashine94: posts small blind 100
Mahu2021: posts big blind 200
*** HOLE CARDS ***
Dealt to Mahu2021 [2c 5d]
Inflames6: folds 
Sh0uTTT: folds 
Mommasaid3: folds 
DemirBH: folds 
patra1977: raises 200 to 400
andreiy05: folds 
Cashine94: folds 
Mahu2021: folds 
Uncalled bet (200) returned to patra1977
patra1977 collected 700 from pot
patra1977: doesn't show hand 
*** SUMMARY ***
Total pot 700 | Rake 0 
Seat 1: Mommasaid3 folded before Flop (didn't bet)
Seat 2: DemirBH folded before Flop (didn't bet)
Seat 3: patra1977 collected (700)
Seat 4: andreiy05 (button) folded before Flop (didn't bet)
Seat 5: Cashine94 (small blind) folded before Flop
Seat 6: Mahu2021 (big blind) folded before Flop
Seat 7: Inflames6 folded before Flop (didn't bet)
Seat 8: Sh0uTTT folded before Flop (didn't bet)



PokerStars Hand #254454606351: Tournament #3845104441, $4.90+$4.90+$1.20 USD Hold'em No Limit - Level VII (100/200) - 2025/01/19 21:13:38 CET [2025/01/19 15:13:38 ET]
Table '3845104441 728' 8-max Seat #5 is the button
Seat 1: Mommasaid3 (9450 in chips, $4.90 bounty) 
Seat 2: DemirBH (19238 in chips, $4.90 bounty) 
Seat 3: patra1977 (39513 in chips, $7.35 bounty) 
Seat 4: andreiy05 (4274 in chips, $4.90 bounty) 
Seat 5: Cashine94 (7229 in chips, $4.90 bounty) 
Seat 6: Mahu2021 (3568 in chips, $4.90 bounty) 
Seat 7: Inflames6 (12632 in chips, $7.35 bounty) 
Seat 8: Sh0uTTT (6252 in chips, $4.90 bounty) 
Mommasaid3: posts the ante 25
DemirBH: posts the ante 25
patra1977: posts the ante 25
andreiy05: posts the ante 25
Cashine94: posts the ante 25
Mahu2021: posts the ante 25
Inflames6: posts the ante 25
Sh0uTTT: posts the ante 25
Mahu2021: posts small blind 100
Inflames6: posts big blind 200
*** HOLE CARDS ***
Dealt to Mahu2021 [3c Tc]
Sh0uTTT: folds 
Mommasaid3: folds 
DemirBH: raises 200 to 400
patra1977: calls 400
andreiy05: raises 3849 to 4249 and is all-in
Cashine94: folds 
Mahu2021: folds 
Inflames6: folds 
DemirBH: folds 
patra1977: calls 3849
*** FLOP *** [6d 2h 9c]
*** TURN *** [6d 2h 9c] [3s]
*** RIVER *** [6d 2h 9c 3s] [Ks]
*** SHOW DOWN ***
patra1977: shows [5c 7c] (high card King)
andreiy05: shows [Qh Kh] (a pair of Kings)
andreiy05 collected 9398 from pot
*** SUMMARY ***
Total pot 9398 | Rake 0 
Board [6d 2h 9c 3s Ks]
Seat 1: Mommasaid3 folded before Flop (didn't bet)
Seat 2: DemirBH folded before Flop
Seat 3: patra1977 showed [5c 7c] and lost with high card King
Seat 4: andreiy05 showed [Qh Kh] and won (9398) with a pair of Kings
Seat 5: Cashine94 (button) folded before Flop (didn't bet)
Seat 6: Mahu2021 (small blind) folded before Flop
Seat 7: Inflames6 (big blind) folded before Flop
Seat 8: Sh0uTTT folded before Flop (didn't bet)



PokerStars Hand #254454625047: Tournament #3845104441, $4.90+$4.90+$1.20 USD Hold'em No Limit - Level VII (100/200) - 2025/01/19 21:14:26 CET [2025/01/19 15:14:26 ET]
Table '3845104441 728' 8-max Seat #6 is the button
Seat 1: Mommasaid3 (9425 in chips, $4.90 bounty) 
Seat 2: DemirBH (18813 in chips, $4.90 bounty) 
Seat 3: patra1977 (35239 in chips, $7.35 bounty) 
Seat 4: andreiy05 (9398 in chips, $4.90 bounty) 
Seat 5: Cashine94 (7204 in chips, $4.90 bounty) 
Seat 6: Mahu2021 (3443 in chips, $4.90 bounty) 
Seat 7: Inflames6 (12407 in chips, $7.35 bounty) 
Seat 8: Sh0uTTT (6227 in chips, $4.90 bounty) 
Mommasaid3: posts the ante 25
DemirBH: posts the ante 25
patra1977: posts the ante 25
andreiy05: posts the ante 25
Cashine94: posts the ante 25
Mahu2021: posts the ante 25
Inflames6: posts the ante 25
Sh0uTTT: posts the ante 25
Inflames6: posts small blind 100
Sh0uTTT: posts big blind 200
*** HOLE CARDS ***
Dealt to Mahu2021 [7h Jd]
Mommasaid3: raises 200 to 400
DemirBH: folds 
patra1977: raises 600 to 1000
andreiy05: folds 
Cashine94: folds 
Mahu2021: folds 
Inflames6: folds 
Sh0uTTT: raises 5202 to 6202 and is all-in
Mommasaid3: raises 3198 to 9400 and is all-in
patra1977: folds 
Uncalled bet (3198) returned to Mommasaid3
*** FLOP *** [Th 3h 9s]
*** TURN *** [Th 3h 9s] [As]
*** RIVER *** [Th 3h 9s As] [Ts]
*** SHOW DOWN ***
Sh0uTTT: shows [Qc Qh] (two pair, Queens and Tens)
Mommasaid3: shows [Ac Ad] (a full house, Aces full of Tens)
Mommasaid3 collected 13704 from pot
Mommasaid3 wins $2.45 for eliminating Sh0uTTT and their own bounty increases by $2.45 to $7.35
Sh0uTTT finished the tournament
*** SUMMARY ***
Total pot 13704 | Rake 0 
Board [Th 3h 9s As Ts]
Seat 1: Mommasaid3 showed [Ac Ad] and won (13704) with a full house, Aces full of Tens
Seat 2: DemirBH folded before Flop (didn't bet)
Seat 3: patra1977 folded before Flop
Seat 4: andreiy05 folded before Flop (didn't bet)
Seat 5: Cashine94 folded before Flop (didn't bet)
Seat 6: Mahu2021 (button) folded before Flop (didn't bet)
Seat 7: Inflames6 (small blind) folded before Flop
Seat 8: Sh0uTTT (big blind) showed [Qc Qh] and lost with two pair, Queens and Tens



PokerStars Hand #254454645383: Tournament #3845104441, $4.90+$4.90+$1.20 USD Hold'em No Limit - Level VII (100/200) - 2025/01/19 21:15:16 CET [2025/01/19 15:15:16 ET]
Table '3845104441 728' 8-max Seat #7 is the button
Seat 1: Mommasaid3 (16902 in chips, $7.35 bounty) 
Seat 2: DemirBH (18788 in chips, $4.90 bounty) 
Seat 3: patra1977 (34214 in chips, $7.35 bounty) 
Seat 4: andreiy05 (9373 in chips, $4.90 bounty) 
Seat 5: Cashine94 (7179 in chips, $4.90 bounty) 
Seat 6: Mahu2021 (3418 in chips, $4.90 bounty) 
Seat 7: Inflames6 (12282 in chips, $7.35 bounty) 
Mommasaid3: posts the ante 25
DemirBH: posts the ante 25
patra1977: posts the ante 25
andreiy05: posts the ante 25
Cashine94: posts the ante 25
Mahu2021: posts the ante 25
Inflames6: posts the ante 25
Mommasaid3: posts small blind 100
DemirBH: posts big blind 200
*** HOLE CARDS ***
Dealt to Mahu2021 [Td 9s]
CuervoLS is disconnected 
patra1977: folds 
andreiy05: folds 
Cashine94: folds 
Mahu2021: folds 
Inflames6: raises 200 to 400
Mommasaid3: folds 
DemirBH: calls 200
*** FLOP *** [8s 3c Ts]
DemirBH: checks 
Inflames6: checks 
*** TURN *** [8s 3c Ts] [4s]
DemirBH: checks 
Inflames6: checks 
*** RIVER *** [8s 3c Ts 4s] [4c]
DemirBH: checks 
Inflames6: checks 
*** SHOW DOWN ***
DemirBH: shows [Ah 9h] (a pair of Fours)
Inflames6: shows [7c 7h] (two pair, Sevens and Fours)
Inflames6 collected 1075 from pot
*** SUMMARY ***
Total pot 1075 | Rake 0 
Board [8s 3c Ts 4s 4c]
Seat 1: Mommasaid3 (small blind) folded before Flop
Seat 2: DemirBH (big blind) showed [Ah 9h] and lost with a pair of Fours
Seat 3: patra1977 folded before Flop (didn't bet)
Seat 4: andreiy05 folded before Flop (didn't bet)
Seat 5: Cashine94 folded before Flop (didn't bet)
Seat 6: Mahu2021 folded before Flop (didn't bet)
Seat 7: Inflames6 (button) showed [7c 7h] and won (1075) with two pair, Sevens and Fours



PokerStars Hand #254454673988: Tournament #3845104441, $4.90+$4.90+$1.20 USD Hold'em No Limit - Level VII (100/200) - 2025/01/19 21:16:27 CET [2025/01/19 15:16:27 ET]
Table '3845104441 728' 8-max Seat #1 is the button
Seat 1: Mommasaid3 (16777 in chips, $7.35 bounty) 
Seat 2: DemirBH (18363 in chips, $4.90 bounty) 
Seat 3: patra1977 (34189 in chips, $7.35 bounty) 
Seat 4: andreiy05 (9348 in chips, $4.90 bounty) 
Seat 5: Cashine94 (7154 in chips, $4.90 bounty) 
Seat 6: Mahu2021 (3393 in chips, $4.90 bounty) 
Seat 7: Inflames6 (12932 in chips, $7.35 bounty) 
Seat 8: CuervoLS (10000 in chips, $4.90 bounty) 
Mommasaid3: posts the ante 25
DemirBH: posts the ante 25
patra1977: posts the ante 25
andreiy05: posts the ante 25
Cashine94: posts the ante 25
Mahu2021: posts the ante 25
Inflames6: posts the ante 25
CuervoLS: posts the ante 25
DemirBH: posts small blind 100
patra1977: posts big blind 200
*** HOLE CARDS ***
Dealt to Mahu2021 [3d 9d]
andreiy05: folds 
Cashine94: folds 
Mahu2021: folds 
Inflames6: raises 200 to 400
CuervoLS: folds 
Mommasaid3: folds 
DemirBH: calls 300
patra1977: calls 200
*** FLOP *** [9c 5h Qd]
DemirBH: checks 
patra1977: bets 700
Inflames6: folds 
DemirBH: folds 
Uncalled bet (700) returned to patra1977
patra1977 collected 1400 from pot
patra1977: doesn't show hand 
*** SUMMARY ***
Total pot 1400 | Rake 0 
Board [9c 5h Qd]
Seat 1: Mommasaid3 (button) folded before Flop (didn't bet)
Seat 2: DemirBH (small blind) folded on the Flop
Seat 3: patra1977 (big blind) collected (1400)
Seat 4: andreiy05 folded before Flop (didn't bet)
Seat 5: Cashine94 folded before Flop (didn't bet)
Seat 6: Mahu2021 folded before Flop (didn't bet)
Seat 7: Inflames6 folded on the Flop
Seat 8: CuervoLS folded before Flop (didn't bet)



PokerStars Hand #254454693756: Tournament #3845104441, $4.90+$4.90+$1.20 USD Hold'em No Limit - Level VII (100/200) - 2025/01/19 21:17:17 CET [2025/01/19 15:17:17 ET]
Table '3845104441 728' 8-max Seat #2 is the button
Seat 1: Mommasaid3 (16752 in chips, $7.35 bounty) 
Seat 2: DemirBH (17938 in chips, $4.90 bounty) 
Seat 3: patra1977 (35164 in chips, $7.35 bounty) 
Seat 4: andreiy05 (9323 in chips, $4.90 bounty) 
Seat 5: Cashine94 (7129 in chips, $4.90 bounty) 
Seat 6: Mahu2021 (3368 in chips, $4.90 bounty) 
Seat 7: Inflames6 (12507 in chips, $7.35 bounty) 
Seat 8: CuervoLS (9975 in chips, $4.90 bounty) 
Mommasaid3: posts the ante 25
DemirBH: posts the ante 25
patra1977: posts the ante 25
andreiy05: posts the ante 25
Cashine94: posts the ante 25
Mahu2021: posts the ante 25
Inflames6: posts the ante 25
CuervoLS: posts the ante 25
patra1977: posts small blind 100
andreiy05: posts big blind 200
*** HOLE CARDS ***
Dealt to Mahu2021 [2d 4d]
Cashine94: folds 
Mahu2021: folds 
Inflames6: folds 
CuervoLS: raises 200 to 400
Mommasaid3: folds 
DemirBH: calls 400
patra1977: raises 1000 to 1400
andreiy05: folds 
CuervoLS: raises 8550 to 9950 and is all-in
DemirBH: folds 
patra1977: calls 8550
*** FLOP *** [Qs 8d 8c]
*** TURN *** [Qs 8d 8c] [Ah]
*** RIVER *** [Qs 8d 8c Ah] [Ad]
*** SHOW DOWN ***
patra1977: shows [As Qd] (a full house, Aces full of Queens)
CuervoLS: shows [9s 9d] (two pair, Aces and Nines)
patra1977 collected 20700 from pot
patra1977 wins $2.45 for eliminating CuervoLS and their own bounty increases by $2.45 to $9.80
CuervoLS finished the tournament
*** SUMMARY ***
Total pot 20700 | Rake 0 
Board [Qs 8d 8c Ah Ad]
Seat 1: Mommasaid3 folded before Flop (didn't bet)
Seat 2: DemirBH (button) folded before Flop
Seat 3: patra1977 (small blind) showed [As Qd] and won (20700) with a full house, Aces full of Queens
Seat 4: andreiy05 (big blind) folded before Flop
Seat 5: Cashine94 folded before Flop (didn't bet)
Seat 6: Mahu2021 folded before Flop (didn't bet)
Seat 7: Inflames6 folded before Flop (didn't bet)
Seat 8: CuervoLS showed [9s 9d] and lost with two pair, Aces and Nines



PokerStars Hand #254454717739: Tournament #3845104441, $4.90+$4.90+$1.20 USD Hold'em No Limit - Level VIII (125/250) - 2025/01/19 21:18:17 CET [2025/01/19 15:18:17 ET]
Table '3845104441 728' 8-max Seat #3 is the button
Seat 1: Mommasaid3 (16727 in chips, $7.35 bounty) 
Seat 2: DemirBH (17513 in chips, $4.90 bounty) 
Seat 3: patra1977 (45889 in chips, $9.80 bounty) 
Seat 4: andreiy05 (9098 in chips, $4.90 bounty) 
Seat 5: Cashine94 (7104 in chips, $4.90 bounty) 
Seat 6: Mahu2021 (3343 in chips, $4.90 bounty) 
Seat 7: Inflames6 (12482 in chips, $7.35 bounty) 
Mommasaid3: posts the ante 30
DemirBH: posts the ante 30
patra1977: posts the ante 30
andreiy05: posts the ante 30
Cashine94: posts the ante 30
Mahu2021: posts the ante 30
Inflames6: posts the ante 30
andreiy05: posts small blind 125
Cashine94: posts big blind 250
*** HOLE CARDS ***
Dealt to Mahu2021 [8c 4c]
adamemily is disconnected 
Mahu2021: folds 
Inflames6: folds 
Mommasaid3: raises 250 to 500
DemirBH: folds 
patra1977: folds 
andreiy05: folds 
Cashine94: calls 250
*** FLOP *** [As 5h 7s]
Cashine94: checks 
Mommasaid3: bets 500
andreiy05 is sitting out
Cashine94: folds 
Uncalled bet (500) returned to Mommasaid3
Mommasaid3 collected 1335 from pot
*** SUMMARY ***
Total pot 1335 | Rake 0 
Board [As 5h 7s]
Seat 1: Mommasaid3 collected (1335)
Seat 2: DemirBH folded before Flop (didn't bet)
Seat 3: patra1977 (button) folded before Flop (didn't bet)
Seat 4: andreiy05 (small blind) folded before Flop
Seat 5: Cashine94 (big blind) folded on the Flop
Seat 6: Mahu2021 folded before Flop (didn't bet)
Seat 7: Inflames6 folded before Flop (didn't bet)



PokerStars Hand #254454736483: Tournament #3845104441, $4.90+$4.90+$1.20 USD Hold'em No Limit - Level VIII (125/250) - 2025/01/19 21:19:05 CET [2025/01/19 15:19:05 ET]
Table '3845104441 728' 8-max Seat #4 is the button
Seat 1: Mommasaid3 (17532 in chips, $7.35 bounty) 
Seat 2: DemirBH (17483 in chips, $4.90 bounty) 
Seat 3: patra1977 (45859 in chips, $9.80 bounty) 
Seat 4: andreiy05 (8943 in chips, $4.90 bounty) is sitting out
Seat 5: Cashine94 (6574 in chips, $4.90 bounty) 
Seat 6: Mahu2021 (3313 in chips, $4.90 bounty) 
Seat 7: Inflames6 (12452 in chips, $7.35 bounty) 
Seat 8: adamemily (10000 in chips, $4.90 bounty) 
Mommasaid3: posts the ante 30
DemirBH: posts the ante 30
patra1977: posts the ante 30
andreiy05: posts the ante 30
Cashine94: posts the ante 30
Mahu2021: posts the ante 30
Inflames6: posts the ante 30
adamemily: posts the ante 30
Cashine94: posts small blind 125
Mahu2021: posts big blind 250
*** HOLE CARDS ***
Dealt to Mahu2021 [Js 4s]
Inflames6: folds 
adamemily: folds 
Mommasaid3: folds 
DemirBH: folds 
patra1977: raises 250 to 500
andreiy05: folds 
Cashine94: folds 
Mahu2021: calls 250
*** FLOP *** [2s Qd Jh]
Mahu2021: bets 2783 and is all-in
patra1977: calls 2783
*** TURN *** [2s Qd Jh] [8c]
*** RIVER *** [2s Qd Jh 8c] [5s]
*** SHOW DOWN ***
Mahu2021: shows [Js 4s] (a pair of Jacks)
patra1977: shows [Qh 6c] (a pair of Queens)
patra1977 collected 6931 from pot
patra1977 wins $2.45 for eliminating Mahu2021 and their own bounty increases by $2.45 to $12.25
Mahu2021 finished the tournament
COELHO PGUA is disconnected 
*** SUMMARY ***
Total pot 6931 | Rake 0 
Board [2s Qd Jh 8c 5s]
Seat 1: Mommasaid3 folded before Flop (didn't bet)
Seat 2: DemirBH folded before Flop (didn't bet)
Seat 3: patra1977 showed [Qh 6c] and won (6931) with a pair of Queens
Seat 4: andreiy05 (button) folded before Flop (didn't bet)
Seat 5: Cashine94 (small blind) folded before Flop
Seat 6: Mahu2021 (big blind) showed [Js 4s] and lost with a pair of Jacks
Seat 7: Inflames6 folded before Flop (didn't bet)
Seat 8: adamemily folded before Flop (didn't bet)



