PokerStars Hand #253414651317: Tournament #3823794321, $1.84+$0.16 USD Hold'em No Limit - Level I (10/20) - 2024/11/15 17:48:58 CET [2024/11/15 11:48:58 ET]
Table '3823794321 1' 3-max Seat #1 is the button
Seat 1: kegod (500 in chips) 
Seat 2: Mahu2021 (500 in chips) 
Seat 3: edfrech (500 in chips) 
Mahu2021: posts small blind 10
edfrech: posts big blind 20
*** HOLE CARDS ***
Dealt to Mahu2021 [Kc 4s]
kegod: raises 20 to 40
Mahu2021: calls 30
edfrech: calls 20
*** FLOP *** [Ks 2c 8c]
Mahu2021: bets 40
edfrech: calls 40
kegod: folds 
*** TURN *** [Ks 2c 8c] [Jd]
Mahu2021: checks 
edfrech: bets 110
Mahu2021: calls 110
*** RIVER *** [Ks 2c 8c Jd] [6d]
Mahu2021: checks 
edfrech: checks 
*** SHOW DOWN ***
Mahu2021: shows [Kc 4s] (a pair of Kings)
edfrech: shows [Kd 3h] (a pair of Kings)
Mahu2021 collected 210 from pot
edfrech collected 210 from pot
*** SUMMARY ***
Total pot 420 | Rake 0 
Board [Ks 2c 8c Jd 6d]
Seat 1: kegod (button) folded on the Flop
Seat 2: Mahu2021 (small blind) showed [Kc 4s] and won (210) with a pair of Kings
Seat 3: edfrech (big blind) showed [Kd 3h] and won (210) with a pair of Kings



PokerStars Hand #253414658354: Tournament #3823794321, $1.84+$0.16 USD Hold'em No Limit - Level I (10/20) - 2024/11/15 17:49:29 CET [2024/11/15 11:49:29 ET]
Table '3823794321 1' 3-max Seat #2 is the button
Seat 1: kegod (460 in chips) 
Seat 2: Mahu2021 (520 in chips) 
Seat 3: edfrech (520 in chips) 
edfrech: posts small blind 10
kegod: posts big blind 20
*** HOLE CARDS ***
Dealt to Mahu2021 [Jc Ad]
Mahu2021: raises 20 to 40
edfrech: folds 
kegod: calls 20
*** FLOP *** [7h Ks 3c]
kegod: checks 
Mahu2021: checks 
*** TURN *** [7h Ks 3c] [As]
kegod: checks 
Mahu2021: bets 90
kegod: folds 
Uncalled bet (90) returned to Mahu2021
Mahu2021 collected 90 from pot
Mahu2021: doesn't show hand 
*** SUMMARY ***
Total pot 90 | Rake 0 
Board [7h Ks 3c As]
Seat 1: kegod (big blind) folded on the Turn
Seat 2: Mahu2021 (button) collected (90)
Seat 3: edfrech (small blind) folded before Flop



PokerStars Hand #253414665056: Tournament #3823794321, $1.84+$0.16 USD Hold'em No Limit - Level I (10/20) - 2024/11/15 17:50:00 CET [2024/11/15 11:50:00 ET]
Table '3823794321 1' 3-max Seat #3 is the button
Seat 1: kegod (420 in chips) 
Seat 2: Mahu2021 (570 in chips) 
Seat 3: edfrech (510 in chips) 
kegod: posts small blind 10
Mahu2021: posts big blind 20
*** HOLE CARDS ***
Dealt to Mahu2021 [3c Qd]
edfrech: raises 20 to 40
kegod: folds 
Mahu2021: folds 
Uncalled bet (20) returned to edfrech
edfrech collected 50 from pot
edfrech: doesn't show hand 
*** SUMMARY ***
Total pot 50 | Rake 0 
Seat 1: kegod (small blind) folded before Flop
Seat 2: Mahu2021 (big blind) folded before Flop
Seat 3: edfrech (button) collected (50)



PokerStars Hand #253414667284: Tournament #3823794321, $1.84+$0.16 USD Hold'em No Limit - Level I (10/20) - 2024/11/15 17:50:10 CET [2024/11/15 11:50:10 ET]
Table '3823794321 1' 3-max Seat #1 is the button
Seat 1: kegod (410 in chips) 
Seat 2: Mahu2021 (550 in chips) 
Seat 3: edfrech (540 in chips) 
Mahu2021: posts small blind 10
edfrech: posts big blind 20
*** HOLE CARDS ***
Dealt to Mahu2021 [6s 5h]
kegod: raises 20 to 40
Mahu2021: folds 
edfrech: calls 20
*** FLOP *** [6c Th 9h]
edfrech: checks 
kegod: bets 45
edfrech: calls 45
*** TURN *** [6c Th 9h] [As]
edfrech: checks 
kegod: bets 90
edfrech: raises 365 to 455 and is all-in
kegod: folds 
Uncalled bet (365) returned to edfrech
edfrech collected 360 from pot
edfrech: doesn't show hand 
*** SUMMARY ***
Total pot 360 | Rake 0 
Board [6c Th 9h As]
Seat 1: kegod (button) folded on the Turn
Seat 2: Mahu2021 (small blind) folded before Flop
Seat 3: edfrech (big blind) collected (360)



PokerStars Hand #253414681166: Tournament #3823794321, $1.84+$0.16 USD Hold'em No Limit - Level II (15/30) - 2024/11/15 17:51:12 CET [2024/11/15 11:51:12 ET]
Table '3823794321 1' 3-max Seat #2 is the button
Seat 1: kegod (235 in chips) 
Seat 2: Mahu2021 (540 in chips) 
Seat 3: edfrech (725 in chips) 
edfrech: posts small blind 15
kegod: posts big blind 30
*** HOLE CARDS ***
Dealt to Mahu2021 [Kh Kc]
Mahu2021: raises 510 to 540 and is all-in
edfrech: raises 185 to 725 and is all-in
kegod: folds 
Uncalled bet (185) returned to edfrech
*** FLOP *** [2s Ks 3h]
*** TURN *** [2s Ks 3h] [8c]
*** RIVER *** [2s Ks 3h 8c] [3c]
*** SHOW DOWN ***
edfrech: shows [Tc Td] (two pair, Tens and Threes)
Mahu2021: shows [Kh Kc] (a full house, Kings full of Threes)
Mahu2021 collected 1110 from pot
*** SUMMARY ***
Total pot 1110 | Rake 0 
Board [2s Ks 3h 8c 3c]
Seat 1: kegod (big blind) folded before Flop
Seat 2: Mahu2021 (button) showed [Kh Kc] and won (1110) with a full house, Kings full of Threes
Seat 3: edfrech (small blind) showed [Tc Td] and lost with two pair, Tens and Threes



PokerStars Hand #253414685066: Tournament #3823794321, $1.84+$0.16 USD Hold'em No Limit - Level II (15/30) - 2024/11/15 17:51:29 CET [2024/11/15 11:51:29 ET]
Table '3823794321 1' 3-max Seat #3 is the button
Seat 1: kegod (205 in chips) 
Seat 2: Mahu2021 (1110 in chips) 
Seat 3: edfrech (185 in chips) 
kegod: posts small blind 15
Mahu2021: posts big blind 30
*** HOLE CARDS ***
Dealt to Mahu2021 [Kd 6c]
edfrech: folds 
kegod: folds 
Uncalled bet (15) returned to Mahu2021
Mahu2021 collected 30 from pot
Mahu2021: doesn't show hand 
*** SUMMARY ***
Total pot 30 | Rake 0 
Seat 1: kegod (small blind) folded before Flop
Seat 2: Mahu2021 (big blind) collected (30)
Seat 3: edfrech (button) folded before Flop (didn't bet)



PokerStars Hand #253414686262: Tournament #3823794321, $1.84+$0.16 USD Hold'em No Limit - Level II (15/30) - 2024/11/15 17:51:34 CET [2024/11/15 11:51:34 ET]
Table '3823794321 1' 3-max Seat #1 is the button
Seat 1: kegod (190 in chips) 
Seat 2: Mahu2021 (1125 in chips) 
Seat 3: edfrech (185 in chips) 
Mahu2021: posts small blind 15
edfrech: posts big blind 30
*** HOLE CARDS ***
Dealt to Mahu2021 [9s Kc]
kegod: raises 160 to 190 and is all-in
Mahu2021: folds 
edfrech: folds 
Uncalled bet (160) returned to kegod
kegod collected 75 from pot
kegod: doesn't show hand 
*** SUMMARY ***
Total pot 75 | Rake 0 
Seat 1: kegod (button) collected (75)
Seat 2: Mahu2021 (small blind) folded before Flop
Seat 3: edfrech (big blind) folded before Flop



PokerStars Hand #253414688927: Tournament #3823794321, $1.84+$0.16 USD Hold'em No Limit - Level II (15/30) - 2024/11/15 17:51:46 CET [2024/11/15 11:51:46 ET]
Table '3823794321 1' 3-max Seat #2 is the button
Seat 1: kegod (235 in chips) 
Seat 2: Mahu2021 (1110 in chips) 
Seat 3: edfrech (155 in chips) 
edfrech: posts small blind 15
kegod: posts big blind 30
*** HOLE CARDS ***
Dealt to Mahu2021 [2c 5c]
Mahu2021: folds 
edfrech: raises 125 to 155 and is all-in
kegod: calls 125
*** FLOP *** [4d Jd 2s]
*** TURN *** [4d Jd 2s] [Td]
*** RIVER *** [4d Jd 2s Td] [Tc]
*** SHOW DOWN ***
edfrech: shows [Qc Js] (two pair, Jacks and Tens)
kegod: shows [3h Ac] (a pair of Tens)
edfrech collected 310 from pot
*** SUMMARY ***
Total pot 310 | Rake 0 
Board [4d Jd 2s Td Tc]
Seat 1: kegod (big blind) showed [3h Ac] and lost with a pair of Tens
Seat 2: Mahu2021 (button) folded before Flop (didn't bet)
Seat 3: edfrech (small blind) showed [Qc Js] and won (310) with two pair, Jacks and Tens



PokerStars Hand #253414692699: Tournament #3823794321, $1.84+$0.16 USD Hold'em No Limit - Level II (15/30) - 2024/11/15 17:52:03 CET [2024/11/15 11:52:03 ET]
Table '3823794321 1' 3-max Seat #3 is the button
Seat 1: kegod (80 in chips) 
Seat 2: Mahu2021 (1110 in chips) 
Seat 3: edfrech (310 in chips) 
kegod: posts small blind 15
Mahu2021: posts big blind 30
*** HOLE CARDS ***
Dealt to Mahu2021 [As Jc]
edfrech: raises 280 to 310 and is all-in
kegod: folds 
Mahu2021: calls 280
*** FLOP *** [Kh Th 6d]
*** TURN *** [Kh Th 6d] [Tc]
*** RIVER *** [Kh Th 6d Tc] [Ah]
*** SHOW DOWN ***
Mahu2021: shows [As Jc] (two pair, Aces and Tens)
edfrech: shows [Kd Qs] (two pair, Kings and Tens)
Mahu2021 collected 635 from pot
edfrech finished the tournament in 3rd place
*** SUMMARY ***
Total pot 635 | Rake 0 
Board [Kh Th 6d Tc Ah]
Seat 1: kegod (small blind) folded before Flop
Seat 2: Mahu2021 (big blind) showed [As Jc] and won (635) with two pair, Aces and Tens
Seat 3: edfrech (button) showed [Kd Qs] and lost with two pair, Kings and Tens



PokerStars Hand #253414696804: Tournament #3823794321, $1.84+$0.16 USD Hold'em No Limit - Level II (15/30) - 2024/11/15 17:52:22 CET [2024/11/15 11:52:22 ET]
Table '3823794321 1' 3-max Seat #2 is the button
Seat 1: kegod (65 in chips) 
Seat 2: Mahu2021 (1435 in chips) 
Mahu2021: posts small blind 15
kegod: posts big blind 30
*** HOLE CARDS ***
Dealt to Mahu2021 [8c Th]
Mahu2021: raises 60 to 90
kegod: calls 35 and is all-in
Uncalled bet (25) returned to Mahu2021
*** FLOP *** [9h 3s Ts]
*** TURN *** [9h 3s Ts] [Jh]
*** RIVER *** [9h 3s Ts Jh] [Jc]
*** SHOW DOWN ***
kegod: shows [3d 5c] (two pair, Jacks and Threes)
Mahu2021: shows [8c Th] (two pair, Jacks and Tens)
Mahu2021 collected 130 from pot
kegod finished the tournament in 2nd place
Mahu2021 wins the tournament and receives $4.00 - congratulations!
*** SUMMARY ***
Total pot 130 | Rake 0 
Board [9h 3s Ts Jh Jc]
Seat 1: kegod (big blind) showed [3d 5c] and lost with two pair, Jacks and Threes
Seat 2: Mahu2021 (button) (small blind) showed [8c Th] and won (130) with two pair, Jacks and Tens



