PokerStars Hand #253075282387: Tournament #3815855807, $1.84+$0.16 USD Hold'em No Limit - Level I (10/20) - 2024/10/24 6:34:25 CET [2024/10/24 0:34:25 ET]
Table '3815855807 1' 3-max Seat #1 is the button
Seat 1: respinosa6 (500 in chips) 
Seat 2: Mahu2021 (500 in chips) 
Seat 3: kanon_mcp (500 in chips) 
Mahu2021: posts small blind 10
kanon_mcp: posts big blind 20
*** HOLE CARDS ***
Dealt to Mahu2021 [7c 5h]
respinosa6: folds 
Mahu2021: folds 
Uncalled bet (10) returned to kanon_mcp
kanon_mcp collected 20 from pot
kanon_mcp: doesn't show hand 
*** SUMMARY ***
Total pot 20 | Rake 0 
Seat 1: respinosa6 (button) folded before Flop (didn't bet)
Seat 2: Mahu2021 (small blind) folded before Flop
Seat 3: kanon_mcp (big blind) collected (20)



PokerStars Hand #253075282728: Tournament #3815855807, $1.84+$0.16 USD Hold'em No Limit - Level I (10/20) - 2024/10/24 6:34:29 CET [2024/10/24 0:34:29 ET]
Table '3815855807 1' 3-max Seat #2 is the button
Seat 1: respinosa6 (500 in chips) 
Seat 2: Mahu2021 (490 in chips) 
Seat 3: kanon_mcp (510 in chips) 
kanon_mcp: posts small blind 10
respinosa6: posts big blind 20
*** HOLE CARDS ***
Dealt to Mahu2021 [Ks 8c]
Mahu2021: folds 
kanon_mcp: raises 20 to 40
respinosa6: raises 20 to 60
kanon_mcp: calls 20
*** FLOP *** [Tc Kc 6c]
kanon_mcp: checks 
respinosa6: bets 60
kanon_mcp: raises 60 to 120
respinosa6: calls 60
*** TURN *** [Tc Kc 6c] [7s]
kanon_mcp: checks 
respinosa6: checks 
*** RIVER *** [Tc Kc 6c 7s] [8h]
kanon_mcp: checks 
respinosa6: checks 
*** SHOW DOWN ***
kanon_mcp: shows [6d Ah] (a pair of Sixes)
respinosa6: shows [Qc Qh] (a pair of Queens)
respinosa6 collected 360 from pot
*** SUMMARY ***
Total pot 360 | Rake 0 
Board [Tc Kc 6c 7s 8h]
Seat 1: respinosa6 (big blind) showed [Qc Qh] and won (360) with a pair of Queens
Seat 2: Mahu2021 (button) folded before Flop (didn't bet)
Seat 3: kanon_mcp (small blind) showed [6d Ah] and lost with a pair of Sixes



PokerStars Hand #253075286417: Tournament #3815855807, $1.84+$0.16 USD Hold'em No Limit - Level I (10/20) - 2024/10/24 6:35:11 CET [2024/10/24 0:35:11 ET]
Table '3815855807 1' 3-max Seat #3 is the button
Seat 1: respinosa6 (680 in chips) 
Seat 2: Mahu2021 (490 in chips) 
Seat 3: kanon_mcp (330 in chips) 
respinosa6: posts small blind 10
Mahu2021: posts big blind 20
*** HOLE CARDS ***
Dealt to Mahu2021 [3d Tc]
kanon_mcp: raises 20 to 40
respinosa6: folds 
Mahu2021: folds 
Uncalled bet (20) returned to kanon_mcp
kanon_mcp collected 50 from pot
kanon_mcp: doesn't show hand 
*** SUMMARY ***
Total pot 50 | Rake 0 
Seat 1: respinosa6 (small blind) folded before Flop
Seat 2: Mahu2021 (big blind) folded before Flop
Seat 3: kanon_mcp (button) collected (50)



PokerStars Hand #253075287026: Tournament #3815855807, $1.84+$0.16 USD Hold'em No Limit - Level I (10/20) - 2024/10/24 6:35:18 CET [2024/10/24 0:35:18 ET]
Table '3815855807 1' 3-max Seat #1 is the button
Seat 1: respinosa6 (670 in chips) 
Seat 2: Mahu2021 (470 in chips) 
Seat 3: kanon_mcp (360 in chips) 
Mahu2021: posts small blind 10
kanon_mcp: posts big blind 20
*** HOLE CARDS ***
Dealt to Mahu2021 [8s 2c]
respinosa6: folds 
Mahu2021: folds 
Uncalled bet (10) returned to kanon_mcp
kanon_mcp collected 20 from pot
kanon_mcp: doesn't show hand 
*** SUMMARY ***
Total pot 20 | Rake 0 
Seat 1: respinosa6 (button) folded before Flop (didn't bet)
Seat 2: Mahu2021 (small blind) folded before Flop
Seat 3: kanon_mcp (big blind) collected (20)



PokerStars Hand #253075287412: Tournament #3815855807, $1.84+$0.16 USD Hold'em No Limit - Level I (10/20) - 2024/10/24 6:35:22 CET [2024/10/24 0:35:22 ET]
Table '3815855807 1' 3-max Seat #2 is the button
Seat 1: respinosa6 (670 in chips) 
Seat 2: Mahu2021 (460 in chips) 
Seat 3: kanon_mcp (370 in chips) 
kanon_mcp: posts small blind 10
respinosa6: posts big blind 20
*** HOLE CARDS ***
Dealt to Mahu2021 [5s Kd]
Mahu2021: calls 20
kanon_mcp: calls 10
respinosa6: checks 
*** FLOP *** [Ac Ks 4h]
kanon_mcp: bets 45
respinosa6: folds 
Mahu2021: calls 45
*** TURN *** [Ac Ks 4h] [8s]
kanon_mcp: checks 
Mahu2021: checks 
*** RIVER *** [Ac Ks 4h 8s] [5c]
kanon_mcp: checks 
Mahu2021: bets 150
kanon_mcp: folds 
Uncalled bet (150) returned to Mahu2021
Mahu2021 collected 150 from pot
Mahu2021: doesn't show hand 
*** SUMMARY ***
Total pot 150 | Rake 0 
Board [Ac Ks 4h 8s 5c]
Seat 1: respinosa6 (big blind) folded on the Flop
Seat 2: Mahu2021 (button) collected (150)
Seat 3: kanon_mcp (small blind) folded on the River



PokerStars Hand #253075289185: Tournament #3815855807, $1.84+$0.16 USD Hold'em No Limit - Level I (10/20) - 2024/10/24 6:35:42 CET [2024/10/24 0:35:42 ET]
Table '3815855807 1' 3-max Seat #3 is the button
Seat 1: respinosa6 (650 in chips) 
Seat 2: Mahu2021 (545 in chips) 
Seat 3: kanon_mcp (305 in chips) 
respinosa6: posts small blind 10
Mahu2021: posts big blind 20
*** HOLE CARDS ***
Dealt to Mahu2021 [Qc 4s]
kanon_mcp: raises 285 to 305 and is all-in
respinosa6: folds 
Mahu2021: folds 
Uncalled bet (285) returned to kanon_mcp
kanon_mcp collected 50 from pot
kanon_mcp: doesn't show hand 
*** SUMMARY ***
Total pot 50 | Rake 0 
Seat 1: respinosa6 (small blind) folded before Flop
Seat 2: Mahu2021 (big blind) folded before Flop
Seat 3: kanon_mcp (button) collected (50)



PokerStars Hand #253075289761: Tournament #3815855807, $1.84+$0.16 USD Hold'em No Limit - Level I (10/20) - 2024/10/24 6:35:49 CET [2024/10/24 0:35:49 ET]
Table '3815855807 1' 3-max Seat #1 is the button
Seat 1: respinosa6 (640 in chips) 
Seat 2: Mahu2021 (525 in chips) 
Seat 3: kanon_mcp (335 in chips) 
Mahu2021: posts small blind 10
kanon_mcp: posts big blind 20
*** HOLE CARDS ***
Dealt to Mahu2021 [2h 7h]
respinosa6: raises 20 to 40
Mahu2021: folds 
kanon_mcp: raises 295 to 335 and is all-in
respinosa6: calls 295
*** FLOP *** [2s 5s 9c]
*** TURN *** [2s 5s 9c] [Kd]
*** RIVER *** [2s 5s 9c Kd] [6s]
*** SHOW DOWN ***
kanon_mcp: shows [Ac Jh] (high card Ace)
respinosa6: shows [Kh Td] (a pair of Kings)
respinosa6 collected 680 from pot
kanon_mcp finished the tournament in 3rd place
*** SUMMARY ***
Total pot 680 | Rake 0 
Board [2s 5s 9c Kd 6s]
Seat 1: respinosa6 (button) showed [Kh Td] and won (680) with a pair of Kings
Seat 2: Mahu2021 (small blind) folded before Flop
Seat 3: kanon_mcp (big blind) showed [Ac Jh] and lost with high card Ace



PokerStars Hand #253075291335: Tournament #3815855807, $1.84+$0.16 USD Hold'em No Limit - Level I (10/20) - 2024/10/24 6:36:06 CET [2024/10/24 0:36:06 ET]
Table '3815855807 1' 3-max Seat #2 is the button
Seat 1: respinosa6 (985 in chips) 
Seat 2: Mahu2021 (515 in chips) 
Mahu2021: posts small blind 10
respinosa6: posts big blind 20
*** HOLE CARDS ***
Dealt to Mahu2021 [3c 8d]
Mahu2021: folds 
Uncalled bet (10) returned to respinosa6
respinosa6 collected 20 from pot
*** SUMMARY ***
Total pot 20 | Rake 0 
Seat 1: respinosa6 (big blind) collected (20)
Seat 2: Mahu2021 (button) (small blind) folded before Flop



PokerStars Hand #253075291707: Tournament #3815855807, $1.84+$0.16 USD Hold'em No Limit - Level I (10/20) - 2024/10/24 6:36:11 CET [2024/10/24 0:36:11 ET]
Table '3815855807 1' 3-max Seat #1 is the button
Seat 1: respinosa6 (995 in chips) 
Seat 2: Mahu2021 (505 in chips) 
respinosa6: posts small blind 10
Mahu2021: posts big blind 20
*** HOLE CARDS ***
Dealt to Mahu2021 [Js 5s]
respinosa6: calls 10
Mahu2021: checks 
*** FLOP *** [9c Ac Kc]
Mahu2021: checks 
respinosa6: checks 
*** TURN *** [9c Ac Kc] [Kh]
Mahu2021: checks 
respinosa6: checks 
*** RIVER *** [9c Ac Kc Kh] [Jh]
Mahu2021: checks 
respinosa6: checks 
*** SHOW DOWN ***
Mahu2021: shows [Js 5s] (two pair, Kings and Jacks)
respinosa6: mucks hand 
Mahu2021 collected 40 from pot
*** SUMMARY ***
Total pot 40 | Rake 0 
Board [9c Ac Kc Kh Jh]
Seat 1: respinosa6 (button) (small blind) mucked [4h Qs]
Seat 2: Mahu2021 (big blind) showed [Js 5s] and won (40) with two pair, Kings and Jacks



PokerStars Hand #253075293167: Tournament #3815855807, $1.84+$0.16 USD Hold'em No Limit - Level I (10/20) - 2024/10/24 6:36:27 CET [2024/10/24 0:36:27 ET]
Table '3815855807 1' 3-max Seat #2 is the button
Seat 1: respinosa6 (975 in chips) 
Seat 2: Mahu2021 (525 in chips) 
Mahu2021: posts small blind 10
respinosa6: posts big blind 20
*** HOLE CARDS ***
Dealt to Mahu2021 [2d Qh]
Mahu2021: folds 
Uncalled bet (10) returned to respinosa6
respinosa6 collected 20 from pot
*** SUMMARY ***
Total pot 20 | Rake 0 
Seat 1: respinosa6 (big blind) collected (20)
Seat 2: Mahu2021 (button) (small blind) folded before Flop



PokerStars Hand #253075293608: Tournament #3815855807, $1.84+$0.16 USD Hold'em No Limit - Level I (10/20) - 2024/10/24 6:36:32 CET [2024/10/24 0:36:32 ET]
Table '3815855807 1' 3-max Seat #1 is the button
Seat 1: respinosa6 (985 in chips) 
Seat 2: Mahu2021 (515 in chips) 
respinosa6: posts small blind 10
Mahu2021: posts big blind 20
*** HOLE CARDS ***
Dealt to Mahu2021 [4h 5s]
respinosa6: calls 10
Mahu2021: checks 
*** FLOP *** [Ad Jd 8s]
Mahu2021: checks 
respinosa6: checks 
*** TURN *** [Ad Jd 8s] [Kc]
Mahu2021: checks 
respinosa6: checks 
*** RIVER *** [Ad Jd 8s Kc] [7c]
Mahu2021: checks 
respinosa6: checks 
*** SHOW DOWN ***
Mahu2021: shows [4h 5s] (high card Ace)
respinosa6: shows [6d 2s] (high card Ace)
Mahu2021 collected 20 from pot
respinosa6 collected 20 from pot
*** SUMMARY ***
Total pot 40 | Rake 0 
Board [Ad Jd 8s Kc 7c]
Seat 1: respinosa6 (button) (small blind) showed [6d 2s] and won (20) with high card Ace
Seat 2: Mahu2021 (big blind) showed [4h 5s] and won (20) with high card Ace



PokerStars Hand #253075294632: Tournament #3815855807, $1.84+$0.16 USD Hold'em No Limit - Level I (10/20) - 2024/10/24 6:36:44 CET [2024/10/24 0:36:44 ET]
Table '3815855807 1' 3-max Seat #2 is the button
Seat 1: respinosa6 (985 in chips) 
Seat 2: Mahu2021 (515 in chips) 
Mahu2021: posts small blind 10
respinosa6: posts big blind 20
*** HOLE CARDS ***
Dealt to Mahu2021 [4h 5c]
Mahu2021: calls 10
respinosa6: checks 
*** FLOP *** [4s Qc Kd]
respinosa6: checks 
Mahu2021: bets 20
respinosa6: folds 
Uncalled bet (20) returned to Mahu2021
Mahu2021 collected 40 from pot
Mahu2021: doesn't show hand 
*** SUMMARY ***
Total pot 40 | Rake 0 
Board [4s Qc Kd]
Seat 1: respinosa6 (big blind) folded on the Flop
Seat 2: Mahu2021 (button) (small blind) collected (40)



PokerStars Hand #253075296734: Tournament #3815855807, $1.84+$0.16 USD Hold'em No Limit - Level I (10/20) - 2024/10/24 6:37:07 CET [2024/10/24 0:37:07 ET]
Table '3815855807 1' 3-max Seat #1 is the button
Seat 1: respinosa6 (965 in chips) 
Seat 2: Mahu2021 (535 in chips) 
respinosa6: posts small blind 10
Mahu2021: posts big blind 20
*** HOLE CARDS ***
Dealt to Mahu2021 [3c Qc]
respinosa6: calls 10
Mahu2021: checks 
*** FLOP *** [4s 7h 2c]
Mahu2021: checks 
respinosa6: checks 
*** TURN *** [4s 7h 2c] [Kh]
Mahu2021: checks 
respinosa6: bets 20
Mahu2021: folds 
Uncalled bet (20) returned to respinosa6
respinosa6 collected 40 from pot
*** SUMMARY ***
Total pot 40 | Rake 0 
Board [4s 7h 2c Kh]
Seat 1: respinosa6 (button) (small blind) collected (40)
Seat 2: Mahu2021 (big blind) folded on the Turn



PokerStars Hand #253075297776: Tournament #3815855807, $1.84+$0.16 USD Hold'em No Limit - Level I (10/20) - 2024/10/24 6:37:19 CET [2024/10/24 0:37:19 ET]
Table '3815855807 1' 3-max Seat #2 is the button
Seat 1: respinosa6 (985 in chips) 
Seat 2: Mahu2021 (515 in chips) 
Mahu2021: posts small blind 10
respinosa6: posts big blind 20
*** HOLE CARDS ***
Dealt to Mahu2021 [7c 9d]
Mahu2021: folds 
Uncalled bet (10) returned to respinosa6
respinosa6 collected 20 from pot
*** SUMMARY ***
Total pot 20 | Rake 0 
Seat 1: respinosa6 (big blind) collected (20)
Seat 2: Mahu2021 (button) (small blind) folded before Flop



PokerStars Hand #253075298187: Tournament #3815855807, $1.84+$0.16 USD Hold'em No Limit - Level I (10/20) - 2024/10/24 6:37:23 CET [2024/10/24 0:37:23 ET]
Table '3815855807 1' 3-max Seat #1 is the button
Seat 1: respinosa6 (995 in chips) 
Seat 2: Mahu2021 (505 in chips) 
respinosa6: posts small blind 10
Mahu2021: posts big blind 20
*** HOLE CARDS ***
Dealt to Mahu2021 [Ac 3c]
respinosa6: calls 10
Mahu2021: checks 
*** FLOP *** [8s Ad Th]
Mahu2021: checks 
respinosa6: bets 20
Mahu2021: calls 20
*** TURN *** [8s Ad Th] [Ah]
Mahu2021: checks 
respinosa6: checks 
*** RIVER *** [8s Ad Th Ah] [9s]
Mahu2021: bets 80
respinosa6: calls 80
*** SHOW DOWN ***
Mahu2021: shows [Ac 3c] (three of a kind, Aces)
respinosa6: mucks hand 
Mahu2021 collected 240 from pot
*** SUMMARY ***
Total pot 240 | Rake 0 
Board [8s Ad Th Ah 9s]
Seat 1: respinosa6 (button) (small blind) mucked [Ks 8h]
Seat 2: Mahu2021 (big blind) showed [Ac 3c] and won (240) with three of a kind, Aces



PokerStars Hand #253075299790: Tournament #3815855807, $1.84+$0.16 USD Hold'em No Limit - Level II (15/30) - 2024/10/24 6:37:41 CET [2024/10/24 0:37:41 ET]
Table '3815855807 1' 3-max Seat #2 is the button
Seat 1: respinosa6 (875 in chips) 
Seat 2: Mahu2021 (625 in chips) 
Mahu2021: posts small blind 15
respinosa6: posts big blind 30
*** HOLE CARDS ***
Dealt to Mahu2021 [3s 2s]
Mahu2021: calls 15
respinosa6: raises 30 to 60
Mahu2021: calls 30
*** FLOP *** [Ts 7s Td]
respinosa6: bets 60
Mahu2021: calls 60
*** TURN *** [Ts 7s Td] [5h]
respinosa6: bets 120
Mahu2021: calls 120
*** RIVER *** [Ts 7s Td 5h] [5c]
respinosa6: bets 480
Mahu2021: folds 
Uncalled bet (480) returned to respinosa6
respinosa6 collected 480 from pot
*** SUMMARY ***
Total pot 480 | Rake 0 
Board [Ts 7s Td 5h 5c]
Seat 1: respinosa6 (big blind) collected (480)
Seat 2: Mahu2021 (button) (small blind) folded on the River



PokerStars Hand #253075301376: Tournament #3815855807, $1.84+$0.16 USD Hold'em No Limit - Level II (15/30) - 2024/10/24 6:37:59 CET [2024/10/24 0:37:59 ET]
Table '3815855807 1' 3-max Seat #1 is the button
Seat 1: respinosa6 (1115 in chips) 
Seat 2: Mahu2021 (385 in chips) 
respinosa6: posts small blind 15
Mahu2021: posts big blind 30
*** HOLE CARDS ***
Dealt to Mahu2021 [7d Ah]
respinosa6: raises 30 to 60
Mahu2021: raises 325 to 385 and is all-in
respinosa6: calls 325
*** FLOP *** [9s 6c 4h]
*** TURN *** [9s 6c 4h] [5s]
*** RIVER *** [9s 6c 4h 5s] [8h]
*** SHOW DOWN ***
Mahu2021: shows [7d Ah] (a straight, Five to Nine)
respinosa6: shows [Js Ks] (high card King)
Mahu2021 collected 770 from pot
*** SUMMARY ***
Total pot 770 | Rake 0 
Board [9s 6c 4h 5s 8h]
Seat 1: respinosa6 (button) (small blind) showed [Js Ks] and lost with high card King
Seat 2: Mahu2021 (big blind) showed [7d Ah] and won (770) with a straight, Five to Nine



PokerStars Hand #253075302594: Tournament #3815855807, $1.84+$0.16 USD Hold'em No Limit - Level II (15/30) - 2024/10/24 6:38:13 CET [2024/10/24 0:38:13 ET]
Table '3815855807 1' 3-max Seat #2 is the button
Seat 1: respinosa6 (730 in chips) 
Seat 2: Mahu2021 (770 in chips) 
Mahu2021: posts small blind 15
respinosa6: posts big blind 30
*** HOLE CARDS ***
Dealt to Mahu2021 [2c 8s]
Mahu2021: folds 
Uncalled bet (15) returned to respinosa6
respinosa6 collected 30 from pot
*** SUMMARY ***
Total pot 30 | Rake 0 
Seat 1: respinosa6 (big blind) collected (30)
Seat 2: Mahu2021 (button) (small blind) folded before Flop



PokerStars Hand #253075303005: Tournament #3815855807, $1.84+$0.16 USD Hold'em No Limit - Level II (15/30) - 2024/10/24 6:38:18 CET [2024/10/24 0:38:18 ET]
Table '3815855807 1' 3-max Seat #1 is the button
Seat 1: respinosa6 (745 in chips) 
Seat 2: Mahu2021 (755 in chips) 
respinosa6: posts small blind 15
Mahu2021: posts big blind 30
*** HOLE CARDS ***
Dealt to Mahu2021 [Td 7h]
respinosa6: calls 15
Mahu2021: checks 
*** FLOP *** [3h Kd 8h]
Mahu2021: checks 
respinosa6: checks 
*** TURN *** [3h Kd 8h] [2s]
Mahu2021: checks 
respinosa6: bets 30
Mahu2021: folds 
Uncalled bet (30) returned to respinosa6
respinosa6 collected 60 from pot
*** SUMMARY ***
Total pot 60 | Rake 0 
Board [3h Kd 8h 2s]
Seat 1: respinosa6 (button) (small blind) collected (60)
Seat 2: Mahu2021 (big blind) folded on the Turn



PokerStars Hand #253075304122: Tournament #3815855807, $1.84+$0.16 USD Hold'em No Limit - Level II (15/30) - 2024/10/24 6:38:30 CET [2024/10/24 0:38:30 ET]
Table '3815855807 1' 3-max Seat #2 is the button
Seat 1: respinosa6 (775 in chips) 
Seat 2: Mahu2021 (725 in chips) 
Mahu2021: posts small blind 15
respinosa6: posts big blind 30
*** HOLE CARDS ***
Dealt to Mahu2021 [6d Td]
Mahu2021: calls 15
respinosa6: raises 30 to 60
Mahu2021: calls 30
*** FLOP *** [5d Qs 8c]
respinosa6: bets 30
Mahu2021: folds 
Uncalled bet (30) returned to respinosa6
respinosa6 collected 120 from pot
*** SUMMARY ***
Total pot 120 | Rake 0 
Board [5d Qs 8c]
Seat 1: respinosa6 (big blind) collected (120)
Seat 2: Mahu2021 (button) (small blind) folded on the Flop



PokerStars Hand #253075304994: Tournament #3815855807, $1.84+$0.16 USD Hold'em No Limit - Level II (15/30) - 2024/10/24 6:38:40 CET [2024/10/24 0:38:40 ET]
Table '3815855807 1' 3-max Seat #1 is the button
Seat 1: respinosa6 (835 in chips) 
Seat 2: Mahu2021 (665 in chips) 
respinosa6: posts small blind 15
Mahu2021: posts big blind 30
*** HOLE CARDS ***
Dealt to Mahu2021 [9h 9d]
respinosa6: raises 30 to 60
Mahu2021: raises 605 to 665 and is all-in
respinosa6: calls 605
*** FLOP *** [Th Kh Qs]
*** TURN *** [Th Kh Qs] [5h]
*** RIVER *** [Th Kh Qs 5h] [Ts]
*** SHOW DOWN ***
Mahu2021: shows [9h 9d] (two pair, Tens and Nines)
respinosa6: shows [Jc Qh] (two pair, Queens and Tens)
respinosa6 collected 1330 from pot
Mahu2021 finished the tournament in 2nd place
respinosa6 wins the tournament and receives $6.00 - congratulations!
*** SUMMARY ***
Total pot 1330 | Rake 0 
Board [Th Kh Qs 5h Ts]
Seat 1: respinosa6 (button) (small blind) showed [Jc Qh] and won (1330) with two pair, Queens and Tens
Seat 2: Mahu2021 (big blind) showed [9h 9d] and lost with two pair, Tens and Nines



