PokerStars Hand #243367268789: Tournament #3583823210, $0.92+$0.08 USD Hold'em No Limit - Level I (10/20) - 2023/04/28 18:13:20 CET [2023/04/28 12:13:20 ET]
Table '3583823210 1' 3-max Seat #1 is the button
Seat 1: Mahu2021 (500 in chips) 
Seat 2: Guii-FPOLIS (500 in chips) 
Seat 3: VasATot (500 in chips) 
Guii-FPOLIS: posts small blind 10
VasATot: posts big blind 20
*** HOLE CARDS ***
Dealt to Mahu2021 [Jd 2h]
Mahu2021: folds 
Guii-FPOLIS: calls 10
VasATot: checks 
*** FLOP *** [Qs 3d 7s]
Guii-FPOLIS: checks 
VasATot: checks 
*** TURN *** [Qs 3d 7s] [As]
Guii-FPOLIS: checks 
VasATot: checks 
*** RIVER *** [Qs 3d 7s As] [2c]
Guii-FPOLIS: checks 
VasATot: bets 20
Guii-FPOLIS: folds 
Uncalled bet (20) returned to VasATot
VasATot collected 40 from pot
VasATot: doesn't show hand 
*** SUMMARY ***
Total pot 40 | Rake 0 
Board [Qs 3d 7s As 2c]
Seat 1: Mahu2021 (button) folded before Flop (didn't bet)
Seat 2: Guii-FPOLIS (small blind) folded on the River
Seat 3: VasATot (big blind) collected (40)



PokerStars Hand #243367278786: Tournament #3583823210, $0.92+$0.08 USD Hold'em No Limit - Level I (10/20) - 2023/04/28 18:13:55 CET [2023/04/28 12:13:55 ET]
Table '3583823210 1' 3-max Seat #2 is the button
Seat 1: Mahu2021 (500 in chips) 
Seat 2: Guii-FPOLIS (480 in chips) 
Seat 3: VasATot (520 in chips) 
VasATot: posts small blind 10
Mahu2021: posts big blind 20
*** HOLE CARDS ***
Dealt to Mahu2021 [Kc Ah]
Guii-FPOLIS: raises 60 to 80
VasATot: calls 70
Mahu2021: calls 60
*** FLOP *** [6d 3h 6c]
VasATot: bets 240
Mahu2021: folds 
Guii-FPOLIS: folds 
Uncalled bet (240) returned to VasATot
VasATot collected 240 from pot
VasATot: doesn't show hand 
*** SUMMARY ***
Total pot 240 | Rake 0 
Board [6d 3h 6c]
Seat 1: Mahu2021 (big blind) folded on the Flop
Seat 2: Guii-FPOLIS (button) folded on the Flop
Seat 3: VasATot (small blind) collected (240)



PokerStars Hand #243367286569: Tournament #3583823210, $0.92+$0.08 USD Hold'em No Limit - Level I (10/20) - 2023/04/28 18:14:23 CET [2023/04/28 12:14:23 ET]
Table '3583823210 1' 3-max Seat #3 is the button
Seat 1: Mahu2021 (420 in chips) 
Seat 2: Guii-FPOLIS (400 in chips) 
Seat 3: VasATot (680 in chips) 
Mahu2021: posts small blind 10
Guii-FPOLIS: posts big blind 20
*** HOLE CARDS ***
Dealt to Mahu2021 [Qh Js]
VasATot: calls 20
Mahu2021: calls 10
Guii-FPOLIS: checks 
*** FLOP *** [6d 3h 8c]
Mahu2021: checks 
Guii-FPOLIS: checks 
VasATot: checks 
*** TURN *** [6d 3h 8c] [9h]
Mahu2021: bets 40
Guii-FPOLIS: calls 40
VasATot: folds 
*** RIVER *** [6d 3h 8c 9h] [As]
Mahu2021: checks 
Guii-FPOLIS: bets 120
Mahu2021: folds 
Uncalled bet (120) returned to Guii-FPOLIS
Guii-FPOLIS collected 140 from pot
Guii-FPOLIS: doesn't show hand 
*** SUMMARY ***
Total pot 140 | Rake 0 
Board [6d 3h 8c 9h As]
Seat 1: Mahu2021 (small blind) folded on the River
Seat 2: Guii-FPOLIS (big blind) collected (140)
Seat 3: VasATot (button) folded on the Turn



PokerStars Hand #243367296057: Tournament #3583823210, $0.92+$0.08 USD Hold'em No Limit - Level I (10/20) - 2023/04/28 18:14:58 CET [2023/04/28 12:14:58 ET]
Table '3583823210 1' 3-max Seat #1 is the button
Seat 1: Mahu2021 (360 in chips) 
Seat 2: Guii-FPOLIS (480 in chips) 
Seat 3: VasATot (660 in chips) 
Guii-FPOLIS: posts small blind 10
VasATot: posts big blind 20
*** HOLE CARDS ***
Dealt to Mahu2021 [9c 4h]
Mahu2021: folds 
Guii-FPOLIS: calls 10
VasATot: checks 
*** FLOP *** [Jc As 2s]
Guii-FPOLIS: checks 
VasATot: bets 40
Guii-FPOLIS: folds 
Uncalled bet (40) returned to VasATot
VasATot collected 40 from pot
VasATot: doesn't show hand 
*** SUMMARY ***
Total pot 40 | Rake 0 
Board [Jc As 2s]
Seat 1: Mahu2021 (button) folded before Flop (didn't bet)
Seat 2: Guii-FPOLIS (small blind) folded on the Flop
Seat 3: VasATot (big blind) collected (40)



PokerStars Hand #243367301106: Tournament #3583823210, $0.92+$0.08 USD Hold'em No Limit - Level I (10/20) - 2023/04/28 18:15:16 CET [2023/04/28 12:15:16 ET]
Table '3583823210 1' 3-max Seat #2 is the button
Seat 1: Mahu2021 (360 in chips) 
Seat 2: Guii-FPOLIS (460 in chips) 
Seat 3: VasATot (680 in chips) 
VasATot: posts small blind 10
Mahu2021: posts big blind 20
*** HOLE CARDS ***
Dealt to Mahu2021 [5h Ks]
Guii-FPOLIS: folds 
VasATot: calls 10
Mahu2021: checks 
*** FLOP *** [9h Ad 9d]
VasATot: checks 
Mahu2021: bets 20
VasATot: folds 
Uncalled bet (20) returned to Mahu2021
Mahu2021 collected 40 from pot
Mahu2021: doesn't show hand 
*** SUMMARY ***
Total pot 40 | Rake 0 
Board [9h Ad 9d]
Seat 1: Mahu2021 (big blind) collected (40)
Seat 2: Guii-FPOLIS (button) folded before Flop (didn't bet)
Seat 3: VasATot (small blind) folded on the Flop



PokerStars Hand #243367306306: Tournament #3583823210, $0.92+$0.08 USD Hold'em No Limit - Level II (15/30) - 2023/04/28 18:15:34 CET [2023/04/28 12:15:34 ET]
Table '3583823210 1' 3-max Seat #3 is the button
Seat 1: Mahu2021 (380 in chips) 
Seat 2: Guii-FPOLIS (460 in chips) 
Seat 3: VasATot (660 in chips) 
Mahu2021: posts small blind 15
Guii-FPOLIS: posts big blind 30
*** HOLE CARDS ***
Dealt to Mahu2021 [9h 4h]
VasATot: calls 30
Mahu2021: folds 
Guii-FPOLIS: checks 
*** FLOP *** [6c Tc 5d]
Guii-FPOLIS: checks 
VasATot: checks 
*** TURN *** [6c Tc 5d] [Ad]
Guii-FPOLIS: checks 
VasATot: checks 
*** RIVER *** [6c Tc 5d Ad] [Td]
Guii-FPOLIS: checks 
VasATot: checks 
*** SHOW DOWN ***
Guii-FPOLIS: shows [6d 9c] (two pair, Tens and Sixes)
VasATot: mucks hand 
Guii-FPOLIS collected 75 from pot
*** SUMMARY ***
Total pot 75 | Rake 0 
Board [6c Tc 5d Ad Td]
Seat 1: Mahu2021 (small blind) folded before Flop
Seat 2: Guii-FPOLIS (big blind) showed [6d 9c] and won (75) with two pair, Tens and Sixes
Seat 3: VasATot (button) mucked [8c 9d]



PokerStars Hand #243367313723: Tournament #3583823210, $0.92+$0.08 USD Hold'em No Limit - Level II (15/30) - 2023/04/28 18:16:01 CET [2023/04/28 12:16:01 ET]
Table '3583823210 1' 3-max Seat #1 is the button
Seat 1: Mahu2021 (365 in chips) 
Seat 2: Guii-FPOLIS (505 in chips) 
Seat 3: VasATot (630 in chips) 
Guii-FPOLIS: posts small blind 15
VasATot: posts big blind 30
*** HOLE CARDS ***
Dealt to Mahu2021 [Qs 4s]
Mahu2021: folds 
Guii-FPOLIS: calls 15
VasATot: checks 
*** FLOP *** [9d Ad 4c]
Guii-FPOLIS: checks 
VasATot: checks 
*** TURN *** [9d Ad 4c] [Jd]
Guii-FPOLIS: checks 
VasATot: bets 30
Guii-FPOLIS: calls 30
*** RIVER *** [9d Ad 4c Jd] [Jh]
Guii-FPOLIS: checks 
VasATot: checks 
*** SHOW DOWN ***
Guii-FPOLIS: shows [6d 5c] (a pair of Jacks)
VasATot: shows [7d 9c] (two pair, Jacks and Nines)
VasATot collected 120 from pot
*** SUMMARY ***
Total pot 120 | Rake 0 
Board [9d Ad 4c Jd Jh]
Seat 1: Mahu2021 (button) folded before Flop (didn't bet)
Seat 2: Guii-FPOLIS (small blind) showed [6d 5c] and lost with a pair of Jacks
Seat 3: VasATot (big blind) showed [7d 9c] and won (120) with two pair, Jacks and Nines



PokerStars Hand #243367321038: Tournament #3583823210, $0.92+$0.08 USD Hold'em No Limit - Level II (15/30) - 2023/04/28 18:16:27 CET [2023/04/28 12:16:27 ET]
Table '3583823210 1' 3-max Seat #2 is the button
Seat 1: Mahu2021 (365 in chips) 
Seat 2: Guii-FPOLIS (445 in chips) 
Seat 3: VasATot (690 in chips) 
VasATot: posts small blind 15
Mahu2021: posts big blind 30
*** HOLE CARDS ***
Dealt to Mahu2021 [Kd Td]
Guii-FPOLIS: folds 
VasATot: calls 15
Mahu2021: raises 60 to 90
VasATot: calls 60
*** FLOP *** [7h Th Jc]
VasATot: bets 180
Mahu2021: folds 
Uncalled bet (180) returned to VasATot
VasATot collected 180 from pot
VasATot: doesn't show hand 
*** SUMMARY ***
Total pot 180 | Rake 0 
Board [7h Th Jc]
Seat 1: Mahu2021 (big blind) folded on the Flop
Seat 2: Guii-FPOLIS (button) folded before Flop (didn't bet)
Seat 3: VasATot (small blind) collected (180)



PokerStars Hand #243367327478: Tournament #3583823210, $0.92+$0.08 USD Hold'em No Limit - Level II (15/30) - 2023/04/28 18:16:50 CET [2023/04/28 12:16:50 ET]
Table '3583823210 1' 3-max Seat #3 is the button
Seat 1: Mahu2021 (275 in chips) 
Seat 2: Guii-FPOLIS (445 in chips) 
Seat 3: VasATot (780 in chips) 
Mahu2021: posts small blind 15
Guii-FPOLIS: posts big blind 30
*** HOLE CARDS ***
Dealt to Mahu2021 [2c 5h]
VasATot: calls 30
Mahu2021: folds 
Guii-FPOLIS: checks 
*** FLOP *** [4h 6d Qs]
Guii-FPOLIS: checks 
VasATot: bets 30
Guii-FPOLIS: calls 30
*** TURN *** [4h 6d Qs] [Ts]
Guii-FPOLIS: checks 
VasATot: bets 30
Guii-FPOLIS has timed out
Guii-FPOLIS: folds 
Guii-FPOLIS is sitting out
Uncalled bet (30) returned to VasATot
VasATot collected 135 from pot
VasATot: doesn't show hand 
Guii-FPOLIS has returned
*** SUMMARY ***
Total pot 135 | Rake 0 
Board [4h 6d Qs Ts]
Seat 1: Mahu2021 (small blind) folded before Flop
Seat 2: Guii-FPOLIS (big blind) folded on the Turn
Seat 3: VasATot (button) collected (135)



PokerStars Hand #243367343069: Tournament #3583823210, $0.92+$0.08 USD Hold'em No Limit - Level III (20/40) - 2023/04/28 18:17:44 CET [2023/04/28 12:17:44 ET]
Table '3583823210 1' 3-max Seat #1 is the button
Seat 1: Mahu2021 (260 in chips) 
Seat 2: Guii-FPOLIS (385 in chips) 
Seat 3: VasATot (855 in chips) 
Guii-FPOLIS: posts small blind 20
VasATot: posts big blind 40
*** HOLE CARDS ***
Dealt to Mahu2021 [Kd 2s]
Mahu2021: folds 
Guii-FPOLIS: calls 20
VasATot: raises 40 to 80
Guii-FPOLIS: folds 
Uncalled bet (40) returned to VasATot
VasATot collected 80 from pot
VasATot: doesn't show hand 
*** SUMMARY ***
Total pot 80 | Rake 0 
Seat 1: Mahu2021 (button) folded before Flop (didn't bet)
Seat 2: Guii-FPOLIS (small blind) folded before Flop
Seat 3: VasATot (big blind) collected (80)



PokerStars Hand #243367347328: Tournament #3583823210, $0.92+$0.08 USD Hold'em No Limit - Level III (20/40) - 2023/04/28 18:18:00 CET [2023/04/28 12:18:00 ET]
Table '3583823210 1' 3-max Seat #2 is the button
Seat 1: Mahu2021 (260 in chips) 
Seat 2: Guii-FPOLIS (345 in chips) 
Seat 3: VasATot (895 in chips) 
VasATot: posts small blind 20
Mahu2021: posts big blind 40
*** HOLE CARDS ***
Dealt to Mahu2021 [4d 4h]
Guii-FPOLIS: folds 
VasATot: calls 20
Mahu2021: raises 220 to 260 and is all-in
VasATot: folds 
Uncalled bet (220) returned to Mahu2021
Mahu2021 collected 80 from pot
Mahu2021: doesn't show hand 
*** SUMMARY ***
Total pot 80 | Rake 0 
Seat 1: Mahu2021 (big blind) collected (80)
Seat 2: Guii-FPOLIS (button) folded before Flop (didn't bet)
Seat 3: VasATot (small blind) folded before Flop



PokerStars Hand #243367352514: Tournament #3583823210, $0.92+$0.08 USD Hold'em No Limit - Level III (20/40) - 2023/04/28 18:18:18 CET [2023/04/28 12:18:18 ET]
Table '3583823210 1' 3-max Seat #3 is the button
Seat 1: Mahu2021 (300 in chips) 
Seat 2: Guii-FPOLIS (345 in chips) 
Seat 3: VasATot (855 in chips) 
Mahu2021: posts small blind 20
Guii-FPOLIS: posts big blind 40
*** HOLE CARDS ***
Dealt to Mahu2021 [7d 5c]
VasATot: calls 40
Mahu2021: folds 
Guii-FPOLIS: raises 305 to 345 and is all-in
VasATot: folds 
Uncalled bet (305) returned to Guii-FPOLIS
Guii-FPOLIS collected 100 from pot
Guii-FPOLIS: doesn't show hand 
*** SUMMARY ***
Total pot 100 | Rake 0 
Seat 1: Mahu2021 (small blind) folded before Flop
Seat 2: Guii-FPOLIS (big blind) collected (100)
Seat 3: VasATot (button) folded before Flop



PokerStars Hand #243367355136: Tournament #3583823210, $0.92+$0.08 USD Hold'em No Limit - Level III (20/40) - 2023/04/28 18:18:27 CET [2023/04/28 12:18:27 ET]
Table '3583823210 1' 3-max Seat #1 is the button
Seat 1: Mahu2021 (280 in chips) 
Seat 2: Guii-FPOLIS (405 in chips) 
Seat 3: VasATot (815 in chips) 
Guii-FPOLIS: posts small blind 20
VasATot: posts big blind 40
*** HOLE CARDS ***
Dealt to Mahu2021 [Th Js]
Mahu2021: calls 40
Guii-FPOLIS: calls 20
VasATot: checks 
*** FLOP *** [Kh 6h 2s]
Guii-FPOLIS has timed out
Guii-FPOLIS: checks 
VasATot: checks 
Mahu2021: checks 
*** TURN *** [Kh 6h 2s] [8h]
Guii-FPOLIS: checks 
VasATot: bets 60
Mahu2021: folds 
Guii-FPOLIS: folds 
Uncalled bet (60) returned to VasATot
VasATot collected 120 from pot
VasATot: doesn't show hand 
*** SUMMARY ***
Total pot 120 | Rake 0 
Board [Kh 6h 2s 8h]
Seat 1: Mahu2021 (button) folded on the Turn
Seat 2: Guii-FPOLIS (small blind) folded on the Turn
Seat 3: VasATot (big blind) collected (120)



PokerStars Hand #243367365339: Tournament #3583823210, $0.92+$0.08 USD Hold'em No Limit - Level III (20/40) - 2023/04/28 18:19:03 CET [2023/04/28 12:19:03 ET]
Table '3583823210 1' 3-max Seat #2 is the button
Seat 1: Mahu2021 (240 in chips) 
Seat 2: Guii-FPOLIS (365 in chips) 
Seat 3: VasATot (895 in chips) 
VasATot: posts small blind 20
Mahu2021: posts big blind 40
*** HOLE CARDS ***
Dealt to Mahu2021 [Kh 9c]
Guii-FPOLIS: folds 
VasATot: calls 20
Mahu2021: raises 200 to 240 and is all-in
VasATot: folds 
Uncalled bet (200) returned to Mahu2021
Mahu2021 collected 80 from pot
Mahu2021: doesn't show hand 
*** SUMMARY ***
Total pot 80 | Rake 0 
Seat 1: Mahu2021 (big blind) collected (80)
Seat 2: Guii-FPOLIS (button) folded before Flop (didn't bet)
Seat 3: VasATot (small blind) folded before Flop



PokerStars Hand #243367368038: Tournament #3583823210, $0.92+$0.08 USD Hold'em No Limit - Level III (20/40) - 2023/04/28 18:19:12 CET [2023/04/28 12:19:12 ET]
Table '3583823210 1' 3-max Seat #3 is the button
Seat 1: Mahu2021 (280 in chips) 
Seat 2: Guii-FPOLIS (365 in chips) 
Seat 3: VasATot (855 in chips) 
Mahu2021: posts small blind 20
Guii-FPOLIS: posts big blind 40
*** HOLE CARDS ***
Dealt to Mahu2021 [2d Ah]
VasATot: raises 40 to 80
Mahu2021: calls 60
Guii-FPOLIS: folds 
*** FLOP *** [Th 8h 3d]
Mahu2021: checks 
VasATot: bets 200
Mahu2021: folds 
Uncalled bet (200) returned to VasATot
VasATot collected 200 from pot
VasATot: doesn't show hand 
*** SUMMARY ***
Total pot 200 | Rake 0 
Board [Th 8h 3d]
Seat 1: Mahu2021 (small blind) folded on the Flop
Seat 2: Guii-FPOLIS (big blind) folded before Flop
Seat 3: VasATot (button) collected (200)



PokerStars Hand #243367375086: Tournament #3583823210, $0.92+$0.08 USD Hold'em No Limit - Level IV (30/60) - 2023/04/28 18:19:37 CET [2023/04/28 12:19:37 ET]
Table '3583823210 1' 3-max Seat #1 is the button
Seat 1: Mahu2021 (200 in chips) 
Seat 2: Guii-FPOLIS (325 in chips) 
Seat 3: VasATot (975 in chips) 
Guii-FPOLIS: posts small blind 30
VasATot: posts big blind 60
*** HOLE CARDS ***
Dealt to Mahu2021 [Kc 5c]
Mahu2021: raises 140 to 200 and is all-in
Guii-FPOLIS: folds 
VasATot: folds 
Uncalled bet (140) returned to Mahu2021
Mahu2021 collected 150 from pot
Mahu2021: doesn't show hand 
*** SUMMARY ***
Total pot 150 | Rake 0 
Seat 1: Mahu2021 (button) collected (150)
Seat 2: Guii-FPOLIS (small blind) folded before Flop
Seat 3: VasATot (big blind) folded before Flop



PokerStars Hand #243367378186: Tournament #3583823210, $0.92+$0.08 USD Hold'em No Limit - Level IV (30/60) - 2023/04/28 18:19:48 CET [2023/04/28 12:19:48 ET]
Table '3583823210 1' 3-max Seat #2 is the button
Seat 1: Mahu2021 (290 in chips) 
Seat 2: Guii-FPOLIS (295 in chips) 
Seat 3: VasATot (915 in chips) 
VasATot: posts small blind 30
Mahu2021: posts big blind 60
*** HOLE CARDS ***
Dealt to Mahu2021 [Qh 7h]
Guii-FPOLIS: folds 
VasATot: calls 30
Mahu2021: checks 
*** FLOP *** [Kh Qc Td]
VasATot: bets 120
Mahu2021: raises 110 to 230 and is all-in
VasATot: calls 110
*** TURN *** [Kh Qc Td] [3h]
*** RIVER *** [Kh Qc Td 3h] [9h]
*** SHOW DOWN ***
VasATot: shows [Tc 9s] (two pair, Tens and Nines)
Mahu2021: shows [Qh 7h] (a flush, King high)
Mahu2021 collected 580 from pot
*** SUMMARY ***
Total pot 580 | Rake 0 
Board [Kh Qc Td 3h 9h]
Seat 1: Mahu2021 (big blind) showed [Qh 7h] and won (580) with a flush, King high
Seat 2: Guii-FPOLIS (button) folded before Flop (didn't bet)
Seat 3: VasATot (small blind) showed [Tc 9s] and lost with two pair, Tens and Nines



PokerStars Hand #243367384893: Tournament #3583823210, $0.92+$0.08 USD Hold'em No Limit - Level IV (30/60) - 2023/04/28 18:20:12 CET [2023/04/28 12:20:12 ET]
Table '3583823210 1' 3-max Seat #3 is the button
Seat 1: Mahu2021 (580 in chips) 
Seat 2: Guii-FPOLIS (295 in chips) 
Seat 3: VasATot (625 in chips) 
Mahu2021: posts small blind 30
Guii-FPOLIS: posts big blind 60
*** HOLE CARDS ***
Dealt to Mahu2021 [3d 9d]
VasATot: raises 150 to 210
Mahu2021: folds 
Guii-FPOLIS: folds 
Uncalled bet (150) returned to VasATot
VasATot collected 150 from pot
VasATot: doesn't show hand 
*** SUMMARY ***
Total pot 150 | Rake 0 
Seat 1: Mahu2021 (small blind) folded before Flop
Seat 2: Guii-FPOLIS (big blind) folded before Flop
Seat 3: VasATot (button) collected (150)



PokerStars Hand #243367387240: Tournament #3583823210, $0.92+$0.08 USD Hold'em No Limit - Level IV (30/60) - 2023/04/28 18:20:20 CET [2023/04/28 12:20:20 ET]
Table '3583823210 1' 3-max Seat #1 is the button
Seat 1: Mahu2021 (550 in chips) 
Seat 2: Guii-FPOLIS (235 in chips) 
Seat 3: VasATot (715 in chips) 
Guii-FPOLIS: posts small blind 30
VasATot: posts big blind 60
*** HOLE CARDS ***
Dealt to Mahu2021 [9c 9h]
Mahu2021: raises 60 to 120
Guii-FPOLIS: calls 90
VasATot: raises 360 to 480
Mahu2021: raises 70 to 550 and is all-in
Guii-FPOLIS: calls 115 and is all-in
VasATot: calls 70
*** FLOP *** [6d Js 2h]
*** TURN *** [6d Js 2h] [4c]
*** RIVER *** [6d Js 2h 4c] [2s]
*** SHOW DOWN ***
VasATot: shows [4h Ac] (two pair, Fours and Deuces)
Mahu2021: shows [9c 9h] (two pair, Nines and Deuces)
Mahu2021 collected 630 from side pot
Guii-FPOLIS: shows [9d 5c] (a pair of Deuces)
Mahu2021 collected 705 from main pot
Guii-FPOLIS finished the tournament in 3rd place
*** SUMMARY ***
Total pot 1335 Main pot 705. Side pot 630. | Rake 0 
Board [6d Js 2h 4c 2s]
Seat 1: Mahu2021 (button) showed [9c 9h] and won (1335) with two pair, Nines and Deuces
Seat 2: Guii-FPOLIS (small blind) showed [9d 5c] and lost with a pair of Deuces
Seat 3: VasATot (big blind) showed [4h Ac] and lost with two pair, Fours and Deuces



PokerStars Hand #243367395109: Tournament #3583823210, $0.92+$0.08 USD Hold'em No Limit - Level IV (30/60) - 2023/04/28 18:20:48 CET [2023/04/28 12:20:48 ET]
Table '3583823210 1' 3-max Seat #3 is the button
Seat 1: Mahu2021 (1335 in chips) 
Seat 3: VasATot (165 in chips) 
VasATot: posts small blind 30
Mahu2021: posts big blind 60
*** HOLE CARDS ***
Dealt to Mahu2021 [Th 6d]
VasATot: raises 105 to 165 and is all-in
Mahu2021: folds 
Uncalled bet (105) returned to VasATot
VasATot collected 120 from pot
VasATot: doesn't show hand 
*** SUMMARY ***
Total pot 120 | Rake 0 
Seat 1: Mahu2021 (big blind) folded before Flop
Seat 3: VasATot (button) (small blind) collected (120)



PokerStars Hand #243367396987: Tournament #3583823210, $0.92+$0.08 USD Hold'em No Limit - Level IV (30/60) - 2023/04/28 18:20:54 CET [2023/04/28 12:20:54 ET]
Table '3583823210 1' 3-max Seat #1 is the button
Seat 1: Mahu2021 (1275 in chips) 
Seat 3: VasATot (225 in chips) 
Mahu2021: posts small blind 30
VasATot: posts big blind 60
*** HOLE CARDS ***
Dealt to Mahu2021 [6h 4s]
Mahu2021: folds 
Uncalled bet (30) returned to VasATot
VasATot collected 60 from pot
VasATot: doesn't show hand 
*** SUMMARY ***
Total pot 60 | Rake 0 
Seat 1: Mahu2021 (button) (small blind) folded before Flop
Seat 3: VasATot (big blind) collected (60)



PokerStars Hand #243367398189: Tournament #3583823210, $0.92+$0.08 USD Hold'em No Limit - Level IV (30/60) - 2023/04/28 18:20:59 CET [2023/04/28 12:20:59 ET]
Table '3583823210 1' 3-max Seat #3 is the button
Seat 1: Mahu2021 (1245 in chips) 
Seat 3: VasATot (255 in chips) 
VasATot: posts small blind 30
Mahu2021: posts big blind 60
*** HOLE CARDS ***
Dealt to Mahu2021 [Ks Jh]
VasATot: raises 195 to 255 and is all-in
Mahu2021: calls 195
*** FLOP *** [Th Kc 4h]
*** TURN *** [Th Kc 4h] [Jc]
*** RIVER *** [Th Kc 4h Jc] [2c]
*** SHOW DOWN ***
Mahu2021: shows [Ks Jh] (two pair, Kings and Jacks)
VasATot: shows [5h Js] (a pair of Jacks)
Mahu2021 collected 510 from pot
VasATot finished the tournament in 2nd place
Mahu2021 wins the tournament and receives $2.00 - congratulations!
*** SUMMARY ***
Total pot 510 | Rake 0 
Board [Th Kc 4h Jc 2c]
Seat 1: Mahu2021 (big blind) showed [Ks Jh] and won (510) with two pair, Kings and Jacks
Seat 3: VasATot (button) (small blind) showed [5h Js] and lost with a pair of Jacks



