PokerStars Hand #253093355871: Tournament #3816289803, $9.30+$0.70 USD Hold'em No Limit - Level I (10/20) - 2024/10/25 14:05:19 CET [2024/10/25 8:05:19 ET]
Table '3816289803 1' 3-max Seat #1 is the button
Seat 1: S1mple606 (500 in chips) 
Seat 2: VinD777 (500 in chips) 
Seat 3: Mahu2021 (500 in chips) 
VinD777: posts small blind 10
Mahu2021: posts big blind 20
*** HOLE CARDS ***
Dealt to Mahu2021 [7s 7d]
S1mple606: folds 
VinD777: raises 20 to 40
Mahu2021: calls 20
*** FLOP *** [Qd Ks Tc]
VinD777: bets 40
Mahu2021: folds 
Uncalled bet (40) returned to VinD777
VinD777 collected 80 from pot
VinD777: doesn't show hand 
*** SUMMARY ***
Total pot 80 | Rake 0 
Board [Qd Ks Tc]
Seat 1: S1mple606 (button) folded before Flop (didn't bet)
Seat 2: VinD777 (small blind) collected (80)
Seat 3: Mahu2021 (big blind) folded on the Flop



PokerStars Hand #253093357761: Tournament #3816289803, $9.30+$0.70 USD Hold'em No Limit - Level I (10/20) - 2024/10/25 14:05:31 CET [2024/10/25 8:05:31 ET]
Table '3816289803 1' 3-max Seat #2 is the button
Seat 1: S1mple606 (500 in chips) 
Seat 2: VinD777 (540 in chips) 
Seat 3: Mahu2021 (460 in chips) 
Mahu2021: posts small blind 10
S1mple606: posts big blind 20
*** HOLE CARDS ***
Dealt to Mahu2021 [6s Kh]
VinD777: folds 
Mahu2021: raises 20 to 40
S1mple606: calls 20
*** FLOP *** [2d Qs 9c]
Mahu2021: checks 
S1mple606: bets 40
Mahu2021: folds 
Uncalled bet (40) returned to S1mple606
S1mple606 collected 80 from pot
S1mple606: doesn't show hand 
*** SUMMARY ***
Total pot 80 | Rake 0 
Board [2d Qs 9c]
Seat 1: S1mple606 (big blind) collected (80)
Seat 2: VinD777 (button) folded before Flop (didn't bet)
Seat 3: Mahu2021 (small blind) folded on the Flop



PokerStars Hand #253093360852: Tournament #3816289803, $9.30+$0.70 USD Hold'em No Limit - Level I (10/20) - 2024/10/25 14:05:51 CET [2024/10/25 8:05:51 ET]
Table '3816289803 1' 3-max Seat #3 is the button
Seat 1: S1mple606 (540 in chips) 
Seat 2: VinD777 (540 in chips) 
Seat 3: Mahu2021 (420 in chips) 
S1mple606: posts small blind 10
VinD777: posts big blind 20
*** HOLE CARDS ***
Dealt to Mahu2021 [5h 5c]
Mahu2021: raises 20 to 40
S1mple606: calls 30
VinD777: calls 20
*** FLOP *** [Qc 5d Ks]
S1mple606: checks 
VinD777: checks 
Mahu2021: bets 40
S1mple606: calls 40
VinD777: calls 40
*** TURN *** [Qc 5d Ks] [8d]
S1mple606: checks 
VinD777: bets 120
Mahu2021: raises 220 to 340 and is all-in
S1mple606: folds 
VinD777: calls 220
*** RIVER *** [Qc 5d Ks 8d] [Th]
*** SHOW DOWN ***
VinD777: shows [Qd 8c] (two pair, Queens and Eights)
Mahu2021: shows [5h 5c] (three of a kind, Fives)
Mahu2021 collected 920 from pot
*** SUMMARY ***
Total pot 920 | Rake 0 
Board [Qc 5d Ks 8d Th]
Seat 1: S1mple606 (small blind) folded on the Turn
Seat 2: VinD777 (big blind) showed [Qd 8c] and lost with two pair, Queens and Eights
Seat 3: Mahu2021 (button) showed [5h 5c] and won (920) with three of a kind, Fives



PokerStars Hand #253093368359: Tournament #3816289803, $9.30+$0.70 USD Hold'em No Limit - Level I (10/20) - 2024/10/25 14:06:41 CET [2024/10/25 8:06:41 ET]
Table '3816289803 1' 3-max Seat #1 is the button
Seat 1: S1mple606 (460 in chips) 
Seat 2: VinD777 (120 in chips) 
Seat 3: Mahu2021 (920 in chips) 
VinD777: posts small blind 10
Mahu2021: posts big blind 20
*** HOLE CARDS ***
Dealt to Mahu2021 [Js Ks]
S1mple606: calls 20
VinD777: calls 10
Mahu2021: checks 
*** FLOP *** [Qc Jh 3s]
VinD777: checks 
Mahu2021: bets 40
S1mple606: folds 
VinD777: folds 
Uncalled bet (40) returned to Mahu2021
Mahu2021 collected 60 from pot
Mahu2021: doesn't show hand 
*** SUMMARY ***
Total pot 60 | Rake 0 
Board [Qc Jh 3s]
Seat 1: S1mple606 (button) folded on the Flop
Seat 2: VinD777 (small blind) folded on the Flop
Seat 3: Mahu2021 (big blind) collected (60)



PokerStars Hand #253093372682: Tournament #3816289803, $9.30+$0.70 USD Hold'em No Limit - Level I (10/20) - 2024/10/25 14:07:10 CET [2024/10/25 8:07:10 ET]
Table '3816289803 1' 3-max Seat #2 is the button
Seat 1: S1mple606 (440 in chips) 
Seat 2: VinD777 (100 in chips) 
Seat 3: Mahu2021 (960 in chips) 
Mahu2021: posts small blind 10
S1mple606: posts big blind 20
*** HOLE CARDS ***
Dealt to Mahu2021 [Ts 2d]
VinD777: raises 80 to 100 and is all-in
Mahu2021: folds 
S1mple606: calls 80
*** FLOP *** [Jc 2h Qh]
*** TURN *** [Jc 2h Qh] [5s]
*** RIVER *** [Jc 2h Qh 5s] [Ks]
*** SHOW DOWN ***
S1mple606: shows [7h Ad] (high card Ace)
VinD777: shows [7d Ac] (high card Ace)
S1mple606 collected 105 from pot
VinD777 collected 105 from pot
*** SUMMARY ***
Total pot 210 | Rake 0 
Board [Jc 2h Qh 5s Ks]
Seat 1: S1mple606 (big blind) showed [7h Ad] and won (105) with high card Ace
Seat 2: VinD777 (button) showed [7d Ac] and won (105) with high card Ace
Seat 3: Mahu2021 (small blind) folded before Flop



PokerStars Hand #253093375253: Tournament #3816289803, $9.30+$0.70 USD Hold'em No Limit - Level II (15/30) - 2024/10/25 14:07:27 CET [2024/10/25 8:07:27 ET]
Table '3816289803 1' 3-max Seat #3 is the button
Seat 1: S1mple606 (445 in chips) 
Seat 2: VinD777 (105 in chips) 
Seat 3: Mahu2021 (950 in chips) 
S1mple606: posts small blind 15
VinD777: posts big blind 30
*** HOLE CARDS ***
Dealt to Mahu2021 [Qc As]
Mahu2021: raises 30 to 60
S1mple606: folds 
VinD777: folds 
Uncalled bet (30) returned to Mahu2021
Mahu2021 collected 75 from pot
Mahu2021: doesn't show hand 
*** SUMMARY ***
Total pot 75 | Rake 0 
Seat 1: S1mple606 (small blind) folded before Flop
Seat 2: VinD777 (big blind) folded before Flop
Seat 3: Mahu2021 (button) collected (75)



PokerStars Hand #253093377899: Tournament #3816289803, $9.30+$0.70 USD Hold'em No Limit - Level II (15/30) - 2024/10/25 14:07:44 CET [2024/10/25 8:07:44 ET]
Table '3816289803 1' 3-max Seat #1 is the button
Seat 1: S1mple606 (430 in chips) 
Seat 2: VinD777 (75 in chips) 
Seat 3: Mahu2021 (995 in chips) 
VinD777: posts small blind 15
Mahu2021: posts big blind 30
*** HOLE CARDS ***
Dealt to Mahu2021 [4d Jc]
S1mple606: calls 30
VinD777: folds 
Mahu2021: checks 
*** FLOP *** [7d 2d 3h]
Mahu2021: checks 
S1mple606: bets 60
Mahu2021: folds 
Uncalled bet (60) returned to S1mple606
S1mple606 collected 75 from pot
S1mple606: doesn't show hand 
*** SUMMARY ***
Total pot 75 | Rake 0 
Board [7d 2d 3h]
Seat 1: S1mple606 (button) collected (75)
Seat 2: VinD777 (small blind) folded before Flop
Seat 3: Mahu2021 (big blind) folded on the Flop



PokerStars Hand #253093380849: Tournament #3816289803, $9.30+$0.70 USD Hold'em No Limit - Level II (15/30) - 2024/10/25 14:08:04 CET [2024/10/25 8:08:04 ET]
Table '3816289803 1' 3-max Seat #2 is the button
Seat 1: S1mple606 (475 in chips) 
Seat 2: VinD777 (60 in chips) 
Seat 3: Mahu2021 (965 in chips) 
Mahu2021: posts small blind 15
S1mple606: posts big blind 30
*** HOLE CARDS ***
Dealt to Mahu2021 [8d Jh]
VinD777: raises 30 to 60 and is all-in
Mahu2021: calls 45
S1mple606: calls 30
*** FLOP *** [9h 8h 6h]
Mahu2021: checks 
S1mple606: checks 
*** TURN *** [9h 8h 6h] [Qh]
Mahu2021: bets 60
S1mple606: folds 
Uncalled bet (60) returned to Mahu2021
*** RIVER *** [9h 8h 6h Qh] [9d]
*** SHOW DOWN ***
Mahu2021: shows [8d Jh] (a flush, Queen high)
VinD777: shows [Td Ah] (a flush, Ace high)
VinD777 collected 180 from pot
*** SUMMARY ***
Total pot 180 | Rake 0 
Board [9h 8h 6h Qh 9d]
Seat 1: S1mple606 (big blind) folded on the Turn
Seat 2: VinD777 (button) showed [Td Ah] and won (180) with a flush, Ace high
Seat 3: Mahu2021 (small blind) showed [8d Jh] and lost with a flush, Queen high



PokerStars Hand #253093384195: Tournament #3816289803, $9.30+$0.70 USD Hold'em No Limit - Level II (15/30) - 2024/10/25 14:08:26 CET [2024/10/25 8:08:26 ET]
Table '3816289803 1' 3-max Seat #3 is the button
Seat 1: S1mple606 (415 in chips) 
Seat 2: VinD777 (180 in chips) 
Seat 3: Mahu2021 (905 in chips) 
S1mple606: posts small blind 15
VinD777: posts big blind 30
*** HOLE CARDS ***
Dealt to Mahu2021 [5d Qd]
Mahu2021: folds 
S1mple606: calls 15
VinD777: checks 
*** FLOP *** [6s Js 7d]
S1mple606: bets 60
VinD777: raises 90 to 150 and is all-in
S1mple606: folds 
Uncalled bet (90) returned to VinD777
VinD777 collected 180 from pot
VinD777: doesn't show hand 
*** SUMMARY ***
Total pot 180 | Rake 0 
Board [6s Js 7d]
Seat 1: S1mple606 (small blind) folded on the Flop
Seat 2: VinD777 (big blind) collected (180)
Seat 3: Mahu2021 (button) folded before Flop (didn't bet)



PokerStars Hand #253093386791: Tournament #3816289803, $9.30+$0.70 USD Hold'em No Limit - Level II (15/30) - 2024/10/25 14:08:43 CET [2024/10/25 8:08:43 ET]
Table '3816289803 1' 3-max Seat #1 is the button
Seat 1: S1mple606 (325 in chips) 
Seat 2: VinD777 (270 in chips) 
Seat 3: Mahu2021 (905 in chips) 
VinD777: posts small blind 15
Mahu2021: posts big blind 30
*** HOLE CARDS ***
Dealt to Mahu2021 [5s 6s]
S1mple606: folds 
VinD777: folds 
Uncalled bet (15) returned to Mahu2021
Mahu2021 collected 30 from pot
Mahu2021: doesn't show hand 
*** SUMMARY ***
Total pot 30 | Rake 0 
Seat 1: S1mple606 (button) folded before Flop (didn't bet)
Seat 2: VinD777 (small blind) folded before Flop
Seat 3: Mahu2021 (big blind) collected (30)



PokerStars Hand #253093388075: Tournament #3816289803, $9.30+$0.70 USD Hold'em No Limit - Level II (15/30) - 2024/10/25 14:08:52 CET [2024/10/25 8:08:52 ET]
Table '3816289803 1' 3-max Seat #2 is the button
Seat 1: S1mple606 (325 in chips) 
Seat 2: VinD777 (255 in chips) 
Seat 3: Mahu2021 (920 in chips) 
Mahu2021: posts small blind 15
S1mple606: posts big blind 30
*** HOLE CARDS ***
Dealt to Mahu2021 [2s 8c]
VinD777: raises 225 to 255 and is all-in
Mahu2021: folds 
S1mple606: folds 
Uncalled bet (225) returned to VinD777
VinD777 collected 75 from pot
VinD777: doesn't show hand 
*** SUMMARY ***
Total pot 75 | Rake 0 
Seat 1: S1mple606 (big blind) folded before Flop
Seat 2: VinD777 (button) collected (75)
Seat 3: Mahu2021 (small blind) folded before Flop



PokerStars Hand #253093389009: Tournament #3816289803, $9.30+$0.70 USD Hold'em No Limit - Level II (15/30) - 2024/10/25 14:08:58 CET [2024/10/25 8:08:58 ET]
Table '3816289803 1' 3-max Seat #3 is the button
Seat 1: S1mple606 (295 in chips) 
Seat 2: VinD777 (300 in chips) 
Seat 3: Mahu2021 (905 in chips) 
S1mple606: posts small blind 15
VinD777: posts big blind 30
*** HOLE CARDS ***
Dealt to Mahu2021 [Kd 5h]
Mahu2021: folds 
S1mple606: calls 15
VinD777: raises 270 to 300 and is all-in
S1mple606: folds 
Uncalled bet (270) returned to VinD777
VinD777 collected 60 from pot
VinD777: doesn't show hand 
*** SUMMARY ***
Total pot 60 | Rake 0 
Seat 1: S1mple606 (small blind) folded before Flop
Seat 2: VinD777 (big blind) collected (60)
Seat 3: Mahu2021 (button) folded before Flop (didn't bet)



PokerStars Hand #253093391102: Tournament #3816289803, $9.30+$0.70 USD Hold'em No Limit - Level II (15/30) - 2024/10/25 14:09:12 CET [2024/10/25 8:09:12 ET]
Table '3816289803 1' 3-max Seat #1 is the button
Seat 1: S1mple606 (265 in chips) 
Seat 2: VinD777 (330 in chips) 
Seat 3: Mahu2021 (905 in chips) 
VinD777: posts small blind 15
Mahu2021: posts big blind 30
*** HOLE CARDS ***
Dealt to Mahu2021 [7c Jd]
S1mple606: raises 30 to 60
VinD777: raises 270 to 330 and is all-in
Mahu2021: folds 
S1mple606: calls 205 and is all-in
Uncalled bet (65) returned to VinD777
*** FLOP *** [8s Js 9c]
*** TURN *** [8s Js 9c] [8d]
*** RIVER *** [8s Js 9c 8d] [8c]
*** SHOW DOWN ***
VinD777: shows [Jh Ks] (a full house, Eights full of Jacks)
S1mple606: shows [6d Kc] (three of a kind, Eights)
VinD777 collected 560 from pot
S1mple606 finished the tournament in 3rd place
*** SUMMARY ***
Total pot 560 | Rake 0 
Board [8s Js 9c 8d 8c]
Seat 1: S1mple606 (button) showed [6d Kc] and lost with three of a kind, Eights
Seat 2: VinD777 (small blind) showed [Jh Ks] and won (560) with a full house, Eights full of Jacks
Seat 3: Mahu2021 (big blind) folded before Flop



PokerStars Hand #253093394819: Tournament #3816289803, $9.30+$0.70 USD Hold'em No Limit - Level III (20/40) - 2024/10/25 14:09:36 CET [2024/10/25 8:09:36 ET]
Table '3816289803 1' 3-max Seat #3 is the button
Seat 2: VinD777 (625 in chips) 
Seat 3: Mahu2021 (875 in chips) 
Mahu2021: posts small blind 20
VinD777: posts big blind 40
*** HOLE CARDS ***
Dealt to Mahu2021 [Th 6s]
Mahu2021: raises 40 to 80
VinD777: calls 40
*** FLOP *** [8c 4c Kd]
VinD777: checks 
Mahu2021: bets 80
VinD777: folds 
Uncalled bet (80) returned to Mahu2021
Mahu2021 collected 160 from pot
Mahu2021: doesn't show hand 
*** SUMMARY ***
Total pot 160 | Rake 0 
Board [8c 4c Kd]
Seat 2: VinD777 (big blind) folded on the Flop
Seat 3: Mahu2021 (button) (small blind) collected (160)



PokerStars Hand #253093397284: Tournament #3816289803, $9.30+$0.70 USD Hold'em No Limit - Level III (20/40) - 2024/10/25 14:09:52 CET [2024/10/25 8:09:52 ET]
Table '3816289803 1' 3-max Seat #2 is the button
Seat 2: VinD777 (545 in chips) 
Seat 3: Mahu2021 (955 in chips) 
VinD777: posts small blind 20
Mahu2021: posts big blind 40
*** HOLE CARDS ***
Dealt to Mahu2021 [6h 7c]
VinD777: calls 20
Mahu2021: checks 
*** FLOP *** [Ad 2h As]
Mahu2021: checks 
VinD777: bets 40
Mahu2021: folds 
Uncalled bet (40) returned to VinD777
VinD777 collected 80 from pot
VinD777: doesn't show hand 
*** SUMMARY ***
Total pot 80 | Rake 0 
Board [Ad 2h As]
Seat 2: VinD777 (button) (small blind) collected (80)
Seat 3: Mahu2021 (big blind) folded on the Flop



PokerStars Hand #253093401326: Tournament #3816289803, $9.30+$0.70 USD Hold'em No Limit - Level III (20/40) - 2024/10/25 14:10:19 CET [2024/10/25 8:10:19 ET]
Table '3816289803 1' 3-max Seat #3 is the button
Seat 2: VinD777 (585 in chips) 
Seat 3: Mahu2021 (915 in chips) 
Mahu2021: posts small blind 20
VinD777: posts big blind 40
*** HOLE CARDS ***
Dealt to Mahu2021 [5s Qs]
Mahu2021: raises 40 to 80
VinD777: folds 
Uncalled bet (40) returned to Mahu2021
Mahu2021 collected 80 from pot
Mahu2021: doesn't show hand 
*** SUMMARY ***
Total pot 80 | Rake 0 
Seat 2: VinD777 (big blind) folded before Flop
Seat 3: Mahu2021 (button) (small blind) collected (80)



PokerStars Hand #253093402640: Tournament #3816289803, $9.30+$0.70 USD Hold'em No Limit - Level III (20/40) - 2024/10/25 14:10:28 CET [2024/10/25 8:10:28 ET]
Table '3816289803 1' 3-max Seat #2 is the button
Seat 2: VinD777 (545 in chips) 
Seat 3: Mahu2021 (955 in chips) 
VinD777: posts small blind 20
Mahu2021: posts big blind 40
*** HOLE CARDS ***
Dealt to Mahu2021 [9c Ts]
VinD777: calls 20
Mahu2021: checks 
*** FLOP *** [2c Ks 4c]
Mahu2021: checks 
VinD777: bets 40
Mahu2021: folds 
Uncalled bet (40) returned to VinD777
VinD777 collected 80 from pot
VinD777: doesn't show hand 
*** SUMMARY ***
Total pot 80 | Rake 0 
Board [2c Ks 4c]
Seat 2: VinD777 (button) (small blind) collected (80)
Seat 3: Mahu2021 (big blind) folded on the Flop



PokerStars Hand #253093404562: Tournament #3816289803, $9.30+$0.70 USD Hold'em No Limit - Level III (20/40) - 2024/10/25 14:10:40 CET [2024/10/25 8:10:40 ET]
Table '3816289803 1' 3-max Seat #3 is the button
Seat 2: VinD777 (585 in chips) 
Seat 3: Mahu2021 (915 in chips) 
Mahu2021: posts small blind 20
VinD777: posts big blind 40
*** HOLE CARDS ***
Dealt to Mahu2021 [4s 7c]
Mahu2021: folds 
Uncalled bet (20) returned to VinD777
VinD777 collected 40 from pot
VinD777: doesn't show hand 
*** SUMMARY ***
Total pot 40 | Rake 0 
Seat 2: VinD777 (big blind) collected (40)
Seat 3: Mahu2021 (button) (small blind) folded before Flop



PokerStars Hand #253093405253: Tournament #3816289803, $9.30+$0.70 USD Hold'em No Limit - Level III (20/40) - 2024/10/25 14:10:45 CET [2024/10/25 8:10:45 ET]
Table '3816289803 1' 3-max Seat #2 is the button
Seat 2: VinD777 (605 in chips) 
Seat 3: Mahu2021 (895 in chips) 
VinD777: posts small blind 20
Mahu2021: posts big blind 40
*** HOLE CARDS ***
Dealt to Mahu2021 [Th 3h]
VinD777: calls 20
Mahu2021: checks 
*** FLOP *** [5c 6c Ts]
Mahu2021: bets 80
VinD777: folds 
Uncalled bet (80) returned to Mahu2021
Mahu2021 collected 80 from pot
Mahu2021: doesn't show hand 
*** SUMMARY ***
Total pot 80 | Rake 0 
Board [5c 6c Ts]
Seat 2: VinD777 (button) (small blind) folded on the Flop
Seat 3: Mahu2021 (big blind) collected (80)



PokerStars Hand #253093407683: Tournament #3816289803, $9.30+$0.70 USD Hold'em No Limit - Level III (20/40) - 2024/10/25 14:11:01 CET [2024/10/25 8:11:01 ET]
Table '3816289803 1' 3-max Seat #3 is the button
Seat 2: VinD777 (565 in chips) 
Seat 3: Mahu2021 (935 in chips) 
Mahu2021: posts small blind 20
VinD777: posts big blind 40
*** HOLE CARDS ***
Dealt to Mahu2021 [7h Td]
Mahu2021: raises 40 to 80
VinD777: raises 485 to 565 and is all-in
Mahu2021: folds 
Uncalled bet (485) returned to VinD777
VinD777 collected 160 from pot
VinD777: doesn't show hand 
*** SUMMARY ***
Total pot 160 | Rake 0 
Seat 2: VinD777 (big blind) collected (160)
Seat 3: Mahu2021 (button) (small blind) folded before Flop



PokerStars Hand #253093409361: Tournament #3816289803, $9.30+$0.70 USD Hold'em No Limit - Level III (20/40) - 2024/10/25 14:11:11 CET [2024/10/25 8:11:11 ET]
Table '3816289803 1' 3-max Seat #2 is the button
Seat 2: VinD777 (645 in chips) 
Seat 3: Mahu2021 (855 in chips) 
VinD777: posts small blind 20
Mahu2021: posts big blind 40
*** HOLE CARDS ***
Dealt to Mahu2021 [Ac Td]
VinD777: raises 40 to 80
Mahu2021: raises 775 to 855 and is all-in
VinD777: folds 
Uncalled bet (775) returned to Mahu2021
Mahu2021 collected 160 from pot
Mahu2021: doesn't show hand 
*** SUMMARY ***
Total pot 160 | Rake 0 
Seat 2: VinD777 (button) (small blind) folded before Flop
Seat 3: Mahu2021 (big blind) collected (160)



PokerStars Hand #253093413077: Tournament #3816289803, $9.30+$0.70 USD Hold'em No Limit - Level IV (30/60) - 2024/10/25 14:11:36 CET [2024/10/25 8:11:36 ET]
Table '3816289803 1' 3-max Seat #3 is the button
Seat 2: VinD777 (565 in chips) 
Seat 3: Mahu2021 (935 in chips) 
Mahu2021: posts small blind 30
VinD777: posts big blind 60
*** HOLE CARDS ***
Dealt to Mahu2021 [9d 2c]
Mahu2021: folds 
Uncalled bet (30) returned to VinD777
VinD777 collected 60 from pot
VinD777: doesn't show hand 
*** SUMMARY ***
Total pot 60 | Rake 0 
Seat 2: VinD777 (big blind) collected (60)
Seat 3: Mahu2021 (button) (small blind) folded before Flop



PokerStars Hand #253093413800: Tournament #3816289803, $9.30+$0.70 USD Hold'em No Limit - Level IV (30/60) - 2024/10/25 14:11:41 CET [2024/10/25 8:11:41 ET]
Table '3816289803 1' 3-max Seat #2 is the button
Seat 2: VinD777 (595 in chips) 
Seat 3: Mahu2021 (905 in chips) 
VinD777: posts small blind 30
Mahu2021: posts big blind 60
*** HOLE CARDS ***
Dealt to Mahu2021 [6d 8h]
VinD777: calls 30
Mahu2021: checks 
*** FLOP *** [Kc 9d 7h]
Mahu2021: checks 
VinD777: bets 60
Mahu2021: calls 60
*** TURN *** [Kc 9d 7h] [4h]
Mahu2021: checks 
VinD777: checks 
*** RIVER *** [Kc 9d 7h 4h] [4c]
Mahu2021: checks 
VinD777: checks 
*** SHOW DOWN ***
Mahu2021: shows [6d 8h] (a pair of Fours)
VinD777: shows [Ts 9c] (two pair, Nines and Fours)
VinD777 collected 240 from pot
*** SUMMARY ***
Total pot 240 | Rake 0 
Board [Kc 9d 7h 4h 4c]
Seat 2: VinD777 (button) (small blind) showed [Ts 9c] and won (240) with two pair, Nines and Fours
Seat 3: Mahu2021 (big blind) showed [6d 8h] and lost with a pair of Fours



PokerStars Hand #253093419128: Tournament #3816289803, $9.30+$0.70 USD Hold'em No Limit - Level IV (30/60) - 2024/10/25 14:12:16 CET [2024/10/25 8:12:16 ET]
Table '3816289803 1' 3-max Seat #3 is the button
Seat 2: VinD777 (715 in chips) 
Seat 3: Mahu2021 (785 in chips) 
Mahu2021: posts small blind 30
VinD777: posts big blind 60
*** HOLE CARDS ***
Dealt to Mahu2021 [2s Jh]
Mahu2021: calls 30
VinD777: checks 
*** FLOP *** [Ks 7s Th]
VinD777: checks 
Mahu2021: bets 60
VinD777: calls 60
*** TURN *** [Ks 7s Th] [5h]
VinD777: checks 
Mahu2021: checks 
*** RIVER *** [Ks 7s Th 5h] [8c]
VinD777: bets 120
Mahu2021: folds 
Uncalled bet (120) returned to VinD777
VinD777 collected 240 from pot
VinD777: doesn't show hand 
*** SUMMARY ***
Total pot 240 | Rake 0 
Board [Ks 7s Th 5h 8c]
Seat 2: VinD777 (big blind) collected (240)
Seat 3: Mahu2021 (button) (small blind) folded on the River



PokerStars Hand #253093423936: Tournament #3816289803, $9.30+$0.70 USD Hold'em No Limit - Level IV (30/60) - 2024/10/25 14:12:48 CET [2024/10/25 8:12:48 ET]
Table '3816289803 1' 3-max Seat #2 is the button
Seat 2: VinD777 (835 in chips) 
Seat 3: Mahu2021 (665 in chips) 
VinD777: posts small blind 30
Mahu2021: posts big blind 60
*** HOLE CARDS ***
Dealt to Mahu2021 [7h Kh]
VinD777: calls 30
Mahu2021: raises 120 to 180
VinD777: calls 120
*** FLOP *** [Tc 6h Th]
Mahu2021: bets 485 and is all-in
VinD777: calls 485
*** TURN *** [Tc 6h Th] [Qc]
*** RIVER *** [Tc 6h Th Qc] [2s]
*** SHOW DOWN ***
Mahu2021: shows [7h Kh] (a pair of Tens)
VinD777: shows [8h Ts] (three of a kind, Tens)
VinD777 collected 1330 from pot
Mahu2021 finished the tournament in 2nd place
VinD777 wins the tournament and receives $20.00 - congratulations!
*** SUMMARY ***
Total pot 1330 | Rake 0 
Board [Tc 6h Th Qc 2s]
Seat 2: VinD777 (button) (small blind) showed [8h Ts] and won (1330) with three of a kind, Tens
Seat 3: Mahu2021 (big blind) showed [7h Kh] and lost with a pair of Tens



