PokerStars Hand #245790321405: Tournament #3640884283, $0.92+$0.08 USD Hold'em No Limit - Level I (10/20) - 2023/09/05 19:14:44 CET [2023/09/05 13:14:44 ET]
Table '3640884283 1' 3-max Seat #1 is the button
Seat 1: Mogli4243 (500 in chips) 
Seat 2: Mahu2021 (500 in chips) 
Seat 3: LJ373 (500 in chips) 
Mahu2021: posts small blind 10
LJ373: posts big blind 20
*** HOLE CARDS ***
Dealt to Mahu2021 [Ts Qc]
Mogli4243: calls 20
Mahu2021: calls 10
LJ373: raises 40 to 60
Mogli4243: calls 40
Mahu2021: calls 40
*** FLOP *** [3s 5s Qs]
Mahu2021: checks 
LJ373: checks 
Mogli4243: checks 
*** TURN *** [3s 5s Qs] [6d]
Mahu2021: checks 
LJ373: checks 
Mogli4243: checks 
*** RIVER *** [3s 5s Qs 6d] [9d]
Mahu2021: bets 180
LJ373: folds 
Mogli4243: calls 180
*** SHOW DOWN ***
Mahu2021: shows [Ts Qc] (a pair of Queens)
Mogli4243: mucks hand 
Mahu2021 collected 540 from pot
*** SUMMARY ***
Total pot 540 | Rake 0 
Board [3s 5s Qs 6d 9d]
Seat 1: Mogli4243 (button) mucked [Tc 9s]
Seat 2: Mahu2021 (small blind) showed [Ts Qc] and won (540) with a pair of Queens
Seat 3: LJ373 (big blind) folded on the River



PokerStars Hand #245790330109: Tournament #3640884283, $0.92+$0.08 USD Hold'em No Limit - Level I (10/20) - 2023/09/05 19:15:14 CET [2023/09/05 13:15:14 ET]
Table '3640884283 1' 3-max Seat #2 is the button
Seat 1: Mogli4243 (260 in chips) 
Seat 2: Mahu2021 (800 in chips) 
Seat 3: LJ373 (440 in chips) 
LJ373: posts small blind 10
Mogli4243: posts big blind 20
*** HOLE CARDS ***
Dealt to Mahu2021 [Ts 3c]
Mahu2021: folds 
LJ373: raises 40 to 60
Mogli4243: raises 100 to 160
LJ373: folds 
Uncalled bet (100) returned to Mogli4243
Mogli4243 collected 120 from pot
*** SUMMARY ***
Total pot 120 | Rake 0 
Seat 1: Mogli4243 (big blind) collected (120)
Seat 2: Mahu2021 (button) folded before Flop (didn't bet)
Seat 3: LJ373 (small blind) folded before Flop



PokerStars Hand #245790335306: Tournament #3640884283, $0.92+$0.08 USD Hold'em No Limit - Level I (10/20) - 2023/09/05 19:15:32 CET [2023/09/05 13:15:32 ET]
Table '3640884283 1' 3-max Seat #3 is the button
Seat 1: Mogli4243 (320 in chips) 
Seat 2: Mahu2021 (800 in chips) 
Seat 3: LJ373 (380 in chips) 
Mogli4243: posts small blind 10
Mahu2021: posts big blind 20
*** HOLE CARDS ***
Dealt to Mahu2021 [Kh 5d]
LJ373: raises 20 to 40
Mogli4243: calls 30
Mahu2021: calls 20
*** FLOP *** [7h 3s Jd]
Mogli4243: checks 
Mahu2021: checks 
LJ373: checks 
*** TURN *** [7h 3s Jd] [9d]
Mogli4243: checks 
Mahu2021: checks 
LJ373: bets 60
Mogli4243: folds 
Mahu2021: folds 
Uncalled bet (60) returned to LJ373
LJ373 collected 120 from pot
LJ373: doesn't show hand 
*** SUMMARY ***
Total pot 120 | Rake 0 
Board [7h 3s Jd 9d]
Seat 1: Mogli4243 (small blind) folded on the Turn
Seat 2: Mahu2021 (big blind) folded on the Turn
Seat 3: LJ373 (button) collected (120)



PokerStars Hand #245790341482: Tournament #3640884283, $0.92+$0.08 USD Hold'em No Limit - Level I (10/20) - 2023/09/05 19:15:53 CET [2023/09/05 13:15:53 ET]
Table '3640884283 1' 3-max Seat #1 is the button
Seat 1: Mogli4243 (280 in chips) 
Seat 2: Mahu2021 (760 in chips) 
Seat 3: LJ373 (460 in chips) 
Mahu2021: posts small blind 10
LJ373: posts big blind 20
*** HOLE CARDS ***
Dealt to Mahu2021 [4c Ks]
Mogli4243: calls 20
Mahu2021: folds 
LJ373: checks 
*** FLOP *** [6c Th 3s]
LJ373: checks 
Mogli4243: bets 25
LJ373: folds 
Uncalled bet (25) returned to Mogli4243
Mogli4243 collected 50 from pot
*** SUMMARY ***
Total pot 50 | Rake 0 
Board [6c Th 3s]
Seat 1: Mogli4243 (button) collected (50)
Seat 2: Mahu2021 (small blind) folded before Flop
Seat 3: LJ373 (big blind) folded on the Flop



PokerStars Hand #245790349479: Tournament #3640884283, $0.92+$0.08 USD Hold'em No Limit - Level I (10/20) - 2023/09/05 19:16:21 CET [2023/09/05 13:16:21 ET]
Table '3640884283 1' 3-max Seat #2 is the button
Seat 1: Mogli4243 (310 in chips) 
Seat 2: Mahu2021 (750 in chips) 
Seat 3: LJ373 (440 in chips) 
LJ373: posts small blind 10
Mogli4243: posts big blind 20
*** HOLE CARDS ***
Dealt to Mahu2021 [3d 3h]
Mahu2021: raises 20 to 40
LJ373: folds 
Mogli4243: calls 20
*** FLOP *** [Td 6h As]
Mogli4243: checks 
Mahu2021: checks 
*** TURN *** [Td 6h As] [Jc]
Mogli4243: checks 
Mahu2021: checks 
*** RIVER *** [Td 6h As Jc] [Ad]
Mogli4243: bets 45
Mahu2021: calls 45
*** SHOW DOWN ***
Mogli4243: shows [Kh 6d] (two pair, Aces and Sixes)
Mahu2021: mucks hand 
Mogli4243 collected 180 from pot
*** SUMMARY ***
Total pot 180 | Rake 0 
Board [Td 6h As Jc Ad]
Seat 1: Mogli4243 (big blind) showed [Kh 6d] and won (180) with two pair, Aces and Sixes
Seat 2: Mahu2021 (button) mucked [3d 3h]
Seat 3: LJ373 (small blind) folded before Flop



PokerStars Hand #245790355468: Tournament #3640884283, $0.92+$0.08 USD Hold'em No Limit - Level I (10/20) - 2023/09/05 19:16:42 CET [2023/09/05 13:16:42 ET]
Table '3640884283 1' 3-max Seat #3 is the button
Seat 1: Mogli4243 (405 in chips) 
Seat 2: Mahu2021 (665 in chips) 
Seat 3: LJ373 (430 in chips) 
Mogli4243: posts small blind 10
Mahu2021: posts big blind 20
*** HOLE CARDS ***
Dealt to Mahu2021 [Kd 4s]
LJ373: folds 
Mogli4243: raises 20 to 40
Mahu2021: calls 20
*** FLOP *** [8c Qh 2c]
Mogli4243: checks 
Mahu2021: checks 
*** TURN *** [8c Qh 2c] [2h]
Mogli4243: bets 40
Mahu2021: folds 
Uncalled bet (40) returned to Mogli4243
Mogli4243 collected 80 from pot
*** SUMMARY ***
Total pot 80 | Rake 0 
Board [8c Qh 2c 2h]
Seat 1: Mogli4243 (small blind) collected (80)
Seat 2: Mahu2021 (big blind) folded on the Turn
Seat 3: LJ373 (button) folded before Flop (didn't bet)



PokerStars Hand #245790361175: Tournament #3640884283, $0.92+$0.08 USD Hold'em No Limit - Level II (15/30) - 2023/09/05 19:17:01 CET [2023/09/05 13:17:01 ET]
Table '3640884283 1' 3-max Seat #1 is the button
Seat 1: Mogli4243 (445 in chips) 
Seat 2: Mahu2021 (625 in chips) 
Seat 3: LJ373 (430 in chips) 
Mahu2021: posts small blind 15
LJ373: posts big blind 30
*** HOLE CARDS ***
Dealt to Mahu2021 [3h 5c]
Mogli4243: folds 
Mahu2021: folds 
Uncalled bet (15) returned to LJ373
LJ373 collected 30 from pot
LJ373: doesn't show hand 
*** SUMMARY ***
Total pot 30 | Rake 0 
Seat 1: Mogli4243 (button) folded before Flop (didn't bet)
Seat 2: Mahu2021 (small blind) folded before Flop
Seat 3: LJ373 (big blind) collected (30)



PokerStars Hand #245790362630: Tournament #3640884283, $0.92+$0.08 USD Hold'em No Limit - Level II (15/30) - 2023/09/05 19:17:06 CET [2023/09/05 13:17:06 ET]
Table '3640884283 1' 3-max Seat #2 is the button
Seat 1: Mogli4243 (445 in chips) 
Seat 2: Mahu2021 (610 in chips) 
Seat 3: LJ373 (445 in chips) 
LJ373: posts small blind 15
Mogli4243: posts big blind 30
*** HOLE CARDS ***
Dealt to Mahu2021 [Js 5d]
Mahu2021: folds 
LJ373: folds 
Uncalled bet (15) returned to Mogli4243
Mogli4243 collected 30 from pot
*** SUMMARY ***
Total pot 30 | Rake 0 
Seat 1: Mogli4243 (big blind) collected (30)
Seat 2: Mahu2021 (button) folded before Flop (didn't bet)
Seat 3: LJ373 (small blind) folded before Flop



PokerStars Hand #245790364453: Tournament #3640884283, $0.92+$0.08 USD Hold'em No Limit - Level II (15/30) - 2023/09/05 19:17:13 CET [2023/09/05 13:17:13 ET]
Table '3640884283 1' 3-max Seat #3 is the button
Seat 1: Mogli4243 (460 in chips) 
Seat 2: Mahu2021 (610 in chips) 
Seat 3: LJ373 (430 in chips) 
Mogli4243: posts small blind 15
Mahu2021: posts big blind 30
*** HOLE CARDS ***
Dealt to Mahu2021 [Kd 8h]
LJ373: raises 30 to 60
Mogli4243: folds 
Mahu2021: calls 30
*** FLOP *** [4h Ad Kh]
Mahu2021: checks 
LJ373: checks 
*** TURN *** [4h Ad Kh] [Js]
Mahu2021: checks 
LJ373: checks 
*** RIVER *** [4h Ad Kh Js] [3h]
Mahu2021: bets 60
LJ373: calls 60
*** SHOW DOWN ***
Mahu2021: shows [Kd 8h] (a pair of Kings)
LJ373: mucks hand 
Mahu2021 collected 255 from pot
*** SUMMARY ***
Total pot 255 | Rake 0 
Board [4h Ad Kh Js 3h]
Seat 1: Mogli4243 (small blind) folded before Flop
Seat 2: Mahu2021 (big blind) showed [Kd 8h] and won (255) with a pair of Kings
Seat 3: LJ373 (button) mucked [Th Jc]



PokerStars Hand #245790370894: Tournament #3640884283, $0.92+$0.08 USD Hold'em No Limit - Level II (15/30) - 2023/09/05 19:17:35 CET [2023/09/05 13:17:35 ET]
Table '3640884283 1' 3-max Seat #1 is the button
Seat 1: Mogli4243 (445 in chips) 
Seat 2: Mahu2021 (745 in chips) 
Seat 3: LJ373 (310 in chips) 
Mahu2021: posts small blind 15
LJ373: posts big blind 30
*** HOLE CARDS ***
Dealt to Mahu2021 [6d 6h]
Mogli4243: raises 60 to 90
Mahu2021: raises 655 to 745 and is all-in
LJ373: folds 
Mogli4243: calls 355 and is all-in
Uncalled bet (300) returned to Mahu2021
*** FLOP *** [8d Qd 8s]
*** TURN *** [8d Qd 8s] [5c]
*** RIVER *** [8d Qd 8s 5c] [Ah]
*** SHOW DOWN ***
Mahu2021: shows [6d 6h] (two pair, Eights and Sixes)
Mogli4243: shows [3c Ac] (two pair, Aces and Eights)
Mogli4243 collected 920 from pot
*** SUMMARY ***
Total pot 920 | Rake 0 
Board [8d Qd 8s 5c Ah]
Seat 1: Mogli4243 (button) showed [3c Ac] and won (920) with two pair, Aces and Eights
Seat 2: Mahu2021 (small blind) showed [6d 6h] and lost with two pair, Eights and Sixes
Seat 3: LJ373 (big blind) folded before Flop



PokerStars Hand #245790376054: Tournament #3640884283, $0.92+$0.08 USD Hold'em No Limit - Level II (15/30) - 2023/09/05 19:17:53 CET [2023/09/05 13:17:53 ET]
Table '3640884283 1' 3-max Seat #2 is the button
Seat 1: Mogli4243 (920 in chips) 
Seat 2: Mahu2021 (300 in chips) 
Seat 3: LJ373 (280 in chips) 
LJ373: posts small blind 15
Mogli4243: posts big blind 30
*** HOLE CARDS ***
Dealt to Mahu2021 [Ks 2s]
Mahu2021: calls 30
LJ373: folds 
Mogli4243: checks 
*** FLOP *** [9c 5d Ts]
Mogli4243: checks 
Mahu2021: bets 30
Mogli4243: folds 
Uncalled bet (30) returned to Mahu2021
Mahu2021 collected 75 from pot
Mahu2021: doesn't show hand 
*** SUMMARY ***
Total pot 75 | Rake 0 
Board [9c 5d Ts]
Seat 1: Mogli4243 (big blind) folded on the Flop
Seat 2: Mahu2021 (button) collected (75)
Seat 3: LJ373 (small blind) folded before Flop



PokerStars Hand #245790381356: Tournament #3640884283, $0.92+$0.08 USD Hold'em No Limit - Level II (15/30) - 2023/09/05 19:18:11 CET [2023/09/05 13:18:11 ET]
Table '3640884283 1' 3-max Seat #3 is the button
Seat 1: Mogli4243 (890 in chips) 
Seat 2: Mahu2021 (345 in chips) 
Seat 3: LJ373 (265 in chips) 
Mogli4243: posts small blind 15
Mahu2021: posts big blind 30
*** HOLE CARDS ***
Dealt to Mahu2021 [9d 2s]
LJ373: folds 
Mogli4243: raises 60 to 90
Mahu2021: folds 
Uncalled bet (60) returned to Mogli4243
Mogli4243 collected 60 from pot
*** SUMMARY ***
Total pot 60 | Rake 0 
Seat 1: Mogli4243 (small blind) collected (60)
Seat 2: Mahu2021 (big blind) folded before Flop
Seat 3: LJ373 (button) folded before Flop (didn't bet)



PokerStars Hand #245790383648: Tournament #3640884283, $0.92+$0.08 USD Hold'em No Limit - Level II (15/30) - 2023/09/05 19:18:19 CET [2023/09/05 13:18:19 ET]
Table '3640884283 1' 3-max Seat #1 is the button
Seat 1: Mogli4243 (920 in chips) 
Seat 2: Mahu2021 (315 in chips) 
Seat 3: LJ373 (265 in chips) 
Mahu2021: posts small blind 15
LJ373: posts big blind 30
*** HOLE CARDS ***
Dealt to Mahu2021 [8c 7h]
Mogli4243: calls 30
Mahu2021: calls 15
LJ373: checks 
*** FLOP *** [Ad 3c 9c]
Mahu2021: checks 
LJ373: checks 
Mogli4243: checks 
*** TURN *** [Ad 3c 9c] [3d]
Mahu2021: checks 
LJ373: checks 
Mogli4243: bets 30
Mahu2021: folds 
LJ373: folds 
Uncalled bet (30) returned to Mogli4243
Mogli4243 collected 90 from pot
*** SUMMARY ***
Total pot 90 | Rake 0 
Board [Ad 3c 9c 3d]
Seat 1: Mogli4243 (button) collected (90)
Seat 2: Mahu2021 (small blind) folded on the Turn
Seat 3: LJ373 (big blind) folded on the Turn



PokerStars Hand #245790389888: Tournament #3640884283, $0.92+$0.08 USD Hold'em No Limit - Level II (15/30) - 2023/09/05 19:18:41 CET [2023/09/05 13:18:41 ET]
Table '3640884283 1' 3-max Seat #2 is the button
Seat 1: Mogli4243 (980 in chips) 
Seat 2: Mahu2021 (285 in chips) 
Seat 3: LJ373 (235 in chips) 
LJ373: posts small blind 15
Mogli4243: posts big blind 30
*** HOLE CARDS ***
Dealt to Mahu2021 [4c Tc]
Mahu2021: folds 
LJ373: folds 
Uncalled bet (15) returned to Mogli4243
Mogli4243 collected 30 from pot
*** SUMMARY ***
Total pot 30 | Rake 0 
Seat 1: Mogli4243 (big blind) collected (30)
Seat 2: Mahu2021 (button) folded before Flop (didn't bet)
Seat 3: LJ373 (small blind) folded before Flop



PokerStars Hand #245790392458: Tournament #3640884283, $0.92+$0.08 USD Hold'em No Limit - Level III (20/40) - 2023/09/05 19:18:50 CET [2023/09/05 13:18:50 ET]
Table '3640884283 1' 3-max Seat #3 is the button
Seat 1: Mogli4243 (995 in chips) 
Seat 2: Mahu2021 (285 in chips) 
Seat 3: LJ373 (220 in chips) 
Mogli4243: posts small blind 20
Mahu2021: posts big blind 40
*** HOLE CARDS ***
Dealt to Mahu2021 [Ac 3c]
LJ373: folds 
Mogli4243: calls 20
Mahu2021: raises 80 to 120
Mogli4243: folds 
Uncalled bet (80) returned to Mahu2021
Mahu2021 collected 80 from pot
Mahu2021: doesn't show hand 
*** SUMMARY ***
Total pot 80 | Rake 0 
Seat 1: Mogli4243 (small blind) folded before Flop
Seat 2: Mahu2021 (big blind) collected (80)
Seat 3: LJ373 (button) folded before Flop (didn't bet)



PokerStars Hand #245790395313: Tournament #3640884283, $0.92+$0.08 USD Hold'em No Limit - Level III (20/40) - 2023/09/05 19:19:00 CET [2023/09/05 13:19:00 ET]
Table '3640884283 1' 3-max Seat #1 is the button
Seat 1: Mogli4243 (955 in chips) 
Seat 2: Mahu2021 (325 in chips) 
Seat 3: LJ373 (220 in chips) 
Mahu2021: posts small blind 20
LJ373: posts big blind 40
*** HOLE CARDS ***
Dealt to Mahu2021 [7c Td]
Mogli4243: folds 
Mahu2021: folds 
Uncalled bet (20) returned to LJ373
LJ373 collected 40 from pot
LJ373: doesn't show hand 
*** SUMMARY ***
Total pot 40 | Rake 0 
Seat 1: Mogli4243 (button) folded before Flop (didn't bet)
Seat 2: Mahu2021 (small blind) folded before Flop
Seat 3: LJ373 (big blind) collected (40)



PokerStars Hand #245790397008: Tournament #3640884283, $0.92+$0.08 USD Hold'em No Limit - Level III (20/40) - 2023/09/05 19:19:06 CET [2023/09/05 13:19:06 ET]
Table '3640884283 1' 3-max Seat #2 is the button
Seat 1: Mogli4243 (955 in chips) 
Seat 2: Mahu2021 (305 in chips) 
Seat 3: LJ373 (240 in chips) 
LJ373: posts small blind 20
Mogli4243: posts big blind 40
*** HOLE CARDS ***
Dealt to Mahu2021 [3c 6c]
Mahu2021: calls 40
LJ373: folds 
Mogli4243: checks 
*** FLOP *** [Td 9s Kh]
Mogli4243: bets 50
Mahu2021: folds 
Uncalled bet (50) returned to Mogli4243
Mogli4243 collected 100 from pot
*** SUMMARY ***
Total pot 100 | Rake 0 
Board [Td 9s Kh]
Seat 1: Mogli4243 (big blind) collected (100)
Seat 2: Mahu2021 (button) folded on the Flop
Seat 3: LJ373 (small blind) folded before Flop



PokerStars Hand #245790401047: Tournament #3640884283, $0.92+$0.08 USD Hold'em No Limit - Level III (20/40) - 2023/09/05 19:19:20 CET [2023/09/05 13:19:20 ET]
Table '3640884283 1' 3-max Seat #3 is the button
Seat 1: Mogli4243 (1015 in chips) 
Seat 2: Mahu2021 (265 in chips) 
Seat 3: LJ373 (220 in chips) 
Mogli4243: posts small blind 20
Mahu2021: posts big blind 40
*** HOLE CARDS ***
Dealt to Mahu2021 [2d Qd]
LJ373: folds 
Mogli4243: raises 40 to 80
Mahu2021: raises 185 to 265 and is all-in
Mogli4243: calls 185
*** FLOP *** [Kc As 4s]
*** TURN *** [Kc As 4s] [2c]
*** RIVER *** [Kc As 4s 2c] [8h]
*** SHOW DOWN ***
Mogli4243: shows [Kd 3h] (a pair of Kings)
Mahu2021: shows [2d Qd] (a pair of Deuces)
Mogli4243 collected 530 from pot
Mahu2021 finished the tournament in 3rd place
*** SUMMARY ***
Total pot 530 | Rake 0 
Board [Kc As 4s 2c 8h]
Seat 1: Mogli4243 (small blind) showed [Kd 3h] and won (530) with a pair of Kings
Seat 2: Mahu2021 (big blind) showed [2d Qd] and lost with a pair of Deuces
Seat 3: LJ373 (button) folded before Flop (didn't bet)



