PokerStars Hand #249404801923: Tournament #3728436528, $1.84+$0.16 USD Hold'em No Limit - Level I (10/20) - 2024/03/13 22:12:44 CET [2024/03/13 17:12:44 ET]
Table '3728436528 1' 3-max Seat #1 is the button
Seat 1: adambp (500 in chips) 
Seat 2: camargojau (500 in chips) 
Seat 3: Mahu2021 (500 in chips) 
camargojau: posts small blind 10
Mahu2021: posts big blind 20
*** HOLE CARDS ***
Dealt to Mahu2021 [6h Td]
adambp: raises 20 to 40
camargojau: calls 30
Mahu2021: folds 
*** FLOP *** [Qh 3d 7c]
camargojau: checks 
adambp: bets 30
camargojau: calls 30
*** TURN *** [Qh 3d 7c] [Jh]
camargojau: checks 
adambp: checks 
*** RIVER *** [Qh 3d 7c Jh] [5h]
camargojau: bets 160
adambp: folds 
Uncalled bet (160) returned to camargojau
camargojau collected 160 from pot
camargojau: doesn't show hand 
*** SUMMARY ***
Total pot 160 | Rake 0 
Board [Qh 3d 7c Jh 5h]
Seat 1: adambp (button) folded on the River
Seat 2: camargojau (small blind) collected (160)
Seat 3: Mahu2021 (big blind) folded before Flop



PokerStars Hand #249404814432: Tournament #3728436528, $1.84+$0.16 USD Hold'em No Limit - Level I (10/20) - 2024/03/13 22:13:20 CET [2024/03/13 17:13:20 ET]
Table '3728436528 1' 3-max Seat #2 is the button
Seat 1: adambp (430 in chips) 
Seat 2: camargojau (590 in chips) 
Seat 3: Mahu2021 (480 in chips) 
Mahu2021: posts small blind 10
adambp: posts big blind 20
*** HOLE CARDS ***
Dealt to Mahu2021 [2h 2d]
camargojau: raises 20 to 40
Mahu2021: calls 30
adambp: calls 20
*** FLOP *** [Th Qc 9c]
Mahu2021: checks 
adambp: checks 
camargojau: bets 60
Mahu2021: folds 
adambp: folds 
Uncalled bet (60) returned to camargojau
camargojau collected 120 from pot
camargojau: doesn't show hand 
*** SUMMARY ***
Total pot 120 | Rake 0 
Board [Th Qc 9c]
Seat 1: adambp (big blind) folded on the Flop
Seat 2: camargojau (button) collected (120)
Seat 3: Mahu2021 (small blind) folded on the Flop



PokerStars Hand #249404823417: Tournament #3728436528, $1.84+$0.16 USD Hold'em No Limit - Level I (10/20) - 2024/03/13 22:13:46 CET [2024/03/13 17:13:46 ET]
Table '3728436528 1' 3-max Seat #3 is the button
Seat 1: adambp (390 in chips) 
Seat 2: camargojau (670 in chips) 
Seat 3: Mahu2021 (440 in chips) 
adambp: posts small blind 10
camargojau: posts big blind 20
*** HOLE CARDS ***
Dealt to Mahu2021 [4c 5s]
Mahu2021: folds 
adambp: calls 10
camargojau: checks 
*** FLOP *** [6c 5d 5h]
adambp: bets 20
camargojau: calls 20
*** TURN *** [6c 5d 5h] [4h]
adambp: bets 50
camargojau: folds 
Uncalled bet (50) returned to adambp
adambp collected 80 from pot
adambp: doesn't show hand 
*** SUMMARY ***
Total pot 80 | Rake 0 
Board [6c 5d 5h 4h]
Seat 1: adambp (small blind) collected (80)
Seat 2: camargojau (big blind) folded on the Turn
Seat 3: Mahu2021 (button) folded before Flop (didn't bet)



PokerStars Hand #249404832636: Tournament #3728436528, $1.84+$0.16 USD Hold'em No Limit - Level I (10/20) - 2024/03/13 22:14:13 CET [2024/03/13 17:14:13 ET]
Table '3728436528 1' 3-max Seat #1 is the button
Seat 1: adambp (430 in chips) 
Seat 2: camargojau (630 in chips) 
Seat 3: Mahu2021 (440 in chips) 
camargojau: posts small blind 10
Mahu2021: posts big blind 20
*** HOLE CARDS ***
Dealt to Mahu2021 [2d 8d]
adambp: folds 
camargojau: raises 20 to 40
Mahu2021: folds 
Uncalled bet (20) returned to camargojau
camargojau collected 40 from pot
camargojau: doesn't show hand 
*** SUMMARY ***
Total pot 40 | Rake 0 
Seat 1: adambp (button) folded before Flop (didn't bet)
Seat 2: camargojau (small blind) collected (40)
Seat 3: Mahu2021 (big blind) folded before Flop



PokerStars Hand #249404834868: Tournament #3728436528, $1.84+$0.16 USD Hold'em No Limit - Level I (10/20) - 2024/03/13 22:14:19 CET [2024/03/13 17:14:19 ET]
Table '3728436528 1' 3-max Seat #2 is the button
Seat 1: adambp (430 in chips) 
Seat 2: camargojau (650 in chips) 
Seat 3: Mahu2021 (420 in chips) 
Mahu2021: posts small blind 10
adambp: posts big blind 20
*** HOLE CARDS ***
Dealt to Mahu2021 [3s 5c]
camargojau: raises 20 to 40
Mahu2021: folds 
adambp: calls 20
*** FLOP *** [Td 2d 9s]
adambp: checks 
camargojau: checks 
*** TURN *** [Td 2d 9s] [8c]
adambp: bets 70
camargojau: calls 70
*** RIVER *** [Td 2d 9s 8c] [Ts]
adambp: bets 320 and is all-in
camargojau: folds 
Uncalled bet (320) returned to adambp
adambp collected 230 from pot
adambp: doesn't show hand 
*** SUMMARY ***
Total pot 230 | Rake 0 
Board [Td 2d 9s 8c Ts]
Seat 1: adambp (big blind) collected (230)
Seat 2: camargojau (button) folded on the River
Seat 3: Mahu2021 (small blind) folded before Flop



PokerStars Hand #249404845067: Tournament #3728436528, $1.84+$0.16 USD Hold'em No Limit - Level I (10/20) - 2024/03/13 22:14:49 CET [2024/03/13 17:14:49 ET]
Table '3728436528 1' 3-max Seat #3 is the button
Seat 1: adambp (550 in chips) 
Seat 2: camargojau (540 in chips) 
Seat 3: Mahu2021 (410 in chips) 
adambp: posts small blind 10
camargojau: posts big blind 20
*** HOLE CARDS ***
Dealt to Mahu2021 [Jc 5h]
Mahu2021: folds 
adambp: calls 10
camargojau: raises 40 to 60
adambp: folds 
Uncalled bet (40) returned to camargojau
camargojau collected 40 from pot
camargojau: doesn't show hand 
*** SUMMARY ***
Total pot 40 | Rake 0 
Seat 1: adambp (small blind) folded before Flop
Seat 2: camargojau (big blind) collected (40)
Seat 3: Mahu2021 (button) folded before Flop (didn't bet)



PokerStars Hand #249404848851: Tournament #3728436528, $1.84+$0.16 USD Hold'em No Limit - Level I (10/20) - 2024/03/13 22:15:00 CET [2024/03/13 17:15:00 ET]
Table '3728436528 1' 3-max Seat #1 is the button
Seat 1: adambp (530 in chips) 
Seat 2: camargojau (560 in chips) 
Seat 3: Mahu2021 (410 in chips) 
camargojau: posts small blind 10
Mahu2021: posts big blind 20
*** HOLE CARDS ***
Dealt to Mahu2021 [Ts As]
adambp: folds 
camargojau: raises 40 to 60
Mahu2021: calls 40
*** FLOP *** [8h Qh Kc]
camargojau: bets 20
Mahu2021: calls 20
*** TURN *** [8h Qh Kc] [6h]
camargojau: bets 20
Mahu2021: calls 20
*** RIVER *** [8h Qh Kc 6h] [7c]
camargojau: bets 200
Mahu2021: folds 
Uncalled bet (200) returned to camargojau
camargojau collected 200 from pot
camargojau: doesn't show hand 
*** SUMMARY ***
Total pot 200 | Rake 0 
Board [8h Qh Kc 6h 7c]
Seat 1: adambp (button) folded before Flop (didn't bet)
Seat 2: camargojau (small blind) collected (200)
Seat 3: Mahu2021 (big blind) folded on the River



PokerStars Hand #249404854881: Tournament #3728436528, $1.84+$0.16 USD Hold'em No Limit - Level I (10/20) - 2024/03/13 22:15:17 CET [2024/03/13 17:15:17 ET]
Table '3728436528 1' 3-max Seat #2 is the button
Seat 1: adambp (530 in chips) 
Seat 2: camargojau (660 in chips) 
Seat 3: Mahu2021 (310 in chips) 
Mahu2021: posts small blind 10
adambp: posts big blind 20
*** HOLE CARDS ***
Dealt to Mahu2021 [Jc Jd]
camargojau: calls 20
Mahu2021: raises 290 to 310 and is all-in
adambp: folds 
camargojau: folds 
Uncalled bet (290) returned to Mahu2021
Mahu2021 collected 60 from pot
Mahu2021: doesn't show hand 
*** SUMMARY ***
Total pot 60 | Rake 0 
Seat 1: adambp (big blind) folded before Flop
Seat 2: camargojau (button) folded before Flop
Seat 3: Mahu2021 (small blind) collected (60)



PokerStars Hand #249404859644: Tournament #3728436528, $1.84+$0.16 USD Hold'em No Limit - Level I (10/20) - 2024/03/13 22:15:31 CET [2024/03/13 17:15:31 ET]
Table '3728436528 1' 3-max Seat #3 is the button
Seat 1: adambp (510 in chips) 
Seat 2: camargojau (640 in chips) 
Seat 3: Mahu2021 (350 in chips) 
adambp: posts small blind 10
camargojau: posts big blind 20
*** HOLE CARDS ***
Dealt to Mahu2021 [9h 9c]
Mahu2021: raises 20 to 40
adambp: folds 
camargojau: calls 20
*** FLOP *** [5c Ts 2s]
camargojau: checks 
Mahu2021: bets 40
camargojau: folds 
Uncalled bet (40) returned to Mahu2021
Mahu2021 collected 90 from pot
Mahu2021: doesn't show hand 
*** SUMMARY ***
Total pot 90 | Rake 0 
Board [5c Ts 2s]
Seat 1: adambp (small blind) folded before Flop
Seat 2: camargojau (big blind) folded on the Flop
Seat 3: Mahu2021 (button) collected (90)



PokerStars Hand #249404866262: Tournament #3728436528, $1.84+$0.16 USD Hold'em No Limit - Level I (10/20) - 2024/03/13 22:15:50 CET [2024/03/13 17:15:50 ET]
Table '3728436528 1' 3-max Seat #1 is the button
Seat 1: adambp (500 in chips) 
Seat 2: camargojau (600 in chips) 
Seat 3: Mahu2021 (400 in chips) 
camargojau: posts small blind 10
Mahu2021: posts big blind 20
*** HOLE CARDS ***
Dealt to Mahu2021 [Kc 3c]
adambp: folds 
camargojau: raises 20 to 40
Mahu2021: calls 20
*** FLOP *** [8c 7d 4s]
camargojau: checks 
Mahu2021: checks 
*** TURN *** [8c 7d 4s] [3h]
camargojau: checks 
Mahu2021: bets 20
camargojau: calls 20
*** RIVER *** [8c 7d 4s 3h] [8s]
camargojau: checks 
Mahu2021: checks 
*** SHOW DOWN ***
camargojau: shows [Ts 2s] (a pair of Eights)
Mahu2021: shows [Kc 3c] (two pair, Eights and Threes)
Mahu2021 collected 120 from pot
*** SUMMARY ***
Total pot 120 | Rake 0 
Board [8c 7d 4s 3h 8s]
Seat 1: adambp (button) folded before Flop (didn't bet)
Seat 2: camargojau (small blind) showed [Ts 2s] and lost with a pair of Eights
Seat 3: Mahu2021 (big blind) showed [Kc 3c] and won (120) with two pair, Eights and Threes



PokerStars Hand #249404872643: Tournament #3728436528, $1.84+$0.16 USD Hold'em No Limit - Level I (10/20) - 2024/03/13 22:16:08 CET [2024/03/13 17:16:08 ET]
Table '3728436528 1' 3-max Seat #2 is the button
Seat 1: adambp (500 in chips) 
Seat 2: camargojau (540 in chips) 
Seat 3: Mahu2021 (460 in chips) 
Mahu2021: posts small blind 10
adambp: posts big blind 20
*** HOLE CARDS ***
Dealt to Mahu2021 [8c 9h]
camargojau: calls 20
Mahu2021: calls 10
adambp: checks 
*** FLOP *** [3d Td As]
Mahu2021: checks 
adambp: checks 
camargojau: checks 
*** TURN *** [3d Td As] [2s]
Mahu2021: checks 
adambp: bets 60
camargojau: folds 
Mahu2021: folds 
Uncalled bet (60) returned to adambp
adambp collected 60 from pot
adambp: doesn't show hand 
*** SUMMARY ***
Total pot 60 | Rake 0 
Board [3d Td As 2s]
Seat 1: adambp (big blind) collected (60)
Seat 2: camargojau (button) folded on the Turn
Seat 3: Mahu2021 (small blind) folded on the Turn



PokerStars Hand #249404880388: Tournament #3728436528, $1.84+$0.16 USD Hold'em No Limit - Level I (10/20) - 2024/03/13 22:16:31 CET [2024/03/13 17:16:31 ET]
Table '3728436528 1' 3-max Seat #3 is the button
Seat 1: adambp (540 in chips) 
Seat 2: camargojau (520 in chips) 
Seat 3: Mahu2021 (440 in chips) 
adambp: posts small blind 10
camargojau: posts big blind 20
*** HOLE CARDS ***
Dealt to Mahu2021 [Ac 5c]
Mahu2021: calls 20
adambp: calls 10
camargojau: checks 
*** FLOP *** [3d Qs Kd]
adambp: checks 
camargojau: checks 
Mahu2021: checks 
*** TURN *** [3d Qs Kd] [3h]
adambp: checks 
camargojau: checks 
Mahu2021: bets 40
adambp: folds 
camargojau: calls 40
*** RIVER *** [3d Qs Kd 3h] [Td]
camargojau: checks 
Mahu2021: checks 
*** SHOW DOWN ***
camargojau: shows [4h 4s] (two pair, Fours and Threes)
Mahu2021: mucks hand 
camargojau collected 140 from pot
*** SUMMARY ***
Total pot 140 | Rake 0 
Board [3d Qs Kd 3h Td]
Seat 1: adambp (small blind) folded on the Turn
Seat 2: camargojau (big blind) showed [4h 4s] and won (140) with two pair, Fours and Threes
Seat 3: Mahu2021 (button) mucked [Ac 5c]



PokerStars Hand #249404893533: Tournament #3728436528, $1.84+$0.16 USD Hold'em No Limit - Level II (15/30) - 2024/03/13 22:17:09 CET [2024/03/13 17:17:09 ET]
Table '3728436528 1' 3-max Seat #1 is the button
Seat 1: adambp (520 in chips) 
Seat 2: camargojau (600 in chips) 
Seat 3: Mahu2021 (380 in chips) 
camargojau: posts small blind 15
Mahu2021: posts big blind 30
*** HOLE CARDS ***
Dealt to Mahu2021 [6c 8h]
adambp: raises 30 to 60
camargojau: calls 45
Mahu2021: folds 
*** FLOP *** [3c 6d Kd]
camargojau: checks 
adambp: bets 75
camargojau: calls 75
*** TURN *** [3c 6d Kd] [Jc]
camargojau: checks 
adambp: bets 385 and is all-in
camargojau: folds 
Uncalled bet (385) returned to adambp
adambp collected 300 from pot
adambp: doesn't show hand 
*** SUMMARY ***
Total pot 300 | Rake 0 
Board [3c 6d Kd Jc]
Seat 1: adambp (button) collected (300)
Seat 2: camargojau (small blind) folded on the Turn
Seat 3: Mahu2021 (big blind) folded before Flop



PokerStars Hand #249404902649: Tournament #3728436528, $1.84+$0.16 USD Hold'em No Limit - Level II (15/30) - 2024/03/13 22:17:36 CET [2024/03/13 17:17:36 ET]
Table '3728436528 1' 3-max Seat #2 is the button
Seat 1: adambp (685 in chips) 
Seat 2: camargojau (465 in chips) 
Seat 3: Mahu2021 (350 in chips) 
Mahu2021: posts small blind 15
adambp: posts big blind 30
*** HOLE CARDS ***
Dealt to Mahu2021 [Qh 7d]
camargojau: calls 30
Mahu2021: calls 15
adambp: checks 
*** FLOP *** [Kc 7h 8h]
Mahu2021: checks 
adambp: checks 
camargojau: checks 
*** TURN *** [Kc 7h 8h] [Qd]
Mahu2021: bets 30
adambp: calls 30
camargojau: folds 
*** RIVER *** [Kc 7h 8h Qd] [9c]
Mahu2021: bets 30
adambp: calls 30
*** SHOW DOWN ***
Mahu2021: shows [Qh 7d] (two pair, Queens and Sevens)
adambp: mucks hand 
Mahu2021 collected 210 from pot
*** SUMMARY ***
Total pot 210 | Rake 0 
Board [Kc 7h 8h Qd 9c]
Seat 1: adambp (big blind) mucked [5c Kh]
Seat 2: camargojau (button) folded on the Turn
Seat 3: Mahu2021 (small blind) showed [Qh 7d] and won (210) with two pair, Queens and Sevens



PokerStars Hand #249404912140: Tournament #3728436528, $1.84+$0.16 USD Hold'em No Limit - Level II (15/30) - 2024/03/13 22:18:03 CET [2024/03/13 17:18:03 ET]
Table '3728436528 1' 3-max Seat #3 is the button
Seat 1: adambp (595 in chips) 
Seat 2: camargojau (435 in chips) 
Seat 3: Mahu2021 (470 in chips) 
adambp: posts small blind 15
camargojau: posts big blind 30
*** HOLE CARDS ***
Dealt to Mahu2021 [6s Ah]
Mahu2021: folds 
adambp: calls 15
camargojau: checks 
*** FLOP *** [6d Jd 9h]
adambp: bets 30
camargojau: calls 30
*** TURN *** [6d Jd 9h] [4h]
adambp: checks 
camargojau: checks 
*** RIVER *** [6d Jd 9h 4h] [Qh]
adambp: bets 36
camargojau: folds 
Uncalled bet (36) returned to adambp
adambp collected 120 from pot
adambp: doesn't show hand 
*** SUMMARY ***
Total pot 120 | Rake 0 
Board [6d Jd 9h 4h Qh]
Seat 1: adambp (small blind) collected (120)
Seat 2: camargojau (big blind) folded on the River
Seat 3: Mahu2021 (button) folded before Flop (didn't bet)



PokerStars Hand #249404920909: Tournament #3728436528, $1.84+$0.16 USD Hold'em No Limit - Level II (15/30) - 2024/03/13 22:18:29 CET [2024/03/13 17:18:29 ET]
Table '3728436528 1' 3-max Seat #1 is the button
Seat 1: adambp (655 in chips) 
Seat 2: camargojau (375 in chips) 
Seat 3: Mahu2021 (470 in chips) 
camargojau: posts small blind 15
Mahu2021: posts big blind 30
*** HOLE CARDS ***
Dealt to Mahu2021 [5h 7h]
adambp: raises 30 to 60
camargojau: folds 
Mahu2021: folds 
Uncalled bet (30) returned to adambp
adambp collected 75 from pot
adambp: doesn't show hand 
*** SUMMARY ***
Total pot 75 | Rake 0 
Seat 1: adambp (button) collected (75)
Seat 2: camargojau (small blind) folded before Flop
Seat 3: Mahu2021 (big blind) folded before Flop



PokerStars Hand #249404925924: Tournament #3728436528, $1.84+$0.16 USD Hold'em No Limit - Level II (15/30) - 2024/03/13 22:18:43 CET [2024/03/13 17:18:43 ET]
Table '3728436528 1' 3-max Seat #2 is the button
Seat 1: adambp (700 in chips) 
Seat 2: camargojau (360 in chips) 
Seat 3: Mahu2021 (440 in chips) 
Mahu2021: posts small blind 15
adambp: posts big blind 30
*** HOLE CARDS ***
Dealt to Mahu2021 [Ad Jh]
camargojau: raises 30 to 60
Mahu2021: calls 45
adambp: folds 
*** FLOP *** [Jd Kh 8c]
Mahu2021: checks 
camargojau: bets 30
Mahu2021: calls 30
*** TURN *** [Jd Kh 8c] [4s]
Mahu2021: checks 
camargojau: checks 
*** RIVER *** [Jd Kh 8c 4s] [4d]
Mahu2021: checks 
camargojau: checks 
*** SHOW DOWN ***
Mahu2021: shows [Ad Jh] (two pair, Jacks and Fours)
camargojau: mucks hand 
Mahu2021 collected 210 from pot
*** SUMMARY ***
Total pot 210 | Rake 0 
Board [Jd Kh 8c 4s 4d]
Seat 1: adambp (big blind) folded before Flop
Seat 2: camargojau (button) mucked [Ts Th]
Seat 3: Mahu2021 (small blind) showed [Ad Jh] and won (210) with two pair, Jacks and Fours



PokerStars Hand #249404932692: Tournament #3728436528, $1.84+$0.16 USD Hold'em No Limit - Level II (15/30) - 2024/03/13 22:19:03 CET [2024/03/13 17:19:03 ET]
Table '3728436528 1' 3-max Seat #3 is the button
Seat 1: adambp (670 in chips) 
Seat 2: camargojau (270 in chips) 
Seat 3: Mahu2021 (560 in chips) 
adambp: posts small blind 15
camargojau: posts big blind 30
*** HOLE CARDS ***
Dealt to Mahu2021 [7h 4d]
Mahu2021: folds 
adambp: raises 640 to 670 and is all-in
camargojau: folds 
Uncalled bet (640) returned to adambp
adambp collected 60 from pot
adambp: doesn't show hand 
*** SUMMARY ***
Total pot 60 | Rake 0 
Seat 1: adambp (small blind) collected (60)
Seat 2: camargojau (big blind) folded before Flop
Seat 3: Mahu2021 (button) folded before Flop (didn't bet)



PokerStars Hand #249404936538: Tournament #3728436528, $1.84+$0.16 USD Hold'em No Limit - Level II (15/30) - 2024/03/13 22:19:14 CET [2024/03/13 17:19:14 ET]
Table '3728436528 1' 3-max Seat #1 is the button
Seat 1: adambp (700 in chips) 
Seat 2: camargojau (240 in chips) 
Seat 3: Mahu2021 (560 in chips) 
camargojau: posts small blind 15
Mahu2021: posts big blind 30
*** HOLE CARDS ***
Dealt to Mahu2021 [6d 5d]
adambp: raises 30 to 60
camargojau: calls 45
Mahu2021: calls 30
*** FLOP *** [Td 2c 3d]
camargojau: bets 180 and is all-in
Mahu2021: calls 180
adambp: raises 460 to 640 and is all-in
Mahu2021: calls 320 and is all-in
Uncalled bet (140) returned to adambp
*** TURN *** [Td 2c 3d] [Kd]
*** RIVER *** [Td 2c 3d Kd] [Tc]
*** SHOW DOWN ***
Mahu2021: shows [6d 5d] (a flush, King high)
adambp: shows [Kc Kh] (a full house, Kings full of Tens)
adambp collected 640 from side pot
camargojau: shows [Jc As] (a pair of Tens)
adambp collected 720 from main pot
Mahu2021 finished the tournament in 2nd place and received $6.00.
camargojau finished the tournament in 3rd place and received $4.00.
adambp wins the tournament and receives $40.00 - congratulations!
*** SUMMARY ***
Total pot 1360 Main pot 720. Side pot 640. | Rake 0 
Board [Td 2c 3d Kd Tc]
Seat 1: adambp (button) showed [Kc Kh] and won (1360) with a full house, Kings full of Tens
Seat 2: camargojau (small blind) showed [Jc As] and lost with a pair of Tens
Seat 3: Mahu2021 (big blind) showed [6d 5d] and lost with a flush, King high



