PokerStars Hand #253447210432: Tournament #3824549039, $1.84+$0.16 USD Hold'em No Limit - Level I (10/20) - 2024/11/17 18:23:09 CET [2024/11/17 12:23:09 ET]
Table '3824549039 1' 3-max Seat #1 is the button
Seat 1: BreamerX (500 in chips) 
Seat 2: Mahu2021 (500 in chips) 
Seat 3: Muto693 (500 in chips) 
Mahu2021: posts small blind 10
Muto693: posts big blind 20
*** HOLE CARDS ***
Dealt to Mahu2021 [8s 5d]
BreamerX: folds 
Mahu2021: folds 
Uncalled bet (10) returned to Muto693
Muto693 collected 20 from pot
*** SUMMARY ***
Total pot 20 | Rake 0 
Seat 1: BreamerX (button) folded before Flop (didn't bet)
Seat 2: Mahu2021 (small blind) folded before Flop
Seat 3: Muto693 (big blind) collected (20)



PokerStars Hand #253447212405: Tournament #3824549039, $1.84+$0.16 USD Hold'em No Limit - Level I (10/20) - 2024/11/17 18:23:15 CET [2024/11/17 12:23:15 ET]
Table '3824549039 1' 3-max Seat #2 is the button
Seat 1: BreamerX (500 in chips) 
Seat 2: Mahu2021 (490 in chips) 
Seat 3: Muto693 (510 in chips) 
Muto693: posts small blind 10
BreamerX: posts big blind 20
*** HOLE CARDS ***
Dealt to Mahu2021 [As Ts]
Mahu2021: raises 20 to 40
Muto693: folds 
BreamerX: folds 
Uncalled bet (20) returned to Mahu2021
Mahu2021 collected 50 from pot
Mahu2021: doesn't show hand 
*** SUMMARY ***
Total pot 50 | Rake 0 
Seat 1: BreamerX (big blind) folded before Flop
Seat 2: Mahu2021 (button) collected (50)
Seat 3: Muto693 (small blind) folded before Flop



PokerStars Hand #253447214719: Tournament #3824549039, $1.84+$0.16 USD Hold'em No Limit - Level I (10/20) - 2024/11/17 18:23:23 CET [2024/11/17 12:23:23 ET]
Table '3824549039 1' 3-max Seat #3 is the button
Seat 1: BreamerX (480 in chips) 
Seat 2: Mahu2021 (520 in chips) 
Seat 3: Muto693 (500 in chips) 
BreamerX: posts small blind 10
Mahu2021: posts big blind 20
*** HOLE CARDS ***
Dealt to Mahu2021 [Td 5h]
Muto693: raises 40 to 60
BreamerX: raises 420 to 480 and is all-in
Mahu2021: folds 
Muto693 has timed out
Muto693: folds 
Muto693 is sitting out
Uncalled bet (420) returned to BreamerX
BreamerX collected 140 from pot
BreamerX: doesn't show hand 
*** SUMMARY ***
Total pot 140 | Rake 0 
Seat 1: BreamerX (small blind) collected (140)
Seat 2: Mahu2021 (big blind) folded before Flop
Seat 3: Muto693 (button) folded before Flop



PokerStars Hand #253447225102: Tournament #3824549039, $1.84+$0.16 USD Hold'em No Limit - Level I (10/20) - 2024/11/17 18:23:57 CET [2024/11/17 12:23:57 ET]
Table '3824549039 1' 3-max Seat #1 is the button
Seat 1: BreamerX (560 in chips) 
Seat 2: Mahu2021 (500 in chips) 
Seat 3: Muto693 (440 in chips) is sitting out
Mahu2021: posts small blind 10
Muto693: posts big blind 20
*** HOLE CARDS ***
Dealt to Mahu2021 [7d 5c]
Muto693 has returned
BreamerX: folds 
Mahu2021: folds 
Uncalled bet (10) returned to Muto693
Muto693 collected 20 from pot
*** SUMMARY ***
Total pot 20 | Rake 0 
Seat 1: BreamerX (button) folded before Flop (didn't bet)
Seat 2: Mahu2021 (small blind) folded before Flop
Seat 3: Muto693 (big blind) collected (20)



PokerStars Hand #253447226716: Tournament #3824549039, $1.84+$0.16 USD Hold'em No Limit - Level I (10/20) - 2024/11/17 18:24:02 CET [2024/11/17 12:24:02 ET]
Table '3824549039 1' 3-max Seat #2 is the button
Seat 1: BreamerX (560 in chips) 
Seat 2: Mahu2021 (490 in chips) 
Seat 3: Muto693 (450 in chips) 
Muto693: posts small blind 10
BreamerX: posts big blind 20
*** HOLE CARDS ***
Dealt to Mahu2021 [Js 8h]
Mahu2021: raises 20 to 40
Muto693: calls 30
BreamerX: folds 
*** FLOP *** [4d 3d 9h]
Muto693: checks 
Mahu2021: checks 
*** TURN *** [4d 3d 9h] [7d]
Muto693: bets 60
Mahu2021: folds 
Uncalled bet (60) returned to Muto693
Muto693 collected 100 from pot
*** SUMMARY ***
Total pot 100 | Rake 0 
Board [4d 3d 9h 7d]
Seat 1: BreamerX (big blind) folded before Flop
Seat 2: Mahu2021 (button) folded on the Turn
Seat 3: Muto693 (small blind) collected (100)



PokerStars Hand #253447233004: Tournament #3824549039, $1.84+$0.16 USD Hold'em No Limit - Level I (10/20) - 2024/11/17 18:24:23 CET [2024/11/17 12:24:23 ET]
Table '3824549039 1' 3-max Seat #3 is the button
Seat 1: BreamerX (540 in chips) 
Seat 2: Mahu2021 (450 in chips) 
Seat 3: Muto693 (510 in chips) 
BreamerX: posts small blind 10
Mahu2021: posts big blind 20
*** HOLE CARDS ***
Dealt to Mahu2021 [5h Jc]
Muto693: raises 40 to 60
BreamerX: folds 
Mahu2021: folds 
Uncalled bet (40) returned to Muto693
Muto693 collected 50 from pot
*** SUMMARY ***
Total pot 50 | Rake 0 
Seat 1: BreamerX (small blind) folded before Flop
Seat 2: Mahu2021 (big blind) folded before Flop
Seat 3: Muto693 (button) collected (50)



PokerStars Hand #253447235095: Tournament #3824549039, $1.84+$0.16 USD Hold'em No Limit - Level I (10/20) - 2024/11/17 18:24:30 CET [2024/11/17 12:24:30 ET]
Table '3824549039 1' 3-max Seat #1 is the button
Seat 1: BreamerX (530 in chips) 
Seat 2: Mahu2021 (430 in chips) 
Seat 3: Muto693 (540 in chips) 
Mahu2021: posts small blind 10
Muto693: posts big blind 20
*** HOLE CARDS ***
Dealt to Mahu2021 [9h 2c]
BreamerX: folds 
Mahu2021: folds 
Uncalled bet (10) returned to Muto693
Muto693 collected 20 from pot
*** SUMMARY ***
Total pot 20 | Rake 0 
Seat 1: BreamerX (button) folded before Flop (didn't bet)
Seat 2: Mahu2021 (small blind) folded before Flop
Seat 3: Muto693 (big blind) collected (20)



PokerStars Hand #253447236872: Tournament #3824549039, $1.84+$0.16 USD Hold'em No Limit - Level I (10/20) - 2024/11/17 18:24:36 CET [2024/11/17 12:24:36 ET]
Table '3824549039 1' 3-max Seat #2 is the button
Seat 1: BreamerX (530 in chips) 
Seat 2: Mahu2021 (420 in chips) 
Seat 3: Muto693 (550 in chips) 
Muto693: posts small blind 10
BreamerX: posts big blind 20
*** HOLE CARDS ***
Dealt to Mahu2021 [8c 2h]
Mahu2021: folds 
Muto693: folds 
Uncalled bet (10) returned to BreamerX
BreamerX collected 20 from pot
BreamerX: doesn't show hand 
*** SUMMARY ***
Total pot 20 | Rake 0 
Seat 1: BreamerX (big blind) collected (20)
Seat 2: Mahu2021 (button) folded before Flop (didn't bet)
Seat 3: Muto693 (small blind) folded before Flop



PokerStars Hand #253447238673: Tournament #3824549039, $1.84+$0.16 USD Hold'em No Limit - Level I (10/20) - 2024/11/17 18:24:41 CET [2024/11/17 12:24:41 ET]
Table '3824549039 1' 3-max Seat #3 is the button
Seat 1: BreamerX (540 in chips) 
Seat 2: Mahu2021 (420 in chips) 
Seat 3: Muto693 (540 in chips) 
BreamerX: posts small blind 10
Mahu2021: posts big blind 20
*** HOLE CARDS ***
Dealt to Mahu2021 [Ts 4d]
Muto693: raises 40 to 60
BreamerX: folds 
Mahu2021: folds 
Uncalled bet (40) returned to Muto693
Muto693 collected 50 from pot
*** SUMMARY ***
Total pot 50 | Rake 0 
Seat 1: BreamerX (small blind) folded before Flop
Seat 2: Mahu2021 (big blind) folded before Flop
Seat 3: Muto693 (button) collected (50)



PokerStars Hand #253447241157: Tournament #3824549039, $1.84+$0.16 USD Hold'em No Limit - Level I (10/20) - 2024/11/17 18:24:50 CET [2024/11/17 12:24:50 ET]
Table '3824549039 1' 3-max Seat #1 is the button
Seat 1: BreamerX (530 in chips) 
Seat 2: Mahu2021 (400 in chips) 
Seat 3: Muto693 (570 in chips) 
Mahu2021: posts small blind 10
Muto693: posts big blind 20
*** HOLE CARDS ***
Dealt to Mahu2021 [9s 3c]
BreamerX: raises 20 to 40
Mahu2021: folds 
Muto693: raises 40 to 80
BreamerX: folds 
Uncalled bet (40) returned to Muto693
Muto693 collected 90 from pot
*** SUMMARY ***
Total pot 90 | Rake 0 
Seat 1: BreamerX (button) folded before Flop
Seat 2: Mahu2021 (small blind) folded before Flop
Seat 3: Muto693 (big blind) collected (90)



PokerStars Hand #253447247703: Tournament #3824549039, $1.84+$0.16 USD Hold'em No Limit - Level I (10/20) - 2024/11/17 18:25:11 CET [2024/11/17 12:25:11 ET]
Table '3824549039 1' 3-max Seat #2 is the button
Seat 1: BreamerX (490 in chips) 
Seat 2: Mahu2021 (390 in chips) 
Seat 3: Muto693 (620 in chips) 
Muto693: posts small blind 10
BreamerX: posts big blind 20
*** HOLE CARDS ***
Dealt to Mahu2021 [As Js]
Mahu2021: raises 20 to 40
Muto693: folds 
BreamerX: raises 450 to 490 and is all-in
Mahu2021: calls 350 and is all-in
Uncalled bet (100) returned to BreamerX
*** FLOP *** [Th 8h Jh]
*** TURN *** [Th 8h Jh] [Jd]
*** RIVER *** [Th 8h Jh Jd] [Qs]
*** SHOW DOWN ***
BreamerX: shows [9h 9c] (a straight, Eight to Queen)
Mahu2021: shows [As Js] (three of a kind, Jacks)
BreamerX collected 790 from pot
Mahu2021 finished the tournament in 3rd place
*** SUMMARY ***
Total pot 790 | Rake 0 
Board [Th 8h Jh Jd Qs]
Seat 1: BreamerX (big blind) showed [9h 9c] and won (790) with a straight, Eight to Queen
Seat 2: Mahu2021 (button) showed [As Js] and lost with three of a kind, Jacks
Seat 3: Muto693 (small blind) folded before Flop



