PokerStars Hand #252736015601: Tournament #3807440211, $1.84+$0.16 USD Hold'em No Limit - Level I (10/20) - 2024/10/02 16:58:24 CET [2024/10/02 10:58:24 ET]
Table '3807440211 1' 3-max Seat #1 is the button
Seat 1: irntwister (500 in chips) 
Seat 2: Mahu2021 (500 in chips) 
Seat 3: kald konn (500 in chips) 
Mahu2021: posts small blind 10
kald konn: posts big blind 20
*** HOLE CARDS ***
Dealt to Mahu2021 [6h 6s]
irntwister: raises 20 to 40
Mahu2021: calls 30
kald konn: raises 460 to 500 and is all-in
irntwister: calls 460 and is all-in
Mahu2021: calls 460 and is all-in
*** FLOP *** [8h Qd 2d]
*** TURN *** [8h Qd 2d] [7s]
*** RIVER *** [8h Qd 2d 7s] [Ts]
*** SHOW DOWN ***
Mahu2021: shows [6h 6s] (a pair of Sixes)
kald konn: shows [As 5d] (high card Ace)
irntwister: shows [Qs Ah] (a pair of Queens)
irntwister collected 1500 from pot
Mahu2021 finished the tournament in 2nd place
kald konn finished the tournament in 2nd place
irntwister wins the tournament and receives $6.00 - congratulations!
*** SUMMARY ***
Total pot 1500 | Rake 0 
Board [8h Qd 2d 7s Ts]
Seat 1: irntwister (button) showed [Qs Ah] and won (1500) with a pair of Queens
Seat 2: Mahu2021 (small blind) showed [6h 6s] and lost with a pair of Sixes
Seat 3: kald konn (big blind) showed [As 5d] and lost with high card Ace



