PokerStars Hand #247625178872: Tournament #3685598564, $1.84+$0.16 USD Hold'em No Limit - Level I (10/20) - 2023/12/12 21:37:50 CET [2023/12/12 15:37:50 ET]
Table '3685598564 1' 3-max Seat #1 is the button
Seat 1: Mahu2021 (500 in chips) 
Seat 2: neroram (500 in chips) 
Seat 3: pot lucky 77 (500 in chips) 
neroram: posts small blind 10
pot lucky 77: posts big blind 20
*** HOLE CARDS ***
Dealt to Mahu2021 [9h 3s]
Mahu2021: folds 
neroram: raises 40 to 60
pot lucky 77: folds 
Uncalled bet (40) returned to neroram
neroram collected 40 from pot
*** SUMMARY ***
Total pot 40 | Rake 0 
Seat 1: Mahu2021 (button) folded before Flop (didn't bet)
Seat 2: neroram (small blind) collected (40)
Seat 3: pot lucky 77 (big blind) folded before Flop



PokerStars Hand #247625183421: Tournament #3685598564, $1.84+$0.16 USD Hold'em No Limit - Level I (10/20) - 2023/12/12 21:38:05 CET [2023/12/12 15:38:05 ET]
Table '3685598564 1' 3-max Seat #2 is the button
Seat 1: Mahu2021 (500 in chips) 
Seat 2: neroram (520 in chips) 
Seat 3: pot lucky 77 (480 in chips) 
pot lucky 77: posts small blind 10
Mahu2021: posts big blind 20
*** HOLE CARDS ***
Dealt to Mahu2021 [Kd 8h]
neroram: folds 
pot lucky 77: raises 20 to 40
Mahu2021: calls 20
*** FLOP *** [4d 7s 6s]
pot lucky 77: checks 
Mahu2021: checks 
*** TURN *** [4d 7s 6s] [8d]
pot lucky 77: checks 
Mahu2021: bets 40
pot lucky 77: folds 
Uncalled bet (40) returned to Mahu2021
Mahu2021 collected 80 from pot
Mahu2021: doesn't show hand 
*** SUMMARY ***
Total pot 80 | Rake 0 
Board [4d 7s 6s 8d]
Seat 1: Mahu2021 (big blind) collected (80)
Seat 2: neroram (button) folded before Flop (didn't bet)
Seat 3: pot lucky 77 (small blind) folded on the Turn



PokerStars Hand #247625190546: Tournament #3685598564, $1.84+$0.16 USD Hold'em No Limit - Level I (10/20) - 2023/12/12 21:38:27 CET [2023/12/12 15:38:27 ET]
Table '3685598564 1' 3-max Seat #3 is the button
Seat 1: Mahu2021 (540 in chips) 
Seat 2: neroram (520 in chips) 
Seat 3: pot lucky 77 (440 in chips) 
Mahu2021: posts small blind 10
neroram: posts big blind 20
*** HOLE CARDS ***
Dealt to Mahu2021 [Ks 5c]
pot lucky 77: folds 
Mahu2021: folds 
Uncalled bet (10) returned to neroram
neroram collected 20 from pot
*** SUMMARY ***
Total pot 20 | Rake 0 
Seat 1: Mahu2021 (small blind) folded before Flop
Seat 2: neroram (big blind) collected (20)
Seat 3: pot lucky 77 (button) folded before Flop (didn't bet)



PokerStars Hand #247625192754: Tournament #3685598564, $1.84+$0.16 USD Hold'em No Limit - Level I (10/20) - 2023/12/12 21:38:34 CET [2023/12/12 15:38:34 ET]
Table '3685598564 1' 3-max Seat #1 is the button
Seat 1: Mahu2021 (530 in chips) 
Seat 2: neroram (530 in chips) 
Seat 3: pot lucky 77 (440 in chips) 
neroram: posts small blind 10
pot lucky 77: posts big blind 20
*** HOLE CARDS ***
Dealt to Mahu2021 [6c Jd]
Mahu2021: folds 
neroram: raises 40 to 60
pot lucky 77: folds 
Uncalled bet (40) returned to neroram
neroram collected 40 from pot
*** SUMMARY ***
Total pot 40 | Rake 0 
Seat 1: Mahu2021 (button) folded before Flop (didn't bet)
Seat 2: neroram (small blind) collected (40)
Seat 3: pot lucky 77 (big blind) folded before Flop



PokerStars Hand #247625196127: Tournament #3685598564, $1.84+$0.16 USD Hold'em No Limit - Level I (10/20) - 2023/12/12 21:38:44 CET [2023/12/12 15:38:44 ET]
Table '3685598564 1' 3-max Seat #2 is the button
Seat 1: Mahu2021 (530 in chips) 
Seat 2: neroram (550 in chips) 
Seat 3: pot lucky 77 (420 in chips) 
pot lucky 77: posts small blind 10
Mahu2021: posts big blind 20
*** HOLE CARDS ***
Dealt to Mahu2021 [2s Ks]
neroram: calls 20
pot lucky 77: calls 10
Mahu2021: checks 
*** FLOP *** [3s 2d 3c]
pot lucky 77: checks 
Mahu2021: bets 20
neroram: calls 20
pot lucky 77: folds 
*** TURN *** [3s 2d 3c] [6d]
Mahu2021: bets 20
neroram: calls 20
*** RIVER *** [3s 2d 3c 6d] [Qd]
Mahu2021: checks 
neroram: checks 
*** SHOW DOWN ***
Mahu2021: shows [2s Ks] (two pair, Threes and Deuces)
neroram: shows [Kc 6c] (two pair, Sixes and Threes)
neroram collected 140 from pot
*** SUMMARY ***
Total pot 140 | Rake 0 
Board [3s 2d 3c 6d Qd]
Seat 1: Mahu2021 (big blind) showed [2s Ks] and lost with two pair, Threes and Deuces
Seat 2: neroram (button) showed [Kc 6c] and won (140) with two pair, Sixes and Threes
Seat 3: pot lucky 77 (small blind) folded on the Flop



PokerStars Hand #247625204099: Tournament #3685598564, $1.84+$0.16 USD Hold'em No Limit - Level I (10/20) - 2023/12/12 21:39:09 CET [2023/12/12 15:39:09 ET]
Table '3685598564 1' 3-max Seat #3 is the button
Seat 1: Mahu2021 (470 in chips) 
Seat 2: neroram (630 in chips) 
Seat 3: pot lucky 77 (400 in chips) 
Mahu2021: posts small blind 10
neroram: posts big blind 20
*** HOLE CARDS ***
Dealt to Mahu2021 [Jc As]
pot lucky 77: folds 
Mahu2021: raises 40 to 60
neroram: calls 40
*** FLOP *** [Ah Kh 5c]
Mahu2021: bets 60
neroram: folds 
Uncalled bet (60) returned to Mahu2021
Mahu2021 collected 120 from pot
Mahu2021: doesn't show hand 
*** SUMMARY ***
Total pot 120 | Rake 0 
Board [Ah Kh 5c]
Seat 1: Mahu2021 (small blind) collected (120)
Seat 2: neroram (big blind) folded on the Flop
Seat 3: pot lucky 77 (button) folded before Flop (didn't bet)



PokerStars Hand #247625210207: Tournament #3685598564, $1.84+$0.16 USD Hold'em No Limit - Level I (10/20) - 2023/12/12 21:39:27 CET [2023/12/12 15:39:27 ET]
Table '3685598564 1' 3-max Seat #1 is the button
Seat 1: Mahu2021 (530 in chips) 
Seat 2: neroram (570 in chips) 
Seat 3: pot lucky 77 (400 in chips) 
neroram: posts small blind 10
pot lucky 77: posts big blind 20
*** HOLE CARDS ***
Dealt to Mahu2021 [Ad 6h]
Mahu2021: calls 20
neroram: folds 
pot lucky 77: checks 
*** FLOP *** [Ks 8d 3s]
pot lucky 77: checks 
Mahu2021: checks 
*** TURN *** [Ks 8d 3s] [4d]
pot lucky 77: checks 
Mahu2021: checks 
*** RIVER *** [Ks 8d 3s 4d] [4s]
pot lucky 77: checks 
Mahu2021: bets 50
pot lucky 77: folds 
Uncalled bet (50) returned to Mahu2021
Mahu2021 collected 50 from pot
Mahu2021: doesn't show hand 
*** SUMMARY ***
Total pot 50 | Rake 0 
Board [Ks 8d 3s 4d 4s]
Seat 1: Mahu2021 (button) collected (50)
Seat 2: neroram (small blind) folded before Flop
Seat 3: pot lucky 77 (big blind) folded on the River



PokerStars Hand #247625219745: Tournament #3685598564, $1.84+$0.16 USD Hold'em No Limit - Level I (10/20) - 2023/12/12 21:39:56 CET [2023/12/12 15:39:56 ET]
Table '3685598564 1' 3-max Seat #2 is the button
Seat 1: Mahu2021 (560 in chips) 
Seat 2: neroram (560 in chips) 
Seat 3: pot lucky 77 (380 in chips) 
pot lucky 77: posts small blind 10
Mahu2021: posts big blind 20
*** HOLE CARDS ***
Dealt to Mahu2021 [7s 8s]
neroram: calls 20
pot lucky 77: calls 10
Mahu2021: checks 
*** FLOP *** [Ac 3d Js]
pot lucky 77: checks 
Mahu2021: checks 
neroram: checks 
*** TURN *** [Ac 3d Js] [8h]
pot lucky 77: bets 20
Mahu2021: calls 20
neroram: folds 
*** RIVER *** [Ac 3d Js 8h] [Jh]
pot lucky 77: bets 20
Mahu2021: calls 20
*** SHOW DOWN ***
pot lucky 77: shows [6c As] (two pair, Aces and Jacks)
Mahu2021: mucks hand 
pot lucky 77 collected 140 from pot
*** SUMMARY ***
Total pot 140 | Rake 0 
Board [Ac 3d Js 8h Jh]
Seat 1: Mahu2021 (big blind) mucked [7s 8s]
Seat 2: neroram (button) folded on the Turn
Seat 3: pot lucky 77 (small blind) showed [6c As] and won (140) with two pair, Aces and Jacks



PokerStars Hand #247625228492: Tournament #3685598564, $1.84+$0.16 USD Hold'em No Limit - Level I (10/20) - 2023/12/12 21:40:23 CET [2023/12/12 15:40:23 ET]
Table '3685598564 1' 3-max Seat #3 is the button
Seat 1: Mahu2021 (500 in chips) 
Seat 2: neroram (540 in chips) 
Seat 3: pot lucky 77 (460 in chips) 
Mahu2021: posts small blind 10
neroram: posts big blind 20
*** HOLE CARDS ***
Dealt to Mahu2021 [Jc 3d]
pot lucky 77: folds 
Mahu2021: folds 
Uncalled bet (10) returned to neroram
neroram collected 20 from pot
*** SUMMARY ***
Total pot 20 | Rake 0 
Seat 1: Mahu2021 (small blind) folded before Flop
Seat 2: neroram (big blind) collected (20)
Seat 3: pot lucky 77 (button) folded before Flop (didn't bet)



PokerStars Hand #247625230705: Tournament #3685598564, $1.84+$0.16 USD Hold'em No Limit - Level I (10/20) - 2023/12/12 21:40:30 CET [2023/12/12 15:40:30 ET]
Table '3685598564 1' 3-max Seat #1 is the button
Seat 1: Mahu2021 (490 in chips) 
Seat 2: neroram (550 in chips) 
Seat 3: pot lucky 77 (460 in chips) 
neroram: posts small blind 10
pot lucky 77: posts big blind 20
*** HOLE CARDS ***
Dealt to Mahu2021 [Kd 6d]
Mahu2021: raises 20 to 40
neroram has timed out
neroram: folds 
neroram is sitting out
pot lucky 77: folds 
Uncalled bet (20) returned to Mahu2021
Mahu2021 collected 50 from pot
Mahu2021: doesn't show hand 
*** SUMMARY ***
Total pot 50 | Rake 0 
Seat 1: Mahu2021 (button) collected (50)
Seat 2: neroram (small blind) folded before Flop
Seat 3: pot lucky 77 (big blind) folded before Flop



PokerStars Hand #247625241023: Tournament #3685598564, $1.84+$0.16 USD Hold'em No Limit - Level II (15/30) - 2023/12/12 21:41:01 CET [2023/12/12 15:41:01 ET]
Table '3685598564 1' 3-max Seat #2 is the button
Seat 1: Mahu2021 (520 in chips) 
Seat 2: neroram (540 in chips) is sitting out
Seat 3: pot lucky 77 (440 in chips) 
pot lucky 77: posts small blind 15
Mahu2021: posts big blind 30
*** HOLE CARDS ***
Dealt to Mahu2021 [4h Tc]
neroram: folds 
neroram has returned
pot lucky 77: calls 15
Mahu2021: checks 
*** FLOP *** [Qc Jh Ac]
pot lucky 77: checks 
Mahu2021: checks 
*** TURN *** [Qc Jh Ac] [8d]
pot lucky 77: checks 
Mahu2021: bets 60
pot lucky 77: calls 60
*** RIVER *** [Qc Jh Ac 8d] [8s]
pot lucky 77: checks 
Mahu2021: checks 
*** SHOW DOWN ***
pot lucky 77: shows [Th Js] (two pair, Jacks and Eights)
Mahu2021: mucks hand 
pot lucky 77 collected 180 from pot
*** SUMMARY ***
Total pot 180 | Rake 0 
Board [Qc Jh Ac 8d 8s]
Seat 1: Mahu2021 (big blind) mucked [4h Tc]
Seat 2: neroram (button) folded before Flop (didn't bet)
Seat 3: pot lucky 77 (small blind) showed [Th Js] and won (180) with two pair, Jacks and Eights



PokerStars Hand #247625247671: Tournament #3685598564, $1.84+$0.16 USD Hold'em No Limit - Level II (15/30) - 2023/12/12 21:41:21 CET [2023/12/12 15:41:21 ET]
Table '3685598564 1' 3-max Seat #3 is the button
Seat 1: Mahu2021 (430 in chips) 
Seat 2: neroram (540 in chips) 
Seat 3: pot lucky 77 (530 in chips) 
Mahu2021: posts small blind 15
neroram: posts big blind 30
*** HOLE CARDS ***
Dealt to Mahu2021 [Qd 4h]
pot lucky 77: folds 
Mahu2021: folds 
Uncalled bet (15) returned to neroram
neroram collected 30 from pot
*** SUMMARY ***
Total pot 30 | Rake 0 
Seat 1: Mahu2021 (small blind) folded before Flop
Seat 2: neroram (big blind) collected (30)
Seat 3: pot lucky 77 (button) folded before Flop (didn't bet)



PokerStars Hand #247625250330: Tournament #3685598564, $1.84+$0.16 USD Hold'em No Limit - Level II (15/30) - 2023/12/12 21:41:29 CET [2023/12/12 15:41:29 ET]
Table '3685598564 1' 3-max Seat #1 is the button
Seat 1: Mahu2021 (415 in chips) 
Seat 2: neroram (555 in chips) 
Seat 3: pot lucky 77 (530 in chips) 
neroram: posts small blind 15
pot lucky 77: posts big blind 30
*** HOLE CARDS ***
Dealt to Mahu2021 [As 3s]
Mahu2021: raises 30 to 60
neroram: folds 
pot lucky 77: folds 
Uncalled bet (30) returned to Mahu2021
Mahu2021 collected 75 from pot
Mahu2021: doesn't show hand 
*** SUMMARY ***
Total pot 75 | Rake 0 
Seat 1: Mahu2021 (button) collected (75)
Seat 2: neroram (small blind) folded before Flop
Seat 3: pot lucky 77 (big blind) folded before Flop



PokerStars Hand #247625253184: Tournament #3685598564, $1.84+$0.16 USD Hold'em No Limit - Level II (15/30) - 2023/12/12 21:41:37 CET [2023/12/12 15:41:37 ET]
Table '3685598564 1' 3-max Seat #2 is the button
Seat 1: Mahu2021 (460 in chips) 
Seat 2: neroram (540 in chips) 
Seat 3: pot lucky 77 (500 in chips) 
pot lucky 77: posts small blind 15
Mahu2021: posts big blind 30
*** HOLE CARDS ***
Dealt to Mahu2021 [Jd Jh]
neroram: raises 30 to 60
pot lucky 77: folds 
Mahu2021: raises 400 to 460 and is all-in
neroram: folds 
Uncalled bet (400) returned to Mahu2021
Mahu2021 collected 135 from pot
Mahu2021: doesn't show hand 
*** SUMMARY ***
Total pot 135 | Rake 0 
Seat 1: Mahu2021 (big blind) collected (135)
Seat 2: neroram (button) folded before Flop
Seat 3: pot lucky 77 (small blind) folded before Flop



PokerStars Hand #247625259401: Tournament #3685598564, $1.84+$0.16 USD Hold'em No Limit - Level II (15/30) - 2023/12/12 21:41:56 CET [2023/12/12 15:41:56 ET]
Table '3685598564 1' 3-max Seat #3 is the button
Seat 1: Mahu2021 (535 in chips) 
Seat 2: neroram (480 in chips) 
Seat 3: pot lucky 77 (485 in chips) 
Mahu2021: posts small blind 15
neroram: posts big blind 30
*** HOLE CARDS ***
Dealt to Mahu2021 [4d Td]
pot lucky 77: folds 
Mahu2021: folds 
Uncalled bet (15) returned to neroram
neroram collected 30 from pot
*** SUMMARY ***
Total pot 30 | Rake 0 
Seat 1: Mahu2021 (small blind) folded before Flop
Seat 2: neroram (big blind) collected (30)
Seat 3: pot lucky 77 (button) folded before Flop (didn't bet)



PokerStars Hand #247625261386: Tournament #3685598564, $1.84+$0.16 USD Hold'em No Limit - Level II (15/30) - 2023/12/12 21:42:02 CET [2023/12/12 15:42:02 ET]
Table '3685598564 1' 3-max Seat #1 is the button
Seat 1: Mahu2021 (520 in chips) 
Seat 2: neroram (495 in chips) 
Seat 3: pot lucky 77 (485 in chips) 
neroram: posts small blind 15
pot lucky 77: posts big blind 30
*** HOLE CARDS ***
Dealt to Mahu2021 [Ts 3d]
Mahu2021: folds 
neroram: raises 465 to 495 and is all-in
pot lucky 77: folds 
Uncalled bet (465) returned to neroram
neroram collected 60 from pot
*** SUMMARY ***
Total pot 60 | Rake 0 
Seat 1: Mahu2021 (button) folded before Flop (didn't bet)
Seat 2: neroram (small blind) collected (60)
Seat 3: pot lucky 77 (big blind) folded before Flop



PokerStars Hand #247625267810: Tournament #3685598564, $1.84+$0.16 USD Hold'em No Limit - Level II (15/30) - 2023/12/12 21:42:21 CET [2023/12/12 15:42:21 ET]
Table '3685598564 1' 3-max Seat #2 is the button
Seat 1: Mahu2021 (520 in chips) 
Seat 2: neroram (525 in chips) 
Seat 3: pot lucky 77 (455 in chips) 
pot lucky 77: posts small blind 15
Mahu2021: posts big blind 30
*** HOLE CARDS ***
Dealt to Mahu2021 [As 5d]
neroram: folds 
pot lucky 77: calls 15
Mahu2021: checks 
*** FLOP *** [2s Td 2h]
pot lucky 77: checks 
Mahu2021: checks 
*** TURN *** [2s Td 2h] [Qh]
pot lucky 77: checks 
Mahu2021: checks 
*** RIVER *** [2s Td 2h Qh] [7h]
pot lucky 77: checks 
Mahu2021: checks 
*** SHOW DOWN ***
pot lucky 77: shows [Jh 7s] (two pair, Sevens and Deuces)
Mahu2021: mucks hand 
pot lucky 77 collected 60 from pot
*** SUMMARY ***
Total pot 60 | Rake 0 
Board [2s Td 2h Qh 7h]
Seat 1: Mahu2021 (big blind) mucked [As 5d]
Seat 2: neroram (button) folded before Flop (didn't bet)
Seat 3: pot lucky 77 (small blind) showed [Jh 7s] and won (60) with two pair, Sevens and Deuces



PokerStars Hand #247625274390: Tournament #3685598564, $1.84+$0.16 USD Hold'em No Limit - Level II (15/30) - 2023/12/12 21:42:41 CET [2023/12/12 15:42:41 ET]
Table '3685598564 1' 3-max Seat #3 is the button
Seat 1: Mahu2021 (490 in chips) 
Seat 2: neroram (525 in chips) 
Seat 3: pot lucky 77 (485 in chips) 
Mahu2021: posts small blind 15
neroram: posts big blind 30
*** HOLE CARDS ***
Dealt to Mahu2021 [6h Qh]
pot lucky 77: folds 
Mahu2021: calls 15
neroram: checks 
*** FLOP *** [Tc 8c 5c]
Mahu2021: checks 
neroram: bets 30
Mahu2021: folds 
Uncalled bet (30) returned to neroram
neroram collected 60 from pot
*** SUMMARY ***
Total pot 60 | Rake 0 
Board [Tc 8c 5c]
Seat 1: Mahu2021 (small blind) folded on the Flop
Seat 2: neroram (big blind) collected (60)
Seat 3: pot lucky 77 (button) folded before Flop (didn't bet)



PokerStars Hand #247625280033: Tournament #3685598564, $1.84+$0.16 USD Hold'em No Limit - Level II (15/30) - 2023/12/12 21:42:59 CET [2023/12/12 15:42:59 ET]
Table '3685598564 1' 3-max Seat #1 is the button
Seat 1: Mahu2021 (460 in chips) 
Seat 2: neroram (555 in chips) 
Seat 3: pot lucky 77 (485 in chips) 
neroram: posts small blind 15
pot lucky 77: posts big blind 30
*** HOLE CARDS ***
Dealt to Mahu2021 [4h 3c]
Mahu2021: folds 
neroram: raises 525 to 555 and is all-in
pot lucky 77: calls 455 and is all-in
Uncalled bet (70) returned to neroram
*** FLOP *** [9h Js 8c]
*** TURN *** [9h Js 8c] [7c]
*** RIVER *** [9h Js 8c 7c] [7h]
*** SHOW DOWN ***
neroram: shows [Ac Kc] (a pair of Sevens)
pot lucky 77: shows [Qs Ks] (a pair of Sevens - lower kicker)
neroram collected 970 from pot
pot lucky 77 finished the tournament in 3rd place
*** SUMMARY ***
Total pot 970 | Rake 0 
Board [9h Js 8c 7c 7h]
Seat 1: Mahu2021 (button) folded before Flop (didn't bet)
Seat 2: neroram (small blind) showed [Ac Kc] and won (970) with a pair of Sevens
Seat 3: pot lucky 77 (big blind) showed [Qs Ks] and lost with a pair of Sevens



PokerStars Hand #247625287276: Tournament #3685598564, $1.84+$0.16 USD Hold'em No Limit - Level II (15/30) - 2023/12/12 21:43:22 CET [2023/12/12 15:43:22 ET]
Table '3685598564 1' 3-max Seat #2 is the button
Seat 1: Mahu2021 (460 in chips) 
Seat 2: neroram (1040 in chips) 
neroram: posts small blind 15
Mahu2021: posts big blind 30
*** HOLE CARDS ***
Dealt to Mahu2021 [5c Ks]
neroram: folds 
Uncalled bet (15) returned to Mahu2021
Mahu2021 collected 30 from pot
Mahu2021: doesn't show hand 
*** SUMMARY ***
Total pot 30 | Rake 0 
Seat 1: Mahu2021 (big blind) collected (30)
Seat 2: neroram (button) (small blind) folded before Flop



PokerStars Hand #247625288906: Tournament #3685598564, $1.84+$0.16 USD Hold'em No Limit - Level II (15/30) - 2023/12/12 21:43:27 CET [2023/12/12 15:43:27 ET]
Table '3685598564 1' 3-max Seat #1 is the button
Seat 1: Mahu2021 (475 in chips) 
Seat 2: neroram (1025 in chips) 
Mahu2021: posts small blind 15
neroram: posts big blind 30
*** HOLE CARDS ***
Dealt to Mahu2021 [5h 7c]
Mahu2021: calls 15
neroram: checks 
*** FLOP *** [4d 3d As]
neroram: bets 30
Mahu2021: calls 30
*** TURN *** [4d 3d As] [2d]
neroram: bets 30
Mahu2021: calls 30
*** RIVER *** [4d 3d As 2d] [5c]
neroram: bets 180
Mahu2021: calls 180
*** SHOW DOWN ***
neroram: shows [Kh 7h] (a straight, Ace to Five)
Mahu2021: shows [5h 7c] (a straight, Ace to Five)
neroram collected 270 from pot
Mahu2021 collected 270 from pot
*** SUMMARY ***
Total pot 540 | Rake 0 
Board [4d 3d As 2d 5c]
Seat 1: Mahu2021 (button) (small blind) showed [5h 7c] and won (270) with a straight, Ace to Five
Seat 2: neroram (big blind) showed [Kh 7h] and won (270) with a straight, Ace to Five



PokerStars Hand #247625298173: Tournament #3685598564, $1.84+$0.16 USD Hold'em No Limit - Level III (20/40) - 2023/12/12 21:43:55 CET [2023/12/12 15:43:55 ET]
Table '3685598564 1' 3-max Seat #2 is the button
Seat 1: Mahu2021 (475 in chips) 
Seat 2: neroram (1025 in chips) 
neroram: posts small blind 20
Mahu2021: posts big blind 40
*** HOLE CARDS ***
Dealt to Mahu2021 [7s 4s]
neroram: calls 20
Mahu2021: checks 
*** FLOP *** [7c 8h 8c]
Mahu2021: checks 
neroram: checks 
*** TURN *** [7c 8h 8c] [Kd]
Mahu2021: checks 
neroram: checks 
*** RIVER *** [7c 8h 8c Kd] [6h]
Mahu2021: checks 
neroram: bets 40
Mahu2021: calls 40
*** SHOW DOWN ***
neroram: shows [Kc 2h] (two pair, Kings and Eights)
Mahu2021: mucks hand 
neroram collected 160 from pot
*** SUMMARY ***
Total pot 160 | Rake 0 
Board [7c 8h 8c Kd 6h]
Seat 1: Mahu2021 (big blind) mucked [7s 4s]
Seat 2: neroram (button) (small blind) showed [Kc 2h] and won (160) with two pair, Kings and Eights



PokerStars Hand #247625304841: Tournament #3685598564, $1.84+$0.16 USD Hold'em No Limit - Level III (20/40) - 2023/12/12 21:44:15 CET [2023/12/12 15:44:15 ET]
Table '3685598564 1' 3-max Seat #1 is the button
Seat 1: Mahu2021 (395 in chips) 
Seat 2: neroram (1105 in chips) 
Mahu2021: posts small blind 20
neroram: posts big blind 40
*** HOLE CARDS ***
Dealt to Mahu2021 [7c 5d]
Mahu2021: folds 
Uncalled bet (20) returned to neroram
neroram collected 40 from pot
*** SUMMARY ***
Total pot 40 | Rake 0 
Seat 1: Mahu2021 (button) (small blind) folded before Flop
Seat 2: neroram (big blind) collected (40)



PokerStars Hand #247625306492: Tournament #3685598564, $1.84+$0.16 USD Hold'em No Limit - Level III (20/40) - 2023/12/12 21:44:20 CET [2023/12/12 15:44:20 ET]
Table '3685598564 1' 3-max Seat #2 is the button
Seat 1: Mahu2021 (375 in chips) 
Seat 2: neroram (1125 in chips) 
neroram: posts small blind 20
Mahu2021: posts big blind 40
*** HOLE CARDS ***
Dealt to Mahu2021 [5s Kd]
neroram: calls 20
Mahu2021: checks 
*** FLOP *** [4s 7d 2d]
Mahu2021: checks 
neroram: bets 40
Mahu2021: folds 
Uncalled bet (40) returned to neroram
neroram collected 80 from pot
*** SUMMARY ***
Total pot 80 | Rake 0 
Board [4s 7d 2d]
Seat 1: Mahu2021 (big blind) folded on the Flop
Seat 2: neroram (button) (small blind) collected (80)



PokerStars Hand #247625310591: Tournament #3685598564, $1.84+$0.16 USD Hold'em No Limit - Level III (20/40) - 2023/12/12 21:44:33 CET [2023/12/12 15:44:33 ET]
Table '3685598564 1' 3-max Seat #1 is the button
Seat 1: Mahu2021 (335 in chips) 
Seat 2: neroram (1165 in chips) 
Mahu2021: posts small blind 20
neroram: posts big blind 40
*** HOLE CARDS ***
Dealt to Mahu2021 [Js Qh]
Mahu2021: raises 40 to 80
neroram has timed out
neroram: folds 
neroram is sitting out
Uncalled bet (40) returned to Mahu2021
Mahu2021 collected 80 from pot
Mahu2021: doesn't show hand 
neroram has returned
*** SUMMARY ***
Total pot 80 | Rake 0 
Seat 1: Mahu2021 (button) (small blind) collected (80)
Seat 2: neroram (big blind) folded before Flop



PokerStars Hand #247625316601: Tournament #3685598564, $1.84+$0.16 USD Hold'em No Limit - Level III (20/40) - 2023/12/12 21:44:51 CET [2023/12/12 15:44:51 ET]
Table '3685598564 1' 3-max Seat #2 is the button
Seat 1: Mahu2021 (375 in chips) 
Seat 2: neroram (1125 in chips) 
neroram: posts small blind 20
Mahu2021: posts big blind 40
*** HOLE CARDS ***
Dealt to Mahu2021 [Td 4h]
neroram: raises 40 to 80
Mahu2021: folds 
Uncalled bet (40) returned to neroram
neroram collected 80 from pot
*** SUMMARY ***
Total pot 80 | Rake 0 
Seat 1: Mahu2021 (big blind) folded before Flop
Seat 2: neroram (button) (small blind) collected (80)



PokerStars Hand #247625318603: Tournament #3685598564, $1.84+$0.16 USD Hold'em No Limit - Level III (20/40) - 2023/12/12 21:44:58 CET [2023/12/12 15:44:58 ET]
Table '3685598564 1' 3-max Seat #1 is the button
Seat 1: Mahu2021 (335 in chips) 
Seat 2: neroram (1165 in chips) 
Mahu2021: posts small blind 20
neroram: posts big blind 40
*** HOLE CARDS ***
Dealt to Mahu2021 [Qh 4c]
Mahu2021: calls 20
neroram: checks 
*** FLOP *** [5d 9h 7c]
neroram: bets 40
Mahu2021: folds 
Uncalled bet (40) returned to neroram
neroram collected 80 from pot
*** SUMMARY ***
Total pot 80 | Rake 0 
Board [5d 9h 7c]
Seat 1: Mahu2021 (button) (small blind) folded on the Flop
Seat 2: neroram (big blind) collected (80)



PokerStars Hand #247625322781: Tournament #3685598564, $1.84+$0.16 USD Hold'em No Limit - Level III (20/40) - 2023/12/12 21:45:10 CET [2023/12/12 15:45:10 ET]
Table '3685598564 1' 3-max Seat #2 is the button
Seat 1: Mahu2021 (295 in chips) 
Seat 2: neroram (1205 in chips) 
neroram: posts small blind 20
Mahu2021: posts big blind 40
*** HOLE CARDS ***
Dealt to Mahu2021 [7s 3d]
neroram: raises 40 to 80
Mahu2021: folds 
Uncalled bet (40) returned to neroram
neroram collected 80 from pot
*** SUMMARY ***
Total pot 80 | Rake 0 
Seat 1: Mahu2021 (big blind) folded before Flop
Seat 2: neroram (button) (small blind) collected (80)



PokerStars Hand #247625324763: Tournament #3685598564, $1.84+$0.16 USD Hold'em No Limit - Level III (20/40) - 2023/12/12 21:45:16 CET [2023/12/12 15:45:16 ET]
Table '3685598564 1' 3-max Seat #1 is the button
Seat 1: Mahu2021 (255 in chips) 
Seat 2: neroram (1245 in chips) 
Mahu2021: posts small blind 20
neroram: posts big blind 40
*** HOLE CARDS ***
Dealt to Mahu2021 [Ad 9c]
Mahu2021: calls 20
neroram: checks 
*** FLOP *** [8h 7d Ah]
neroram: checks 
Mahu2021: checks 
*** TURN *** [8h 7d Ah] [3c]
neroram: bets 40
Mahu2021: calls 40
*** RIVER *** [8h 7d Ah 3c] [4h]
neroram: bets 40
Mahu2021: calls 40
*** SHOW DOWN ***
neroram: shows [3h Qc] (a pair of Threes)
Mahu2021: shows [Ad 9c] (a pair of Aces)
Mahu2021 collected 240 from pot
*** SUMMARY ***
Total pot 240 | Rake 0 
Board [8h 7d Ah 3c 4h]
Seat 1: Mahu2021 (button) (small blind) showed [Ad 9c] and won (240) with a pair of Aces
Seat 2: neroram (big blind) showed [3h Qc] and lost with a pair of Threes



PokerStars Hand #247625330654: Tournament #3685598564, $1.84+$0.16 USD Hold'em No Limit - Level III (20/40) - 2023/12/12 21:45:33 CET [2023/12/12 15:45:33 ET]
Table '3685598564 1' 3-max Seat #2 is the button
Seat 1: Mahu2021 (375 in chips) 
Seat 2: neroram (1125 in chips) 
neroram: posts small blind 20
Mahu2021: posts big blind 40
*** HOLE CARDS ***
Dealt to Mahu2021 [Ac 9d]
neroram: calls 20
Mahu2021: raises 80 to 120
neroram: calls 80
*** FLOP *** [7s Ks Td]
Mahu2021: bets 255 and is all-in
neroram: folds 
Uncalled bet (255) returned to Mahu2021
Mahu2021 collected 240 from pot
Mahu2021: doesn't show hand 
*** SUMMARY ***
Total pot 240 | Rake 0 
Board [7s Ks Td]
Seat 1: Mahu2021 (big blind) collected (240)
Seat 2: neroram (button) (small blind) folded on the Flop



PokerStars Hand #247625335729: Tournament #3685598564, $1.84+$0.16 USD Hold'em No Limit - Level III (20/40) - 2023/12/12 21:45:48 CET [2023/12/12 15:45:48 ET]
Table '3685598564 1' 3-max Seat #1 is the button
Seat 1: Mahu2021 (495 in chips) 
Seat 2: neroram (1005 in chips) 
Mahu2021: posts small blind 20
neroram: posts big blind 40
*** HOLE CARDS ***
Dealt to Mahu2021 [4h Qd]
Mahu2021: calls 20
neroram: checks 
*** FLOP *** [Tc 2c Kd]
neroram: checks 
Mahu2021: checks 
*** TURN *** [Tc 2c Kd] [Jd]
neroram: checks 
Mahu2021: checks 
*** RIVER *** [Tc 2c Kd Jd] [2h]
neroram: checks 
Mahu2021: checks 
*** SHOW DOWN ***
neroram: shows [8s 4d] (a pair of Deuces)
Mahu2021: shows [4h Qd] (a pair of Deuces - King+Queen kicker)
Mahu2021 collected 80 from pot
*** SUMMARY ***
Total pot 80 | Rake 0 
Board [Tc 2c Kd Jd 2h]
Seat 1: Mahu2021 (button) (small blind) showed [4h Qd] and won (80) with a pair of Deuces
Seat 2: neroram (big blind) showed [8s 4d] and lost with a pair of Deuces



PokerStars Hand #247625343171: Tournament #3685598564, $1.84+$0.16 USD Hold'em No Limit - Level III (20/40) - 2023/12/12 21:46:11 CET [2023/12/12 15:46:11 ET]
Table '3685598564 1' 3-max Seat #2 is the button
Seat 1: Mahu2021 (535 in chips) 
Seat 2: neroram (965 in chips) 
neroram: posts small blind 20
Mahu2021: posts big blind 40
*** HOLE CARDS ***
Dealt to Mahu2021 [6h 3d]
neroram has timed out
neroram: folds 
neroram is sitting out
Uncalled bet (20) returned to Mahu2021
Mahu2021 collected 40 from pot
Mahu2021: doesn't show hand 
*** SUMMARY ***
Total pot 40 | Rake 0 
Seat 1: Mahu2021 (big blind) collected (40)
Seat 2: neroram (button) (small blind) folded before Flop



PokerStars Hand #247625348107: Tournament #3685598564, $1.84+$0.16 USD Hold'em No Limit - Level III (20/40) - 2023/12/12 21:46:26 CET [2023/12/12 15:46:26 ET]
Table '3685598564 1' 3-max Seat #1 is the button
Seat 1: Mahu2021 (555 in chips) 
Seat 2: neroram (945 in chips) 
Mahu2021: posts small blind 20
neroram: posts big blind 40
*** HOLE CARDS ***
Dealt to Mahu2021 [As 3c]
Mahu2021: raises 40 to 80
neroram: calls 40
*** FLOP *** [5c 2h Tc]
neroram: checks 
Mahu2021: checks 
*** TURN *** [5c 2h Tc] [Qs]
neroram: checks 
Mahu2021: checks 
*** RIVER *** [5c 2h Tc Qs] [2s]
neroram: bets 160
Mahu2021: folds 
Uncalled bet (160) returned to neroram
neroram collected 160 from pot
*** SUMMARY ***
Total pot 160 | Rake 0 
Board [5c 2h Tc Qs 2s]
Seat 1: Mahu2021 (button) (small blind) folded on the River
Seat 2: neroram (big blind) collected (160)



PokerStars Hand #247625355595: Tournament #3685598564, $1.84+$0.16 USD Hold'em No Limit - Level III (20/40) - 2023/12/12 21:46:48 CET [2023/12/12 15:46:48 ET]
Table '3685598564 1' 3-max Seat #2 is the button
Seat 1: Mahu2021 (475 in chips) 
Seat 2: neroram (1025 in chips) 
neroram: posts small blind 20
Mahu2021: posts big blind 40
*** HOLE CARDS ***
Dealt to Mahu2021 [6d Js]
neroram: calls 20
Mahu2021: checks 
*** FLOP *** [3c 7s 6c]
Mahu2021: bets 40
neroram: raises 40 to 80
Mahu2021: calls 40
*** TURN *** [3c 7s 6c] [3s]
Mahu2021: checks 
neroram: bets 120
Mahu2021: calls 120
*** RIVER *** [3c 7s 6c 3s] [2d]
Mahu2021: bets 235 and is all-in
neroram: calls 235
*** SHOW DOWN ***
Mahu2021: shows [6d Js] (two pair, Sixes and Threes)
neroram: shows [7d Kc] (two pair, Sevens and Threes)
neroram collected 950 from pot
Mahu2021 finished the tournament in 2nd place
neroram wins the tournament and receives $6.00 - congratulations!
*** SUMMARY ***
Total pot 950 | Rake 0 
Board [3c 7s 6c 3s 2d]
Seat 1: Mahu2021 (big blind) showed [6d Js] and lost with two pair, Sixes and Threes
Seat 2: neroram (button) (small blind) showed [7d Kc] and won (950) with two pair, Sevens and Threes



