PokerStars Hand #247753618524: Tournament #3688673400, $1.84+$0.16 USD Hold'em No Limit - Level I (10/20) - 2023/12/19 20:51:52 CET [2023/12/19 14:51:52 ET]
Table '3688673400 1' 3-max Seat #1 is the button
Seat 1: 25doblev (500 in chips) 
Seat 2: Lusory (500 in chips) 
Seat 3: Mahu2021 (500 in chips) 
Lusory: posts small blind 10
Mahu2021: posts big blind 20
*** HOLE CARDS ***
Dealt to Mahu2021 [Jd Th]
25doblev: folds 
Lusory: folds 
Uncalled bet (10) returned to Mahu2021
Mahu2021 collected 20 from pot
Mahu2021: doesn't show hand 
*** SUMMARY ***
Total pot 20 | Rake 0 
Seat 1: 25doblev (button) folded before Flop (didn't bet)
Seat 2: Lusory (small blind) folded before Flop
Seat 3: Mahu2021 (big blind) collected (20)



PokerStars Hand #247753624631: Tournament #3688673400, $1.84+$0.16 USD Hold'em No Limit - Level I (10/20) - 2023/12/19 20:52:10 CET [2023/12/19 14:52:10 ET]
Table '3688673400 1' 3-max Seat #2 is the button
Seat 1: 25doblev (500 in chips) 
Seat 2: Lusory (490 in chips) 
Seat 3: Mahu2021 (510 in chips) 
Mahu2021: posts small blind 10
25doblev: posts big blind 20
*** HOLE CARDS ***
Dealt to Mahu2021 [Kc Th]
Lusory: raises 40 to 60
Mahu2021: calls 50
25doblev: folds 
*** FLOP *** [3h Td Jd]
Mahu2021: checks 
Lusory: checks 
*** TURN *** [3h Td Jd] [4h]
Mahu2021: checks 
Lusory: checks 
*** RIVER *** [3h Td Jd 4h] [3s]
Mahu2021: checks 
Lusory: bets 70
Mahu2021: calls 70
*** SHOW DOWN ***
Lusory: shows [Qs 5c] (a pair of Threes)
Mahu2021: shows [Kc Th] (two pair, Tens and Threes)
Mahu2021 collected 280 from pot
*** SUMMARY ***
Total pot 280 | Rake 0 
Board [3h Td Jd 4h 3s]
Seat 1: 25doblev (big blind) folded before Flop
Seat 2: Lusory (button) showed [Qs 5c] and lost with a pair of Threes
Seat 3: Mahu2021 (small blind) showed [Kc Th] and won (280) with two pair, Tens and Threes



PokerStars Hand #247753632406: Tournament #3688673400, $1.84+$0.16 USD Hold'em No Limit - Level I (10/20) - 2023/12/19 20:52:34 CET [2023/12/19 14:52:34 ET]
Table '3688673400 1' 3-max Seat #3 is the button
Seat 1: 25doblev (480 in chips) 
Seat 2: Lusory (360 in chips) 
Seat 3: Mahu2021 (660 in chips) 
25doblev: posts small blind 10
Lusory: posts big blind 20
*** HOLE CARDS ***
Dealt to Mahu2021 [6c Ah]
Mahu2021: folds 
25doblev: raises 30 to 50
Lusory: calls 30
*** FLOP *** [2d 9c 3s]
25doblev: bets 30
Lusory: folds 
Uncalled bet (30) returned to 25doblev
25doblev collected 100 from pot
25doblev: doesn't show hand 
*** SUMMARY ***
Total pot 100 | Rake 0 
Board [2d 9c 3s]
Seat 1: 25doblev (small blind) collected (100)
Seat 2: Lusory (big blind) folded on the Flop
Seat 3: Mahu2021 (button) folded before Flop (didn't bet)



PokerStars Hand #247753641158: Tournament #3688673400, $1.84+$0.16 USD Hold'em No Limit - Level I (10/20) - 2023/12/19 20:53:00 CET [2023/12/19 14:53:00 ET]
Table '3688673400 1' 3-max Seat #1 is the button
Seat 1: 25doblev (530 in chips) 
Seat 2: Lusory (310 in chips) 
Seat 3: Mahu2021 (660 in chips) 
Lusory: posts small blind 10
Mahu2021: posts big blind 20
*** HOLE CARDS ***
Dealt to Mahu2021 [6d 4d]
25doblev: folds 
Lusory: folds 
Uncalled bet (10) returned to Mahu2021
Mahu2021 collected 20 from pot
Mahu2021: doesn't show hand 
*** SUMMARY ***
Total pot 20 | Rake 0 
Seat 1: 25doblev (button) folded before Flop (didn't bet)
Seat 2: Lusory (small blind) folded before Flop
Seat 3: Mahu2021 (big blind) collected (20)



PokerStars Hand #247753644291: Tournament #3688673400, $1.84+$0.16 USD Hold'em No Limit - Level I (10/20) - 2023/12/19 20:53:10 CET [2023/12/19 14:53:10 ET]
Table '3688673400 1' 3-max Seat #2 is the button
Seat 1: 25doblev (530 in chips) 
Seat 2: Lusory (300 in chips) 
Seat 3: Mahu2021 (670 in chips) 
Mahu2021: posts small blind 10
25doblev: posts big blind 20
*** HOLE CARDS ***
Dealt to Mahu2021 [2c 6s]
Lusory: folds 
Mahu2021: folds 
Uncalled bet (10) returned to 25doblev
25doblev collected 20 from pot
25doblev: doesn't show hand 
*** SUMMARY ***
Total pot 20 | Rake 0 
Seat 1: 25doblev (big blind) collected (20)
Seat 2: Lusory (button) folded before Flop (didn't bet)
Seat 3: Mahu2021 (small blind) folded before Flop



PokerStars Hand #247753646397: Tournament #3688673400, $1.84+$0.16 USD Hold'em No Limit - Level I (10/20) - 2023/12/19 20:53:16 CET [2023/12/19 14:53:16 ET]
Table '3688673400 1' 3-max Seat #3 is the button
Seat 1: 25doblev (540 in chips) 
Seat 2: Lusory (300 in chips) 
Seat 3: Mahu2021 (660 in chips) 
25doblev: posts small blind 10
Lusory: posts big blind 20
*** HOLE CARDS ***
Dealt to Mahu2021 [2s 7c]
Mahu2021: folds 
25doblev: raises 30 to 50
Lusory: folds 
Uncalled bet (30) returned to 25doblev
25doblev collected 40 from pot
25doblev: doesn't show hand 
*** SUMMARY ***
Total pot 40 | Rake 0 
Seat 1: 25doblev (small blind) collected (40)
Seat 2: Lusory (big blind) folded before Flop
Seat 3: Mahu2021 (button) folded before Flop (didn't bet)



PokerStars Hand #247753650079: Tournament #3688673400, $1.84+$0.16 USD Hold'em No Limit - Level I (10/20) - 2023/12/19 20:53:27 CET [2023/12/19 14:53:27 ET]
Table '3688673400 1' 3-max Seat #1 is the button
Seat 1: 25doblev (560 in chips) 
Seat 2: Lusory (280 in chips) 
Seat 3: Mahu2021 (660 in chips) 
Lusory: posts small blind 10
Mahu2021: posts big blind 20
*** HOLE CARDS ***
Dealt to Mahu2021 [9c 9h]
25doblev: folds 
Lusory: raises 40 to 60
Mahu2021: raises 600 to 660 and is all-in
Lusory: calls 220 and is all-in
Uncalled bet (380) returned to Mahu2021
*** FLOP *** [3c Kc 6h]
*** TURN *** [3c Kc 6h] [3d]
*** RIVER *** [3c Kc 6h 3d] [5s]
*** SHOW DOWN ***
Lusory: shows [Ad 2h] (a pair of Threes)
Mahu2021: shows [9c 9h] (two pair, Nines and Threes)
Mahu2021 collected 560 from pot
Lusory finished the tournament in 3rd place
*** SUMMARY ***
Total pot 560 | Rake 0 
Board [3c Kc 6h 3d 5s]
Seat 1: 25doblev (button) folded before Flop (didn't bet)
Seat 2: Lusory (small blind) showed [Ad 2h] and lost with a pair of Threes
Seat 3: Mahu2021 (big blind) showed [9c 9h] and won (560) with two pair, Nines and Threes



PokerStars Hand #247753658624: Tournament #3688673400, $1.84+$0.16 USD Hold'em No Limit - Level I (10/20) - 2023/12/19 20:53:53 CET [2023/12/19 14:53:53 ET]
Table '3688673400 1' 3-max Seat #3 is the button
Seat 1: 25doblev (560 in chips) 
Seat 3: Mahu2021 (940 in chips) 
Mahu2021: posts small blind 10
25doblev: posts big blind 20
*** HOLE CARDS ***
Dealt to Mahu2021 [Kc Jc]
Mahu2021: raises 20 to 40
25doblev: raises 520 to 560 and is all-in
Mahu2021: calls 520
*** FLOP *** [9d Kh 6s]
*** TURN *** [9d Kh 6s] [7d]
*** RIVER *** [9d Kh 6s 7d] [2h]
*** SHOW DOWN ***
25doblev: shows [Ts Ac] (high card Ace)
Mahu2021: shows [Kc Jc] (a pair of Kings)
Mahu2021 collected 1120 from pot
25doblev finished the tournament in 2nd place
Mahu2021 wins the tournament and receives $6.00 - congratulations!
*** SUMMARY ***
Total pot 1120 | Rake 0 
Board [9d Kh 6s 7d 2h]
Seat 1: 25doblev (big blind) showed [Ts Ac] and lost with high card Ace
Seat 3: Mahu2021 (button) (small blind) showed [Kc Jc] and won (1120) with a pair of Kings



