PokerStars Hand #252530090123: Tournament #3802856128, $1.84+$0.16 USD Hold'em No Limit - Level I (10/20) - 2024/09/19 22:05:48 CET [2024/09/19 16:05:48 ET]
Table '3802856128 1' 3-max Seat #1 is the button
Seat 1: ricrockacdc (500 in chips) 
Seat 2: JJOKKAA (500 in chips) 
Seat 3: Mahu2021 (500 in chips) 
JJOKKAA: posts small blind 10
Mahu2021: posts big blind 20
*** HOLE CARDS ***
Dealt to Mahu2021 [4h Qc]
ricrockacdc: folds 
JJOKKAA: folds 
Uncalled bet (10) returned to Mahu2021
Mahu2021 collected 20 from pot
Mahu2021: doesn't show hand 
*** SUMMARY ***
Total pot 20 | Rake 0 
Seat 1: ricrockacdc (button) folded before Flop (didn't bet)
Seat 2: JJOKKAA (small blind) folded before Flop
Seat 3: Mahu2021 (big blind) collected (20)



PokerStars Hand #252530093960: Tournament #3802856128, $1.84+$0.16 USD Hold'em No Limit - Level I (10/20) - 2024/09/19 22:06:00 CET [2024/09/19 16:06:00 ET]
Table '3802856128 1' 3-max Seat #2 is the button
Seat 1: ricrockacdc (500 in chips) 
Seat 2: JJOKKAA (490 in chips) 
Seat 3: Mahu2021 (510 in chips) 
Mahu2021: posts small blind 10
ricrockacdc: posts big blind 20
*** HOLE CARDS ***
Dealt to Mahu2021 [9s 2s]
JJOKKAA: folds 
Mahu2021: folds 
Uncalled bet (10) returned to ricrockacdc
ricrockacdc collected 20 from pot
ricrockacdc: doesn't show hand 
*** SUMMARY ***
Total pot 20 | Rake 0 
Seat 1: ricrockacdc (big blind) collected (20)
Seat 2: JJOKKAA (button) folded before Flop (didn't bet)
Seat 3: Mahu2021 (small blind) folded before Flop



PokerStars Hand #252530095490: Tournament #3802856128, $1.84+$0.16 USD Hold'em No Limit - Level I (10/20) - 2024/09/19 22:06:04 CET [2024/09/19 16:06:04 ET]
Table '3802856128 1' 3-max Seat #3 is the button
Seat 1: ricrockacdc (510 in chips) 
Seat 2: JJOKKAA (490 in chips) 
Seat 3: Mahu2021 (500 in chips) 
ricrockacdc: posts small blind 10
JJOKKAA: posts big blind 20
*** HOLE CARDS ***
Dealt to Mahu2021 [7h Ad]
Mahu2021: raises 20 to 40
ricrockacdc: folds 
JJOKKAA: calls 20
*** FLOP *** [Js Ah 3d]
JJOKKAA: checks 
Mahu2021: bets 40
JJOKKAA: folds 
Uncalled bet (40) returned to Mahu2021
Mahu2021 collected 90 from pot
Mahu2021: doesn't show hand 
*** SUMMARY ***
Total pot 90 | Rake 0 
Board [Js Ah 3d]
Seat 1: ricrockacdc (small blind) folded before Flop
Seat 2: JJOKKAA (big blind) folded on the Flop
Seat 3: Mahu2021 (button) collected (90)



PokerStars Hand #252530099489: Tournament #3802856128, $1.84+$0.16 USD Hold'em No Limit - Level I (10/20) - 2024/09/19 22:06:16 CET [2024/09/19 16:06:16 ET]
Table '3802856128 1' 3-max Seat #1 is the button
Seat 1: ricrockacdc (500 in chips) 
Seat 2: JJOKKAA (450 in chips) 
Seat 3: Mahu2021 (550 in chips) 
JJOKKAA: posts small blind 10
Mahu2021: posts big blind 20
*** HOLE CARDS ***
Dealt to Mahu2021 [Kd Th]
ricrockacdc: folds 
JJOKKAA: folds 
Uncalled bet (10) returned to Mahu2021
Mahu2021 collected 20 from pot
Mahu2021: doesn't show hand 
*** SUMMARY ***
Total pot 20 | Rake 0 
Seat 1: ricrockacdc (button) folded before Flop (didn't bet)
Seat 2: JJOKKAA (small blind) folded before Flop
Seat 3: Mahu2021 (big blind) collected (20)



PokerStars Hand #252530101752: Tournament #3802856128, $1.84+$0.16 USD Hold'em No Limit - Level I (10/20) - 2024/09/19 22:06:23 CET [2024/09/19 16:06:23 ET]
Table '3802856128 1' 3-max Seat #2 is the button
Seat 1: ricrockacdc (500 in chips) 
Seat 2: JJOKKAA (440 in chips) 
Seat 3: Mahu2021 (560 in chips) 
Mahu2021: posts small blind 10
ricrockacdc: posts big blind 20
*** HOLE CARDS ***
Dealt to Mahu2021 [Qc 7c]
JJOKKAA: raises 20 to 40
Mahu2021: calls 30
ricrockacdc: folds 
*** FLOP *** [6c Qs 2h]
Mahu2021: checks 
JJOKKAA: checks 
*** TURN *** [6c Qs 2h] [Tc]
Mahu2021: bets 40
JJOKKAA: folds 
Uncalled bet (40) returned to Mahu2021
Mahu2021 collected 100 from pot
Mahu2021: doesn't show hand 
*** SUMMARY ***
Total pot 100 | Rake 0 
Board [6c Qs 2h Tc]
Seat 1: ricrockacdc (big blind) folded before Flop
Seat 2: JJOKKAA (button) folded on the Turn
Seat 3: Mahu2021 (small blind) collected (100)



PokerStars Hand #252530106863: Tournament #3802856128, $1.84+$0.16 USD Hold'em No Limit - Level I (10/20) - 2024/09/19 22:06:39 CET [2024/09/19 16:06:39 ET]
Table '3802856128 1' 3-max Seat #3 is the button
Seat 1: ricrockacdc (480 in chips) 
Seat 2: JJOKKAA (400 in chips) 
Seat 3: Mahu2021 (620 in chips) 
ricrockacdc: posts small blind 10
JJOKKAA: posts big blind 20
*** HOLE CARDS ***
Dealt to Mahu2021 [3s 7c]
Mahu2021: folds 
ricrockacdc: raises 460 to 480 and is all-in
JJOKKAA: folds 
Uncalled bet (460) returned to ricrockacdc
ricrockacdc collected 40 from pot
ricrockacdc: doesn't show hand 
*** SUMMARY ***
Total pot 40 | Rake 0 
Seat 1: ricrockacdc (small blind) collected (40)
Seat 2: JJOKKAA (big blind) folded before Flop
Seat 3: Mahu2021 (button) folded before Flop (didn't bet)



PokerStars Hand #252530109986: Tournament #3802856128, $1.84+$0.16 USD Hold'em No Limit - Level I (10/20) - 2024/09/19 22:06:49 CET [2024/09/19 16:06:49 ET]
Table '3802856128 1' 3-max Seat #1 is the button
Seat 1: ricrockacdc (500 in chips) 
Seat 2: JJOKKAA (380 in chips) 
Seat 3: Mahu2021 (620 in chips) 
JJOKKAA: posts small blind 10
Mahu2021: posts big blind 20
*** HOLE CARDS ***
Dealt to Mahu2021 [3c Ad]
ricrockacdc: folds 
JJOKKAA: raises 20 to 40
Mahu2021: calls 20
*** FLOP *** [Jc 8s Jh]
JJOKKAA: checks 
Mahu2021: checks 
*** TURN *** [Jc 8s Jh] [Jd]
JJOKKAA: checks 
Mahu2021: bets 20
JJOKKAA: calls 20
*** RIVER *** [Jc 8s Jh Jd] [5s]
JJOKKAA: checks 
Mahu2021: checks 
*** SHOW DOWN ***
JJOKKAA: shows [Th 9s] (three of a kind, Jacks)
Mahu2021: shows [3c Ad] (three of a kind, Jacks - Ace kicker)
Mahu2021 collected 120 from pot
*** SUMMARY ***
Total pot 120 | Rake 0 
Board [Jc 8s Jh Jd 5s]
Seat 1: ricrockacdc (button) folded before Flop (didn't bet)
Seat 2: JJOKKAA (small blind) showed [Th 9s] and lost with three of a kind, Jacks
Seat 3: Mahu2021 (big blind) showed [3c Ad] and won (120) with three of a kind, Jacks



PokerStars Hand #252530116637: Tournament #3802856128, $1.84+$0.16 USD Hold'em No Limit - Level I (10/20) - 2024/09/19 22:07:09 CET [2024/09/19 16:07:09 ET]
Table '3802856128 1' 3-max Seat #2 is the button
Seat 1: ricrockacdc (500 in chips) 
Seat 2: JJOKKAA (320 in chips) 
Seat 3: Mahu2021 (680 in chips) 
Mahu2021: posts small blind 10
ricrockacdc: posts big blind 20
*** HOLE CARDS ***
Dealt to Mahu2021 [4d Qs]
JJOKKAA: folds 
Mahu2021: folds 
Uncalled bet (10) returned to ricrockacdc
ricrockacdc collected 20 from pot
ricrockacdc: doesn't show hand 
*** SUMMARY ***
Total pot 20 | Rake 0 
Seat 1: ricrockacdc (big blind) collected (20)
Seat 2: JJOKKAA (button) folded before Flop (didn't bet)
Seat 3: Mahu2021 (small blind) folded before Flop



PokerStars Hand #252530118462: Tournament #3802856128, $1.84+$0.16 USD Hold'em No Limit - Level I (10/20) - 2024/09/19 22:07:15 CET [2024/09/19 16:07:15 ET]
Table '3802856128 1' 3-max Seat #3 is the button
Seat 1: ricrockacdc (510 in chips) 
Seat 2: JJOKKAA (320 in chips) 
Seat 3: Mahu2021 (670 in chips) 
ricrockacdc: posts small blind 10
JJOKKAA: posts big blind 20
*** HOLE CARDS ***
Dealt to Mahu2021 [3d As]
Mahu2021: calls 20
ricrockacdc: folds 
JJOKKAA: checks 
*** FLOP *** [5h 8c Ks]
JJOKKAA: checks 
Mahu2021: checks 
*** TURN *** [5h 8c Ks] [2c]
JJOKKAA: checks 
Mahu2021: checks 
*** RIVER *** [5h 8c Ks 2c] [3c]
JJOKKAA: checks 
Mahu2021: checks 
*** SHOW DOWN ***
JJOKKAA: shows [Th 5s] (a pair of Fives)
Mahu2021: mucks hand 
JJOKKAA collected 50 from pot
*** SUMMARY ***
Total pot 50 | Rake 0 
Board [5h 8c Ks 2c 3c]
Seat 1: ricrockacdc (small blind) folded before Flop
Seat 2: JJOKKAA (big blind) showed [Th 5s] and won (50) with a pair of Fives
Seat 3: Mahu2021 (button) mucked [3d As]



PokerStars Hand #252530123645: Tournament #3802856128, $1.84+$0.16 USD Hold'em No Limit - Level I (10/20) - 2024/09/19 22:07:31 CET [2024/09/19 16:07:31 ET]
Table '3802856128 1' 3-max Seat #1 is the button
Seat 1: ricrockacdc (500 in chips) 
Seat 2: JJOKKAA (350 in chips) 
Seat 3: Mahu2021 (650 in chips) 
JJOKKAA: posts small blind 10
Mahu2021: posts big blind 20
*** HOLE CARDS ***
Dealt to Mahu2021 [4h 3d]
ricrockacdc: folds 
JJOKKAA: raises 20 to 40
Mahu2021: folds 
Uncalled bet (20) returned to JJOKKAA
JJOKKAA collected 40 from pot
JJOKKAA: doesn't show hand 
*** SUMMARY ***
Total pot 40 | Rake 0 
Seat 1: ricrockacdc (button) folded before Flop (didn't bet)
Seat 2: JJOKKAA (small blind) collected (40)
Seat 3: Mahu2021 (big blind) folded before Flop



PokerStars Hand #252530126270: Tournament #3802856128, $1.84+$0.16 USD Hold'em No Limit - Level I (10/20) - 2024/09/19 22:07:39 CET [2024/09/19 16:07:39 ET]
Table '3802856128 1' 3-max Seat #2 is the button
Seat 1: ricrockacdc (500 in chips) 
Seat 2: JJOKKAA (370 in chips) 
Seat 3: Mahu2021 (630 in chips) 
Mahu2021: posts small blind 10
ricrockacdc: posts big blind 20
*** HOLE CARDS ***
Dealt to Mahu2021 [8s 7h]
JJOKKAA: raises 20 to 40
Mahu2021: folds 
ricrockacdc: calls 20
*** FLOP *** [4d Ad Ac]
ricrockacdc: checks 
JJOKKAA: bets 45
ricrockacdc: calls 45
*** TURN *** [4d Ad Ac] [Ah]
ricrockacdc: checks 
JJOKKAA: checks 
*** RIVER *** [4d Ad Ac Ah] [8d]
ricrockacdc: bets 45
JJOKKAA: folds 
Uncalled bet (45) returned to ricrockacdc
ricrockacdc collected 180 from pot
ricrockacdc: doesn't show hand 
*** SUMMARY ***
Total pot 180 | Rake 0 
Board [4d Ad Ac Ah 8d]
Seat 1: ricrockacdc (big blind) collected (180)
Seat 2: JJOKKAA (button) folded on the River
Seat 3: Mahu2021 (small blind) folded before Flop



PokerStars Hand #252530139887: Tournament #3802856128, $1.84+$0.16 USD Hold'em No Limit - Level I (10/20) - 2024/09/19 22:08:20 CET [2024/09/19 16:08:20 ET]
Table '3802856128 1' 3-max Seat #3 is the button
Seat 1: ricrockacdc (595 in chips) 
Seat 2: JJOKKAA (285 in chips) 
Seat 3: Mahu2021 (620 in chips) 
ricrockacdc: posts small blind 10
JJOKKAA: posts big blind 20
*** HOLE CARDS ***
Dealt to Mahu2021 [Ac 4h]
Mahu2021: calls 20
ricrockacdc: raises 40 to 60
JJOKKAA: calls 40
Mahu2021: folds 
*** FLOP *** [Jh 4d Ah]
ricrockacdc: bets 35
JJOKKAA: raises 65 to 100
ricrockacdc: calls 65
*** TURN *** [Jh 4d Ah] [Js]
ricrockacdc: checks 
JJOKKAA: checks 
*** RIVER *** [Jh 4d Ah Js] [6s]
ricrockacdc: bets 140
JJOKKAA: calls 125 and is all-in
Uncalled bet (15) returned to ricrockacdc
*** SHOW DOWN ***
ricrockacdc: shows [Jc Qd] (three of a kind, Jacks)
JJOKKAA: shows [Kh As] (two pair, Aces and Jacks)
ricrockacdc collected 590 from pot
JJOKKAA finished the tournament in 3rd place
*** SUMMARY ***
Total pot 590 | Rake 0 
Board [Jh 4d Ah Js 6s]
Seat 1: ricrockacdc (small blind) showed [Jc Qd] and won (590) with three of a kind, Jacks
Seat 2: JJOKKAA (big blind) showed [Kh As] and lost with two pair, Aces and Jacks
Seat 3: Mahu2021 (button) folded before Flop



PokerStars Hand #252530154047: Tournament #3802856128, $1.84+$0.16 USD Hold'em No Limit - Level II (15/30) - 2024/09/19 22:09:04 CET [2024/09/19 16:09:04 ET]
Table '3802856128 1' 3-max Seat #1 is the button
Seat 1: ricrockacdc (900 in chips) 
Seat 3: Mahu2021 (600 in chips) 
ricrockacdc: posts small blind 15
Mahu2021: posts big blind 30
*** HOLE CARDS ***
Dealt to Mahu2021 [6h Ts]
ricrockacdc: raises 30 to 60
Mahu2021: folds 
Uncalled bet (30) returned to ricrockacdc
ricrockacdc collected 60 from pot
ricrockacdc: doesn't show hand 
*** SUMMARY ***
Total pot 60 | Rake 0 
Seat 1: ricrockacdc (button) (small blind) collected (60)
Seat 3: Mahu2021 (big blind) folded before Flop



PokerStars Hand #252530156441: Tournament #3802856128, $1.84+$0.16 USD Hold'em No Limit - Level II (15/30) - 2024/09/19 22:09:11 CET [2024/09/19 16:09:11 ET]
Table '3802856128 1' 3-max Seat #3 is the button
Seat 1: ricrockacdc (930 in chips) 
Seat 3: Mahu2021 (570 in chips) 
Mahu2021: posts small blind 15
ricrockacdc: posts big blind 30
*** HOLE CARDS ***
Dealt to Mahu2021 [3h Qs]
Mahu2021: calls 15
ricrockacdc: checks 
*** FLOP *** [5c 2d 4h]
ricrockacdc: checks 
Mahu2021: bets 30
ricrockacdc: raises 60 to 90
Mahu2021: calls 60
*** TURN *** [5c 2d 4h] [Kh]
ricrockacdc: checks 
Mahu2021: bets 240
ricrockacdc: calls 240
*** RIVER *** [5c 2d 4h Kh] [Ah]
ricrockacdc: checks 
Mahu2021: bets 210 and is all-in
ricrockacdc: calls 210
*** SHOW DOWN ***
Mahu2021: shows [3h Qs] (a straight, Ace to Five)
ricrockacdc: shows [5h Jh] (a flush, Ace high)
ricrockacdc collected 1140 from pot
Mahu2021 finished the tournament in 2nd place
ricrockacdc wins the tournament and receives $6.00 - congratulations!
*** SUMMARY ***
Total pot 1140 | Rake 0 
Board [5c 2d 4h Kh Ah]
Seat 1: ricrockacdc (big blind) showed [5h Jh] and won (1140) with a flush, Ace high
Seat 3: Mahu2021 (button) (small blind) showed [3h Qs] and lost with a straight, Ace to Five



