PokerStars Hand #242906029628: Tournament #3572703762, $0.92+$0.08 USD Hold'em No Limit - Level I (10/20) - 2023/04/05 21:07:40 CET [2023/04/05 15:07:40 ET]
Table '3572703762 1' 3-max Seat #1 is the button
Seat 1: IevceFsa (500 in chips) 
Seat 2: vandelc (500 in chips) 
Seat 3: Mahu2021 (500 in chips) 
vandelc: posts small blind 10
Mahu2021: posts big blind 20
*** HOLE CARDS ***
Dealt to Mahu2021 [5h 8d]
IevceFsa: raises 20 to 40
vandelc: calls 30
Mahu2021: folds 
*** FLOP *** [Ks 9h Qs]
vandelc: checks 
IevceFsa: bets 30
vandelc: folds 
Uncalled bet (30) returned to IevceFsa
IevceFsa collected 100 from pot
IevceFsa: doesn't show hand 
*** SUMMARY ***
Total pot 100 | Rake 0 
Board [Ks 9h Qs]
Seat 1: IevceFsa (button) collected (100)
Seat 2: vandelc (small blind) folded on the Flop
Seat 3: Mahu2021 (big blind) folded before Flop



PokerStars Hand #242906035531: Tournament #3572703762, $0.92+$0.08 USD Hold'em No Limit - Level I (10/20) - 2023/04/05 21:07:55 CET [2023/04/05 15:07:55 ET]
Table '3572703762 1' 3-max Seat #2 is the button
Seat 1: IevceFsa (560 in chips) 
Seat 2: vandelc (460 in chips) 
Seat 3: Mahu2021 (480 in chips) 
Mahu2021: posts small blind 10
IevceFsa: posts big blind 20
*** HOLE CARDS ***
Dealt to Mahu2021 [Td 3c]
vandelc: raises 20 to 40
Mahu2021: folds 
IevceFsa: calls 20
*** FLOP *** [8d 2c 7s]
IevceFsa: checks 
vandelc: bets 90
IevceFsa: folds 
Uncalled bet (90) returned to vandelc
vandelc collected 90 from pot
*** SUMMARY ***
Total pot 90 | Rake 0 
Board [8d 2c 7s]
Seat 1: IevceFsa (big blind) folded on the Flop
Seat 2: vandelc (button) collected (90)
Seat 3: Mahu2021 (small blind) folded before Flop



PokerStars Hand #242906044339: Tournament #3572703762, $0.92+$0.08 USD Hold'em No Limit - Level I (10/20) - 2023/04/05 21:08:18 CET [2023/04/05 15:08:18 ET]
Table '3572703762 1' 3-max Seat #3 is the button
Seat 1: IevceFsa (520 in chips) 
Seat 2: vandelc (510 in chips) 
Seat 3: Mahu2021 (470 in chips) 
IevceFsa: posts small blind 10
vandelc: posts big blind 20
*** HOLE CARDS ***
Dealt to Mahu2021 [2d 6c]
Mahu2021: folds 
IevceFsa: calls 10
vandelc: raises 40 to 60
IevceFsa: calls 40
*** FLOP *** [5h 5s Td]
IevceFsa: checks 
vandelc: checks 
*** TURN *** [5h 5s Td] [2h]
IevceFsa: checks 
vandelc: checks 
*** RIVER *** [5h 5s Td 2h] [2s]
IevceFsa: checks 
vandelc: checks 
*** SHOW DOWN ***
IevceFsa: shows [Jh 9d] (two pair, Fives and Deuces)
vandelc: shows [Ks Ah] (two pair, Fives and Deuces - Ace kicker)
vandelc collected 120 from pot
*** SUMMARY ***
Total pot 120 | Rake 0 
Board [5h 5s Td 2h 2s]
Seat 1: IevceFsa (small blind) showed [Jh 9d] and lost with two pair, Fives and Deuces
Seat 2: vandelc (big blind) showed [Ks Ah] and won (120) with two pair, Fives and Deuces
Seat 3: Mahu2021 (button) folded before Flop (didn't bet)



PokerStars Hand #242906059886: Tournament #3572703762, $0.92+$0.08 USD Hold'em No Limit - Level I (10/20) - 2023/04/05 21:08:58 CET [2023/04/05 15:08:58 ET]
Table '3572703762 1' 3-max Seat #1 is the button
Seat 1: IevceFsa (460 in chips) 
Seat 2: vandelc (570 in chips) 
Seat 3: Mahu2021 (470 in chips) 
vandelc: posts small blind 10
Mahu2021: posts big blind 20
*** HOLE CARDS ***
Dealt to Mahu2021 [Td 4d]
IevceFsa: folds 
vandelc: calls 10
Mahu2021: checks 
*** FLOP *** [Jc Ts Kc]
vandelc: checks 
Mahu2021: checks 
*** TURN *** [Jc Ts Kc] [Kh]
vandelc: checks 
Mahu2021: bets 40
vandelc: calls 40
*** RIVER *** [Jc Ts Kc Kh] [3d]
vandelc: checks 
Mahu2021: checks 
*** SHOW DOWN ***
vandelc: shows [9c Jd] (two pair, Kings and Jacks)
Mahu2021: mucks hand 
vandelc collected 120 from pot
*** SUMMARY ***
Total pot 120 | Rake 0 
Board [Jc Ts Kc Kh 3d]
Seat 1: IevceFsa (button) folded before Flop (didn't bet)
Seat 2: vandelc (small blind) showed [9c Jd] and won (120) with two pair, Kings and Jacks
Seat 3: Mahu2021 (big blind) mucked [Td 4d]



PokerStars Hand #242906066731: Tournament #3572703762, $0.92+$0.08 USD Hold'em No Limit - Level I (10/20) - 2023/04/05 21:09:15 CET [2023/04/05 15:09:15 ET]
Table '3572703762 1' 3-max Seat #2 is the button
Seat 1: IevceFsa (460 in chips) 
Seat 2: vandelc (630 in chips) 
Seat 3: Mahu2021 (410 in chips) 
Mahu2021: posts small blind 10
IevceFsa: posts big blind 20
*** HOLE CARDS ***
Dealt to Mahu2021 [2c 9d]
vandelc: calls 20
Mahu2021: folds 
IevceFsa: checks 
*** FLOP *** [4h 3h 7d]
IevceFsa: checks 
vandelc: checks 
*** TURN *** [4h 3h 7d] [8s]
IevceFsa: bets 38
vandelc: calls 38
*** RIVER *** [4h 3h 7d 8s] [Ac]
IevceFsa: bets 38
vandelc: folds 
Uncalled bet (38) returned to IevceFsa
IevceFsa collected 126 from pot
IevceFsa: doesn't show hand 
*** SUMMARY ***
Total pot 126 | Rake 0 
Board [4h 3h 7d 8s Ac]
Seat 1: IevceFsa (big blind) collected (126)
Seat 2: vandelc (button) folded on the River
Seat 3: Mahu2021 (small blind) folded before Flop



PokerStars Hand #242906076228: Tournament #3572703762, $0.92+$0.08 USD Hold'em No Limit - Level I (10/20) - 2023/04/05 21:09:40 CET [2023/04/05 15:09:40 ET]
Table '3572703762 1' 3-max Seat #3 is the button
Seat 1: IevceFsa (528 in chips) 
Seat 2: vandelc (572 in chips) 
Seat 3: Mahu2021 (400 in chips) 
IevceFsa: posts small blind 10
vandelc: posts big blind 20
*** HOLE CARDS ***
Dealt to Mahu2021 [4c 3s]
Mahu2021: folds 
IevceFsa: folds 
Uncalled bet (10) returned to vandelc
vandelc collected 20 from pot
*** SUMMARY ***
Total pot 20 | Rake 0 
Seat 1: IevceFsa (small blind) folded before Flop
Seat 2: vandelc (big blind) collected (20)
Seat 3: Mahu2021 (button) folded before Flop (didn't bet)



PokerStars Hand #242906078409: Tournament #3572703762, $0.92+$0.08 USD Hold'em No Limit - Level I (10/20) - 2023/04/05 21:09:46 CET [2023/04/05 15:09:46 ET]
Table '3572703762 1' 3-max Seat #1 is the button
Seat 1: IevceFsa (518 in chips) 
Seat 2: vandelc (582 in chips) 
Seat 3: Mahu2021 (400 in chips) 
vandelc: posts small blind 10
Mahu2021: posts big blind 20
*** HOLE CARDS ***
Dealt to Mahu2021 [2h 3c]
IevceFsa: folds 
vandelc: calls 10
Mahu2021: checks 
*** FLOP *** [9s 5h As]
vandelc: bets 20
Mahu2021: calls 20
*** TURN *** [9s 5h As] [Ts]
vandelc: checks 
Mahu2021: bets 80
vandelc: folds 
Uncalled bet (80) returned to Mahu2021
Mahu2021 collected 80 from pot
Mahu2021: doesn't show hand 
*** SUMMARY ***
Total pot 80 | Rake 0 
Board [9s 5h As Ts]
Seat 1: IevceFsa (button) folded before Flop (didn't bet)
Seat 2: vandelc (small blind) folded on the Turn
Seat 3: Mahu2021 (big blind) collected (80)



PokerStars Hand #242906087691: Tournament #3572703762, $0.92+$0.08 USD Hold'em No Limit - Level I (10/20) - 2023/04/05 21:10:09 CET [2023/04/05 15:10:09 ET]
Table '3572703762 1' 3-max Seat #2 is the button
Seat 1: IevceFsa (518 in chips) 
Seat 2: vandelc (542 in chips) 
Seat 3: Mahu2021 (440 in chips) 
Mahu2021: posts small blind 10
IevceFsa: posts big blind 20
*** HOLE CARDS ***
Dealt to Mahu2021 [3c 5s]
vandelc: calls 20
Mahu2021: folds 
IevceFsa: checks 
*** FLOP *** [Ac 4c 2s]
IevceFsa: checks 
vandelc: bets 20
IevceFsa: folds 
Uncalled bet (20) returned to vandelc
vandelc collected 50 from pot
*** SUMMARY ***
Total pot 50 | Rake 0 
Board [Ac 4c 2s]
Seat 1: IevceFsa (big blind) folded on the Flop
Seat 2: vandelc (button) collected (50)
Seat 3: Mahu2021 (small blind) folded before Flop



PokerStars Hand #242906093990: Tournament #3572703762, $0.92+$0.08 USD Hold'em No Limit - Level I (10/20) - 2023/04/05 21:10:26 CET [2023/04/05 15:10:26 ET]
Table '3572703762 1' 3-max Seat #3 is the button
Seat 1: IevceFsa (498 in chips) 
Seat 2: vandelc (572 in chips) 
Seat 3: Mahu2021 (430 in chips) 
IevceFsa: posts small blind 10
vandelc: posts big blind 20
*** HOLE CARDS ***
Dealt to Mahu2021 [Kh Jh]
Mahu2021: raises 20 to 40
IevceFsa: folds 
vandelc: calls 20
*** FLOP *** [Ts 9c 7s]
vandelc: checks 
Mahu2021: checks 
*** TURN *** [Ts 9c 7s] [Jc]
vandelc: checks 
Mahu2021: checks 
*** RIVER *** [Ts 9c 7s Jc] [4h]
vandelc: checks 
Mahu2021: checks 
*** SHOW DOWN ***
vandelc: shows [Ah Qd] (high card Ace)
Mahu2021: shows [Kh Jh] (a pair of Jacks)
Mahu2021 collected 90 from pot
*** SUMMARY ***
Total pot 90 | Rake 0 
Board [Ts 9c 7s Jc 4h]
Seat 1: IevceFsa (small blind) folded before Flop
Seat 2: vandelc (big blind) showed [Ah Qd] and lost with high card Ace
Seat 3: Mahu2021 (button) showed [Kh Jh] and won (90) with a pair of Jacks



PokerStars Hand #242906101120: Tournament #3572703762, $0.92+$0.08 USD Hold'em No Limit - Level II (15/30) - 2023/04/05 21:10:44 CET [2023/04/05 15:10:44 ET]
Table '3572703762 1' 3-max Seat #1 is the button
Seat 1: IevceFsa (488 in chips) 
Seat 2: vandelc (532 in chips) 
Seat 3: Mahu2021 (480 in chips) 
vandelc: posts small blind 15
Mahu2021: posts big blind 30
*** HOLE CARDS ***
Dealt to Mahu2021 [3h Tc]
IevceFsa: raises 30 to 60
vandelc: calls 45
Mahu2021: folds 
*** FLOP *** [6h Qh 2d]
vandelc: checks 
IevceFsa: bets 45
vandelc: calls 45
*** TURN *** [6h Qh 2d] [6d]
vandelc: checks 
IevceFsa: bets 72
vandelc: calls 72
*** RIVER *** [6h Qh 2d 6d] [Kh]
vandelc: checks 
IevceFsa: checks 
*** SHOW DOWN ***
vandelc: shows [8c 2c] (two pair, Sixes and Deuces)
IevceFsa: shows [Td Ts] (two pair, Tens and Sixes)
IevceFsa collected 384 from pot
*** SUMMARY ***
Total pot 384 | Rake 0 
Board [6h Qh 2d 6d Kh]
Seat 1: IevceFsa (button) showed [Td Ts] and won (384) with two pair, Tens and Sixes
Seat 2: vandelc (small blind) showed [8c 2c] and lost with two pair, Sixes and Deuces
Seat 3: Mahu2021 (big blind) folded before Flop



PokerStars Hand #242906110802: Tournament #3572703762, $0.92+$0.08 USD Hold'em No Limit - Level II (15/30) - 2023/04/05 21:11:09 CET [2023/04/05 15:11:09 ET]
Table '3572703762 1' 3-max Seat #2 is the button
Seat 1: IevceFsa (695 in chips) 
Seat 2: vandelc (355 in chips) 
Seat 3: Mahu2021 (450 in chips) 
Mahu2021: posts small blind 15
IevceFsa: posts big blind 30
*** HOLE CARDS ***
Dealt to Mahu2021 [5c 9s]
vandelc: calls 30
Mahu2021: folds 
IevceFsa: checks 
*** FLOP *** [3s 8h 2d]
IevceFsa: checks 
vandelc: bets 30
IevceFsa: folds 
Uncalled bet (30) returned to vandelc
vandelc collected 75 from pot
*** SUMMARY ***
Total pot 75 | Rake 0 
Board [3s 8h 2d]
Seat 1: IevceFsa (big blind) folded on the Flop
Seat 2: vandelc (button) collected (75)
Seat 3: Mahu2021 (small blind) folded before Flop



PokerStars Hand #242906120821: Tournament #3572703762, $0.92+$0.08 USD Hold'em No Limit - Level II (15/30) - 2023/04/05 21:11:35 CET [2023/04/05 15:11:35 ET]
Table '3572703762 1' 3-max Seat #3 is the button
Seat 1: IevceFsa (665 in chips) 
Seat 2: vandelc (400 in chips) 
Seat 3: Mahu2021 (435 in chips) 
IevceFsa: posts small blind 15
vandelc: posts big blind 30
*** HOLE CARDS ***
Dealt to Mahu2021 [5s Jh]
Mahu2021: folds 
IevceFsa: calls 15
vandelc: checks 
*** FLOP *** [Jd As 7h]
IevceFsa: checks 
vandelc: checks 
*** TURN *** [Jd As 7h] [3d]
IevceFsa: checks 
vandelc: checks 
*** RIVER *** [Jd As 7h 3d] [6s]
IevceFsa: checks 
vandelc: checks 
*** SHOW DOWN ***
IevceFsa: shows [4d 5c] (a straight, Three to Seven)
vandelc: mucks hand 
IevceFsa collected 60 from pot
*** SUMMARY ***
Total pot 60 | Rake 0 
Board [Jd As 7h 3d 6s]
Seat 1: IevceFsa (small blind) showed [4d 5c] and won (60) with a straight, Three to Seven
Seat 2: vandelc (big blind) mucked [4h 8d]
Seat 3: Mahu2021 (button) folded before Flop (didn't bet)



PokerStars Hand #242906132823: Tournament #3572703762, $0.92+$0.08 USD Hold'em No Limit - Level II (15/30) - 2023/04/05 21:12:05 CET [2023/04/05 15:12:05 ET]
Table '3572703762 1' 3-max Seat #1 is the button
Seat 1: IevceFsa (695 in chips) 
Seat 2: vandelc (370 in chips) 
Seat 3: Mahu2021 (435 in chips) 
vandelc: posts small blind 15
Mahu2021: posts big blind 30
*** HOLE CARDS ***
Dealt to Mahu2021 [8s Td]
IevceFsa: folds 
vandelc: raises 30 to 60
Mahu2021: folds 
Uncalled bet (30) returned to vandelc
vandelc collected 60 from pot
*** SUMMARY ***
Total pot 60 | Rake 0 
Seat 1: IevceFsa (button) folded before Flop (didn't bet)
Seat 2: vandelc (small blind) collected (60)
Seat 3: Mahu2021 (big blind) folded before Flop



PokerStars Hand #242906135813: Tournament #3572703762, $0.92+$0.08 USD Hold'em No Limit - Level II (15/30) - 2023/04/05 21:12:13 CET [2023/04/05 15:12:13 ET]
Table '3572703762 1' 3-max Seat #2 is the button
Seat 1: IevceFsa (695 in chips) 
Seat 2: vandelc (400 in chips) 
Seat 3: Mahu2021 (405 in chips) 
Mahu2021: posts small blind 15
IevceFsa: posts big blind 30
*** HOLE CARDS ***
Dealt to Mahu2021 [6d 6c]
vandelc: calls 30
Mahu2021: raises 375 to 405 and is all-in
IevceFsa: folds 
vandelc: folds [Js Qh]
Uncalled bet (375) returned to Mahu2021
Mahu2021 collected 90 from pot
Mahu2021: doesn't show hand 
*** SUMMARY ***
Total pot 90 | Rake 0 
Seat 1: IevceFsa (big blind) folded before Flop
Seat 2: vandelc (button) folded before Flop
Seat 3: Mahu2021 (small blind) collected (90)



PokerStars Hand #242906142337: Tournament #3572703762, $0.92+$0.08 USD Hold'em No Limit - Level II (15/30) - 2023/04/05 21:12:30 CET [2023/04/05 15:12:30 ET]
Table '3572703762 1' 3-max Seat #3 is the button
Seat 1: IevceFsa (665 in chips) 
Seat 2: vandelc (370 in chips) 
Seat 3: Mahu2021 (465 in chips) 
IevceFsa: posts small blind 15
vandelc: posts big blind 30
*** HOLE CARDS ***
Dealt to Mahu2021 [Ac 2s]
Mahu2021: calls 30
IevceFsa: calls 15
vandelc: checks 
*** FLOP *** [Kc Qc 9c]
IevceFsa: checks 
vandelc: checks 
Mahu2021: bets 90
IevceFsa: folds 
vandelc: folds 
Uncalled bet (90) returned to Mahu2021
Mahu2021 collected 90 from pot
Mahu2021: doesn't show hand 
*** SUMMARY ***
Total pot 90 | Rake 0 
Board [Kc Qc 9c]
Seat 1: IevceFsa (small blind) folded on the Flop
Seat 2: vandelc (big blind) folded on the Flop
Seat 3: Mahu2021 (button) collected (90)



PokerStars Hand #242906149183: Tournament #3572703762, $0.92+$0.08 USD Hold'em No Limit - Level II (15/30) - 2023/04/05 21:12:47 CET [2023/04/05 15:12:47 ET]
Table '3572703762 1' 3-max Seat #1 is the button
Seat 1: IevceFsa (635 in chips) 
Seat 2: vandelc (340 in chips) 
Seat 3: Mahu2021 (525 in chips) 
vandelc: posts small blind 15
Mahu2021: posts big blind 30
*** HOLE CARDS ***
Dealt to Mahu2021 [Js 6d]
IevceFsa: folds 
vandelc: raises 30 to 60
Mahu2021: folds 
Uncalled bet (30) returned to vandelc
vandelc collected 60 from pot
*** SUMMARY ***
Total pot 60 | Rake 0 
Seat 1: IevceFsa (button) folded before Flop (didn't bet)
Seat 2: vandelc (small blind) collected (60)
Seat 3: Mahu2021 (big blind) folded before Flop



PokerStars Hand #242906152363: Tournament #3572703762, $0.92+$0.08 USD Hold'em No Limit - Level II (15/30) - 2023/04/05 21:12:55 CET [2023/04/05 15:12:55 ET]
Table '3572703762 1' 3-max Seat #2 is the button
Seat 1: IevceFsa (635 in chips) 
Seat 2: vandelc (370 in chips) 
Seat 3: Mahu2021 (495 in chips) 
Mahu2021: posts small blind 15
IevceFsa: posts big blind 30
*** HOLE CARDS ***
Dealt to Mahu2021 [Td 9d]
vandelc: raises 340 to 370 and is all-in
Mahu2021: folds 
IevceFsa: folds 
Uncalled bet (340) returned to vandelc
vandelc collected 75 from pot
*** SUMMARY ***
Total pot 75 | Rake 0 
Seat 1: IevceFsa (big blind) folded before Flop
Seat 2: vandelc (button) collected (75)
Seat 3: Mahu2021 (small blind) folded before Flop



PokerStars Hand #242906155698: Tournament #3572703762, $0.92+$0.08 USD Hold'em No Limit - Level II (15/30) - 2023/04/05 21:13:04 CET [2023/04/05 15:13:04 ET]
Table '3572703762 1' 3-max Seat #3 is the button
Seat 1: IevceFsa (605 in chips) 
Seat 2: vandelc (415 in chips) 
Seat 3: Mahu2021 (480 in chips) 
IevceFsa: posts small blind 15
vandelc: posts big blind 30
*** HOLE CARDS ***
Dealt to Mahu2021 [5s Jd]
Mahu2021: folds 
IevceFsa: calls 15
vandelc: checks 
*** FLOP *** [2c 2s 4s]
IevceFsa: checks 
vandelc: checks 
*** TURN *** [2c 2s 4s] [3c]
IevceFsa: bets 30
vandelc: calls 30
*** RIVER *** [2c 2s 4s 3c] [4d]
IevceFsa: checks 
vandelc: checks 
*** SHOW DOWN ***
IevceFsa: shows [Qh 5h] (two pair, Fours and Deuces)
vandelc: shows [6s Ad] (two pair, Fours and Deuces - Ace kicker)
vandelc collected 120 from pot
*** SUMMARY ***
Total pot 120 | Rake 0 
Board [2c 2s 4s 3c 4d]
Seat 1: IevceFsa (small blind) showed [Qh 5h] and lost with two pair, Fours and Deuces
Seat 2: vandelc (big blind) showed [6s Ad] and won (120) with two pair, Fours and Deuces
Seat 3: Mahu2021 (button) folded before Flop (didn't bet)



PokerStars Hand #242906162657: Tournament #3572703762, $0.92+$0.08 USD Hold'em No Limit - Level II (15/30) - 2023/04/05 21:13:22 CET [2023/04/05 15:13:22 ET]
Table '3572703762 1' 3-max Seat #1 is the button
Seat 1: IevceFsa (545 in chips) 
Seat 2: vandelc (475 in chips) 
Seat 3: Mahu2021 (480 in chips) 
vandelc: posts small blind 15
Mahu2021: posts big blind 30
*** HOLE CARDS ***
Dealt to Mahu2021 [Td 4s]
IevceFsa: raises 30 to 60
vandelc: folds 
Mahu2021: folds 
Uncalled bet (30) returned to IevceFsa
IevceFsa collected 75 from pot
IevceFsa: doesn't show hand 
*** SUMMARY ***
Total pot 75 | Rake 0 
Seat 1: IevceFsa (button) collected (75)
Seat 2: vandelc (small blind) folded before Flop
Seat 3: Mahu2021 (big blind) folded before Flop



PokerStars Hand #242906164898: Tournament #3572703762, $0.92+$0.08 USD Hold'em No Limit - Level II (15/30) - 2023/04/05 21:13:28 CET [2023/04/05 15:13:28 ET]
Table '3572703762 1' 3-max Seat #2 is the button
Seat 1: IevceFsa (590 in chips) 
Seat 2: vandelc (460 in chips) 
Seat 3: Mahu2021 (450 in chips) 
Mahu2021: posts small blind 15
IevceFsa: posts big blind 30
*** HOLE CARDS ***
Dealt to Mahu2021 [9s Th]
vandelc: raises 30 to 60
Mahu2021: calls 45
IevceFsa: raises 530 to 590 and is all-in
vandelc: calls 400 and is all-in
Mahu2021: folds 
Uncalled bet (130) returned to IevceFsa
*** FLOP *** [7h Kc 2h]
*** TURN *** [7h Kc 2h] [8h]
*** RIVER *** [7h Kc 2h 8h] [9d]
*** SHOW DOWN ***
IevceFsa: shows [Td Ah] (high card Ace)
vandelc: shows [Tc Ks] (a pair of Kings)
vandelc collected 980 from pot
*** SUMMARY ***
Total pot 980 | Rake 0 
Board [7h Kc 2h 8h 9d]
Seat 1: IevceFsa (big blind) showed [Td Ah] and lost with high card Ace
Seat 2: vandelc (button) showed [Tc Ks] and won (980) with a pair of Kings
Seat 3: Mahu2021 (small blind) folded before Flop



PokerStars Hand #242906172832: Tournament #3572703762, $0.92+$0.08 USD Hold'em No Limit - Level III (20/40) - 2023/04/05 21:13:48 CET [2023/04/05 15:13:48 ET]
Table '3572703762 1' 3-max Seat #3 is the button
Seat 1: IevceFsa (130 in chips) 
Seat 2: vandelc (980 in chips) 
Seat 3: Mahu2021 (390 in chips) 
IevceFsa: posts small blind 20
vandelc: posts big blind 40
*** HOLE CARDS ***
Dealt to Mahu2021 [9c 4d]
Mahu2021: folds 
IevceFsa: raises 90 to 130 and is all-in
vandelc: calls 90
*** FLOP *** [Qc 9h As]
*** TURN *** [Qc 9h As] [2s]
*** RIVER *** [Qc 9h As 2s] [Ad]
*** SHOW DOWN ***
IevceFsa: shows [7h Kd] (a pair of Aces)
vandelc: shows [6d 5h] (a pair of Aces - lower kicker)
IevceFsa collected 260 from pot
*** SUMMARY ***
Total pot 260 | Rake 0 
Board [Qc 9h As 2s Ad]
Seat 1: IevceFsa (small blind) showed [7h Kd] and won (260) with a pair of Aces
Seat 2: vandelc (big blind) showed [6d 5h] and lost with a pair of Aces
Seat 3: Mahu2021 (button) folded before Flop (didn't bet)



PokerStars Hand #242906178165: Tournament #3572703762, $0.92+$0.08 USD Hold'em No Limit - Level III (20/40) - 2023/04/05 21:14:02 CET [2023/04/05 15:14:02 ET]
Table '3572703762 1' 3-max Seat #1 is the button
Seat 1: IevceFsa (260 in chips) 
Seat 2: vandelc (850 in chips) 
Seat 3: Mahu2021 (390 in chips) 
vandelc: posts small blind 20
Mahu2021: posts big blind 40
*** HOLE CARDS ***
Dealt to Mahu2021 [6s 3d]
IevceFsa: folds 
vandelc: calls 20
Mahu2021: checks 
*** FLOP *** [3s Qh Kh]
vandelc: bets 40
Mahu2021: calls 40
*** TURN *** [3s Qh Kh] [8h]
vandelc: checks 
Mahu2021: checks 
*** RIVER *** [3s Qh Kh 8h] [4d]
vandelc: checks 
Mahu2021: checks 
*** SHOW DOWN ***
vandelc: shows [Qc 4h] (two pair, Queens and Fours)
Mahu2021: mucks hand 
vandelc collected 160 from pot
*** SUMMARY ***
Total pot 160 | Rake 0 
Board [3s Qh Kh 8h 4d]
Seat 1: IevceFsa (button) folded before Flop (didn't bet)
Seat 2: vandelc (small blind) showed [Qc 4h] and won (160) with two pair, Queens and Fours
Seat 3: Mahu2021 (big blind) mucked [6s 3d]



PokerStars Hand #242906184131: Tournament #3572703762, $0.92+$0.08 USD Hold'em No Limit - Level III (20/40) - 2023/04/05 21:14:17 CET [2023/04/05 15:14:17 ET]
Table '3572703762 1' 3-max Seat #2 is the button
Seat 1: IevceFsa (260 in chips) 
Seat 2: vandelc (930 in chips) 
Seat 3: Mahu2021 (310 in chips) 
Mahu2021: posts small blind 20
IevceFsa: posts big blind 40
*** HOLE CARDS ***
Dealt to Mahu2021 [8h 8s]
vandelc: raises 40 to 80
Mahu2021: raises 230 to 310 and is all-in
IevceFsa: calls 220 and is all-in
vandelc: calls 230
*** FLOP *** [Tc 7c Jd]
*** TURN *** [Tc 7c Jd] [Td]
*** RIVER *** [Tc 7c Jd Td] [9d]
*** SHOW DOWN ***
Mahu2021: shows [8h 8s] (a straight, Seven to Jack)
vandelc: shows [Kc Qs] (a straight, Nine to King)
vandelc collected 100 from side pot
IevceFsa: shows [6d Ad] (a flush, Ace high)
IevceFsa collected 780 from main pot
Mahu2021 finished the tournament in 3rd place
*** SUMMARY ***
Total pot 880 Main pot 780. Side pot 100. | Rake 0 
Board [Tc 7c Jd Td 9d]
Seat 1: IevceFsa (big blind) showed [6d Ad] and won (780) with a flush, Ace high
Seat 2: vandelc (button) showed [Kc Qs] and won (100) with a straight, Nine to King
Seat 3: Mahu2021 (small blind) showed [8h 8s] and lost with a straight, Seven to Jack



