PokerStars Hand #254967949593: Tournament #3861336189, $0.46+$0.04 USD Hold'em No Limit - Level I (10/20) - 2025/02/21 11:07:48 CET [2025/02/21 5:07:48 ET]
Table '3861336189 1' 3-max Seat #1 is the button
Seat 1: RBFBek (500 in chips) 
Seat 2: LuckMechanic (500 in chips) 
Seat 3: Mahu2021 (500 in chips) 
LuckMechanic: posts small blind 10
Mahu2021: posts big blind 20
*** HOLE CARDS ***
Dealt to Mahu2021 [Jh 5d]
RBFBek: folds 
LuckMechanic: raises 60 to 80
Mahu2021: folds 
Uncalled bet (60) returned to LuckMechanic
LuckMechanic collected 40 from pot
LuckMechanic: doesn't show hand 
*** SUMMARY ***
Total pot 40 | Rake 0 
Seat 1: RBFBek (button) folded before Flop (didn't bet)
Seat 2: LuckMechanic (small blind) collected (40)
Seat 3: Mahu2021 (big blind) folded before Flop



PokerStars Hand #254967950475: Tournament #3861336189, $0.46+$0.04 USD Hold'em No Limit - Level I (10/20) - 2025/02/21 11:07:57 CET [2025/02/21 5:07:57 ET]
Table '3861336189 1' 3-max Seat #2 is the button
Seat 1: RBFBek (500 in chips) 
Seat 2: LuckMechanic (520 in chips) 
Seat 3: Mahu2021 (480 in chips) 
Mahu2021: posts small blind 10
RBFBek: posts big blind 20
*** HOLE CARDS ***
Dealt to Mahu2021 [4c Js]
LuckMechanic: folds 
Mahu2021: folds 
Uncalled bet (10) returned to RBFBek
RBFBek collected 20 from pot
*** SUMMARY ***
Total pot 20 | Rake 0 
Seat 1: RBFBek (big blind) collected (20)
Seat 2: LuckMechanic (button) folded before Flop (didn't bet)
Seat 3: Mahu2021 (small blind) folded before Flop



PokerStars Hand #254967951071: Tournament #3861336189, $0.46+$0.04 USD Hold'em No Limit - Level I (10/20) - 2025/02/21 11:08:03 CET [2025/02/21 5:08:03 ET]
Table '3861336189 1' 3-max Seat #3 is the button
Seat 1: RBFBek (510 in chips) 
Seat 2: LuckMechanic (520 in chips) 
Seat 3: Mahu2021 (470 in chips) 
RBFBek: posts small blind 10
LuckMechanic: posts big blind 20
*** HOLE CARDS ***
Dealt to Mahu2021 [3h Ah]
Mahu2021: raises 20 to 40
RBFBek: calls 30
LuckMechanic: folds 
*** FLOP *** [8h Jh 9d]
RBFBek: bets 20
Mahu2021: calls 20
*** TURN *** [8h Jh 9d] [Tc]
RBFBek: bets 20
Mahu2021: calls 20
*** RIVER *** [8h Jh 9d Tc] [7s]
RBFBek: bets 180
Mahu2021: calls 180
*** SHOW DOWN ***
RBFBek: shows [9h 7h] (a straight, Seven to Jack)
Mahu2021: shows [3h Ah] (a straight, Seven to Jack)
RBFBek collected 270 from pot
Mahu2021 collected 270 from pot
*** SUMMARY ***
Total pot 540 | Rake 0 
Board [8h Jh 9d Tc 7s]
Seat 1: RBFBek (small blind) showed [9h 7h] and won (270) with a straight, Seven to Jack
Seat 2: LuckMechanic (big blind) folded before Flop
Seat 3: Mahu2021 (button) showed [3h Ah] and won (270) with a straight, Seven to Jack



PokerStars Hand #254967952831: Tournament #3861336189, $0.46+$0.04 USD Hold'em No Limit - Level I (10/20) - 2025/02/21 11:08:20 CET [2025/02/21 5:08:20 ET]
Table '3861336189 1' 3-max Seat #1 is the button
Seat 1: RBFBek (520 in chips) 
Seat 2: LuckMechanic (500 in chips) 
Seat 3: Mahu2021 (480 in chips) 
LuckMechanic: posts small blind 10
Mahu2021: posts big blind 20
*** HOLE CARDS ***
Dealt to Mahu2021 [6s 3s]
RBFBek: folds 
LuckMechanic: folds 
Uncalled bet (10) returned to Mahu2021
Mahu2021 collected 20 from pot
Mahu2021: doesn't show hand 
*** SUMMARY ***
Total pot 20 | Rake 0 
Seat 1: RBFBek (button) folded before Flop (didn't bet)
Seat 2: LuckMechanic (small blind) folded before Flop
Seat 3: Mahu2021 (big blind) collected (20)



PokerStars Hand #254967954053: Tournament #3861336189, $0.46+$0.04 USD Hold'em No Limit - Level I (10/20) - 2025/02/21 11:08:32 CET [2025/02/21 5:08:32 ET]
Table '3861336189 1' 3-max Seat #2 is the button
Seat 1: RBFBek (520 in chips) 
Seat 2: LuckMechanic (490 in chips) 
Seat 3: Mahu2021 (490 in chips) 
Mahu2021: posts small blind 10
RBFBek: posts big blind 20
*** HOLE CARDS ***
Dealt to Mahu2021 [Kd 7d]
LuckMechanic: raises 30 to 50
Mahu2021: folds 
RBFBek: folds 
Uncalled bet (30) returned to LuckMechanic
LuckMechanic collected 50 from pot
LuckMechanic: doesn't show hand 
*** SUMMARY ***
Total pot 50 | Rake 0 
Seat 1: RBFBek (big blind) folded before Flop
Seat 2: LuckMechanic (button) collected (50)
Seat 3: Mahu2021 (small blind) folded before Flop



PokerStars Hand #254967954810: Tournament #3861336189, $0.46+$0.04 USD Hold'em No Limit - Level I (10/20) - 2025/02/21 11:08:40 CET [2025/02/21 5:08:40 ET]
Table '3861336189 1' 3-max Seat #3 is the button
Seat 1: RBFBek (500 in chips) 
Seat 2: LuckMechanic (520 in chips) 
Seat 3: Mahu2021 (480 in chips) 
RBFBek: posts small blind 10
LuckMechanic: posts big blind 20
*** HOLE CARDS ***
Dealt to Mahu2021 [2d Kc]
Mahu2021: folds 
RBFBek: calls 10
LuckMechanic: checks 
*** FLOP *** [8d Qs Qd]
RBFBek: checks 
LuckMechanic: bets 30
RBFBek: folds 
Uncalled bet (30) returned to LuckMechanic
LuckMechanic collected 40 from pot
LuckMechanic: doesn't show hand 
*** SUMMARY ***
Total pot 40 | Rake 0 
Board [8d Qs Qd]
Seat 1: RBFBek (small blind) folded on the Flop
Seat 2: LuckMechanic (big blind) collected (40)
Seat 3: Mahu2021 (button) folded before Flop (didn't bet)



PokerStars Hand #254967956076: Tournament #3861336189, $0.46+$0.04 USD Hold'em No Limit - Level I (10/20) - 2025/02/21 11:08:53 CET [2025/02/21 5:08:53 ET]
Table '3861336189 1' 3-max Seat #1 is the button
Seat 1: RBFBek (480 in chips) 
Seat 2: LuckMechanic (540 in chips) 
Seat 3: Mahu2021 (480 in chips) 
LuckMechanic: posts small blind 10
Mahu2021: posts big blind 20
*** HOLE CARDS ***
Dealt to Mahu2021 [6c Ac]
RBFBek: raises 20 to 40
LuckMechanic: raises 90 to 130
Mahu2021: calls 110
RBFBek: calls 90
*** FLOP *** [Kh 4h 2c]
LuckMechanic: bets 195
Mahu2021: folds 
RBFBek: folds 
Uncalled bet (195) returned to LuckMechanic
LuckMechanic collected 390 from pot
LuckMechanic: doesn't show hand 
*** SUMMARY ***
Total pot 390 | Rake 0 
Board [Kh 4h 2c]
Seat 1: RBFBek (button) folded on the Flop
Seat 2: LuckMechanic (small blind) collected (390)
Seat 3: Mahu2021 (big blind) folded on the Flop



PokerStars Hand #254967957999: Tournament #3861336189, $0.46+$0.04 USD Hold'em No Limit - Level I (10/20) - 2025/02/21 11:09:12 CET [2025/02/21 5:09:12 ET]
Table '3861336189 1' 3-max Seat #2 is the button
Seat 1: RBFBek (350 in chips) 
Seat 2: LuckMechanic (800 in chips) 
Seat 3: Mahu2021 (350 in chips) 
Mahu2021: posts small blind 10
RBFBek: posts big blind 20
*** HOLE CARDS ***
Dealt to Mahu2021 [Jd 3s]
LuckMechanic: calls 20
Mahu2021: folds 
RBFBek: checks 
*** FLOP *** [Qh 6c 3h]
RBFBek: checks 
LuckMechanic: checks 
*** TURN *** [Qh 6c 3h] [Ts]
RBFBek: checks 
LuckMechanic: checks 
*** RIVER *** [Qh 6c 3h Ts] [9h]
RBFBek: bets 330 and is all-in
LuckMechanic: calls 330
*** SHOW DOWN ***
RBFBek: shows [8d Js] (a straight, Eight to Queen)
LuckMechanic: shows [9s Td] (two pair, Tens and Nines)
RBFBek collected 710 from pot
*** SUMMARY ***
Total pot 710 | Rake 0 
Board [Qh 6c 3h Ts 9h]
Seat 1: RBFBek (big blind) showed [8d Js] and won (710) with a straight, Eight to Queen
Seat 2: LuckMechanic (button) showed [9s Td] and lost with two pair, Tens and Nines
Seat 3: Mahu2021 (small blind) folded before Flop



PokerStars Hand #254967961148: Tournament #3861336189, $0.46+$0.04 USD Hold'em No Limit - Level I (10/20) - 2025/02/21 11:09:43 CET [2025/02/21 5:09:43 ET]
Table '3861336189 1' 3-max Seat #3 is the button
Seat 1: RBFBek (710 in chips) 
Seat 2: LuckMechanic (450 in chips) 
Seat 3: Mahu2021 (340 in chips) 
RBFBek: posts small blind 10
LuckMechanic: posts big blind 20
*** HOLE CARDS ***
Dealt to Mahu2021 [Jd 7d]
Mahu2021: folds 
RBFBek: folds 
Uncalled bet (10) returned to LuckMechanic
LuckMechanic collected 20 from pot
LuckMechanic: doesn't show hand 
*** SUMMARY ***
Total pot 20 | Rake 0 
Seat 1: RBFBek (small blind) folded before Flop
Seat 2: LuckMechanic (big blind) collected (20)
Seat 3: Mahu2021 (button) folded before Flop (didn't bet)



PokerStars Hand #254967961855: Tournament #3861336189, $0.46+$0.04 USD Hold'em No Limit - Level I (10/20) - 2025/02/21 11:09:50 CET [2025/02/21 5:09:50 ET]
Table '3861336189 1' 3-max Seat #1 is the button
Seat 1: RBFBek (700 in chips) 
Seat 2: LuckMechanic (460 in chips) 
Seat 3: Mahu2021 (340 in chips) 
LuckMechanic: posts small blind 10
Mahu2021: posts big blind 20
*** HOLE CARDS ***
Dealt to Mahu2021 [9d 5s]
RBFBek: folds 
LuckMechanic: calls 10
Mahu2021: checks 
*** FLOP *** [7c Tc Ad]
LuckMechanic: checks 
Mahu2021: checks 
*** TURN *** [7c Tc Ad] [8d]
LuckMechanic: bets 40
Mahu2021: calls 40
*** RIVER *** [7c Tc Ad 8d] [Kd]
LuckMechanic: bets 120
Mahu2021: folds 
Uncalled bet (120) returned to LuckMechanic
LuckMechanic collected 120 from pot
LuckMechanic: doesn't show hand 
*** SUMMARY ***
Total pot 120 | Rake 0 
Board [7c Tc Ad 8d Kd]
Seat 1: RBFBek (button) folded before Flop (didn't bet)
Seat 2: LuckMechanic (small blind) collected (120)
Seat 3: Mahu2021 (big blind) folded on the River



PokerStars Hand #254967963986: Tournament #3861336189, $0.46+$0.04 USD Hold'em No Limit - Level I (10/20) - 2025/02/21 11:10:11 CET [2025/02/21 5:10:11 ET]
Table '3861336189 1' 3-max Seat #2 is the button
Seat 1: RBFBek (700 in chips) 
Seat 2: LuckMechanic (520 in chips) 
Seat 3: Mahu2021 (280 in chips) 
Mahu2021: posts small blind 10
RBFBek: posts big blind 20
*** HOLE CARDS ***
Dealt to Mahu2021 [2c Ts]
LuckMechanic: folds 
Mahu2021: folds 
Uncalled bet (10) returned to RBFBek
RBFBek collected 20 from pot
*** SUMMARY ***
Total pot 20 | Rake 0 
Seat 1: RBFBek (big blind) collected (20)
Seat 2: LuckMechanic (button) folded before Flop (didn't bet)
Seat 3: Mahu2021 (small blind) folded before Flop



PokerStars Hand #254967964869: Tournament #3861336189, $0.46+$0.04 USD Hold'em No Limit - Level I (10/20) - 2025/02/21 11:10:20 CET [2025/02/21 5:10:20 ET]
Table '3861336189 1' 3-max Seat #3 is the button
Seat 1: RBFBek (710 in chips) 
Seat 2: LuckMechanic (520 in chips) 
Seat 3: Mahu2021 (270 in chips) 
RBFBek: posts small blind 10
LuckMechanic: posts big blind 20
*** HOLE CARDS ***
Dealt to Mahu2021 [Ad 5c]
Mahu2021: raises 20 to 40
RBFBek: folds 
LuckMechanic: calls 20
*** FLOP *** [5h Ks 6s]
LuckMechanic: checks 
Mahu2021: bets 40
LuckMechanic: calls 40
*** TURN *** [5h Ks 6s] [Ac]
LuckMechanic: checks 
Mahu2021: bets 190 and is all-in
LuckMechanic: folds 
Uncalled bet (190) returned to Mahu2021
Mahu2021 collected 170 from pot
Mahu2021: doesn't show hand 
*** SUMMARY ***
Total pot 170 | Rake 0 
Board [5h Ks 6s Ac]
Seat 1: RBFBek (small blind) folded before Flop
Seat 2: LuckMechanic (big blind) folded on the Turn
Seat 3: Mahu2021 (button) collected (170)



PokerStars Hand #254967966678: Tournament #3861336189, $0.46+$0.04 USD Hold'em No Limit - Level I (10/20) - 2025/02/21 11:10:38 CET [2025/02/21 5:10:38 ET]
Table '3861336189 1' 3-max Seat #1 is the button
Seat 1: RBFBek (700 in chips) 
Seat 2: LuckMechanic (440 in chips) 
Seat 3: Mahu2021 (360 in chips) 
LuckMechanic: posts small blind 10
Mahu2021: posts big blind 20
*** HOLE CARDS ***
Dealt to Mahu2021 [Ad 7c]
RBFBek: folds 
LuckMechanic: raises 30 to 50
Mahu2021: calls 30
*** FLOP *** [Jh 5s Tc]
LuckMechanic: bets 50
Mahu2021: folds 
Uncalled bet (50) returned to LuckMechanic
LuckMechanic collected 100 from pot
LuckMechanic: doesn't show hand 
*** SUMMARY ***
Total pot 100 | Rake 0 
Board [Jh 5s Tc]
Seat 1: RBFBek (button) folded before Flop (didn't bet)
Seat 2: LuckMechanic (small blind) collected (100)
Seat 3: Mahu2021 (big blind) folded on the Flop



PokerStars Hand #254967968934: Tournament #3861336189, $0.46+$0.04 USD Hold'em No Limit - Level II (15/30) - 2025/02/21 11:10:59 CET [2025/02/21 5:10:59 ET]
Table '3861336189 1' 3-max Seat #2 is the button
Seat 1: RBFBek (700 in chips) 
Seat 2: LuckMechanic (490 in chips) 
Seat 3: Mahu2021 (310 in chips) 
Mahu2021: posts small blind 15
RBFBek: posts big blind 30
*** HOLE CARDS ***
Dealt to Mahu2021 [4c 6d]
LuckMechanic: folds 
Mahu2021: calls 15
RBFBek: checks 
*** FLOP *** [8d Td 5d]
Mahu2021: checks 
RBFBek: bets 30
Mahu2021: calls 30
*** TURN *** [8d Td 5d] [3h]
Mahu2021: checks 
RBFBek: checks 
*** RIVER *** [8d Td 5d 3h] [Qh]
Mahu2021: bets 120
RBFBek: calls 120
*** SHOW DOWN ***
Mahu2021: shows [4c 6d] (high card Queen)
RBFBek: shows [Th 8c] (two pair, Tens and Eights)
RBFBek collected 360 from pot
*** SUMMARY ***
Total pot 360 | Rake 0 
Board [8d Td 5d 3h Qh]
Seat 1: RBFBek (big blind) showed [Th 8c] and won (360) with two pair, Tens and Eights
Seat 2: LuckMechanic (button) folded before Flop (didn't bet)
Seat 3: Mahu2021 (small blind) showed [4c 6d] and lost with high card Queen



PokerStars Hand #254967970600: Tournament #3861336189, $0.46+$0.04 USD Hold'em No Limit - Level II (15/30) - 2025/02/21 11:11:16 CET [2025/02/21 5:11:16 ET]
Table '3861336189 1' 3-max Seat #3 is the button
Seat 1: RBFBek (880 in chips) 
Seat 2: LuckMechanic (490 in chips) 
Seat 3: Mahu2021 (130 in chips) 
RBFBek: posts small blind 15
LuckMechanic: posts big blind 30
*** HOLE CARDS ***
Dealt to Mahu2021 [Kh Ah]
Mahu2021: raises 100 to 130 and is all-in
RBFBek: calls 115
LuckMechanic: folds 
*** FLOP *** [Jd 4d 3s]
*** TURN *** [Jd 4d 3s] [4h]
*** RIVER *** [Jd 4d 3s 4h] [7h]
*** SHOW DOWN ***
RBFBek: shows [Kc 4c] (three of a kind, Fours)
Mahu2021: shows [Kh Ah] (a pair of Fours)
RBFBek collected 290 from pot
Mahu2021 finished the tournament in 3rd place
*** SUMMARY ***
Total pot 290 | Rake 0 
Board [Jd 4d 3s 4h 7h]
Seat 1: RBFBek (small blind) showed [Kc 4c] and won (290) with three of a kind, Fours
Seat 2: LuckMechanic (big blind) folded before Flop
Seat 3: Mahu2021 (button) showed [Kh Ah] and lost with a pair of Fours



