PokerStars Hand #244623642483: Tournament #3612565387, $0.92+$0.08 USD Hold'em No Limit - Level I (10/20) - 2023/07/04 18:48:38 CET [2023/07/04 12:48:38 ET]
Table '3612565387 1' 3-max Seat #1 is the button
Seat 1: Deljar01 (500 in chips) 
Seat 2: Skyline7887 (500 in chips) 
Seat 3: Mahu2021 (500 in chips) 
Skyline7887: posts small blind 10
Mahu2021: posts big blind 20
*** HOLE CARDS ***
Dealt to Mahu2021 [3c 7d]
Deljar01: folds 
Skyline7887: raises 480 to 500 and is all-in
Mahu2021: folds 
Uncalled bet (480) returned to Skyline7887
Skyline7887 collected 40 from pot
Skyline7887: doesn't show hand 
*** SUMMARY ***
Total pot 40 | Rake 0 
Seat 1: Deljar01 (button) folded before Flop (didn't bet)
Seat 2: Skyline7887 (small blind) collected (40)
Seat 3: Mahu2021 (big blind) folded before Flop



PokerStars Hand #244623644513: Tournament #3612565387, $0.92+$0.08 USD Hold'em No Limit - Level I (10/20) - 2023/07/04 18:48:45 CET [2023/07/04 12:48:45 ET]
Table '3612565387 1' 3-max Seat #2 is the button
Seat 1: Deljar01 (500 in chips) 
Seat 2: Skyline7887 (520 in chips) 
Seat 3: Mahu2021 (480 in chips) 
Mahu2021: posts small blind 10
Deljar01: posts big blind 20
*** HOLE CARDS ***
Dealt to Mahu2021 [3s Jd]
Skyline7887: folds 
Mahu2021: folds 
Uncalled bet (10) returned to Deljar01
Deljar01 collected 20 from pot
*** SUMMARY ***
Total pot 20 | Rake 0 
Seat 1: Deljar01 (big blind) collected (20)
Seat 2: Skyline7887 (button) folded before Flop (didn't bet)
Seat 3: Mahu2021 (small blind) folded before Flop



PokerStars Hand #244623645978: Tournament #3612565387, $0.92+$0.08 USD Hold'em No Limit - Level I (10/20) - 2023/07/04 18:48:50 CET [2023/07/04 12:48:50 ET]
Table '3612565387 1' 3-max Seat #3 is the button
Seat 1: Deljar01 (510 in chips) 
Seat 2: Skyline7887 (520 in chips) 
Seat 3: Mahu2021 (470 in chips) 
Deljar01: posts small blind 10
Skyline7887: posts big blind 20
*** HOLE CARDS ***
Dealt to Mahu2021 [5d Kh]
Mahu2021: folds 
Deljar01: calls 10
Skyline7887: checks 
*** FLOP *** [Js 3d 9s]
Deljar01: bets 20
Skyline7887: folds 
Uncalled bet (20) returned to Deljar01
Deljar01 collected 40 from pot
*** SUMMARY ***
Total pot 40 | Rake 0 
Board [Js 3d 9s]
Seat 1: Deljar01 (small blind) collected (40)
Seat 2: Skyline7887 (big blind) folded on the Flop
Seat 3: Mahu2021 (button) folded before Flop (didn't bet)



PokerStars Hand #244623649951: Tournament #3612565387, $0.92+$0.08 USD Hold'em No Limit - Level I (10/20) - 2023/07/04 18:49:03 CET [2023/07/04 12:49:03 ET]
Table '3612565387 1' 3-max Seat #1 is the button
Seat 1: Deljar01 (530 in chips) 
Seat 2: Skyline7887 (500 in chips) 
Seat 3: Mahu2021 (470 in chips) 
Skyline7887: posts small blind 10
Mahu2021: posts big blind 20
*** HOLE CARDS ***
Dealt to Mahu2021 [8h 2h]
Deljar01: raises 20 to 40
Skyline7887: folds 
Mahu2021: folds 
Uncalled bet (20) returned to Deljar01
Deljar01 collected 50 from pot
*** SUMMARY ***
Total pot 50 | Rake 0 
Seat 1: Deljar01 (button) collected (50)
Seat 2: Skyline7887 (small blind) folded before Flop
Seat 3: Mahu2021 (big blind) folded before Flop



PokerStars Hand #244623652160: Tournament #3612565387, $0.92+$0.08 USD Hold'em No Limit - Level I (10/20) - 2023/07/04 18:49:10 CET [2023/07/04 12:49:10 ET]
Table '3612565387 1' 3-max Seat #2 is the button
Seat 1: Deljar01 (560 in chips) 
Seat 2: Skyline7887 (490 in chips) 
Seat 3: Mahu2021 (450 in chips) 
Mahu2021: posts small blind 10
Deljar01: posts big blind 20
*** HOLE CARDS ***
Dealt to Mahu2021 [8h 3s]
Skyline7887: folds 
Mahu2021: folds 
Uncalled bet (10) returned to Deljar01
Deljar01 collected 20 from pot
*** SUMMARY ***
Total pot 20 | Rake 0 
Seat 1: Deljar01 (big blind) collected (20)
Seat 2: Skyline7887 (button) folded before Flop (didn't bet)
Seat 3: Mahu2021 (small blind) folded before Flop



PokerStars Hand #244623654177: Tournament #3612565387, $0.92+$0.08 USD Hold'em No Limit - Level I (10/20) - 2023/07/04 18:49:17 CET [2023/07/04 12:49:17 ET]
Table '3612565387 1' 3-max Seat #3 is the button
Seat 1: Deljar01 (570 in chips) 
Seat 2: Skyline7887 (490 in chips) 
Seat 3: Mahu2021 (440 in chips) 
Deljar01: posts small blind 10
Skyline7887: posts big blind 20
*** HOLE CARDS ***
Dealt to Mahu2021 [4d 3s]
Mahu2021: folds 
Deljar01: calls 10
Skyline7887: checks 
*** FLOP *** [2c 4s 6h]
Deljar01: bets 20
Skyline7887: folds 
Uncalled bet (20) returned to Deljar01
Deljar01 collected 40 from pot
*** SUMMARY ***
Total pot 40 | Rake 0 
Board [2c 4s 6h]
Seat 1: Deljar01 (small blind) collected (40)
Seat 2: Skyline7887 (big blind) folded on the Flop
Seat 3: Mahu2021 (button) folded before Flop (didn't bet)



PokerStars Hand #244623657364: Tournament #3612565387, $0.92+$0.08 USD Hold'em No Limit - Level I (10/20) - 2023/07/04 18:49:27 CET [2023/07/04 12:49:27 ET]
Table '3612565387 1' 3-max Seat #1 is the button
Seat 1: Deljar01 (590 in chips) 
Seat 2: Skyline7887 (470 in chips) 
Seat 3: Mahu2021 (440 in chips) 
Skyline7887: posts small blind 10
Mahu2021: posts big blind 20
*** HOLE CARDS ***
Dealt to Mahu2021 [7d Th]
Deljar01: raises 20 to 40
Skyline7887: folds 
Mahu2021: folds 
Uncalled bet (20) returned to Deljar01
Deljar01 collected 50 from pot
*** SUMMARY ***
Total pot 50 | Rake 0 
Seat 1: Deljar01 (button) collected (50)
Seat 2: Skyline7887 (small blind) folded before Flop
Seat 3: Mahu2021 (big blind) folded before Flop



PokerStars Hand #244623659408: Tournament #3612565387, $0.92+$0.08 USD Hold'em No Limit - Level I (10/20) - 2023/07/04 18:49:34 CET [2023/07/04 12:49:34 ET]
Table '3612565387 1' 3-max Seat #2 is the button
Seat 1: Deljar01 (620 in chips) 
Seat 2: Skyline7887 (460 in chips) 
Seat 3: Mahu2021 (420 in chips) 
Mahu2021: posts small blind 10
Deljar01: posts big blind 20
*** HOLE CARDS ***
Dealt to Mahu2021 [Qs 2c]
Skyline7887: folds 
Mahu2021: folds 
Uncalled bet (10) returned to Deljar01
Deljar01 collected 20 from pot
*** SUMMARY ***
Total pot 20 | Rake 0 
Seat 1: Deljar01 (big blind) collected (20)
Seat 2: Skyline7887 (button) folded before Flop (didn't bet)
Seat 3: Mahu2021 (small blind) folded before Flop



PokerStars Hand #244623660788: Tournament #3612565387, $0.92+$0.08 USD Hold'em No Limit - Level I (10/20) - 2023/07/04 18:49:39 CET [2023/07/04 12:49:39 ET]
Table '3612565387 1' 3-max Seat #3 is the button
Seat 1: Deljar01 (630 in chips) 
Seat 2: Skyline7887 (460 in chips) 
Seat 3: Mahu2021 (410 in chips) 
Deljar01: posts small blind 10
Skyline7887: posts big blind 20
*** HOLE CARDS ***
Dealt to Mahu2021 [6s Th]
Mahu2021: folds 
Deljar01: raises 20 to 40
Skyline7887: calls 20
*** FLOP *** [5c 8h 5s]
Deljar01: bets 80
Skyline7887: folds 
Uncalled bet (80) returned to Deljar01
Deljar01 collected 80 from pot
*** SUMMARY ***
Total pot 80 | Rake 0 
Board [5c 8h 5s]
Seat 1: Deljar01 (small blind) collected (80)
Seat 2: Skyline7887 (big blind) folded on the Flop
Seat 3: Mahu2021 (button) folded before Flop (didn't bet)



PokerStars Hand #244623668518: Tournament #3612565387, $0.92+$0.08 USD Hold'em No Limit - Level I (10/20) - 2023/07/04 18:50:04 CET [2023/07/04 12:50:04 ET]
Table '3612565387 1' 3-max Seat #1 is the button
Seat 1: Deljar01 (670 in chips) 
Seat 2: Skyline7887 (420 in chips) 
Seat 3: Mahu2021 (410 in chips) 
Skyline7887: posts small blind 10
Mahu2021: posts big blind 20
*** HOLE CARDS ***
Dealt to Mahu2021 [6h Td]
Deljar01: raises 20 to 40
Skyline7887: folds 
Mahu2021: folds 
Uncalled bet (20) returned to Deljar01
Deljar01 collected 50 from pot
*** SUMMARY ***
Total pot 50 | Rake 0 
Seat 1: Deljar01 (button) collected (50)
Seat 2: Skyline7887 (small blind) folded before Flop
Seat 3: Mahu2021 (big blind) folded before Flop



PokerStars Hand #244623671605: Tournament #3612565387, $0.92+$0.08 USD Hold'em No Limit - Level I (10/20) - 2023/07/04 18:50:15 CET [2023/07/04 12:50:15 ET]
Table '3612565387 1' 3-max Seat #2 is the button
Seat 1: Deljar01 (700 in chips) 
Seat 2: Skyline7887 (410 in chips) 
Seat 3: Mahu2021 (390 in chips) 
Mahu2021: posts small blind 10
Deljar01: posts big blind 20
*** HOLE CARDS ***
Dealt to Mahu2021 [5h Td]
Skyline7887: raises 390 to 410 and is all-in
Mahu2021: folds 
Deljar01: folds 
Uncalled bet (390) returned to Skyline7887
Skyline7887 collected 50 from pot
*** SUMMARY ***
Total pot 50 | Rake 0 
Seat 1: Deljar01 (big blind) folded before Flop
Seat 2: Skyline7887 (button) collected (50)
Seat 3: Mahu2021 (small blind) folded before Flop



PokerStars Hand #244623675227: Tournament #3612565387, $0.92+$0.08 USD Hold'em No Limit - Level I (10/20) - 2023/07/04 18:50:27 CET [2023/07/04 12:50:27 ET]
Table '3612565387 1' 3-max Seat #3 is the button
Seat 1: Deljar01 (680 in chips) 
Seat 2: Skyline7887 (440 in chips) 
Seat 3: Mahu2021 (380 in chips) 
Deljar01: posts small blind 10
Skyline7887: posts big blind 20
*** HOLE CARDS ***
Dealt to Mahu2021 [Ks 8c]
Mahu2021: folds 
Deljar01: raises 20 to 40
Skyline7887: folds 
Uncalled bet (20) returned to Deljar01
Deljar01 collected 40 from pot
*** SUMMARY ***
Total pot 40 | Rake 0 
Seat 1: Deljar01 (small blind) collected (40)
Seat 2: Skyline7887 (big blind) folded before Flop
Seat 3: Mahu2021 (button) folded before Flop (didn't bet)



PokerStars Hand #244623678359: Tournament #3612565387, $0.92+$0.08 USD Hold'em No Limit - Level I (10/20) - 2023/07/04 18:50:37 CET [2023/07/04 12:50:37 ET]
Table '3612565387 1' 3-max Seat #1 is the button
Seat 1: Deljar01 (700 in chips) 
Seat 2: Skyline7887 (420 in chips) 
Seat 3: Mahu2021 (380 in chips) 
Skyline7887: posts small blind 10
Mahu2021: posts big blind 20
*** HOLE CARDS ***
Dealt to Mahu2021 [5c 8s]
Deljar01: calls 20
Skyline7887: folds 
Mahu2021: checks 
*** FLOP *** [4s Qd Ad]
Mahu2021: checks 
Deljar01: checks 
*** TURN *** [4s Qd Ad] [2c]
Mahu2021: checks 
Deljar01: checks 
*** RIVER *** [4s Qd Ad 2c] [5s]
Mahu2021: checks 
Deljar01: checks 
*** SHOW DOWN ***
Mahu2021: shows [5c 8s] (a pair of Fives)
Deljar01: mucks hand 
Mahu2021 collected 50 from pot
*** SUMMARY ***
Total pot 50 | Rake 0 
Board [4s Qd Ad 2c 5s]
Seat 1: Deljar01 (button) mucked [6d Js]
Seat 2: Skyline7887 (small blind) folded before Flop
Seat 3: Mahu2021 (big blind) showed [5c 8s] and won (50) with a pair of Fives



PokerStars Hand #244623684039: Tournament #3612565387, $0.92+$0.08 USD Hold'em No Limit - Level I (10/20) - 2023/07/04 18:50:56 CET [2023/07/04 12:50:56 ET]
Table '3612565387 1' 3-max Seat #2 is the button
Seat 1: Deljar01 (680 in chips) 
Seat 2: Skyline7887 (410 in chips) 
Seat 3: Mahu2021 (410 in chips) 
Mahu2021: posts small blind 10
Deljar01: posts big blind 20
*** HOLE CARDS ***
Dealt to Mahu2021 [5c 2c]
Skyline7887: calls 20
Mahu2021: calls 10
Deljar01: checks 
*** FLOP *** [Js 8s 4s]
Mahu2021: checks 
Deljar01: checks 
Skyline7887: checks 
*** TURN *** [Js 8s 4s] [2h]
Mahu2021: bets 20
Deljar01: folds 
Skyline7887: folds 
Uncalled bet (20) returned to Mahu2021
Mahu2021 collected 60 from pot
Mahu2021: doesn't show hand 
*** SUMMARY ***
Total pot 60 | Rake 0 
Board [Js 8s 4s 2h]
Seat 1: Deljar01 (big blind) folded on the Turn
Seat 2: Skyline7887 (button) folded on the Turn
Seat 3: Mahu2021 (small blind) collected (60)



PokerStars Hand #244623691570: Tournament #3612565387, $0.92+$0.08 USD Hold'em No Limit - Level I (10/20) - 2023/07/04 18:51:22 CET [2023/07/04 12:51:22 ET]
Table '3612565387 1' 3-max Seat #3 is the button
Seat 1: Deljar01 (660 in chips) 
Seat 2: Skyline7887 (390 in chips) 
Seat 3: Mahu2021 (450 in chips) 
Deljar01: posts small blind 10
Skyline7887: posts big blind 20
*** HOLE CARDS ***
Dealt to Mahu2021 [Jc 9c]
Mahu2021: raises 20 to 40
Deljar01: calls 30
Skyline7887: folds 
*** FLOP *** [Ks 3d 6d]
Deljar01: bets 20
Mahu2021: folds 
Uncalled bet (20) returned to Deljar01
Deljar01 collected 100 from pot
*** SUMMARY ***
Total pot 100 | Rake 0 
Board [Ks 3d 6d]
Seat 1: Deljar01 (small blind) collected (100)
Seat 2: Skyline7887 (big blind) folded before Flop
Seat 3: Mahu2021 (button) folded on the Flop



PokerStars Hand #244623694957: Tournament #3612565387, $0.92+$0.08 USD Hold'em No Limit - Level I (10/20) - 2023/07/04 18:51:33 CET [2023/07/04 12:51:33 ET]
Table '3612565387 1' 3-max Seat #1 is the button
Seat 1: Deljar01 (720 in chips) 
Seat 2: Skyline7887 (370 in chips) 
Seat 3: Mahu2021 (410 in chips) 
Skyline7887: posts small blind 10
Mahu2021: posts big blind 20
*** HOLE CARDS ***
Dealt to Mahu2021 [4d 8s]
Deljar01: raises 20 to 40
Skyline7887: calls 30
Mahu2021: folds 
*** FLOP *** [Td 6d 3h]
Skyline7887: checks 
Deljar01: checks 
*** TURN *** [Td 6d 3h] [Qh]
Skyline7887: bets 40
Deljar01: calls 40
*** RIVER *** [Td 6d 3h Qh] [4s]
Skyline7887: bets 40
Deljar01: folds 
Uncalled bet (40) returned to Skyline7887
Skyline7887 collected 180 from pot
*** SUMMARY ***
Total pot 180 | Rake 0 
Board [Td 6d 3h Qh 4s]
Seat 1: Deljar01 (button) folded on the River
Seat 2: Skyline7887 (small blind) collected (180)
Seat 3: Mahu2021 (big blind) folded before Flop



PokerStars Hand #244623701249: Tournament #3612565387, $0.92+$0.08 USD Hold'em No Limit - Level II (15/30) - 2023/07/04 18:51:54 CET [2023/07/04 12:51:54 ET]
Table '3612565387 1' 3-max Seat #2 is the button
Seat 1: Deljar01 (640 in chips) 
Seat 2: Skyline7887 (470 in chips) 
Seat 3: Mahu2021 (390 in chips) 
Mahu2021: posts small blind 15
Deljar01: posts big blind 30
*** HOLE CARDS ***
Dealt to Mahu2021 [4h 9h]
Skyline7887: folds 
Mahu2021: folds 
Uncalled bet (15) returned to Deljar01
Deljar01 collected 30 from pot
*** SUMMARY ***
Total pot 30 | Rake 0 
Seat 1: Deljar01 (big blind) collected (30)
Seat 2: Skyline7887 (button) folded before Flop (didn't bet)
Seat 3: Mahu2021 (small blind) folded before Flop



PokerStars Hand #244623703265: Tournament #3612565387, $0.92+$0.08 USD Hold'em No Limit - Level II (15/30) - 2023/07/04 18:52:01 CET [2023/07/04 12:52:01 ET]
Table '3612565387 1' 3-max Seat #3 is the button
Seat 1: Deljar01 (655 in chips) 
Seat 2: Skyline7887 (470 in chips) 
Seat 3: Mahu2021 (375 in chips) 
Deljar01: posts small blind 15
Skyline7887: posts big blind 30
*** HOLE CARDS ***
Dealt to Mahu2021 [Jh 8c]
Mahu2021: folds 
Deljar01: calls 15
Skyline7887: checks 
*** FLOP *** [3c 2c 7c]
Deljar01: bets 30
Skyline7887: folds 
Uncalled bet (30) returned to Deljar01
Deljar01 collected 60 from pot
*** SUMMARY ***
Total pot 60 | Rake 0 
Board [3c 2c 7c]
Seat 1: Deljar01 (small blind) collected (60)
Seat 2: Skyline7887 (big blind) folded on the Flop
Seat 3: Mahu2021 (button) folded before Flop (didn't bet)



PokerStars Hand #244623707622: Tournament #3612565387, $0.92+$0.08 USD Hold'em No Limit - Level II (15/30) - 2023/07/04 18:52:15 CET [2023/07/04 12:52:15 ET]
Table '3612565387 1' 3-max Seat #1 is the button
Seat 1: Deljar01 (685 in chips) 
Seat 2: Skyline7887 (440 in chips) 
Seat 3: Mahu2021 (375 in chips) 
Skyline7887: posts small blind 15
Mahu2021: posts big blind 30
*** HOLE CARDS ***
Dealt to Mahu2021 [8h 2h]
Deljar01: raises 30 to 60
Skyline7887: folds 
Mahu2021: folds 
Uncalled bet (30) returned to Deljar01
Deljar01 collected 75 from pot
*** SUMMARY ***
Total pot 75 | Rake 0 
Seat 1: Deljar01 (button) collected (75)
Seat 2: Skyline7887 (small blind) folded before Flop
Seat 3: Mahu2021 (big blind) folded before Flop



PokerStars Hand #244623709433: Tournament #3612565387, $0.92+$0.08 USD Hold'em No Limit - Level II (15/30) - 2023/07/04 18:52:21 CET [2023/07/04 12:52:21 ET]
Table '3612565387 1' 3-max Seat #2 is the button
Seat 1: Deljar01 (730 in chips) 
Seat 2: Skyline7887 (425 in chips) 
Seat 3: Mahu2021 (345 in chips) 
Mahu2021: posts small blind 15
Deljar01: posts big blind 30
*** HOLE CARDS ***
Dealt to Mahu2021 [8s Tc]
Skyline7887: folds 
Mahu2021: folds 
Uncalled bet (15) returned to Deljar01
Deljar01 collected 30 from pot
*** SUMMARY ***
Total pot 30 | Rake 0 
Seat 1: Deljar01 (big blind) collected (30)
Seat 2: Skyline7887 (button) folded before Flop (didn't bet)
Seat 3: Mahu2021 (small blind) folded before Flop



PokerStars Hand #244623711233: Tournament #3612565387, $0.92+$0.08 USD Hold'em No Limit - Level II (15/30) - 2023/07/04 18:52:27 CET [2023/07/04 12:52:27 ET]
Table '3612565387 1' 3-max Seat #3 is the button
Seat 1: Deljar01 (745 in chips) 
Seat 2: Skyline7887 (425 in chips) 
Seat 3: Mahu2021 (330 in chips) 
Deljar01: posts small blind 15
Skyline7887: posts big blind 30
*** HOLE CARDS ***
Dealt to Mahu2021 [7s 9h]
Mahu2021: folds 
Deljar01: calls 15
Skyline7887: checks 
*** FLOP *** [3h Ks 8d]
Deljar01: checks 
Skyline7887: checks 
*** TURN *** [3h Ks 8d] [Jh]
Deljar01: checks 
Skyline7887: bets 60
Deljar01: folds 
Uncalled bet (60) returned to Skyline7887
Skyline7887 collected 60 from pot
*** SUMMARY ***
Total pot 60 | Rake 0 
Board [3h Ks 8d Jh]
Seat 1: Deljar01 (small blind) folded on the Turn
Seat 2: Skyline7887 (big blind) collected (60)
Seat 3: Mahu2021 (button) folded before Flop (didn't bet)



PokerStars Hand #244623720007: Tournament #3612565387, $0.92+$0.08 USD Hold'em No Limit - Level II (15/30) - 2023/07/04 18:52:57 CET [2023/07/04 12:52:57 ET]
Table '3612565387 1' 3-max Seat #1 is the button
Seat 1: Deljar01 (715 in chips) 
Seat 2: Skyline7887 (455 in chips) 
Seat 3: Mahu2021 (330 in chips) 
Skyline7887: posts small blind 15
Mahu2021: posts big blind 30
*** HOLE CARDS ***
Dealt to Mahu2021 [Kh 7d]
Deljar01: calls 30
Skyline7887: folds 
Mahu2021: checks 
*** FLOP *** [Ks Jd 6h]
Mahu2021: checks 
Deljar01: bets 60
Mahu2021: raises 120 to 180
Deljar01: raises 120 to 300
Mahu2021: calls 120 and is all-in
*** TURN *** [Ks Jd 6h] [3s]
*** RIVER *** [Ks Jd 6h 3s] [3c]
*** SHOW DOWN ***
Mahu2021: shows [Kh 7d] (two pair, Kings and Threes)
Deljar01: shows [Kc 7s] (two pair, Kings and Threes)
Mahu2021 collected 338 from pot
Deljar01 collected 337 from pot
*** SUMMARY ***
Total pot 675 | Rake 0 
Board [Ks Jd 6h 3s 3c]
Seat 1: Deljar01 (button) showed [Kc 7s] and won (337) with two pair, Kings and Threes
Seat 2: Skyline7887 (small blind) folded before Flop
Seat 3: Mahu2021 (big blind) showed [Kh 7d] and won (338) with two pair, Kings and Threes



PokerStars Hand #244623725911: Tournament #3612565387, $0.92+$0.08 USD Hold'em No Limit - Level II (15/30) - 2023/07/04 18:53:17 CET [2023/07/04 12:53:17 ET]
Table '3612565387 1' 3-max Seat #2 is the button
Seat 1: Deljar01 (722 in chips) 
Seat 2: Skyline7887 (440 in chips) 
Seat 3: Mahu2021 (338 in chips) 
Mahu2021: posts small blind 15
Deljar01: posts big blind 30
*** HOLE CARDS ***
Dealt to Mahu2021 [7h Ah]
Skyline7887: folds 
Mahu2021: raises 30 to 60
Deljar01: calls 30
*** FLOP *** [Qc Ad 4d]
Mahu2021: bets 278 and is all-in
Deljar01: calls 278
*** TURN *** [Qc Ad 4d] [2s]
*** RIVER *** [Qc Ad 4d 2s] [5h]
*** SHOW DOWN ***
Mahu2021: shows [7h Ah] (a pair of Aces)
Deljar01: shows [Ks 4h] (a pair of Fours)
Mahu2021 collected 676 from pot
*** SUMMARY ***
Total pot 676 | Rake 0 
Board [Qc Ad 4d 2s 5h]
Seat 1: Deljar01 (big blind) showed [Ks 4h] and lost with a pair of Fours
Seat 2: Skyline7887 (button) folded before Flop (didn't bet)
Seat 3: Mahu2021 (small blind) showed [7h Ah] and won (676) with a pair of Aces



PokerStars Hand #244623731094: Tournament #3612565387, $0.92+$0.08 USD Hold'em No Limit - Level II (15/30) - 2023/07/04 18:53:34 CET [2023/07/04 12:53:34 ET]
Table '3612565387 1' 3-max Seat #3 is the button
Seat 1: Deljar01 (384 in chips) 
Seat 2: Skyline7887 (440 in chips) 
Seat 3: Mahu2021 (676 in chips) 
Deljar01: posts small blind 15
Skyline7887: posts big blind 30
*** HOLE CARDS ***
Dealt to Mahu2021 [3d 2s]
Mahu2021: folds 
Deljar01: calls 15
Skyline7887: checks 
*** FLOP *** [Td Tc 5c]
Deljar01: checks 
Skyline7887: checks 
*** TURN *** [Td Tc 5c] [Jd]
Deljar01: checks 
Skyline7887: checks 
*** RIVER *** [Td Tc 5c Jd] [9h]
Deljar01: checks 
Skyline7887: checks 
*** SHOW DOWN ***
Deljar01: shows [6h 8s] (a pair of Tens)
Skyline7887: shows [7s Ah] (a pair of Tens - Ace kicker)
Skyline7887 collected 60 from pot
*** SUMMARY ***
Total pot 60 | Rake 0 
Board [Td Tc 5c Jd 9h]
Seat 1: Deljar01 (small blind) showed [6h 8s] and lost with a pair of Tens
Seat 2: Skyline7887 (big blind) showed [7s Ah] and won (60) with a pair of Tens
Seat 3: Mahu2021 (button) folded before Flop (didn't bet)



PokerStars Hand #244623735427: Tournament #3612565387, $0.92+$0.08 USD Hold'em No Limit - Level II (15/30) - 2023/07/04 18:53:49 CET [2023/07/04 12:53:49 ET]
Table '3612565387 1' 3-max Seat #1 is the button
Seat 1: Deljar01 (354 in chips) 
Seat 2: Skyline7887 (470 in chips) 
Seat 3: Mahu2021 (676 in chips) 
Skyline7887: posts small blind 15
Mahu2021: posts big blind 30
*** HOLE CARDS ***
Dealt to Mahu2021 [7h 6c]
Deljar01: calls 30
Skyline7887: folds 
Mahu2021: checks 
*** FLOP *** [Ac 3c 7d]
Mahu2021: checks 
Deljar01: bets 30
Mahu2021: calls 30
*** TURN *** [Ac 3c 7d] [5d]
Mahu2021: checks 
Deljar01: bets 60
Mahu2021: calls 60
*** RIVER *** [Ac 3c 7d 5d] [Jh]
Mahu2021: checks 
Deljar01: bets 234 and is all-in
Mahu2021: calls 234
*** SHOW DOWN ***
Deljar01: shows [Jd 8h] (a pair of Jacks)
Mahu2021: shows [7h 6c] (a pair of Sevens)
Deljar01 collected 723 from pot
*** SUMMARY ***
Total pot 723 | Rake 0 
Board [Ac 3c 7d 5d Jh]
Seat 1: Deljar01 (button) showed [Jd 8h] and won (723) with a pair of Jacks
Seat 2: Skyline7887 (small blind) folded before Flop
Seat 3: Mahu2021 (big blind) showed [7h 6c] and lost with a pair of Sevens



PokerStars Hand #244623741093: Tournament #3612565387, $0.92+$0.08 USD Hold'em No Limit - Level II (15/30) - 2023/07/04 18:54:08 CET [2023/07/04 12:54:08 ET]
Table '3612565387 1' 3-max Seat #2 is the button
Seat 1: Deljar01 (723 in chips) 
Seat 2: Skyline7887 (455 in chips) 
Seat 3: Mahu2021 (322 in chips) 
Mahu2021: posts small blind 15
Deljar01: posts big blind 30
*** HOLE CARDS ***
Dealt to Mahu2021 [6d Tc]
Skyline7887: folds 
Mahu2021: folds 
Uncalled bet (15) returned to Deljar01
Deljar01 collected 30 from pot
*** SUMMARY ***
Total pot 30 | Rake 0 
Seat 1: Deljar01 (big blind) collected (30)
Seat 2: Skyline7887 (button) folded before Flop (didn't bet)
Seat 3: Mahu2021 (small blind) folded before Flop



PokerStars Hand #244623742541: Tournament #3612565387, $0.92+$0.08 USD Hold'em No Limit - Level II (15/30) - 2023/07/04 18:54:13 CET [2023/07/04 12:54:13 ET]
Table '3612565387 1' 3-max Seat #3 is the button
Seat 1: Deljar01 (738 in chips) 
Seat 2: Skyline7887 (455 in chips) 
Seat 3: Mahu2021 (307 in chips) 
Deljar01: posts small blind 15
Skyline7887: posts big blind 30
*** HOLE CARDS ***
Dealt to Mahu2021 [5s 5d]
Mahu2021: raises 277 to 307 and is all-in
Deljar01: calls 292
Skyline7887: raises 148 to 455 and is all-in
Deljar01: calls 148
*** FLOP *** [3d 9h 9c]
*** TURN *** [3d 9h 9c] [9s]
*** RIVER *** [3d 9h 9c 9s] [Kd]
*** SHOW DOWN ***
Deljar01: shows [As Qc] (three of a kind, Nines)
Skyline7887: shows [Td Ts] (a full house, Nines full of Tens)
Skyline7887 collected 296 from side pot
Mahu2021: shows [5s 5d] (a full house, Nines full of Fives)
Skyline7887 collected 921 from main pot
Mahu2021 finished the tournament in 3rd place
*** SUMMARY ***
Total pot 1217 Main pot 921. Side pot 296. | Rake 0 
Board [3d 9h 9c 9s Kd]
Seat 1: Deljar01 (small blind) showed [As Qc] and lost with three of a kind, Nines
Seat 2: Skyline7887 (big blind) showed [Td Ts] and won (1217) with a full house, Nines full of Tens
Seat 3: Mahu2021 (button) showed [5s 5d] and lost with a full house, Nines full of Fives



