PokerStars Hand #245603526422: Tournament #3636458427, $0.92+$0.08 USD Hold'em No Limit - Level I (10/20) - 2023/08/26 17:19:06 CET [2023/08/26 11:19:06 ET]
Table '3636458427 1' 3-max Seat #1 is the button
Seat 1: Mahu2021 (500 in chips) 
Seat 2: andrefo (500 in chips) 
Seat 3: madureira69 (500 in chips) 
andrefo: posts small blind 10
madureira69: posts big blind 20
*** HOLE CARDS ***
Dealt to Mahu2021 [3d 4s]
Mahu2021: folds 
andrefo: folds 
Uncalled bet (10) returned to madureira69
madureira69 collected 20 from pot
*** SUMMARY ***
Total pot 20 | Rake 0 
Seat 1: Mahu2021 (button) folded before Flop (didn't bet)
Seat 2: andrefo (small blind) folded before Flop
Seat 3: madureira69 (big blind) collected (20)



PokerStars Hand #245603528019: Tournament #3636458427, $0.92+$0.08 USD Hold'em No Limit - Level I (10/20) - 2023/08/26 17:19:12 CET [2023/08/26 11:19:12 ET]
Table '3636458427 1' 3-max Seat #2 is the button
Seat 1: Mahu2021 (500 in chips) 
Seat 2: andrefo (490 in chips) 
Seat 3: madureira69 (510 in chips) 
madureira69: posts small blind 10
Mahu2021: posts big blind 20
*** HOLE CARDS ***
Dealt to Mahu2021 [4s Ad]
andrefo: folds 
madureira69: calls 10
Mahu2021: checks 
*** FLOP *** [3h Kc 4h]
madureira69: bets 20
Mahu2021: calls 20
*** TURN *** [3h Kc 4h] [5d]
madureira69: bets 20
Mahu2021: calls 20
*** RIVER *** [3h Kc 4h 5d] [As]
madureira69: checks 
Mahu2021: bets 40
madureira69: calls 40
*** SHOW DOWN ***
Mahu2021: shows [4s Ad] (two pair, Aces and Fours)
madureira69: mucks hand 
Mahu2021 collected 200 from pot
*** SUMMARY ***
Total pot 200 | Rake 0 
Board [3h Kc 4h 5d As]
Seat 1: Mahu2021 (big blind) showed [4s Ad] and won (200) with two pair, Aces and Fours
Seat 2: andrefo (button) folded before Flop (didn't bet)
Seat 3: madureira69 (small blind) mucked [Js Jd]



PokerStars Hand #245603536742: Tournament #3636458427, $0.92+$0.08 USD Hold'em No Limit - Level I (10/20) - 2023/08/26 17:19:46 CET [2023/08/26 11:19:46 ET]
Table '3636458427 1' 3-max Seat #3 is the button
Seat 1: Mahu2021 (600 in chips) 
Seat 2: andrefo (490 in chips) 
Seat 3: madureira69 (410 in chips) 
Mahu2021: posts small blind 10
andrefo: posts big blind 20
*** HOLE CARDS ***
Dealt to Mahu2021 [Qc 2s]
madureira69: folds 
Mahu2021: folds 
Uncalled bet (10) returned to andrefo
andrefo collected 20 from pot
andrefo: doesn't show hand 
*** SUMMARY ***
Total pot 20 | Rake 0 
Seat 1: Mahu2021 (small blind) folded before Flop
Seat 2: andrefo (big blind) collected (20)
Seat 3: madureira69 (button) folded before Flop (didn't bet)



PokerStars Hand #245603537897: Tournament #3636458427, $0.92+$0.08 USD Hold'em No Limit - Level I (10/20) - 2023/08/26 17:19:51 CET [2023/08/26 11:19:51 ET]
Table '3636458427 1' 3-max Seat #1 is the button
Seat 1: Mahu2021 (590 in chips) 
Seat 2: andrefo (500 in chips) 
Seat 3: madureira69 (410 in chips) 
andrefo: posts small blind 10
madureira69: posts big blind 20
*** HOLE CARDS ***
Dealt to Mahu2021 [Td 8s]
Mahu2021: folds 
andrefo: folds 
Uncalled bet (10) returned to madureira69
madureira69 collected 20 from pot
*** SUMMARY ***
Total pot 20 | Rake 0 
Seat 1: Mahu2021 (button) folded before Flop (didn't bet)
Seat 2: andrefo (small blind) folded before Flop
Seat 3: madureira69 (big blind) collected (20)



PokerStars Hand #245603539935: Tournament #3636458427, $0.92+$0.08 USD Hold'em No Limit - Level I (10/20) - 2023/08/26 17:19:59 CET [2023/08/26 11:19:59 ET]
Table '3636458427 1' 3-max Seat #2 is the button
Seat 1: Mahu2021 (590 in chips) 
Seat 2: andrefo (490 in chips) 
Seat 3: madureira69 (420 in chips) 
madureira69: posts small blind 10
Mahu2021: posts big blind 20
*** HOLE CARDS ***
Dealt to Mahu2021 [4h 3h]
andrefo: folds 
madureira69: calls 10
Mahu2021: checks 
*** FLOP *** [2s 9d 5s]
madureira69: checks 
Mahu2021: bets 40
madureira69: folds 
Uncalled bet (40) returned to Mahu2021
Mahu2021 collected 40 from pot
Mahu2021: doesn't show hand 
*** SUMMARY ***
Total pot 40 | Rake 0 
Board [2s 9d 5s]
Seat 1: Mahu2021 (big blind) collected (40)
Seat 2: andrefo (button) folded before Flop (didn't bet)
Seat 3: madureira69 (small blind) folded on the Flop



PokerStars Hand #245603545481: Tournament #3636458427, $0.92+$0.08 USD Hold'em No Limit - Level I (10/20) - 2023/08/26 17:20:20 CET [2023/08/26 11:20:20 ET]
Table '3636458427 1' 3-max Seat #3 is the button
Seat 1: Mahu2021 (610 in chips) 
Seat 2: andrefo (490 in chips) 
Seat 3: madureira69 (400 in chips) 
Mahu2021: posts small blind 10
andrefo: posts big blind 20
*** HOLE CARDS ***
Dealt to Mahu2021 [8d 7d]
madureira69: calls 20
Mahu2021: calls 10
andrefo: checks 
*** FLOP *** [Jh 3h 6d]
Mahu2021: checks 
andrefo: checks 
madureira69: checks 
*** TURN *** [Jh 3h 6d] [8c]
Mahu2021: bets 20
andrefo: calls 20
madureira69: calls 20
*** RIVER *** [Jh 3h 6d 8c] [3c]
Mahu2021: checks 
andrefo: bets 60
madureira69: folds 
Mahu2021: folds 
Uncalled bet (60) returned to andrefo
andrefo collected 120 from pot
andrefo: doesn't show hand 
*** SUMMARY ***
Total pot 120 | Rake 0 
Board [Jh 3h 6d 8c 3c]
Seat 1: Mahu2021 (small blind) folded on the River
Seat 2: andrefo (big blind) collected (120)
Seat 3: madureira69 (button) folded on the River



PokerStars Hand #245603558621: Tournament #3636458427, $0.92+$0.08 USD Hold'em No Limit - Level II (15/30) - 2023/08/26 17:21:11 CET [2023/08/26 11:21:11 ET]
Table '3636458427 1' 3-max Seat #1 is the button
Seat 1: Mahu2021 (570 in chips) 
Seat 2: andrefo (570 in chips) 
Seat 3: madureira69 (360 in chips) 
andrefo: posts small blind 15
madureira69: posts big blind 30
*** HOLE CARDS ***
Dealt to Mahu2021 [2d Qs]
Mahu2021: folds 
andrefo: raises 45 to 75
madureira69: calls 45
*** FLOP *** [Kc 2h 7c]
andrefo: bets 75
madureira69: folds 
Uncalled bet (75) returned to andrefo
andrefo collected 150 from pot
andrefo: doesn't show hand 
*** SUMMARY ***
Total pot 150 | Rake 0 
Board [Kc 2h 7c]
Seat 1: Mahu2021 (button) folded before Flop (didn't bet)
Seat 2: andrefo (small blind) collected (150)
Seat 3: madureira69 (big blind) folded on the Flop



PokerStars Hand #245603567990: Tournament #3636458427, $0.92+$0.08 USD Hold'em No Limit - Level II (15/30) - 2023/08/26 17:21:48 CET [2023/08/26 11:21:48 ET]
Table '3636458427 1' 3-max Seat #2 is the button
Seat 1: Mahu2021 (570 in chips) 
Seat 2: andrefo (645 in chips) 
Seat 3: madureira69 (285 in chips) 
madureira69: posts small blind 15
Mahu2021: posts big blind 30
*** HOLE CARDS ***
Dealt to Mahu2021 [9h 7d]
andrefo: raises 45 to 75
madureira69: raises 45 to 120
Mahu2021: folds 
andrefo: calls 45
*** FLOP *** [Th 9s 9c]
madureira69: bets 165 and is all-in
andrefo: calls 165
*** TURN *** [Th 9s 9c] [9d]
*** RIVER *** [Th 9s 9c 9d] [8c]
*** SHOW DOWN ***
madureira69: shows [7s 8s] (a full house, Nines full of Eights)
andrefo: shows [Ad Jh] (three of a kind, Nines)
madureira69 collected 600 from pot
*** SUMMARY ***
Total pot 600 | Rake 0 
Board [Th 9s 9c 9d 8c]
Seat 1: Mahu2021 (big blind) folded before Flop
Seat 2: andrefo (button) showed [Ad Jh] and lost with three of a kind, Nines
Seat 3: madureira69 (small blind) showed [7s 8s] and won (600) with a full house, Nines full of Eights



PokerStars Hand #245603574288: Tournament #3636458427, $0.92+$0.08 USD Hold'em No Limit - Level II (15/30) - 2023/08/26 17:22:12 CET [2023/08/26 11:22:12 ET]
Table '3636458427 1' 3-max Seat #3 is the button
Seat 1: Mahu2021 (540 in chips) 
Seat 2: andrefo (360 in chips) 
Seat 3: madureira69 (600 in chips) 
Mahu2021: posts small blind 15
andrefo: posts big blind 30
*** HOLE CARDS ***
Dealt to Mahu2021 [Js 6s]
madureira69: calls 30
Mahu2021: calls 15
andrefo: checks 
*** FLOP *** [As 6h Qs]
Mahu2021: bets 30
andrefo: calls 30
madureira69: calls 30
*** TURN *** [As 6h Qs] [9s]
Mahu2021: bets 30
andrefo: calls 30
madureira69: calls 30
*** RIVER *** [As 6h Qs 9s] [5h]
Mahu2021: bets 60
andrefo: calls 60
madureira69: folds 
*** SHOW DOWN ***
Mahu2021: shows [Js 6s] (a flush, Ace high)
andrefo: mucks hand 
Mahu2021 collected 390 from pot
*** SUMMARY ***
Total pot 390 | Rake 0 
Board [As 6h Qs 9s 5h]
Seat 1: Mahu2021 (small blind) showed [Js 6s] and won (390) with a flush, Ace high
Seat 2: andrefo (big blind) mucked [7d 8s]
Seat 3: madureira69 (button) folded on the River



PokerStars Hand #245603584469: Tournament #3636458427, $0.92+$0.08 USD Hold'em No Limit - Level II (15/30) - 2023/08/26 17:22:51 CET [2023/08/26 11:22:51 ET]
Table '3636458427 1' 3-max Seat #1 is the button
Seat 1: Mahu2021 (780 in chips) 
Seat 2: andrefo (210 in chips) 
Seat 3: madureira69 (510 in chips) 
andrefo: posts small blind 15
madureira69: posts big blind 30
*** HOLE CARDS ***
Dealt to Mahu2021 [2c 8d]
Mahu2021: folds 
andrefo: folds 
Uncalled bet (15) returned to madureira69
madureira69 collected 30 from pot
*** SUMMARY ***
Total pot 30 | Rake 0 
Seat 1: Mahu2021 (button) folded before Flop (didn't bet)
Seat 2: andrefo (small blind) folded before Flop
Seat 3: madureira69 (big blind) collected (30)



PokerStars Hand #245603587393: Tournament #3636458427, $0.92+$0.08 USD Hold'em No Limit - Level II (15/30) - 2023/08/26 17:23:03 CET [2023/08/26 11:23:03 ET]
Table '3636458427 1' 3-max Seat #2 is the button
Seat 1: Mahu2021 (780 in chips) 
Seat 2: andrefo (195 in chips) 
Seat 3: madureira69 (525 in chips) 
madureira69: posts small blind 15
Mahu2021: posts big blind 30
*** HOLE CARDS ***
Dealt to Mahu2021 [6c 2c]
andrefo: folds 
madureira69: calls 15
Mahu2021: checks 
*** FLOP *** [4s Ts 2s]
madureira69: bets 30
Mahu2021: folds 
Uncalled bet (30) returned to madureira69
madureira69 collected 60 from pot
*** SUMMARY ***
Total pot 60 | Rake 0 
Board [4s Ts 2s]
Seat 1: Mahu2021 (big blind) folded on the Flop
Seat 2: andrefo (button) folded before Flop (didn't bet)
Seat 3: madureira69 (small blind) collected (60)



PokerStars Hand #245603591413: Tournament #3636458427, $0.92+$0.08 USD Hold'em No Limit - Level III (20/40) - 2023/08/26 17:23:19 CET [2023/08/26 11:23:19 ET]
Table '3636458427 1' 3-max Seat #3 is the button
Seat 1: Mahu2021 (750 in chips) 
Seat 2: andrefo (195 in chips) 
Seat 3: madureira69 (555 in chips) 
Mahu2021: posts small blind 20
andrefo: posts big blind 40
*** HOLE CARDS ***
Dealt to Mahu2021 [4d 2h]
madureira69: folds 
Mahu2021: folds 
Uncalled bet (20) returned to andrefo
andrefo collected 40 from pot
andrefo: doesn't show hand 
*** SUMMARY ***
Total pot 40 | Rake 0 
Seat 1: Mahu2021 (small blind) folded before Flop
Seat 2: andrefo (big blind) collected (40)
Seat 3: madureira69 (button) folded before Flop (didn't bet)



PokerStars Hand #245603594842: Tournament #3636458427, $0.92+$0.08 USD Hold'em No Limit - Level III (20/40) - 2023/08/26 17:23:32 CET [2023/08/26 11:23:32 ET]
Table '3636458427 1' 3-max Seat #1 is the button
Seat 1: Mahu2021 (730 in chips) 
Seat 2: andrefo (215 in chips) 
Seat 3: madureira69 (555 in chips) 
andrefo: posts small blind 20
madureira69: posts big blind 40
*** HOLE CARDS ***
Dealt to Mahu2021 [5c 2s]
Mahu2021: folds 
andrefo: raises 60 to 100
madureira69: folds 
Uncalled bet (60) returned to andrefo
andrefo collected 80 from pot
andrefo: doesn't show hand 
*** SUMMARY ***
Total pot 80 | Rake 0 
Seat 1: Mahu2021 (button) folded before Flop (didn't bet)
Seat 2: andrefo (small blind) collected (80)
Seat 3: madureira69 (big blind) folded before Flop



PokerStars Hand #245603597183: Tournament #3636458427, $0.92+$0.08 USD Hold'em No Limit - Level III (20/40) - 2023/08/26 17:23:41 CET [2023/08/26 11:23:41 ET]
Table '3636458427 1' 3-max Seat #2 is the button
Seat 1: Mahu2021 (730 in chips) 
Seat 2: andrefo (255 in chips) 
Seat 3: madureira69 (515 in chips) 
madureira69: posts small blind 20
Mahu2021: posts big blind 40
*** HOLE CARDS ***
Dealt to Mahu2021 [5h Ac]
andrefo has timed out
andrefo: folds 
andrefo is sitting out
madureira69: calls 20
Mahu2021: checks 
*** FLOP *** [Kh 9d As]
andrefo has returned
madureira69: bets 40
Mahu2021: calls 40
*** TURN *** [Kh 9d As] [3h]
madureira69: bets 40
Mahu2021: calls 40
*** RIVER *** [Kh 9d As 3h] [Td]
madureira69: bets 40
Mahu2021: calls 40
*** SHOW DOWN ***
madureira69: shows [8c Kd] (a pair of Kings)
Mahu2021: shows [5h Ac] (a pair of Aces)
Mahu2021 collected 320 from pot
*** SUMMARY ***
Total pot 320 | Rake 0 
Board [Kh 9d As 3h Td]
Seat 1: Mahu2021 (big blind) showed [5h Ac] and won (320) with a pair of Aces
Seat 2: andrefo (button) folded before Flop (didn't bet)
Seat 3: madureira69 (small blind) showed [8c Kd] and lost with a pair of Kings



PokerStars Hand #245603604391: Tournament #3636458427, $0.92+$0.08 USD Hold'em No Limit - Level III (20/40) - 2023/08/26 17:24:10 CET [2023/08/26 11:24:10 ET]
Table '3636458427 1' 3-max Seat #3 is the button
Seat 1: Mahu2021 (890 in chips) 
Seat 2: andrefo (255 in chips) 
Seat 3: madureira69 (355 in chips) 
Mahu2021: posts small blind 20
andrefo: posts big blind 40
*** HOLE CARDS ***
Dealt to Mahu2021 [9h Qs]
madureira69: folds 
Mahu2021: calls 20
andrefo: checks 
*** FLOP *** [Ks Tc Kh]
Mahu2021: checks 
andrefo: checks 
*** TURN *** [Ks Tc Kh] [Ac]
Mahu2021: bets 40
andrefo: folds 
Uncalled bet (40) returned to Mahu2021
Mahu2021 collected 80 from pot
Mahu2021: doesn't show hand 
*** SUMMARY ***
Total pot 80 | Rake 0 
Board [Ks Tc Kh Ac]
Seat 1: Mahu2021 (small blind) collected (80)
Seat 2: andrefo (big blind) folded on the Turn
Seat 3: madureira69 (button) folded before Flop (didn't bet)



PokerStars Hand #245603608214: Tournament #3636458427, $0.92+$0.08 USD Hold'em No Limit - Level III (20/40) - 2023/08/26 17:24:25 CET [2023/08/26 11:24:25 ET]
Table '3636458427 1' 3-max Seat #1 is the button
Seat 1: Mahu2021 (930 in chips) 
Seat 2: andrefo (215 in chips) 
Seat 3: madureira69 (355 in chips) 
andrefo: posts small blind 20
madureira69: posts big blind 40
*** HOLE CARDS ***
Dealt to Mahu2021 [Qc Jc]
Mahu2021: raises 40 to 80
andrefo: calls 60
madureira69: folds 
*** FLOP *** [6h 3d 8d]
andrefo: checks 
Mahu2021: bets 40
andrefo: calls 40
*** TURN *** [6h 3d 8d] [Kd]
andrefo: checks 
Mahu2021: bets 120
andrefo: calls 95 and is all-in
Uncalled bet (25) returned to Mahu2021
*** RIVER *** [6h 3d 8d Kd] [3h]
*** SHOW DOWN ***
andrefo: shows [Tc 9s] (a pair of Threes)
Mahu2021: shows [Qc Jc] (a pair of Threes - King+Queen kicker)
Mahu2021 collected 470 from pot
andrefo finished the tournament in 3rd place
*** SUMMARY ***
Total pot 470 | Rake 0 
Board [6h 3d 8d Kd 3h]
Seat 1: Mahu2021 (button) showed [Qc Jc] and won (470) with a pair of Threes
Seat 2: andrefo (small blind) showed [Tc 9s] and lost with a pair of Threes
Seat 3: madureira69 (big blind) folded before Flop



PokerStars Hand #245603619584: Tournament #3636458427, $0.92+$0.08 USD Hold'em No Limit - Level III (20/40) - 2023/08/26 17:25:09 CET [2023/08/26 11:25:09 ET]
Table '3636458427 1' 3-max Seat #3 is the button
Seat 1: Mahu2021 (1185 in chips) 
Seat 3: madureira69 (315 in chips) 
madureira69: posts small blind 20
Mahu2021: posts big blind 40
*** HOLE CARDS ***
Dealt to Mahu2021 [4d 3c]
madureira69: calls 20
Mahu2021: checks 
*** FLOP *** [2h Js Kh]
Mahu2021: checks 
madureira69: bets 40
Mahu2021: folds 
Uncalled bet (40) returned to madureira69
madureira69 collected 80 from pot
*** SUMMARY ***
Total pot 80 | Rake 0 
Board [2h Js Kh]
Seat 1: Mahu2021 (big blind) folded on the Flop
Seat 3: madureira69 (button) (small blind) collected (80)



PokerStars Hand #245603623622: Tournament #3636458427, $0.92+$0.08 USD Hold'em No Limit - Level IV (30/60) - 2023/08/26 17:25:25 CET [2023/08/26 11:25:25 ET]
Table '3636458427 1' 3-max Seat #1 is the button
Seat 1: Mahu2021 (1145 in chips) 
Seat 3: madureira69 (355 in chips) 
Mahu2021: posts small blind 30
madureira69: posts big blind 60
*** HOLE CARDS ***
Dealt to Mahu2021 [Th 8h]
Mahu2021: calls 30
madureira69: checks 
*** FLOP *** [6c Ks Jd]
madureira69: bets 60
Mahu2021: folds 
Uncalled bet (60) returned to madureira69
madureira69 collected 120 from pot
*** SUMMARY ***
Total pot 120 | Rake 0 
Board [6c Ks Jd]
Seat 1: Mahu2021 (button) (small blind) folded on the Flop
Seat 3: madureira69 (big blind) collected (120)



PokerStars Hand #245603627071: Tournament #3636458427, $0.92+$0.08 USD Hold'em No Limit - Level IV (30/60) - 2023/08/26 17:25:39 CET [2023/08/26 11:25:39 ET]
Table '3636458427 1' 3-max Seat #3 is the button
Seat 1: Mahu2021 (1085 in chips) 
Seat 3: madureira69 (415 in chips) 
madureira69: posts small blind 30
Mahu2021: posts big blind 60
*** HOLE CARDS ***
Dealt to Mahu2021 [2d 6s]
madureira69: calls 30
Mahu2021: checks 
*** FLOP *** [4s 8d 2h]
Mahu2021: checks 
madureira69: bets 60
Mahu2021: folds 
Uncalled bet (60) returned to madureira69
madureira69 collected 120 from pot
*** SUMMARY ***
Total pot 120 | Rake 0 
Board [4s 8d 2h]
Seat 1: Mahu2021 (big blind) folded on the Flop
Seat 3: madureira69 (button) (small blind) collected (120)



PokerStars Hand #245603630259: Tournament #3636458427, $0.92+$0.08 USD Hold'em No Limit - Level IV (30/60) - 2023/08/26 17:25:51 CET [2023/08/26 11:25:51 ET]
Table '3636458427 1' 3-max Seat #1 is the button
Seat 1: Mahu2021 (1025 in chips) 
Seat 3: madureira69 (475 in chips) 
Mahu2021: posts small blind 30
madureira69: posts big blind 60
*** HOLE CARDS ***
Dealt to Mahu2021 [Th Qh]
Mahu2021: raises 60 to 120
madureira69: calls 60
*** FLOP *** [9h Kc 2h]
madureira69: checks 
Mahu2021: bets 60
madureira69: folds 
Uncalled bet (60) returned to Mahu2021
Mahu2021 collected 240 from pot
Mahu2021: doesn't show hand 
*** SUMMARY ***
Total pot 240 | Rake 0 
Board [9h Kc 2h]
Seat 1: Mahu2021 (button) (small blind) collected (240)
Seat 3: madureira69 (big blind) folded on the Flop



PokerStars Hand #245603633281: Tournament #3636458427, $0.92+$0.08 USD Hold'em No Limit - Level IV (30/60) - 2023/08/26 17:26:03 CET [2023/08/26 11:26:03 ET]
Table '3636458427 1' 3-max Seat #3 is the button
Seat 1: Mahu2021 (1145 in chips) 
Seat 3: madureira69 (355 in chips) 
madureira69: posts small blind 30
Mahu2021: posts big blind 60
*** HOLE CARDS ***
Dealt to Mahu2021 [Td Qh]
madureira69: calls 30
Mahu2021: checks 
*** FLOP *** [6c 7h Jh]
Mahu2021: checks 
madureira69: bets 60
Mahu2021: calls 60
*** TURN *** [6c 7h Jh] [4s]
Mahu2021: checks 
madureira69: checks 
*** RIVER *** [6c 7h Jh 4s] [8d]
Mahu2021: bets 60
madureira69: folds 
Uncalled bet (60) returned to Mahu2021
Mahu2021 collected 240 from pot
Mahu2021: doesn't show hand 
*** SUMMARY ***
Total pot 240 | Rake 0 
Board [6c 7h Jh 4s 8d]
Seat 1: Mahu2021 (big blind) collected (240)
Seat 3: madureira69 (button) (small blind) folded on the River



PokerStars Hand #245603638139: Tournament #3636458427, $0.92+$0.08 USD Hold'em No Limit - Level IV (30/60) - 2023/08/26 17:26:22 CET [2023/08/26 11:26:22 ET]
Table '3636458427 1' 3-max Seat #1 is the button
Seat 1: Mahu2021 (1265 in chips) 
Seat 3: madureira69 (235 in chips) 
Mahu2021: posts small blind 30
madureira69: posts big blind 60
*** HOLE CARDS ***
Dealt to Mahu2021 [2s 4d]
Mahu2021: folds 
Uncalled bet (30) returned to madureira69
madureira69 collected 60 from pot
*** SUMMARY ***
Total pot 60 | Rake 0 
Seat 1: Mahu2021 (button) (small blind) folded before Flop
Seat 3: madureira69 (big blind) collected (60)



PokerStars Hand #245603639296: Tournament #3636458427, $0.92+$0.08 USD Hold'em No Limit - Level IV (30/60) - 2023/08/26 17:26:27 CET [2023/08/26 11:26:27 ET]
Table '3636458427 1' 3-max Seat #3 is the button
Seat 1: Mahu2021 (1235 in chips) 
Seat 3: madureira69 (265 in chips) 
madureira69: posts small blind 30
Mahu2021: posts big blind 60
*** HOLE CARDS ***
Dealt to Mahu2021 [Qc 2c]
madureira69: raises 60 to 120
Mahu2021: calls 60
*** FLOP *** [8d 2d Qs]
Mahu2021: checks 
madureira69: bets 60
Mahu2021: calls 60
*** TURN *** [8d 2d Qs] [Td]
Mahu2021: checks 
madureira69: bets 85 and is all-in
Mahu2021: calls 85
*** RIVER *** [8d 2d Qs Td] [5s]
*** SHOW DOWN ***
Mahu2021: shows [Qc 2c] (two pair, Queens and Deuces)
madureira69: shows [Ks Qh] (a pair of Queens)
Mahu2021 collected 530 from pot
madureira69 finished the tournament in 2nd place
Mahu2021 wins the tournament and receives $2.00 - congratulations!
*** SUMMARY ***
Total pot 530 | Rake 0 
Board [8d 2d Qs Td 5s]
Seat 1: Mahu2021 (big blind) showed [Qc 2c] and won (530) with two pair, Queens and Deuces
Seat 3: madureira69 (button) (small blind) showed [Ks Qh] and lost with a pair of Queens



