PokerStars Zoom Hand #254797366106:  Hold'em No Limit ($0.05/$0.10) - 2025/02/10 11:01:23 CET [2025/02/10 5:01:23 ET]
Table 'Aludra' 6-max Seat #1 is the button
Seat 1: roo198 ($10.81 in chips) 
Seat 2: NoMoreAOF ($19.41 in chips) 
Seat 3: Mahu2021 ($10 in chips) 
Seat 4: lolb0t ($10 in chips) 
Seat 5: liebhabär ($18.26 in chips) 
Seat 6: shortstackpro ($4.69 in chips) 
NoMoreAOF: posts small blind $0.05
Mahu2021: posts big blind $0.10
*** HOLE CARDS ***
Dealt to Mahu2021 [Tc 6c]
lolb0t: folds 
liebhabär: folds 
shortstackpro: raises $0.10 to $0.20
roo198: folds 
NoMoreAOF: folds 
Mahu2021: calls $0.10
*** FLOP *** [Jc 9h 4d]
Mahu2021: checks 
shortstackpro: bets $0.10
Mahu2021: folds 
Uncalled bet ($0.10) returned to shortstackpro
shortstackpro collected $0.43 from pot
shortstackpro: doesn't show hand 
*** SUMMARY ***
Total pot $0.45 | Rake $0.02 
Board [Jc 9h 4d]
Seat 1: roo198 (button) folded before Flop (didn't bet)
Seat 2: NoMoreAOF (small blind) folded before Flop
Seat 3: Mahu2021 (big blind) folded on the Flop
Seat 4: lolb0t folded before Flop (didn't bet)
Seat 5: liebhabär folded before Flop (didn't bet)
Seat 6: shortstackpro collected ($0.43)



PokerStars Zoom Hand #254797368336:  Hold'em No Limit ($0.05/$0.10) - 2025/02/10 11:01:46 CET [2025/02/10 5:01:46 ET]
Table 'Aludra' 6-max Seat #1 is the button
Seat 1: callmebeautiful ($9.85 in chips) 
Seat 2: Mahu2021 ($9.80 in chips) 
Seat 3: liebhabär ($10 in chips) 
Seat 4: NoMoreAOF ($12.59 in chips) 
Seat 5: lolb0t ($10 in chips) 
Seat 6: ggfella ($10.44 in chips) 
Mahu2021: posts small blind $0.05
liebhabär: posts big blind $0.10
*** HOLE CARDS ***
Dealt to Mahu2021 [Ad 4c]
NoMoreAOF: folds 
lolb0t: folds 
ggfella: folds 
callmebeautiful: folds 
Mahu2021: raises $0.20 to $0.30
liebhabär: folds 
Uncalled bet ($0.20) returned to Mahu2021
Mahu2021 collected $0.20 from pot
Mahu2021: doesn't show hand 
*** SUMMARY ***
Total pot $0.20 | Rake $0 
Seat 1: callmebeautiful (button) folded before Flop (didn't bet)
Seat 2: Mahu2021 (small blind) collected ($0.20)
Seat 3: liebhabär (big blind) folded before Flop
Seat 4: NoMoreAOF folded before Flop (didn't bet)
Seat 5: lolb0t folded before Flop (didn't bet)
Seat 6: ggfella folded before Flop (didn't bet)



PokerStars Zoom Hand #254797369919:  Hold'em No Limit ($0.05/$0.10) - 2025/02/10 11:02:02 CET [2025/02/10 5:02:02 ET]
Table 'Aludra' 6-max Seat #1 is the button
Seat 1: Mahu2021 ($9.90 in chips) 
Seat 2: lolb0t ($10 in chips) 
Seat 3: Ridcully-1 ($9.60 in chips) 
Seat 4: MasterK0830 ($10.21 in chips) 
Seat 5: TANEV78 ($14.79 in chips) 
Seat 6: VitorArj ($10 in chips) 
lolb0t: posts small blind $0.05
Ridcully-1: posts big blind $0.10
*** HOLE CARDS ***
Dealt to Mahu2021 [5s 3d]
MasterK0830: folds 
TANEV78: folds 
VitorArj: folds 
Mahu2021: folds 
lolb0t: folds 
Uncalled bet ($0.05) returned to Ridcully-1
Ridcully-1 collected $0.10 from pot
Ridcully-1: doesn't show hand 
*** SUMMARY ***
Total pot $0.10 | Rake $0 
Seat 1: Mahu2021 (button) folded before Flop (didn't bet)
Seat 2: lolb0t (small blind) folded before Flop
Seat 3: Ridcully-1 (big blind) collected ($0.10)
Seat 4: MasterK0830 folded before Flop (didn't bet)
Seat 5: TANEV78 folded before Flop (didn't bet)
Seat 6: VitorArj folded before Flop (didn't bet)



PokerStars Zoom Hand #254797370307:  Hold'em No Limit ($0.05/$0.10) - 2025/02/10 11:02:06 CET [2025/02/10 5:02:06 ET]
Table 'Aludra' 6-max Seat #1 is the button
Seat 1: kofyboe ($9.45 in chips) 
Seat 2: acebob999 ($9.76 in chips) 
Seat 3: Venyo91 ($5.45 in chips) 
Seat 4: imnotamaniac ($29.02 in chips) 
Seat 5: callmebeautiful ($9.60 in chips) 
Seat 6: Mahu2021 ($9.90 in chips) 
acebob999: posts small blind $0.05
Venyo91: posts big blind $0.10
*** HOLE CARDS ***
Dealt to Mahu2021 [9d Qd]
imnotamaniac: folds 
callmebeautiful: folds 
Mahu2021: folds 
kofyboe: folds 
acebob999: folds 
Uncalled bet ($0.05) returned to Venyo91
Venyo91 collected $0.10 from pot
Venyo91: doesn't show hand 
*** SUMMARY ***
Total pot $0.10 | Rake $0 
Seat 1: kofyboe (button) folded before Flop (didn't bet)
Seat 2: acebob999 (small blind) folded before Flop
Seat 3: Venyo91 (big blind) collected ($0.10)
Seat 4: imnotamaniac folded before Flop (didn't bet)
Seat 5: callmebeautiful folded before Flop (didn't bet)
Seat 6: Mahu2021 folded before Flop (didn't bet)



PokerStars Zoom Hand #254797370896:  Hold'em No Limit ($0.05/$0.10) - 2025/02/10 11:02:12 CET [2025/02/10 5:02:12 ET]
Table 'Aludra' 6-max Seat #1 is the button
Seat 1: ggfella ($5.15 in chips) 
Seat 2: Mahu2021 ($9.90 in chips) 
Seat 3: imnotamaniac ($29.02 in chips) 
Seat 4: honEybOOx ($10.13 in chips) 
Seat 5: boris31.03 ($13.28 in chips) 
Seat 6: callmebeautiful ($9.60 in chips) 
Mahu2021: posts small blind $0.05
imnotamaniac: posts big blind $0.10
*** HOLE CARDS ***
Dealt to Mahu2021 [Ad 2h]
honEybOOx: folds 
boris31.03: folds 
callmebeautiful: folds 
ggfella: raises $0.12 to $0.22
Mahu2021: calls $0.17
imnotamaniac: folds 
*** FLOP *** [Qc Kd 3h]
Mahu2021: checks 
ggfella: bets $0.30
Mahu2021: folds 
Uncalled bet ($0.30) returned to ggfella
ggfella collected $0.52 from pot
ggfella: doesn't show hand 
*** SUMMARY ***
Total pot $0.54 | Rake $0.02 
Board [Qc Kd 3h]
Seat 1: ggfella (button) collected ($0.52)
Seat 2: Mahu2021 (small blind) folded on the Flop
Seat 3: imnotamaniac (big blind) folded before Flop
Seat 4: honEybOOx folded before Flop (didn't bet)
Seat 5: boris31.03 folded before Flop (didn't bet)
Seat 6: callmebeautiful folded before Flop (didn't bet)



PokerStars Zoom Hand #254797367775:  Hold'em No Limit ($0.05/$0.10) - 2025/02/10 11:01:40 CET [2025/02/10 5:01:40 ET]
Table 'Aludra' 6-max Seat #1 is the button
Seat 1: callmebeautiful ($9.85 in chips) 
Seat 2: SkyBoy23 ($19.39 in chips) 
Seat 3: Clicker89 ($10.07 in chips) 
Seat 4: ggfella ($10.44 in chips) 
Seat 5: Mahu2021 ($9.80 in chips) 
Seat 6: cris_civil ($21.05 in chips) 
SkyBoy23: posts small blind $0.05
Clicker89: posts big blind $0.10
*** HOLE CARDS ***
Dealt to Mahu2021 [As 8h]
ggfella: folds 
Mahu2021: folds 
cris_civil: folds 
callmebeautiful: folds 
SkyBoy23: raises $0.20 to $0.30
Clicker89: calls $0.20
*** FLOP *** [2s 2d Kd]
SkyBoy23: checks 
Clicker89: checks 
*** TURN *** [2s 2d Kd] [Qd]
SkyBoy23: bets $0.43
Clicker89: folds 
Uncalled bet ($0.43) returned to SkyBoy23
SkyBoy23 collected $0.57 from pot
SkyBoy23: doesn't show hand 
*** SUMMARY ***
Total pot $0.60 | Rake $0.03 
Board [2s 2d Kd Qd]
Seat 1: callmebeautiful (button) folded before Flop (didn't bet)
Seat 2: SkyBoy23 (small blind) collected ($0.57)
Seat 3: Clicker89 (big blind) folded on the Turn
Seat 4: ggfella folded before Flop (didn't bet)
Seat 5: Mahu2021 folded before Flop (didn't bet)
Seat 6: cris_civil folded before Flop (didn't bet)



PokerStars Zoom Hand #254797374028:  Hold'em No Limit ($0.05/$0.10) - 2025/02/10 11:02:43 CET [2025/02/10 5:02:43 ET]
Table 'Aludra' 6-max Seat #1 is the button
Seat 1: callmebeautiful ($9.85 in chips) 
Seat 2: vinaof ($5.80 in chips) 
Seat 3: Mahu2021 ($9.68 in chips) 
Seat 4: NoMoreAOF ($12.34 in chips) 
Seat 5: imnotamaniac ($11.51 in chips) 
Seat 6: cdbennett.uk ($11.53 in chips) 
vinaof: posts small blind $0.05
Mahu2021: posts big blind $0.10
*** HOLE CARDS ***
Dealt to Mahu2021 [6h 3d]
NoMoreAOF: folds 
imnotamaniac: folds 
cdbennett.uk: folds 
callmebeautiful: folds 
vinaof: calls $0.05
Mahu2021: checks 
*** FLOP *** [7c 3s Qh]
vinaof: bets $0.10
Mahu2021: calls $0.10
*** TURN *** [7c 3s Qh] [Kc]
vinaof: bets $0.10
Mahu2021: calls $0.10
*** RIVER *** [7c 3s Qh Kc] [Jd]
vinaof: checks 
Mahu2021: bets $0.57
vinaof: folds 
Uncalled bet ($0.57) returned to Mahu2021
Mahu2021 collected $0.57 from pot
Mahu2021: doesn't show hand 
*** SUMMARY ***
Total pot $0.60 | Rake $0.03 
Board [7c 3s Qh Kc Jd]
Seat 1: callmebeautiful (button) folded before Flop (didn't bet)
Seat 2: vinaof (small blind) folded on the River
Seat 3: Mahu2021 (big blind) collected ($0.57)
Seat 4: NoMoreAOF folded before Flop (didn't bet)
Seat 5: imnotamaniac folded before Flop (didn't bet)
Seat 6: cdbennett.uk folded before Flop (didn't bet)



PokerStars Zoom Hand #254797376113:  Hold'em No Limit ($0.05/$0.10) - 2025/02/10 11:03:04 CET [2025/02/10 5:03:04 ET]
Table 'Aludra' 6-max Seat #1 is the button
Seat 1: NoMoreAOF ($16.12 in chips) 
Seat 2: boris31.03 ($13.33 in chips) 
Seat 3: shortstackpro ($4.67 in chips) 
Seat 4: lolb0t ($10.88 in chips) 
Seat 5: Mahu2021 ($9.95 in chips) 
Seat 6: MasterK0830 ($10.75 in chips) 
boris31.03: posts small blind $0.05
shortstackpro: posts big blind $0.10
*** HOLE CARDS ***
Dealt to Mahu2021 [7d Ks]
lolb0t: folds 
Mahu2021: folds 
MasterK0830: raises $0.14 to $0.24
NoMoreAOF: folds 
boris31.03: folds 
shortstackpro: folds 
Uncalled bet ($0.14) returned to MasterK0830
MasterK0830 collected $0.25 from pot
MasterK0830: doesn't show hand 
*** SUMMARY ***
Total pot $0.25 | Rake $0 
Seat 1: NoMoreAOF (button) folded before Flop (didn't bet)
Seat 2: boris31.03 (small blind) folded before Flop
Seat 3: shortstackpro (big blind) folded before Flop
Seat 4: lolb0t folded before Flop (didn't bet)
Seat 5: Mahu2021 folded before Flop (didn't bet)
Seat 6: MasterK0830 collected ($0.25)



PokerStars Zoom Hand #254797376521:  Hold'em No Limit ($0.05/$0.10) - 2025/02/10 11:03:08 CET [2025/02/10 5:03:08 ET]
Table 'Aludra' 6-max Seat #1 is the button
Seat 1: Mahu2021 ($9.95 in chips) 
Seat 2: Prorhet518 ($43.77 in chips) 
Seat 3: vinaof ($5.50 in chips) 
Seat 4: cris_civil ($19.17 in chips) 
Seat 5: boris31.03 ($13.28 in chips) 
Seat 6: honEybOOx ($10.53 in chips) 
Prorhet518: posts small blind $0.05
vinaof: posts big blind $0.10
*** HOLE CARDS ***
Dealt to Mahu2021 [8s Qd]
cris_civil: raises $0.15 to $0.25
boris31.03: folds 
honEybOOx: folds 
Mahu2021: folds 
Prorhet518: folds 
vinaof: folds 
Uncalled bet ($0.15) returned to cris_civil
cris_civil collected $0.25 from pot
cris_civil: doesn't show hand 
*** SUMMARY ***
Total pot $0.25 | Rake $0 
Seat 1: Mahu2021 (button) folded before Flop (didn't bet)
Seat 2: Prorhet518 (small blind) folded before Flop
Seat 3: vinaof (big blind) folded before Flop
Seat 4: cris_civil collected ($0.25)
Seat 5: boris31.03 folded before Flop (didn't bet)
Seat 6: honEybOOx folded before Flop (didn't bet)



PokerStars Zoom Hand #254797377378:  Hold'em No Limit ($0.05/$0.10) - 2025/02/10 11:03:17 CET [2025/02/10 5:03:17 ET]
Table 'Aludra' 6-max Seat #1 is the button
Seat 1: shortstackpro ($4.57 in chips) 
Seat 2: camilo13186 ($4.75 in chips) 
Seat 3: SkyBoy23 ($19.46 in chips) 
Seat 4: Mahu2021 ($9.95 in chips) 
Seat 5: liebhabär ($18.40 in chips) 
Seat 6: lolb0t ($10.10 in chips) 
camilo13186: posts small blind $0.05
SkyBoy23: posts big blind $0.10
*** HOLE CARDS ***
Dealt to Mahu2021 [7h Tc]
Mahu2021: folds 
liebhabär: folds 
lolb0t: folds 
shortstackpro: raises $0.25 to $0.35
camilo13186: folds 
SkyBoy23: folds 
Uncalled bet ($0.25) returned to shortstackpro
shortstackpro collected $0.25 from pot
shortstackpro: doesn't show hand 
*** SUMMARY ***
Total pot $0.25 | Rake $0 
Seat 1: shortstackpro (button) collected ($0.25)
Seat 2: camilo13186 (small blind) folded before Flop
Seat 3: SkyBoy23 (big blind) folded before Flop
Seat 4: Mahu2021 folded before Flop (didn't bet)
Seat 5: liebhabär folded before Flop (didn't bet)
Seat 6: lolb0t folded before Flop (didn't bet)



PokerStars Zoom Hand #254797377799:  Hold'em No Limit ($0.05/$0.10) - 2025/02/10 11:03:21 CET [2025/02/10 5:03:21 ET]
Table 'Aludra' 6-max Seat #1 is the button
Seat 1: camilo13186 ($4.70 in chips) 
Seat 2: NoMoreAOF ($18.50 in chips) 
Seat 3: Clicker89 ($10.23 in chips) 
Seat 4: honEybOOx ($10.53 in chips) 
Seat 5: Mahu2021 ($9.95 in chips) 
Seat 6: lolb0t ($14.56 in chips) 
NoMoreAOF: posts small blind $0.05
Clicker89: posts big blind $0.10
*** HOLE CARDS ***
Dealt to Mahu2021 [Ah Qs]
honEybOOx: folds 
Mahu2021: raises $0.20 to $0.30
lolb0t: folds 
camilo13186: folds 
NoMoreAOF: folds 
Clicker89: folds 
Uncalled bet ($0.20) returned to Mahu2021
Mahu2021 collected $0.25 from pot
Mahu2021: doesn't show hand 
*** SUMMARY ***
Total pot $0.25 | Rake $0 
Seat 1: camilo13186 (button) folded before Flop (didn't bet)
Seat 2: NoMoreAOF (small blind) folded before Flop
Seat 3: Clicker89 (big blind) folded before Flop
Seat 4: honEybOOx folded before Flop (didn't bet)
Seat 5: Mahu2021 collected ($0.25)
Seat 6: lolb0t folded before Flop (didn't bet)



PokerStars Zoom Hand #254797377002:  Hold'em No Limit ($0.05/$0.10) - 2025/02/10 11:03:13 CET [2025/02/10 5:03:13 ET]
Table 'Aludra' 6-max Seat #1 is the button
Seat 1: kofyboe ($6.70 in chips) 
Seat 2: roo198 ($15.57 in chips) 
Seat 3: callmebeautiful ($9.60 in chips) 
Seat 4: NoMoreAOF ($16.12 in chips) 
Seat 5: Winnie216 ($3.78 in chips) 
Seat 6: Mahu2021 ($9.95 in chips) 
roo198: posts small blind $0.05
callmebeautiful: posts big blind $0.10
*** HOLE CARDS ***
Dealt to Mahu2021 [2c 7c]
NoMoreAOF: folds 
Winnie216: raises $0.25 to $0.35
Mahu2021: folds 
kofyboe: folds 
roo198: calls $0.30
callmebeautiful: folds 
*** FLOP *** [Th Ks 8s]
roo198: checks 
Winnie216: checks 
*** TURN *** [Th Ks 8s] [3c]
roo198: checks 
Winnie216: checks 
*** RIVER *** [Th Ks 8s 3c] [2h]
roo198: checks 
Winnie216: checks 
*** SHOW DOWN ***
roo198: shows [Tc 9c] (a pair of Tens)
Winnie216: mucks hand 
roo198 collected $0.76 from pot
*** SUMMARY ***
Total pot $0.80 | Rake $0.04 
Board [Th Ks 8s 3c 2h]
Seat 1: kofyboe (button) folded before Flop (didn't bet)
Seat 2: roo198 (small blind) showed [Tc 9c] and won ($0.76) with a pair of Tens
Seat 3: callmebeautiful (big blind) folded before Flop
Seat 4: NoMoreAOF folded before Flop (didn't bet)
Seat 5: Winnie216 mucked [Ad 4d]
Seat 6: Mahu2021 folded before Flop (didn't bet)



PokerStars Zoom Hand #254797381037:  Hold'em No Limit ($0.05/$0.10) - 2025/02/10 11:03:54 CET [2025/02/10 5:03:54 ET]
Table 'Aludra' 6-max Seat #1 is the button
Seat 1: Mahu2021 ($9.95 in chips) 
Seat 2: getaddicted ($11.52 in chips) 
Seat 3: Chakman1990 ($8.97 in chips) 
Seat 4: Winnie216 ($3.43 in chips) 
Seat 5: lolb0t ($14.41 in chips) 
Seat 6: skc784 ($11.90 in chips) 
getaddicted: posts small blind $0.05
Chakman1990: posts big blind $0.10
*** HOLE CARDS ***
Dealt to Mahu2021 [8c Ad]
Winnie216: folds 
lolb0t: folds 
skc784: folds 
Mahu2021: raises $0.20 to $0.30
getaddicted: folds 
Chakman1990: folds 
Uncalled bet ($0.20) returned to Mahu2021
Mahu2021 collected $0.25 from pot
Mahu2021: doesn't show hand 
*** SUMMARY ***
Total pot $0.25 | Rake $0 
Seat 1: Mahu2021 (button) collected ($0.25)
Seat 2: getaddicted (small blind) folded before Flop
Seat 3: Chakman1990 (big blind) folded before Flop
Seat 4: Winnie216 folded before Flop (didn't bet)
Seat 5: lolb0t folded before Flop (didn't bet)
Seat 6: skc784 folded before Flop (didn't bet)



PokerStars Zoom Hand #254797379584:  Hold'em No Limit ($0.05/$0.10) - 2025/02/10 11:03:39 CET [2025/02/10 5:03:39 ET]
Table 'Aludra' 6-max Seat #1 is the button
Seat 1: cris_civil ($22.70 in chips) 
Seat 2: acebob999 ($10.89 in chips) 
Seat 3: boris31.03 ($13.23 in chips) 
Seat 4: Mahu2021 ($10.10 in chips) 
Seat 5: ggfella ($9.55 in chips) 
Seat 6: Clicker89 ($10.12 in chips) 
acebob999: posts small blind $0.05
boris31.03: posts big blind $0.10
*** HOLE CARDS ***
Dealt to Mahu2021 [Qc 8s]
Mahu2021: folds 
ggfella: raises $0.12 to $0.22
Clicker89: folds 
cris_civil: folds 
acebob999: folds 
boris31.03: calls $0.12
*** FLOP *** [4d Qs Jd]
boris31.03: checks 
ggfella: bets $0.20
boris31.03: folds 
Uncalled bet ($0.20) returned to ggfella
ggfella collected $0.47 from pot
ggfella: doesn't show hand 
*** SUMMARY ***
Total pot $0.49 | Rake $0.02 
Board [4d Qs Jd]
Seat 1: cris_civil (button) folded before Flop (didn't bet)
Seat 2: acebob999 (small blind) folded before Flop
Seat 3: boris31.03 (big blind) folded on the Flop
Seat 4: Mahu2021 folded before Flop (didn't bet)
Seat 5: ggfella collected ($0.47)
Seat 6: Clicker89 folded before Flop (didn't bet)



PokerStars Zoom Hand #254797379984:  Hold'em No Limit ($0.05/$0.10) - 2025/02/10 11:03:43 CET [2025/02/10 5:03:43 ET]
Table 'Aludra' 6-max Seat #1 is the button
Seat 1: VitorArj ($12.21 in chips) 
Seat 2: DJC1922 ($6.40 in chips) 
Seat 3: Mahu2021 ($10.10 in chips) 
Seat 4: TANEV78 ($35.03 in chips) 
Seat 5: masi1951 ($3.92 in chips) 
Seat 6: acebob999 ($10.84 in chips) 
DJC1922: posts small blind $0.05
Mahu2021: posts big blind $0.10
*** HOLE CARDS ***
Dealt to Mahu2021 [2c Jh]
TANEV78: raises $0.10 to $0.20
masi1951: folds 
acebob999: folds 
VitorArj: folds 
DJC1922 has timed out
DJC1922: folds 
Mahu2021: folds 
Uncalled bet ($0.10) returned to TANEV78
TANEV78 collected $0.25 from pot
TANEV78: doesn't show hand 
*** SUMMARY ***
Total pot $0.25 | Rake $0 
Seat 1: VitorArj (button) folded before Flop (didn't bet)
Seat 2: DJC1922 (small blind) folded before Flop
Seat 3: Mahu2021 (big blind) folded before Flop
Seat 4: TANEV78 collected ($0.25)
Seat 5: masi1951 folded before Flop (didn't bet)
Seat 6: acebob999 folded before Flop (didn't bet)



PokerStars Zoom Hand #254797380780:  Hold'em No Limit ($0.05/$0.10) - 2025/02/10 11:03:51 CET [2025/02/10 5:03:51 ET]
Table 'Aludra' 6-max Seat #1 is the button
Seat 1: Chakman1990 ($8.97 in chips) 
Seat 2: Mahu2021 ($10 in chips) 
Seat 3: cris_civil ($22.70 in chips) 
Seat 4: roo198 ($15.98 in chips) 
Seat 5: liebhabär ($18.55 in chips) 
Seat 6: kamikaze0604 ($6.92 in chips) 
Mahu2021: posts small blind $0.05
cris_civil: posts big blind $0.10
*** HOLE CARDS ***
Dealt to Mahu2021 [4h 9h]
roo198: folds 
liebhabär: folds 
kamikaze0604: raises $0.13 to $0.23
Chakman1990: folds 
Mahu2021: folds 
cris_civil: calls $0.13
*** FLOP *** [5c 8c 8s]
cris_civil: checks 
kamikaze0604: checks 
*** TURN *** [5c 8c 8s] [Kd]
cris_civil: bets $0.16
kamikaze0604: folds 
Uncalled bet ($0.16) returned to cris_civil
cris_civil collected $0.49 from pot
cris_civil: doesn't show hand 
*** SUMMARY ***
Total pot $0.51 | Rake $0.02 
Board [5c 8c 8s Kd]
Seat 1: Chakman1990 (button) folded before Flop (didn't bet)
Seat 2: Mahu2021 (small blind) folded before Flop
Seat 3: cris_civil (big blind) collected ($0.49)
Seat 4: roo198 folded before Flop (didn't bet)
Seat 5: liebhabär folded before Flop (didn't bet)
Seat 6: kamikaze0604 folded on the Turn



PokerStars Zoom Hand #254797382186:  Hold'em No Limit ($0.05/$0.10) - 2025/02/10 11:04:05 CET [2025/02/10 5:04:05 ET]
Table 'Aludra' 6-max Seat #1 is the button
Seat 1: DS_Zebra ($5.50 in chips) 
Seat 2: NoSweat666 ($7.40 in chips) 
Seat 3: Mahu2021 ($10.10 in chips) 
Seat 4: Prorhet518 ($43.09 in chips) 
Seat 5: NoMoreAOF ($12.39 in chips) 
Seat 6: callmebeautiful ($9.65 in chips) 
NoSweat666: posts small blind $0.05
Mahu2021: posts big blind $0.10
*** HOLE CARDS ***
Dealt to Mahu2021 [4s 4h]
Prorhet518: folds 
NoMoreAOF: raises $0.10 to $0.20
callmebeautiful: folds 
DS_Zebra: calls $0.20
NoSweat666: raises $0.70 to $0.90
Mahu2021: folds 
NoMoreAOF: folds 
DS_Zebra: folds 
Uncalled bet ($0.70) returned to NoSweat666
NoSweat666 collected $0.70 from pot
NoSweat666: doesn't show hand 
*** SUMMARY ***
Total pot $0.70 | Rake $0 
Seat 1: DS_Zebra (button) folded before Flop
Seat 2: NoSweat666 (small blind) collected ($0.70)
Seat 3: Mahu2021 (big blind) folded before Flop
Seat 4: Prorhet518 folded before Flop (didn't bet)
Seat 5: NoMoreAOF folded before Flop
Seat 6: callmebeautiful folded before Flop (didn't bet)



PokerStars Zoom Hand #254797384928:  Hold'em No Limit ($0.05/$0.10) - 2025/02/10 11:04:33 CET [2025/02/10 5:04:33 ET]
Table 'Aludra' 6-max Seat #1 is the button
Seat 1: Prorhet518 ($10 in chips) 
Seat 2: eriktnt ($11.28 in chips) 
Seat 3: KoreanHippo ($26.46 in chips) 
Seat 4: NoMoreAOF ($20.29 in chips) 
Seat 5: Clicker89 ($10 in chips) 
Seat 6: Mahu2021 ($10 in chips) 
eriktnt: posts small blind $0.05
KoreanHippo: posts big blind $0.10
*** HOLE CARDS ***
Dealt to Mahu2021 [7d 5s]
NoMoreAOF: folds 
Clicker89: raises $0.12 to $0.22
Mahu2021: folds 
Prorhet518: folds 
eriktnt: folds 
KoreanHippo: folds 
Uncalled bet ($0.12) returned to Clicker89
Clicker89 collected $0.25 from pot
Clicker89: doesn't show hand 
*** SUMMARY ***
Total pot $0.25 | Rake $0 
Seat 1: Prorhet518 (button) folded before Flop (didn't bet)
Seat 2: eriktnt (small blind) folded before Flop
Seat 3: KoreanHippo (big blind) folded before Flop
Seat 4: NoMoreAOF folded before Flop (didn't bet)
Seat 5: Clicker89 collected ($0.25)
Seat 6: Mahu2021 folded before Flop (didn't bet)



PokerStars Zoom Hand #254797385540:  Hold'em No Limit ($0.05/$0.10) - 2025/02/10 11:04:39 CET [2025/02/10 5:04:39 ET]
Table 'Aludra' 6-max Seat #1 is the button
Seat 1: 13Seven13 ($10 in chips) 
Seat 2: NoMoreAOF ($12.19 in chips) 
Seat 3: wobbysnobby404 ($7.12 in chips) 
Seat 4: Mahu2021 ($10 in chips) 
Seat 5: SkyBoy23 ($19.46 in chips) 
Seat 6: callmebeautiful ($11.62 in chips) 
NoMoreAOF: posts small blind $0.05
wobbysnobby404: posts big blind $0.10
*** HOLE CARDS ***
Dealt to Mahu2021 [Jc Ks]
Mahu2021: raises $0.20 to $0.30
SkyBoy23: folds 
callmebeautiful: folds 
13Seven13: calls $0.30
NoMoreAOF: folds 
wobbysnobby404: calls $0.20
*** FLOP *** [Qh Jh 2d]
wobbysnobby404: checks 
Mahu2021: checks 
13Seven13: bets $0.30
wobbysnobby404: folds 
Mahu2021: calls $0.30
*** TURN *** [Qh Jh 2d] [4h]
Mahu2021: checks 
13Seven13: checks 
*** RIVER *** [Qh Jh 2d 4h] [3h]
Mahu2021: bets $1.48
13Seven13: folds 
Uncalled bet ($1.48) returned to Mahu2021
Mahu2021 collected $1.48 from pot
Mahu2021: doesn't show hand 
*** SUMMARY ***
Total pot $1.55 | Rake $0.07 
Board [Qh Jh 2d 4h 3h]
Seat 1: 13Seven13 (button) folded on the River
Seat 2: NoMoreAOF (small blind) folded before Flop
Seat 3: wobbysnobby404 (big blind) folded on the Flop
Seat 4: Mahu2021 collected ($1.48)
Seat 5: SkyBoy23 folded before Flop (didn't bet)
Seat 6: callmebeautiful folded before Flop (didn't bet)



PokerStars Zoom Hand #254797388456:  Hold'em No Limit ($0.05/$0.10) - 2025/02/10 11:05:08 CET [2025/02/10 5:05:08 ET]
Table 'Aludra' 6-max Seat #1 is the button
Seat 1: DJC1922 ($6.25 in chips) 
Seat 2: Mahu2021 ($10.88 in chips) 
Seat 3: MasterK0830 ($10.12 in chips) 
Seat 4: lolb0t ($13.76 in chips) 
Seat 5: SkyBoy23 ($19.46 in chips) 
Seat 6: 13Seven13 ($10 in chips) 
Mahu2021: posts small blind $0.05
MasterK0830: posts big blind $0.10
*** HOLE CARDS ***
Dealt to Mahu2021 [Ad 2c]
lolb0t: folds 
SkyBoy23: folds 
13Seven13: folds 
DJC1922: folds 
Mahu2021: folds 
Uncalled bet ($0.05) returned to MasterK0830
MasterK0830 collected $0.10 from pot
MasterK0830: doesn't show hand 
*** SUMMARY ***
Total pot $0.10 | Rake $0 
Seat 1: DJC1922 (button) folded before Flop (didn't bet)
Seat 2: Mahu2021 (small blind) folded before Flop
Seat 3: MasterK0830 (big blind) collected ($0.10)
Seat 4: lolb0t folded before Flop (didn't bet)
Seat 5: SkyBoy23 folded before Flop (didn't bet)
Seat 6: 13Seven13 folded before Flop (didn't bet)



PokerStars Zoom Hand #254797391873:  Hold'em No Limit ($0.05/$0.10) - 2025/02/10 11:05:42 CET [2025/02/10 5:05:42 ET]
Table 'Aludra' 6-max Seat #1 is the button
Seat 1: MasterK0830 ($10.12 in chips) 
Seat 2: eriktnt ($12.99 in chips) 
Seat 3: Mahu2021 ($10.83 in chips) 
Seat 4: cris_civil ($21.32 in chips) 
Seat 5: NoMoreAOF ($22.51 in chips) 
Seat 6: Gimme63 ($7.91 in chips) 
eriktnt: posts small blind $0.05
Mahu2021: posts big blind $0.10
*** HOLE CARDS ***
Dealt to Mahu2021 [Jh 6s]
cris_civil: folds 
NoMoreAOF: folds 
Gimme63: folds 
MasterK0830: folds 
eriktnt: folds 
Uncalled bet ($0.05) returned to Mahu2021
Mahu2021 collected $0.10 from pot
Mahu2021: doesn't show hand 
*** SUMMARY ***
Total pot $0.10 | Rake $0 
Seat 1: MasterK0830 (button) folded before Flop (didn't bet)
Seat 2: eriktnt (small blind) folded before Flop
Seat 3: Mahu2021 (big blind) collected ($0.10)
Seat 4: cris_civil folded before Flop (didn't bet)
Seat 5: NoMoreAOF folded before Flop (didn't bet)
Seat 6: Gimme63 folded before Flop (didn't bet)



PokerStars Zoom Hand #254797390695:  Hold'em No Limit ($0.05/$0.10) - 2025/02/10 11:05:30 CET [2025/02/10 5:05:30 ET]
Table 'Aludra' 6-max Seat #1 is the button
Seat 1: Mahu2021 ($10.83 in chips) 
Seat 2: SkyBoy23 ($23.90 in chips) 
Seat 3: imnotamaniac ($13.85 in chips) 
Seat 4: Clicker89 ($9.90 in chips) 
Seat 5: lolb0t ($10 in chips) 
Seat 6: MasterK0830 ($10.16 in chips) 
SkyBoy23: posts small blind $0.05
imnotamaniac: posts big blind $0.10
*** HOLE CARDS ***
Dealt to Mahu2021 [3c Kd]
Clicker89: folds 
lolb0t: folds 
MasterK0830: raises $0.14 to $0.24
Mahu2021: folds 
SkyBoy23: folds 
imnotamaniac: raises $0.66 to $0.90
MasterK0830: folds 
Uncalled bet ($0.66) returned to imnotamaniac
imnotamaniac collected $0.53 from pot
imnotamaniac: doesn't show hand 
*** SUMMARY ***
Total pot $0.53 | Rake $0 
Seat 1: Mahu2021 (button) folded before Flop (didn't bet)
Seat 2: SkyBoy23 (small blind) folded before Flop
Seat 3: imnotamaniac (big blind) collected ($0.53)
Seat 4: Clicker89 folded before Flop (didn't bet)
Seat 5: lolb0t folded before Flop (didn't bet)
Seat 6: MasterK0830 folded before Flop



PokerStars Zoom Hand #254797390295:  Hold'em No Limit ($0.05/$0.10) - 2025/02/10 11:05:26 CET [2025/02/10 5:05:26 ET]
Table 'Aludra' 6-max Seat #1 is the button
Seat 1: cris_civil ($16.77 in chips) 
Seat 2: callmebeautiful ($11.52 in chips) 
Seat 3: boris31.03 ($14.30 in chips) 
Seat 4: wobbysnobby404 ($6.72 in chips) 
Seat 5: Mahu2021 ($10.83 in chips) 
Seat 6: lolb0t ($10 in chips) 
callmebeautiful: posts small blind $0.05
boris31.03: posts big blind $0.10
*** HOLE CARDS ***
Dealt to Mahu2021 [3c 4c]
wobbysnobby404: raises $0.20 to $0.30
Mahu2021: folds 
lolb0t: folds 
cris_civil: folds 
callmebeautiful: folds 
boris31.03: calls $0.20
*** FLOP *** [Tc 4s 7s]
boris31.03: bets $0.20
wobbysnobby404: calls $0.20
*** TURN *** [Tc 4s 7s] [6c]
boris31.03: bets $0.20
wobbysnobby404: calls $0.20
*** RIVER *** [Tc 4s 7s 6c] [5c]
boris31.03: bets $0.20
wobbysnobby404: calls $0.20
*** SHOW DOWN ***
boris31.03: shows [Ts Js] (a pair of Tens)
wobbysnobby404: mucks hand 
boris31.03 collected $1.75 from pot
*** SUMMARY ***
Total pot $1.85 | Rake $0.10 
Board [Tc 4s 7s 6c 5c]
Seat 1: cris_civil (button) folded before Flop (didn't bet)
Seat 2: callmebeautiful (small blind) folded before Flop
Seat 3: boris31.03 (big blind) showed [Ts Js] and won ($1.75) with a pair of Tens
Seat 4: wobbysnobby404 mucked [9s 6s]
Seat 5: Mahu2021 folded before Flop (didn't bet)
Seat 6: lolb0t folded before Flop (didn't bet)



PokerStars Zoom Hand #254797392709:  Hold'em No Limit ($0.05/$0.10) - 2025/02/10 11:05:50 CET [2025/02/10 5:05:50 ET]
Table 'Aludra' 6-max Seat #1 is the button
Seat 1: KoreanHippo ($26.16 in chips) 
Seat 2: cris_civil ($21.32 in chips) 
Seat 3: kofyboe ($7.98 in chips) 
Seat 4: NoMoreAOF ($22.51 in chips) 
Seat 5: callmebeautiful ($9.87 in chips) 
Seat 6: Mahu2021 ($10.88 in chips) 
cris_civil: posts small blind $0.05
kofyboe: posts big blind $0.10
*** HOLE CARDS ***
Dealt to Mahu2021 [6h 5s]
NoMoreAOF: folds 
callmebeautiful: raises $0.25 to $0.35
Mahu2021: folds 
KoreanHippo: folds 
cris_civil: folds 
kofyboe: folds 
Uncalled bet ($0.25) returned to callmebeautiful
callmebeautiful collected $0.25 from pot
callmebeautiful: doesn't show hand 
*** SUMMARY ***
Total pot $0.25 | Rake $0 
Seat 1: KoreanHippo (button) folded before Flop (didn't bet)
Seat 2: cris_civil (small blind) folded before Flop
Seat 3: kofyboe (big blind) folded before Flop
Seat 4: NoMoreAOF folded before Flop (didn't bet)
Seat 5: callmebeautiful collected ($0.25)
Seat 6: Mahu2021 folded before Flop (didn't bet)



PokerStars Zoom Hand #254797391477:  Hold'em No Limit ($0.05/$0.10) - 2025/02/10 11:05:38 CET [2025/02/10 5:05:38 ET]
Table 'Aludra' 6-max Seat #1 is the button
Seat 1: dundee is blue ($2.21 in chips) 
Seat 2: callmebeautiful ($8.49 in chips) 
Seat 3: VitorArj ($11.40 in chips) 
Seat 4: Mahu2021 ($10.83 in chips) 
Seat 5: liebhabär ($20.65 in chips) 
Seat 6: Jinzoo1 ($17.05 in chips) 
callmebeautiful: posts small blind $0.05
VitorArj: posts big blind $0.10
*** HOLE CARDS ***
Dealt to Mahu2021 [6c Jd]
Mahu2021: folds 
liebhabär: raises $0.12 to $0.22
Jinzoo1: folds 
dundee is blue: calls $0.22
callmebeautiful: raises $0.76 to $0.98
VitorArj: folds 
liebhabär: calls $0.76
dundee is blue: folds 
*** FLOP *** [4h Th 3d]
callmebeautiful: bets $1.09
liebhabär: calls $1.09
*** TURN *** [4h Th 3d] [Ac]
callmebeautiful: bets $0.10
liebhabär: raises $1.47 to $1.57
callmebeautiful: folds 
Uncalled bet ($1.47) returned to liebhabär
liebhabär collected $4.40 from pot
liebhabär: doesn't show hand 
*** SUMMARY ***
Total pot $4.66 | Rake $0.26 
Board [4h Th 3d Ac]
Seat 1: dundee is blue (button) folded before Flop
Seat 2: callmebeautiful (small blind) folded on the Turn
Seat 3: VitorArj (big blind) folded before Flop
Seat 4: Mahu2021 folded before Flop (didn't bet)
Seat 5: liebhabär collected ($4.40)
Seat 6: Jinzoo1 folded before Flop (didn't bet)



PokerStars Zoom Hand #254797398077:  Hold'em No Limit ($0.05/$0.10) - 2025/02/10 11:06:43 CET [2025/02/10 5:06:43 ET]
Table 'Aludra' 6-max Seat #1 is the button
Seat 1: Gimme63 ($7.66 in chips) 
Seat 2: boris31.03 ($15.81 in chips) 
Seat 3: acebob999 ($9.75 in chips) 
Seat 4: Ridcully-1 ($10.22 in chips) 
Seat 5: Mahu2021 ($10.28 in chips) 
Seat 6: camilo13186 ($5.01 in chips) 
boris31.03: posts small blind $0.05
acebob999: posts big blind $0.10
*** HOLE CARDS ***
Dealt to Mahu2021 [6c As]
Ridcully-1: folds 
Mahu2021: folds 
camilo13186: folds 
Gimme63: folds 
boris31.03: folds 
Uncalled bet ($0.05) returned to acebob999
acebob999 collected $0.10 from pot
acebob999: doesn't show hand 
*** SUMMARY ***
Total pot $0.10 | Rake $0 
Seat 1: Gimme63 (button) folded before Flop (didn't bet)
Seat 2: boris31.03 (small blind) folded before Flop
Seat 3: acebob999 (big blind) collected ($0.10)
Seat 4: Ridcully-1 folded before Flop (didn't bet)
Seat 5: Mahu2021 folded before Flop (didn't bet)
Seat 6: camilo13186 folded before Flop (didn't bet)



PokerStars Zoom Hand #254797393133:  Hold'em No Limit ($0.05/$0.10) - 2025/02/10 11:05:54 CET [2025/02/10 5:05:54 ET]
Table 'Aludra' 6-max Seat #1 is the button
Seat 1: limyang ($10 in chips) 
Seat 2: Mahu2021 ($10.88 in chips) 
Seat 3: shortstackpro ($4.48 in chips) 
Seat 4: KoreanHippo ($26.16 in chips) 
Seat 5: kamikaze0604 ($6.69 in chips) 
Seat 6: VitorArj ($11.08 in chips) 
Mahu2021: posts small blind $0.05
shortstackpro: posts big blind $0.10
*** HOLE CARDS ***
Dealt to Mahu2021 [8h As]
KoreanHippo: folds 
kamikaze0604: raises $0.13 to $0.23
VitorArj: folds 
limyang: folds 
Mahu2021: calls $0.18
shortstackpro: calls $0.13
*** FLOP *** [Ac Jc Td]
Mahu2021: checks 
shortstackpro: checks 
kamikaze0604: bets $0.37
Mahu2021: calls $0.37
shortstackpro: calls $0.37
*** TURN *** [Ac Jc Td] [Ts]
Mahu2021: checks 
shortstackpro: checks 
kamikaze0604: bets $2
Mahu2021: folds 
shortstackpro: folds 
Uncalled bet ($2) returned to kamikaze0604
kamikaze0604 collected $1.70 from pot
kamikaze0604: doesn't show hand 
*** SUMMARY ***
Total pot $1.80 | Rake $0.10 
Board [Ac Jc Td Ts]
Seat 1: limyang (button) folded before Flop (didn't bet)
Seat 2: Mahu2021 (small blind) folded on the Turn
Seat 3: shortstackpro (big blind) folded on the Turn
Seat 4: KoreanHippo folded before Flop (didn't bet)
Seat 5: kamikaze0604 collected ($1.70)
Seat 6: VitorArj folded before Flop (didn't bet)



PokerStars Zoom Hand #254797398520:  Hold'em No Limit ($0.05/$0.10) - 2025/02/10 11:06:47 CET [2025/02/10 5:06:47 ET]
Table 'Aludra' 6-max Seat #1 is the button
Seat 1: Mahu2021 ($10.28 in chips) 
Seat 2: Gimme63 ($7.66 in chips) 
Seat 3: Ridcully-1 ($10.22 in chips) 
Seat 4: Prorhet518 ($10.37 in chips) 
Seat 5: callmebeautiful ($10.34 in chips) 
Seat 6: limyang ($10 in chips) 
Gimme63: posts small blind $0.05
Ridcully-1: posts big blind $0.10
*** HOLE CARDS ***
Dealt to Mahu2021 [Qd 7h]
Prorhet518: folds 
callmebeautiful: folds 
limyang: folds 
Mahu2021: folds 
Gimme63: raises $0.20 to $0.30
Ridcully-1: folds 
Uncalled bet ($0.20) returned to Gimme63
Gimme63 collected $0.20 from pot
Gimme63: doesn't show hand 
*** SUMMARY ***
Total pot $0.20 | Rake $0 
Seat 1: Mahu2021 (button) folded before Flop (didn't bet)
Seat 2: Gimme63 (small blind) collected ($0.20)
Seat 3: Ridcully-1 (big blind) folded before Flop
Seat 4: Prorhet518 folded before Flop (didn't bet)
Seat 5: callmebeautiful folded before Flop (didn't bet)
Seat 6: limyang folded before Flop (didn't bet)



PokerStars Zoom Hand #254797398953:  Hold'em No Limit ($0.05/$0.10) - 2025/02/10 11:06:51 CET [2025/02/10 5:06:51 ET]
Table 'Aludra' 6-max Seat #1 is the button
Seat 1: tatkoto_bg ($8.91 in chips) 
Seat 2: NoMoreAOF ($27.94 in chips) 
Seat 3: vinaof ($5.28 in chips) 
Seat 4: Mahu2021 ($10.28 in chips) 
Seat 5: Prorhet518 ($10.37 in chips) 
Seat 6: callmebeautiful ($10.34 in chips) 
NoMoreAOF: posts small blind $0.05
vinaof: posts big blind $0.10
*** HOLE CARDS ***
Dealt to Mahu2021 [4h 6c]
Mahu2021: folds 
Prorhet518: folds 
callmebeautiful: folds 
tatkoto_bg: folds 
NoMoreAOF: folds 
Uncalled bet ($0.05) returned to vinaof
vinaof collected $0.10 from pot
vinaof: doesn't show hand 
*** SUMMARY ***
Total pot $0.10 | Rake $0 
Seat 1: tatkoto_bg (button) folded before Flop (didn't bet)
Seat 2: NoMoreAOF (small blind) folded before Flop
Seat 3: vinaof (big blind) collected ($0.10)
Seat 4: Mahu2021 folded before Flop (didn't bet)
Seat 5: Prorhet518 folded before Flop (didn't bet)
Seat 6: callmebeautiful folded before Flop (didn't bet)



PokerStars Zoom Hand #254797389905:  Hold'em No Limit ($0.05/$0.10) - 2025/02/10 11:05:22 CET [2025/02/10 5:05:22 ET]
Table 'Aludra' 6-max Seat #1 is the button
Seat 1: vinaof ($2.59 in chips) 
Seat 2: VitorArj ($11.96 in chips) 
Seat 3: Clicker89 ($10 in chips) 
Seat 4: TANEV78 ($14.71 in chips) 
Seat 5: boris31.03 ($14.30 in chips) 
Seat 6: Mahu2021 ($10.83 in chips) 
VitorArj: posts small blind $0.05
Clicker89: posts big blind $0.10
*** HOLE CARDS ***
Dealt to Mahu2021 [2d 9d]
TANEV78: folds 
boris31.03: folds 
Mahu2021: folds 
vinaof: folds 
VitorArj: raises $0.20 to $0.30
Clicker89: calls $0.20
*** FLOP *** [3d 5s 2s]
VitorArj: checks 
Clicker89: bets $0.19
VitorArj: raises $0.48 to $0.67
Clicker89: calls $0.48
*** TURN *** [3d 5s 2s] [6h]
VitorArj: checks 
Clicker89: bets $0.61
VitorArj: calls $0.61
*** RIVER *** [3d 5s 2s 6h] [3h]
VitorArj: checks 
Clicker89: bets $2.67
VitorArj: folds 
Uncalled bet ($2.67) returned to Clicker89
Clicker89 collected $3.02 from pot
Clicker89: doesn't show hand 
*** SUMMARY ***
Total pot $3.16 | Rake $0.14 
Board [3d 5s 2s 6h 3h]
Seat 1: vinaof (button) folded before Flop (didn't bet)
Seat 2: VitorArj (small blind) folded on the River
Seat 3: Clicker89 (big blind) collected ($3.02)
Seat 4: TANEV78 folded before Flop (didn't bet)
Seat 5: boris31.03 folded before Flop (didn't bet)
Seat 6: Mahu2021 folded before Flop (didn't bet)



PokerStars Zoom Hand #254797399252:  Hold'em No Limit ($0.05/$0.10) - 2025/02/10 11:06:54 CET [2025/02/10 5:06:54 ET]
Table 'Aludra' 6-max Seat #1 is the button
Seat 1: SkyBoy23 ($19.36 in chips) 
Seat 2: Clicker89 ($10 in chips) 
Seat 3: Mahu2021 ($10.28 in chips) 
Seat 4: limyang ($10 in chips) 
Seat 5: TANEV78 ($32.74 in chips) 
Seat 6: cris_civil ($21.27 in chips) 
Clicker89: posts small blind $0.05
Mahu2021: posts big blind $0.10
*** HOLE CARDS ***
Dealt to Mahu2021 [8s 7s]
limyang: folds 
TANEV78: folds 
cris_civil: raises $0.20 to $0.30
SkyBoy23: raises $0.70 to $1
Clicker89: folds 
Mahu2021: folds 
cris_civil: folds 
Uncalled bet ($0.70) returned to SkyBoy23
SkyBoy23 collected $0.75 from pot
SkyBoy23: doesn't show hand 
*** SUMMARY ***
Total pot $0.75 | Rake $0 
Seat 1: SkyBoy23 (button) collected ($0.75)
Seat 2: Clicker89 (small blind) folded before Flop
Seat 3: Mahu2021 (big blind) folded before Flop
Seat 4: limyang folded before Flop (didn't bet)
Seat 5: TANEV78 folded before Flop (didn't bet)
Seat 6: cris_civil folded before Flop



PokerStars Zoom Hand #254797401057:  Hold'em No Limit ($0.05/$0.10) - 2025/02/10 11:07:12 CET [2025/02/10 5:07:12 ET]
Table 'Aludra' 6-max Seat #1 is the button
Seat 1: eriktnt ($13.96 in chips) 
Seat 2: Mahu2021 ($10.18 in chips) 
Seat 3: NoMoreAOF ($27.89 in chips) 
Seat 4: dundee is blue ($1.95 in chips) 
Seat 5: TANEV78 ($20.09 in chips) 
Seat 6: VitorArj ($10.38 in chips) 
Mahu2021: posts small blind $0.05
NoMoreAOF: posts big blind $0.10
*** HOLE CARDS ***
Dealt to Mahu2021 [6s 7h]
dundee is blue: folds 
TANEV78: raises $0.20 to $0.30
VitorArj: folds 
eriktnt: folds 
Mahu2021: calls $0.25
NoMoreAOF: folds 
*** FLOP *** [6h 4h 4s]
Mahu2021: checks 
TANEV78: bets $0.36
Mahu2021: calls $0.36
*** TURN *** [6h 4h 4s] [Qs]
Mahu2021: checks 
TANEV78: bets $0.72
Mahu2021: calls $0.72
*** RIVER *** [6h 4h 4s Qs] [Ts]
Mahu2021: checks 
TANEV78: checks 
*** SHOW DOWN ***
Mahu2021: shows [6s 7h] (two pair, Sixes and Fours)
TANEV78: shows [Kh Kd] (two pair, Kings and Fours)
TANEV78 collected $2.73 from pot
*** SUMMARY ***
Total pot $2.86 | Rake $0.13 
Board [6h 4h 4s Qs Ts]
Seat 1: eriktnt (button) folded before Flop (didn't bet)
Seat 2: Mahu2021 (small blind) showed [6s 7h] and lost with two pair, Sixes and Fours
Seat 3: NoMoreAOF (big blind) folded before Flop
Seat 4: dundee is blue folded before Flop (didn't bet)
Seat 5: TANEV78 showed [Kh Kd] and won ($2.73) with two pair, Kings and Fours
Seat 6: VitorArj folded before Flop (didn't bet)



PokerStars Zoom Hand #254797403690:  Hold'em No Limit ($0.05/$0.10) - 2025/02/10 11:07:38 CET [2025/02/10 5:07:38 ET]
Table 'Aludra' 6-max Seat #1 is the button
Seat 1: TANEV78 ($21.44 in chips) 
Seat 2: Chamann_Jeff ($10.36 in chips) 
Seat 3: liebhabär ($10.73 in chips) 
Seat 4: callmebeautiful ($11.51 in chips) 
Seat 5: VitorArj ($10.58 in chips) 
Seat 6: Mahu2021 ($8.80 in chips) 
Chamann_Jeff: posts small blind $0.05
liebhabär: posts big blind $0.10
*** HOLE CARDS ***
Dealt to Mahu2021 [Js Th]
callmebeautiful: raises $0.25 to $0.35
VitorArj: folds 
Mahu2021: folds 
TANEV78: folds 
Chamann_Jeff: folds 
liebhabär: folds 
Uncalled bet ($0.25) returned to callmebeautiful
callmebeautiful collected $0.25 from pot
callmebeautiful: doesn't show hand 
*** SUMMARY ***
Total pot $0.25 | Rake $0 
Seat 1: TANEV78 (button) folded before Flop (didn't bet)
Seat 2: Chamann_Jeff (small blind) folded before Flop
Seat 3: liebhabär (big blind) folded before Flop
Seat 4: callmebeautiful collected ($0.25)
Seat 5: VitorArj folded before Flop (didn't bet)
Seat 6: Mahu2021 folded before Flop (didn't bet)



PokerStars Zoom Hand #254797406132:  Hold'em No Limit ($0.05/$0.10) - 2025/02/10 11:08:03 CET [2025/02/10 5:08:03 ET]
Table 'Aludra' 6-max Seat #1 is the button
Seat 1: roo198 ($10.42 in chips) 
Seat 2: SkyBoy23 ($18.91 in chips) 
Seat 3: 13Seven13 ($10.25 in chips) 
Seat 4: DJC1922 ($9.30 in chips) 
Seat 5: Mahu2021 ($8.80 in chips) 
Seat 6: ggfella ($9.33 in chips) 
SkyBoy23: posts small blind $0.05
13Seven13: posts big blind $0.10
*** HOLE CARDS ***
Dealt to Mahu2021 [Kc 4s]
DJC1922: folds 
Mahu2021: folds 
ggfella: folds 
roo198: folds 
SkyBoy23: folds 
Uncalled bet ($0.05) returned to 13Seven13
13Seven13 collected $0.10 from pot
13Seven13: doesn't show hand 
*** SUMMARY ***
Total pot $0.10 | Rake $0 
Seat 1: roo198 (button) folded before Flop (didn't bet)
Seat 2: SkyBoy23 (small blind) folded before Flop
Seat 3: 13Seven13 (big blind) collected ($0.10)
Seat 4: DJC1922 folded before Flop (didn't bet)
Seat 5: Mahu2021 folded before Flop (didn't bet)
Seat 6: ggfella folded before Flop (didn't bet)



PokerStars Zoom Hand #254797406471:  Hold'em No Limit ($0.05/$0.10) - 2025/02/10 11:08:06 CET [2025/02/10 5:08:06 ET]
Table 'Aludra' 6-max Seat #1 is the button
Seat 1: eriktnt ($13.60 in chips) 
Seat 2: camilo13186 ($4.70 in chips) 
Seat 3: Mahu2021 ($8.80 in chips) 
Seat 4: skc784 ($10.12 in chips) 
Seat 5: bogata111 ($12.71 in chips) 
Seat 6: TANEV78 ($32.69 in chips) 
camilo13186: posts small blind $0.05
Mahu2021: posts big blind $0.10
*** HOLE CARDS ***
Dealt to Mahu2021 [Qc 6h]
skc784: folds 
bogata111: folds 
TANEV78: raises $0.10 to $0.20
eriktnt: folds 
camilo13186: folds 
Mahu2021: calls $0.10
*** FLOP *** [3s 5s 6c]
Mahu2021: checks 
TANEV78: checks 
*** TURN *** [3s 5s 6c] [Th]
Mahu2021: checks 
TANEV78: bets $0.29
Mahu2021: calls $0.29
*** RIVER *** [3s 5s 6c Th] [4d]
Mahu2021: checks 
TANEV78: bets $0.98
Mahu2021: calls $0.98
*** SHOW DOWN ***
TANEV78: shows [6d 7d] (a straight, Three to Seven)
Mahu2021: mucks hand 
TANEV78 collected $2.86 from pot
*** SUMMARY ***
Total pot $2.99 | Rake $0.13 
Board [3s 5s 6c Th 4d]
Seat 1: eriktnt (button) folded before Flop (didn't bet)
Seat 2: camilo13186 (small blind) folded before Flop
Seat 3: Mahu2021 (big blind) mucked [Qc 6h]
Seat 4: skc784 folded before Flop (didn't bet)
Seat 5: bogata111 folded before Flop (didn't bet)
Seat 6: TANEV78 showed [6d 7d] and won ($2.86) with a straight, Three to Seven



PokerStars Zoom Hand #254797409608:  Hold'em No Limit ($0.05/$0.10) - 2025/02/10 11:08:37 CET [2025/02/10 5:08:37 ET]
Table 'Aludra' 6-max Seat #1 is the button
Seat 1: VitorArj ($10.78 in chips) 
Seat 2: eriktnt ($10.88 in chips) 
Seat 3: limyang ($10.97 in chips) 
Seat 4: camilo13186 ($4.65 in chips) 
Seat 5: Mahu2021 ($7.33 in chips) 
Seat 6: Gimme63 ($7.56 in chips) 
eriktnt: posts small blind $0.05
limyang: posts big blind $0.10
*** HOLE CARDS ***
Dealt to Mahu2021 [8h 2h]
camilo13186: folds 
Mahu2021: folds 
Gimme63: folds 
VitorArj: folds 
eriktnt: folds 
Uncalled bet ($0.05) returned to limyang
limyang collected $0.10 from pot
limyang: doesn't show hand 
*** SUMMARY ***
Total pot $0.10 | Rake $0 
Seat 1: VitorArj (button) folded before Flop (didn't bet)
Seat 2: eriktnt (small blind) folded before Flop
Seat 3: limyang (big blind) collected ($0.10)
Seat 4: camilo13186 folded before Flop (didn't bet)
Seat 5: Mahu2021 folded before Flop (didn't bet)
Seat 6: Gimme63 folded before Flop (didn't bet)



PokerStars Zoom Hand #254797404385:  Hold'em No Limit ($0.05/$0.10) - 2025/02/10 11:07:45 CET [2025/02/10 5:07:45 ET]
Table 'Aludra' 6-max Seat #1 is the button
Seat 1: Mahu2021 ($8.80 in chips) 
Seat 2: callmebeautiful ($10.53 in chips) 
Seat 3: Clicker89 ($9.95 in chips) 
Seat 4: MasterK0830 ($9.68 in chips) 
Seat 5: SkyBoy23 ($17.78 in chips) 
Seat 6: roo198 ($16.28 in chips) 
callmebeautiful: posts small blind $0.05
Clicker89: posts big blind $0.10
*** HOLE CARDS ***
Dealt to Mahu2021 [Ks 5s]
MasterK0830: raises $0.14 to $0.24
SkyBoy23: folds 
roo198: raises $0.63 to $0.87
Mahu2021: folds 
callmebeautiful: calls $0.82
Clicker89: raises $9.08 to $9.95 and is all-in
MasterK0830: calls $9.44 and is all-in
roo198: folds 
callmebeautiful: folds 
Uncalled bet ($0.27) returned to Clicker89
*** FLOP *** [6c 6h Ac]
*** TURN *** [6c 6h Ac] [5h]
*** RIVER *** [6c 6h Ac 5h] [2s]
*** SHOW DOWN ***
Clicker89: shows [Ad Kd] (two pair, Aces and Sixes)
MasterK0830: shows [Ah Kc] (two pair, Aces and Sixes)
Clicker89 collected $10.08 from pot
MasterK0830 collected $10.07 from pot
*** SUMMARY ***
Total pot $21.10 | Rake $0.95 
Board [6c 6h Ac 5h 2s]
Seat 1: Mahu2021 (button) folded before Flop (didn't bet)
Seat 2: callmebeautiful (small blind) folded before Flop
Seat 3: Clicker89 (big blind) showed [Ad Kd] and won ($10.08) with two pair, Aces and Sixes
Seat 4: MasterK0830 showed [Ah Kc] and won ($10.07) with two pair, Aces and Sixes
Seat 5: SkyBoy23 folded before Flop (didn't bet)
Seat 6: roo198 folded before Flop



PokerStars Zoom Hand #254797410848:  Hold'em No Limit ($0.05/$0.10) - 2025/02/10 11:08:49 CET [2025/02/10 5:08:49 ET]
Table 'Aludra' 6-max Seat #1 is the button
Seat 1: Mahu2021 ($7.28 in chips) 
Seat 2: limyang ($11.02 in chips) 
Seat 3: TANEV78 ($34.08 in chips) 
Seat 4: ggfella ($9.75 in chips) 
Seat 5: DJC1922 ($9.30 in chips) 
Seat 6: cris_civil ($24.58 in chips) 
limyang: posts small blind $0.05
TANEV78: posts big blind $0.10
*** HOLE CARDS ***
Dealt to Mahu2021 [Ad Jh]
ggfella: folds 
DJC1922: raises $0.25 to $0.35
cris_civil: folds 
Mahu2021: calls $0.35
limyang: folds 
TANEV78: folds 
*** FLOP *** [8h 6c 9s]
DJC1922: checks 
Mahu2021: checks 
*** TURN *** [8h 6c 9s] [4s]
DJC1922: bets $0.41
Mahu2021: calls $0.41
*** RIVER *** [8h 6c 9s 4s] [2s]
DJC1922: bets $1
Mahu2021: folds 
Uncalled bet ($1) returned to DJC1922
DJC1922 collected $1.59 from pot
DJC1922: doesn't show hand 
*** SUMMARY ***
Total pot $1.67 | Rake $0.08 
Board [8h 6c 9s 4s 2s]
Seat 1: Mahu2021 (button) folded on the River
Seat 2: limyang (small blind) folded before Flop
Seat 3: TANEV78 (big blind) folded before Flop
Seat 4: ggfella folded before Flop (didn't bet)
Seat 5: DJC1922 collected ($1.59)
Seat 6: cris_civil folded before Flop (didn't bet)



PokerStars Zoom Hand #254797410014:  Hold'em No Limit ($0.05/$0.10) - 2025/02/10 11:08:41 CET [2025/02/10 5:08:41 ET]
Table 'Aludra' 6-max Seat #1 is the button
Seat 1: SkyBoy23 ($23.90 in chips) 
Seat 2: Mahu2021 ($7.33 in chips) 
Seat 3: Clicker89 ($11.17 in chips) 
Seat 4: Prorhet518 ($10 in chips) 
Seat 5: TANEV78 ($34.08 in chips) 
Seat 6: shortstackpro ($4.11 in chips) 
Mahu2021: posts small blind $0.05
Clicker89: posts big blind $0.10
*** HOLE CARDS ***
Dealt to Mahu2021 [6s Qh]
Prorhet518: folds 
TANEV78: folds 
shortstackpro: raises $0.10 to $0.20
SkyBoy23: raises $0.45 to $0.65
Mahu2021: folds 
Clicker89: folds 
shortstackpro: calls $0.45
*** FLOP *** [Ah Jh 9s]
shortstackpro: bets $3.46 and is all-in
SkyBoy23: calls $3.46
*** TURN *** [Ah Jh 9s] [9d]
*** RIVER *** [Ah Jh 9s 9d] [4s]
*** SHOW DOWN ***
shortstackpro: shows [7c 6c] (a pair of Nines)
SkyBoy23: shows [As 7s] (two pair, Aces and Nines)
SkyBoy23 collected $7.99 from pot
*** SUMMARY ***
Total pot $8.37 | Rake $0.38 
Board [Ah Jh 9s 9d 4s]
Seat 1: SkyBoy23 (button) showed [As 7s] and won ($7.99) with two pair, Aces and Nines
Seat 2: Mahu2021 (small blind) folded before Flop
Seat 3: Clicker89 (big blind) folded before Flop
Seat 4: Prorhet518 folded before Flop (didn't bet)
Seat 5: TANEV78 folded before Flop (didn't bet)
Seat 6: shortstackpro showed [7c 6c] and lost with a pair of Nines



PokerStars Zoom Hand #254797414142:  Hold'em No Limit ($0.05/$0.10) - 2025/02/10 11:09:21 CET [2025/02/10 5:09:21 ET]
Table 'Aludra' 6-max Seat #1 is the button
Seat 1: runomi7 ($5.38 in chips) 
Seat 2: Ridcully-1 ($9.71 in chips) 
Seat 3: SkyBoy23 ($17.68 in chips) 
Seat 4: roo198 ($15.51 in chips) 
Seat 5: MasterK0830 ($10.55 in chips) 
Seat 6: Mahu2021 ($6.52 in chips) 
Ridcully-1: posts small blind $0.05
SkyBoy23: posts big blind $0.10
*** HOLE CARDS ***
Dealt to Mahu2021 [5s 4c]
roo198: folds 
MasterK0830: folds 
Mahu2021: folds 
runomi7: folds 
Ridcully-1: folds 
Uncalled bet ($0.05) returned to SkyBoy23
SkyBoy23 collected $0.10 from pot
SkyBoy23: doesn't show hand 
*** SUMMARY ***
Total pot $0.10 | Rake $0 
Seat 1: runomi7 (button) folded before Flop (didn't bet)
Seat 2: Ridcully-1 (small blind) folded before Flop
Seat 3: SkyBoy23 (big blind) collected ($0.10)
Seat 4: roo198 folded before Flop (didn't bet)
Seat 5: MasterK0830 folded before Flop (didn't bet)
Seat 6: Mahu2021 folded before Flop (didn't bet)



PokerStars Zoom Hand #254797414657:  Hold'em No Limit ($0.05/$0.10) - 2025/02/10 11:09:26 CET [2025/02/10 5:09:26 ET]
Table 'Aludra' 6-max Seat #1 is the button
Seat 1: KoreanHippo ($24.27 in chips) 
Seat 2: Mahu2021 ($6.52 in chips) 
Seat 3: DJC1922 ($10.13 in chips) 
Seat 4: MasterK0830 ($10.55 in chips) 
Seat 5: Clicker89 ($10.30 in chips) 
Seat 6: VitorArj ($10 in chips) 
Mahu2021: posts small blind $0.05
DJC1922: posts big blind $0.10
*** HOLE CARDS ***
Dealt to Mahu2021 [Tc Td]
MasterK0830: folds 
Clicker89: folds 
VitorArj: folds 
KoreanHippo: folds 
Mahu2021: raises $0.20 to $0.30
DJC1922: folds 
Uncalled bet ($0.20) returned to Mahu2021
Mahu2021 collected $0.20 from pot
Mahu2021: doesn't show hand 
*** SUMMARY ***
Total pot $0.20 | Rake $0 
Seat 1: KoreanHippo (button) folded before Flop (didn't bet)
Seat 2: Mahu2021 (small blind) collected ($0.20)
Seat 3: DJC1922 (big blind) folded before Flop
Seat 4: MasterK0830 folded before Flop (didn't bet)
Seat 5: Clicker89 folded before Flop (didn't bet)
Seat 6: VitorArj folded before Flop (didn't bet)



PokerStars Zoom Hand #254797416166:  Hold'em No Limit ($0.05/$0.10) - 2025/02/10 11:09:41 CET [2025/02/10 5:09:41 ET]
Table 'Aludra' 6-max Seat #1 is the button
Seat 1: callmebeautiful ($10.34 in chips) 
Seat 2: MasterK0830 ($10.45 in chips) 
Seat 3: Mahu2021 ($6.62 in chips) 
Seat 4: masi1951 ($5.93 in chips) 
Seat 5: vinaof ($6.38 in chips) 
Seat 6: TANEV78 ($27.75 in chips) 
MasterK0830: posts small blind $0.05
Mahu2021: posts big blind $0.10
*** HOLE CARDS ***
Dealt to Mahu2021 [Qd Ks]
masi1951: folds 
vinaof: calls $0.10
TANEV78: folds 
callmebeautiful: folds 
MasterK0830: folds 
Mahu2021: checks 
*** FLOP *** [3d Jh Ah]
Mahu2021: checks 
vinaof: bets $0.10
Mahu2021: calls $0.10
*** TURN *** [3d Jh Ah] [5s]
Mahu2021: checks 
vinaof: checks 
*** RIVER *** [3d Jh Ah 5s] [2d]
Mahu2021: bets $0.43
vinaof: folds 
Uncalled bet ($0.43) returned to Mahu2021
Mahu2021 collected $0.43 from pot
Mahu2021: doesn't show hand 
*** SUMMARY ***
Total pot $0.45 | Rake $0.02 
Board [3d Jh Ah 5s 2d]
Seat 1: callmebeautiful (button) folded before Flop (didn't bet)
Seat 2: MasterK0830 (small blind) folded before Flop
Seat 3: Mahu2021 (big blind) collected ($0.43)
Seat 4: masi1951 folded before Flop (didn't bet)
Seat 5: vinaof folded on the River
Seat 6: TANEV78 folded before Flop (didn't bet)



PokerStars Zoom Hand #254797418115:  Hold'em No Limit ($0.05/$0.10) - 2025/02/10 11:10:00 CET [2025/02/10 5:10:00 ET]
Table 'Aludra' 6-max Seat #1 is the button
Seat 1: DJC1922 ($10.13 in chips) 
Seat 2: VitorArj ($10.32 in chips) 
Seat 3: SkyBoy23 ($17.73 in chips) 
Seat 4: MasterK0830 ($10.40 in chips) 
Seat 5: dundee is blue ($1.77 in chips) 
Seat 6: Mahu2021 ($6.85 in chips) 
VitorArj: posts small blind $0.05
SkyBoy23: posts big blind $0.10
*** HOLE CARDS ***
Dealt to Mahu2021 [9c 9d]
MasterK0830: folds 
dundee is blue: folds 
Mahu2021: raises $0.14 to $0.24
DJC1922 has timed out
DJC1922: folds 
VitorArj: folds 
SkyBoy23: folds 
Uncalled bet ($0.14) returned to Mahu2021
Mahu2021 collected $0.25 from pot
Mahu2021: doesn't show hand 
*** SUMMARY ***
Total pot $0.25 | Rake $0 
Seat 1: DJC1922 (button) folded before Flop (didn't bet)
Seat 2: VitorArj (small blind) folded before Flop
Seat 3: SkyBoy23 (big blind) folded before Flop
Seat 4: MasterK0830 folded before Flop (didn't bet)
Seat 5: dundee is blue folded before Flop (didn't bet)
Seat 6: Mahu2021 collected ($0.25)



PokerStars Zoom Hand #254797422162:  Hold'em No Limit ($0.05/$0.10) - 2025/02/10 11:10:41 CET [2025/02/10 5:10:41 ET]
Table 'Aludra' 6-max Seat #1 is the button
Seat 1: Mahu2021 ($7 in chips) 
Seat 2: SkyBoy23 ($27.63 in chips) 
Seat 3: Ridcully-1 ($10.43 in chips) 
Seat 4: liebhabär ($10.43 in chips) 
Seat 5: Gutte ($9.53 in chips) 
Seat 6: 13Seven13 ($10 in chips) 
SkyBoy23: posts small blind $0.05
Ridcully-1: posts big blind $0.10
*** HOLE CARDS ***
Dealt to Mahu2021 [Jc 8c]
liebhabär: folds 
Gutte: folds 
13Seven13: folds 
Mahu2021: raises $0.20 to $0.30
SkyBoy23: folds 
Ridcully-1: folds 
Uncalled bet ($0.20) returned to Mahu2021
Mahu2021 collected $0.25 from pot
Mahu2021: doesn't show hand 
*** SUMMARY ***
Total pot $0.25 | Rake $0 
Seat 1: Mahu2021 (button) collected ($0.25)
Seat 2: SkyBoy23 (small blind) folded before Flop
Seat 3: Ridcully-1 (big blind) folded before Flop
Seat 4: liebhabär folded before Flop (didn't bet)
Seat 5: Gutte folded before Flop (didn't bet)
Seat 6: 13Seven13 folded before Flop (didn't bet)



PokerStars Zoom Hand #254797421228:  Hold'em No Limit ($0.05/$0.10) - 2025/02/10 11:10:31 CET [2025/02/10 5:10:31 ET]
Table 'Aludra' 6-max Seat #1 is the button
Seat 1: MasterK0830 ($10.25 in chips) 
Seat 2: Chakman1990 ($9.90 in chips) 
Seat 3: kofyboe ($6.42 in chips) 
Seat 4: limyang ($10.55 in chips) 
Seat 5: Mahu2021 ($7 in chips) 
Seat 6: acebob999 ($10.90 in chips) 
Chakman1990: posts small blind $0.05
kofyboe: posts big blind $0.10
*** HOLE CARDS ***
Dealt to Mahu2021 [2h 8s]
limyang: raises $0.15 to $0.25
Mahu2021: folds 
acebob999: raises $0.65 to $0.90
MasterK0830: folds 
Chakman1990: raises $1.35 to $2.25
kofyboe: folds 
limyang: folds 
acebob999: folds 
Uncalled bet ($1.35) returned to Chakman1990
Chakman1990 collected $2.15 from pot
Chakman1990: doesn't show hand 
*** SUMMARY ***
Total pot $2.15 | Rake $0 
Seat 1: MasterK0830 (button) folded before Flop (didn't bet)
Seat 2: Chakman1990 (small blind) collected ($2.15)
Seat 3: kofyboe (big blind) folded before Flop
Seat 4: limyang folded before Flop
Seat 5: Mahu2021 folded before Flop (didn't bet)
Seat 6: acebob999 folded before Flop



PokerStars Zoom Hand #254797421716:  Hold'em No Limit ($0.05/$0.10) - 2025/02/10 11:10:36 CET [2025/02/10 5:10:36 ET]
Table 'Aludra' 6-max Seat #1 is the button
Seat 1: imnotamaniac ($12.87 in chips) 
Seat 2: vinaof ($6.32 in chips) 
Seat 3: ooaza ($10 in chips) 
Seat 4: Mahu2021 ($7 in chips) 
Seat 5: limyang ($10.57 in chips) 
Seat 6: liebhabär ($22.57 in chips) 
vinaof: posts small blind $0.05
ooaza: posts big blind $0.10
*** HOLE CARDS ***
Dealt to Mahu2021 [8d Td]
Mahu2021: folds 
limyang: folds 
liebhabär: folds 
imnotamaniac: folds 
vinaof: raises $0.10 to $0.20
ooaza: calls $0.10
*** FLOP *** [5c 8s Th]
vinaof: bets $0.30
ooaza: folds 
Uncalled bet ($0.30) returned to vinaof
vinaof collected $0.38 from pot
vinaof: doesn't show hand 
*** SUMMARY ***
Total pot $0.40 | Rake $0.02 
Board [5c 8s Th]
Seat 1: imnotamaniac (button) folded before Flop (didn't bet)
Seat 2: vinaof (small blind) collected ($0.38)
Seat 3: ooaza (big blind) folded on the Flop
Seat 4: Mahu2021 folded before Flop (didn't bet)
Seat 5: limyang folded before Flop (didn't bet)
Seat 6: liebhabär folded before Flop (didn't bet)



PokerStars Zoom Hand #254797420804:  Hold'em No Limit ($0.05/$0.10) - 2025/02/10 11:10:27 CET [2025/02/10 5:10:27 ET]
Table 'Aludra' 6-max Seat #1 is the button
Seat 1: boris31.03 ($15.74 in chips) 
Seat 2: MasterK0830 ($10.30 in chips) 
Seat 3: cris_civil ($18.14 in chips) 
Seat 4: Mahu2021 ($7 in chips) 
Seat 5: kamikaze0604 ($8.61 in chips) 
Seat 6: SkyBoy23 ($17.58 in chips) 
MasterK0830: posts small blind $0.05
cris_civil: posts big blind $0.10
*** HOLE CARDS ***
Dealt to Mahu2021 [7d 4s]
Mahu2021: folds 
kamikaze0604: raises $0.35 to $0.45
SkyBoy23: folds 
boris31.03: calls $0.45
MasterK0830: folds 
cris_civil: raises $1.65 to $2.10
kamikaze0604: folds 
boris31.03: calls $1.65
*** FLOP *** [Ac Ad 3s]
cris_civil: checks 
boris31.03: bets $13.64 and is all-in
cris_civil: calls $13.64
*** TURN *** [Ac Ad 3s] [4h]
*** RIVER *** [Ac Ad 3s 4h] [3h]
*** SHOW DOWN ***
cris_civil: shows [Kc Ah] (a full house, Aces full of Threes)
boris31.03: shows [As Ks] (a full house, Aces full of Threes)
cris_civil collected $15.27 from pot
boris31.03 collected $15.09 from pot
*** SUMMARY ***
Total pot $31.98 | Rake $1.62 
Board [Ac Ad 3s 4h 3h]
Seat 1: boris31.03 (button) showed [As Ks] and won ($15.09) with a full house, Aces full of Threes
Seat 2: MasterK0830 (small blind) folded before Flop
Seat 3: cris_civil (big blind) showed [Kc Ah] and won ($15.27) with a full house, Aces full of Threes
Seat 4: Mahu2021 folded before Flop (didn't bet)
Seat 5: kamikaze0604 folded before Flop
Seat 6: SkyBoy23 folded before Flop (didn't bet)



PokerStars Zoom Hand #254797423326:  Hold'em No Limit ($0.05/$0.10) - 2025/02/10 11:10:53 CET [2025/02/10 5:10:53 ET]
Table 'Aludra' 6-max Seat #1 is the button
Seat 1: SkyBoy23 ($18.74 in chips) 
Seat 2: limyang ($10.05 in chips) 
Seat 3: Mahu2021 ($7.15 in chips) 
Seat 4: callmebeautiful ($4.10 in chips) 
Seat 5: wobbysnobby404 ($3.43 in chips) 
Seat 6: VitorArj ($10.60 in chips) 
limyang: posts small blind $0.05
Mahu2021: posts big blind $0.10
*** HOLE CARDS ***
Dealt to Mahu2021 [Ah 6c]
callmebeautiful: folds 
wobbysnobby404: folds 
VitorArj: folds 
SkyBoy23: folds 
limyang: raises $0.20 to $0.30
Mahu2021: calls $0.20
*** FLOP *** [Jc 4s Qd]
limyang: checks 
Mahu2021: checks 
*** TURN *** [Jc 4s Qd] [8d]
limyang: checks 
Mahu2021: checks 
*** RIVER *** [Jc 4s Qd 8d] [4c]
limyang: checks 
Mahu2021: checks 
*** SHOW DOWN ***
limyang: shows [6h 3h] (a pair of Fours)
Mahu2021: shows [Ah 6c] (a pair of Fours - Ace kicker)
Mahu2021 collected $0.57 from pot
*** SUMMARY ***
Total pot $0.60 | Rake $0.03 
Board [Jc 4s Qd 8d 4c]
Seat 1: SkyBoy23 (button) folded before Flop (didn't bet)
Seat 2: limyang (small blind) showed [6h 3h] and lost with a pair of Fours
Seat 3: Mahu2021 (big blind) showed [Ah 6c] and won ($0.57) with a pair of Fours
Seat 4: callmebeautiful folded before Flop (didn't bet)
Seat 5: wobbysnobby404 folded before Flop (didn't bet)
Seat 6: VitorArj folded before Flop (didn't bet)



PokerStars Zoom Hand #254797425882:  Hold'em No Limit ($0.05/$0.10) - 2025/02/10 11:11:18 CET [2025/02/10 5:11:18 ET]
Table 'Aludra' 6-max Seat #1 is the button
Seat 1: Soli56 ($9.85 in chips) 
Seat 2: Mahu2021 ($7.42 in chips) 
Seat 3: ooaza ($9.75 in chips) 
Seat 4: NoSweat666 ($9.03 in chips) 
Seat 5: masi1951 ($5.83 in chips) 
Seat 6: VitorArj ($10.27 in chips) 
Mahu2021: posts small blind $0.05
ooaza: posts big blind $0.10
*** HOLE CARDS ***
Dealt to Mahu2021 [3c 4h]
NoSweat666: folds 
masi1951: folds 
VitorArj: raises $0.15 to $0.25
Soli56: folds 
Mahu2021: folds 
ooaza: folds 
Uncalled bet ($0.15) returned to VitorArj
VitorArj collected $0.25 from pot
VitorArj: doesn't show hand 
*** SUMMARY ***
Total pot $0.25 | Rake $0 
Seat 1: Soli56 (button) folded before Flop (didn't bet)
Seat 2: Mahu2021 (small blind) folded before Flop
Seat 3: ooaza (big blind) folded before Flop
Seat 4: NoSweat666 folded before Flop (didn't bet)
Seat 5: masi1951 folded before Flop (didn't bet)
Seat 6: VitorArj collected ($0.25)



PokerStars Zoom Hand #254797426309:  Hold'em No Limit ($0.05/$0.10) - 2025/02/10 11:11:22 CET [2025/02/10 5:11:22 ET]
Table 'Aludra' 6-max Seat #1 is the button
Seat 1: limyang ($10 in chips) 
Seat 2: Jinzoo1 ($20.95 in chips) 
Seat 3: Soli56 ($9.85 in chips) 
Seat 4: skc784 ($10.30 in chips) 
Seat 5: roo198 ($15.58 in chips) 
Seat 6: Mahu2021 ($7.37 in chips) 
Jinzoo1: posts small blind $0.05
Soli56: posts big blind $0.10
*** HOLE CARDS ***
Dealt to Mahu2021 [Qs 9s]
skc784: folds 
roo198: folds 
Mahu2021: raises $0.10 to $0.20
limyang: folds 
Jinzoo1: folds 
Soli56: calls $0.10
*** FLOP *** [Th 2c 6h]
Soli56: checks 
Mahu2021: checks 
*** TURN *** [Th 2c 6h] [4c]
Soli56: bets $0.24
Mahu2021: folds 
Uncalled bet ($0.24) returned to Soli56
Soli56 collected $0.43 from pot
Soli56: doesn't show hand 
*** SUMMARY ***
Total pot $0.45 | Rake $0.02 
Board [Th 2c 6h 4c]
Seat 1: limyang (button) folded before Flop (didn't bet)
Seat 2: Jinzoo1 (small blind) folded before Flop
Seat 3: Soli56 (big blind) collected ($0.43)
Seat 4: skc784 folded before Flop (didn't bet)
Seat 5: roo198 folded before Flop (didn't bet)
Seat 6: Mahu2021 folded on the Turn



PokerStars Zoom Hand #254797428925:  Hold'em No Limit ($0.05/$0.10) - 2025/02/10 11:11:47 CET [2025/02/10 5:11:47 ET]
Table 'Aludra' 6-max Seat #1 is the button
Seat 1: VitorArj ($10 in chips) 
Seat 2: bogata111 ($12.68 in chips) 
Seat 3: liebhabär ($17.62 in chips) 
Seat 4: TANEV78 ($20.91 in chips) 
Seat 5: Mahu2021 ($7.17 in chips) 
Seat 6: SkyBoy23 ($12.91 in chips) 
bogata111: posts small blind $0.05
liebhabär: posts big blind $0.10
*** HOLE CARDS ***
Dealt to Mahu2021 [8h 9d]
TANEV78: raises $0.15 to $0.25
Mahu2021: folds 
SkyBoy23: folds 
VitorArj: folds 
bogata111: folds 
liebhabär: folds 
Uncalled bet ($0.15) returned to TANEV78
TANEV78 collected $0.25 from pot
TANEV78: doesn't show hand 
*** SUMMARY ***
Total pot $0.25 | Rake $0 
Seat 1: VitorArj (button) folded before Flop (didn't bet)
Seat 2: bogata111 (small blind) folded before Flop
Seat 3: liebhabär (big blind) folded before Flop
Seat 4: TANEV78 collected ($0.25)
Seat 5: Mahu2021 folded before Flop (didn't bet)
Seat 6: SkyBoy23 folded before Flop (didn't bet)



PokerStars Zoom Hand #254797430282:  Hold'em No Limit ($0.05/$0.10) - 2025/02/10 11:12:00 CET [2025/02/10 5:12:00 ET]
Table 'Aludra' 6-max Seat #1 is the button
Seat 1: cris_civil ($19.88 in chips) 
Seat 2: TANEV78 ($27.30 in chips) 
Seat 3: Geison69 ($10 in chips) 
Seat 4: Mahu2021 ($7.17 in chips) 
Seat 5: Chakman1990 ($10.87 in chips) 
Seat 6: dundee is blue ($1.57 in chips) 
TANEV78: posts small blind $0.05
Geison69: posts big blind $0.10
*** HOLE CARDS ***
Dealt to Mahu2021 [3c 3s]
Mahu2021: folds 
Chakman1990: folds 
dundee is blue: folds 
cris_civil: folds 
TANEV78: folds 
Uncalled bet ($0.05) returned to Geison69
Geison69 collected $0.10 from pot
Geison69: doesn't show hand 
*** SUMMARY ***
Total pot $0.10 | Rake $0 
Seat 1: cris_civil (button) folded before Flop (didn't bet)
Seat 2: TANEV78 (small blind) folded before Flop
Seat 3: Geison69 (big blind) collected ($0.10)
Seat 4: Mahu2021 folded before Flop (didn't bet)
Seat 5: Chakman1990 folded before Flop (didn't bet)
Seat 6: dundee is blue folded before Flop (didn't bet)



PokerStars Zoom Hand #254797429449:  Hold'em No Limit ($0.05/$0.10) - 2025/02/10 11:11:52 CET [2025/02/10 5:11:52 ET]
Table 'Aludra' 6-max Seat #1 is the button
Seat 1: caiogs21 ($10.26 in chips) 
Seat 2: vinaof ($6.55 in chips) 
Seat 3: Choi Moneky ($10 in chips) 
Seat 4: Mahu2021 ($7.17 in chips) 
Seat 5: skc784 ($10.15 in chips) 
Seat 6: SkyBoy23 ($17.33 in chips) 
vinaof: posts small blind $0.05
Choi Moneky: posts big blind $0.10
*** HOLE CARDS ***
Dealt to Mahu2021 [7h Ks]
Mahu2021: folds 
skc784: raises $0.15 to $0.25
SkyBoy23: folds 
caiogs21: folds 
vinaof: folds 
Choi Moneky: calls $0.15
*** FLOP *** [3h Tc 3d]
Choi Moneky: checks 
skc784: bets $0.40
Choi Moneky: folds 
Uncalled bet ($0.40) returned to skc784
skc784 collected $0.53 from pot
skc784: doesn't show hand 
*** SUMMARY ***
Total pot $0.55 | Rake $0.02 
Board [3h Tc 3d]
Seat 1: caiogs21 (button) folded before Flop (didn't bet)
Seat 2: vinaof (small blind) folded before Flop
Seat 3: Choi Moneky (big blind) folded on the Flop
Seat 4: Mahu2021 folded before Flop (didn't bet)
Seat 5: skc784 collected ($0.53)
Seat 6: SkyBoy23 folded before Flop (didn't bet)



PokerStars Zoom Hand #254797430714:  Hold'em No Limit ($0.05/$0.10) - 2025/02/10 11:12:04 CET [2025/02/10 5:12:04 ET]
Table 'Aludra' 6-max Seat #1 is the button
Seat 1: liebhabär ($10.46 in chips) 
Seat 2: dundee is blue ($1.57 in chips) 
Seat 3: Mahu2021 ($7.17 in chips) 
Seat 4: julimar1954 ($6.53 in chips) 
Seat 5: VitorArj ($10 in chips) 
Seat 6: ooaza ($9.75 in chips) 
dundee is blue: posts small blind $0.05
Mahu2021: posts big blind $0.10
*** HOLE CARDS ***
Dealt to Mahu2021 [Jd Kc]
julimar1954: raises $0.10 to $0.20
VitorArj: folds 
ooaza: folds 
liebhabär: folds 
dundee is blue: folds 
Mahu2021: calls $0.10
*** FLOP *** [Js 8c 2d]
Mahu2021: bets $0.43
julimar1954: calls $0.43
*** TURN *** [Js 8c 2d] [2h]
Mahu2021: checks 
julimar1954: bets $0.63
Mahu2021: calls $0.63
*** RIVER *** [Js 8c 2d 2h] [9c]
Mahu2021: checks 
julimar1954: bets $1.23
Mahu2021: calls $1.23
*** SHOW DOWN ***
julimar1954: shows [6s 7s] (a pair of Deuces)
Mahu2021: shows [Jd Kc] (two pair, Jacks and Deuces)
Mahu2021 collected $4.80 from pot
*** SUMMARY ***
Total pot $5.03 | Rake $0.23 
Board [Js 8c 2d 2h 9c]
Seat 1: liebhabär (button) folded before Flop (didn't bet)
Seat 2: dundee is blue (small blind) folded before Flop
Seat 3: Mahu2021 (big blind) showed [Jd Kc] and won ($4.80) with two pair, Jacks and Deuces
Seat 4: julimar1954 showed [6s 7s] and lost with a pair of Deuces
Seat 5: VitorArj folded before Flop (didn't bet)
Seat 6: ooaza folded before Flop (didn't bet)



PokerStars Zoom Hand #254797429836:  Hold'em No Limit ($0.05/$0.10) - 2025/02/10 11:11:56 CET [2025/02/10 5:11:56 ET]
Table 'Aludra' 6-max Seat #1 is the button
Seat 1: Mahu2021 ($7.17 in chips) 
Seat 2: Soli56 ($10.08 in chips) 
Seat 3: SkyBoy23 ($18.54 in chips) 
Seat 4: Gimme63 ($12.73 in chips) 
Seat 5: caiogs21 ($10.50 in chips) 
Seat 6: roo198 ($15.58 in chips) 
Soli56: posts small blind $0.05
SkyBoy23: posts big blind $0.10
*** HOLE CARDS ***
Dealt to Mahu2021 [Kd 7c]
Gimme63: folds 
caiogs21: folds 
roo198: folds 
Mahu2021: folds 
Soli56: raises $0.15 to $0.25
SkyBoy23: calls $0.15
*** FLOP *** [Jh Qd 7s]
Soli56: bets $0.26
SkyBoy23: calls $0.26
*** TURN *** [Jh Qd 7s] [6s]
Soli56: bets $0.75
SkyBoy23: calls $0.75
*** RIVER *** [Jh Qd 7s 6s] [2s]
Soli56: bets $0.80
SkyBoy23: calls $0.80
*** SHOW DOWN ***
Soli56: shows [Qc Qs] (three of a kind, Queens)
SkyBoy23: mucks hand 
Soli56 collected $3.93 from pot
*** SUMMARY ***
Total pot $4.12 | Rake $0.19 
Board [Jh Qd 7s 6s 2s]
Seat 1: Mahu2021 (button) folded before Flop (didn't bet)
Seat 2: Soli56 (small blind) showed [Qc Qs] and won ($3.93) with three of a kind, Queens
Seat 3: SkyBoy23 (big blind) mucked [6h 7d]
Seat 4: Gimme63 folded before Flop (didn't bet)
Seat 5: caiogs21 folded before Flop (didn't bet)
Seat 6: roo198 folded before Flop (didn't bet)



PokerStars Zoom Hand #254797433839:  Hold'em No Limit ($0.05/$0.10) - 2025/02/10 11:12:34 CET [2025/02/10 5:12:34 ET]
Table 'Aludra' 6-max Seat #1 is the button
Seat 1: ooaza ($9.65 in chips) 
Seat 2: imnotamaniac ($30.01 in chips) 
Seat 3: shortstackpro ($6.76 in chips) 
Seat 4: Mahu2021 ($9.48 in chips) 
Seat 5: VitorArj ($10.61 in chips) 
Seat 6: Jinzoo1 ($20.80 in chips) 
imnotamaniac: posts small blind $0.05
shortstackpro: posts big blind $0.10
*** HOLE CARDS ***
Dealt to Mahu2021 [5s 4s]
Mahu2021: folds 
VitorArj: folds 
Jinzoo1: folds 
ooaza: raises $0.20 to $0.30
imnotamaniac: folds 
shortstackpro: calls $0.20
*** FLOP *** [2h 9c Ah]
shortstackpro: checks 
ooaza: bets $0.31
shortstackpro: folds 
Uncalled bet ($0.31) returned to ooaza
ooaza collected $0.62 from pot
ooaza: doesn't show hand 
*** SUMMARY ***
Total pot $0.65 | Rake $0.03 
Board [2h 9c Ah]
Seat 1: ooaza (button) collected ($0.62)
Seat 2: imnotamaniac (small blind) folded before Flop
Seat 3: shortstackpro (big blind) folded on the Flop
Seat 4: Mahu2021 folded before Flop (didn't bet)
Seat 5: VitorArj folded before Flop (didn't bet)
Seat 6: Jinzoo1 folded before Flop (didn't bet)



PokerStars Zoom Hand #254797434150:  Hold'em No Limit ($0.05/$0.10) - 2025/02/10 11:12:37 CET [2025/02/10 5:12:37 ET]
Table 'Aludra' 6-max Seat #1 is the button
Seat 1: liebhabär ($16.57 in chips) 
Seat 2: 13Seven13 ($10.14 in chips) 
Seat 3: Mahu2021 ($9.48 in chips) 
Seat 4: callmebeautiful ($11.59 in chips) 
Seat 5: Geison69 ($10 in chips) 
Seat 6: Clicker89 ($10 in chips) 
13Seven13: posts small blind $0.05
Mahu2021: posts big blind $0.10
*** HOLE CARDS ***
Dealt to Mahu2021 [8c Qh]
callmebeautiful: folds 
Geison69: folds 
Clicker89: folds 
liebhabär: folds 
13Seven13: raises $0.20 to $0.30
Mahu2021: folds 
Uncalled bet ($0.20) returned to 13Seven13
13Seven13 collected $0.20 from pot
13Seven13: doesn't show hand 
*** SUMMARY ***
Total pot $0.20 | Rake $0 
Seat 1: liebhabär (button) folded before Flop (didn't bet)
Seat 2: 13Seven13 (small blind) collected ($0.20)
Seat 3: Mahu2021 (big blind) folded before Flop
Seat 4: callmebeautiful folded before Flop (didn't bet)
Seat 5: Geison69 folded before Flop (didn't bet)
Seat 6: Clicker89 folded before Flop (didn't bet)



PokerStars Zoom Hand #254797433328:  Hold'em No Limit ($0.05/$0.10) - 2025/02/10 11:12:29 CET [2025/02/10 5:12:29 ET]
Table 'Aludra' 6-max Seat #1 is the button
Seat 1: Geison69 ($10 in chips) 
Seat 2: julimar1954 ($4.04 in chips) 
Seat 3: dundee is blue ($1.42 in chips) 
Seat 4: imnotamaniac ($30.01 in chips) 
Seat 5: limyang ($10.10 in chips) 
Seat 6: Mahu2021 ($9.48 in chips) 
julimar1954: posts small blind $0.05
dundee is blue: posts big blind $0.10
*** HOLE CARDS ***
Dealt to Mahu2021 [5h 8s]
imnotamaniac: folds 
limyang: raises $0.15 to $0.25
Mahu2021: folds 
Geison69: folds 
julimar1954: calls $0.20
dundee is blue: folds 
*** FLOP *** [6d Jd Jh]
julimar1954: checks 
limyang: bets $0.19
julimar1954: calls $0.19
*** TURN *** [6d Jd Jh] [2h]
julimar1954: checks 
limyang: bets $0.31
julimar1954: calls $0.31
*** RIVER *** [6d Jd Jh 2h] [9s]
julimar1954: checks 
limyang: checks 
*** SHOW DOWN ***
julimar1954: shows [7s 7h] (two pair, Jacks and Sevens)
limyang: mucks hand 
julimar1954 collected $1.53 from pot
*** SUMMARY ***
Total pot $1.60 | Rake $0.07 
Board [6d Jd Jh 2h 9s]
Seat 1: Geison69 (button) folded before Flop (didn't bet)
Seat 2: julimar1954 (small blind) showed [7s 7h] and won ($1.53) with two pair, Jacks and Sevens
Seat 3: dundee is blue (big blind) folded before Flop
Seat 4: imnotamaniac folded before Flop (didn't bet)
Seat 5: limyang mucked [Ah Qd]
Seat 6: Mahu2021 folded before Flop (didn't bet)



PokerStars Zoom Hand #254797437506:  Hold'em No Limit ($0.05/$0.10) - 2025/02/10 11:13:09 CET [2025/02/10 5:13:09 ET]
Table 'Aludra' 6-max Seat #1 is the button
Seat 1: kamikaze0604 ($9.21 in chips) 
Seat 2: Mahu2021 ($9.38 in chips) 
Seat 3: liebhabär ($22.52 in chips) 
Seat 4: vinaof ($5.60 in chips) 
Seat 5: ooaza ($9.97 in chips) 
Seat 6: Gutte ($9.43 in chips) 
Mahu2021: posts small blind $0.05
liebhabär: posts big blind $0.10
*** HOLE CARDS ***
Dealt to Mahu2021 [4d 4c]
vinaof: folds 
ooaza: folds 
Gutte: folds 
kamikaze0604: folds 
Mahu2021: raises $0.20 to $0.30
liebhabär: folds 
Uncalled bet ($0.20) returned to Mahu2021
Mahu2021 collected $0.20 from pot
Mahu2021: doesn't show hand 
*** SUMMARY ***
Total pot $0.20 | Rake $0 
Seat 1: kamikaze0604 (button) folded before Flop (didn't bet)
Seat 2: Mahu2021 (small blind) collected ($0.20)
Seat 3: liebhabär (big blind) folded before Flop
Seat 4: vinaof folded before Flop (didn't bet)
Seat 5: ooaza folded before Flop (didn't bet)
Seat 6: Gutte folded before Flop (didn't bet)



PokerStars Zoom Hand #254797439475:  Hold'em No Limit ($0.05/$0.10) - 2025/02/10 11:13:28 CET [2025/02/10 5:13:28 ET]
Table 'Aludra' 6-max Seat #1 is the button
Seat 1: Mahu2021 ($9.48 in chips) 
Seat 2: MajoNATOR88 ($7.26 in chips) 
Seat 3: SkyBoy23 ($27.73 in chips) 
Seat 4: liebhabär ($22.42 in chips) 
Seat 5: jflood247 ($10.09 in chips) 
Seat 6: KoreanHippo ($33.48 in chips) 
MajoNATOR88: posts small blind $0.05
SkyBoy23: posts big blind $0.10
*** HOLE CARDS ***
Dealt to Mahu2021 [2s Kc]
liebhabär: folds 
jflood247: folds 
KoreanHippo: folds 
Mahu2021: folds 
MajoNATOR88: folds 
Uncalled bet ($0.05) returned to SkyBoy23
SkyBoy23 collected $0.10 from pot
SkyBoy23: doesn't show hand 
*** SUMMARY ***
Total pot $0.10 | Rake $0 
Seat 1: Mahu2021 (button) folded before Flop (didn't bet)
Seat 2: MajoNATOR88 (small blind) folded before Flop
Seat 3: SkyBoy23 (big blind) collected ($0.10)
Seat 4: liebhabär folded before Flop (didn't bet)
Seat 5: jflood247 folded before Flop (didn't bet)
Seat 6: KoreanHippo folded before Flop (didn't bet)



PokerStars Zoom Hand #254797440171:  Hold'em No Limit ($0.05/$0.10) - 2025/02/10 11:13:35 CET [2025/02/10 5:13:35 ET]
Table 'Aludra' 6-max Seat #1 is the button
Seat 1: liebhabär ($11 in chips) 
Seat 2: Gimme63 ($12.18 in chips) 
Seat 3: camilo13186 ($9.65 in chips) 
Seat 4: Soli56 ($11.95 in chips) 
Seat 5: NoMoreAOF ($11.72 in chips) 
Seat 6: Mahu2021 ($9.48 in chips) 
Gimme63: posts small blind $0.05
camilo13186: posts big blind $0.10
*** HOLE CARDS ***
Dealt to Mahu2021 [9h Kd]
Soli56: folds 
NoMoreAOF: folds 
Mahu2021: raises $0.20 to $0.30
liebhabär: raises $0.60 to $0.90
Gimme63: folds 
camilo13186: folds 
Mahu2021: folds 
Uncalled bet ($0.60) returned to liebhabär
liebhabär collected $0.75 from pot
liebhabär: doesn't show hand 
*** SUMMARY ***
Total pot $0.75 | Rake $0 
Seat 1: liebhabär (button) collected ($0.75)
Seat 2: Gimme63 (small blind) folded before Flop
Seat 3: camilo13186 (big blind) folded before Flop
Seat 4: Soli56 folded before Flop (didn't bet)
Seat 5: NoMoreAOF folded before Flop (didn't bet)
Seat 6: Mahu2021 folded before Flop



PokerStars Zoom Hand #254797442538:  Hold'em No Limit ($0.05/$0.10) - 2025/02/10 11:13:58 CET [2025/02/10 5:13:58 ET]
Table 'Aludra' 6-max Seat #1 is the button
Seat 1: Mahu2021 ($9.13 in chips) 
Seat 2: getaddicted ($11.01 in chips) 
Seat 3: NoMoreAOF ($27.74 in chips) 
Seat 4: ooaza ($10.15 in chips) 
Seat 5: Chakman1990 ($11.55 in chips) 
Seat 6: caiogs21 ($10.50 in chips) 
getaddicted: posts small blind $0.05
NoMoreAOF: posts big blind $0.10
*** HOLE CARDS ***
Dealt to Mahu2021 [3h 8h]
ooaza: folds 
Chakman1990: raises $0.13 to $0.23
caiogs21: folds 
Mahu2021: folds 
getaddicted: folds 
NoMoreAOF: folds 
Uncalled bet ($0.13) returned to Chakman1990
Chakman1990 collected $0.25 from pot
Chakman1990: doesn't show hand 
*** SUMMARY ***
Total pot $0.25 | Rake $0 
Seat 1: Mahu2021 (button) folded before Flop (didn't bet)
Seat 2: getaddicted (small blind) folded before Flop
Seat 3: NoMoreAOF (big blind) folded before Flop
Seat 4: ooaza folded before Flop (didn't bet)
Seat 5: Chakman1990 collected ($0.25)
Seat 6: caiogs21 folded before Flop (didn't bet)



PokerStars Zoom Hand #254797441364:  Hold'em No Limit ($0.05/$0.10) - 2025/02/10 11:13:46 CET [2025/02/10 5:13:46 ET]
Table 'Aludra' 6-max Seat #1 is the button
Seat 1: Gimme63 ($12.13 in chips) 
Seat 2: Mahu2021 ($9.18 in chips) 
Seat 3: bogata111 ($12.33 in chips) 
Seat 4: TANEV78 ($27.27 in chips) 
Seat 5: kamikaze0604 ($9.06 in chips) 
Seat 6: imnotamaniac ($13.02 in chips) 
Mahu2021: posts small blind $0.05
bogata111: posts big blind $0.10
*** HOLE CARDS ***
Dealt to Mahu2021 [9h Jh]
TANEV78: folds 
kamikaze0604: raises $0.35 to $0.45
imnotamaniac: folds 
Gimme63: folds 
Mahu2021: folds 
bogata111: calls $0.35
*** FLOP *** [7h Ad 6s]
bogata111: checks 
kamikaze0604: bets $0.51
bogata111: folds 
Uncalled bet ($0.51) returned to kamikaze0604
kamikaze0604 collected $0.90 from pot
kamikaze0604: doesn't show hand 
*** SUMMARY ***
Total pot $0.95 | Rake $0.05 
Board [7h Ad 6s]
Seat 1: Gimme63 (button) folded before Flop (didn't bet)
Seat 2: Mahu2021 (small blind) folded before Flop
Seat 3: bogata111 (big blind) folded on the Flop
Seat 4: TANEV78 folded before Flop (didn't bet)
Seat 5: kamikaze0604 collected ($0.90)
Seat 6: imnotamaniac folded before Flop (didn't bet)



PokerStars Zoom Hand #254797443006:  Hold'em No Limit ($0.05/$0.10) - 2025/02/10 11:14:02 CET [2025/02/10 5:14:02 ET]
Table 'Aludra' 6-max Seat #1 is the button
Seat 1: getaddicted ($10.96 in chips) 
Seat 2: I'm_JonAs ($13.79 in chips) 
Seat 3: masi1951 ($5.82 in chips) 
Seat 4: MasterK0830 ($10.08 in chips) 
Seat 5: Mahu2021 ($9.13 in chips) 
Seat 6: liebhabär ($15.36 in chips) 
I'm_JonAs: posts small blind $0.05
masi1951: posts big blind $0.10
*** HOLE CARDS ***
Dealt to Mahu2021 [Js 5s]
MasterK0830: folds 
Mahu2021: folds 
liebhabär: folds 
getaddicted: folds 
I'm_JonAs: folds 
Uncalled bet ($0.05) returned to masi1951
masi1951 collected $0.10 from pot
masi1951: doesn't show hand 
*** SUMMARY ***
Total pot $0.10 | Rake $0 
Seat 1: getaddicted (button) folded before Flop (didn't bet)
Seat 2: I'm_JonAs (small blind) folded before Flop
Seat 3: masi1951 (big blind) collected ($0.10)
Seat 4: MasterK0830 folded before Flop (didn't bet)
Seat 5: Mahu2021 folded before Flop (didn't bet)
Seat 6: liebhabär folded before Flop (didn't bet)



PokerStars Zoom Hand #254797443341:  Hold'em No Limit ($0.05/$0.10) - 2025/02/10 11:14:06 CET [2025/02/10 5:14:06 ET]
Table 'Aludra' 6-max Seat #1 is the button
Seat 1: callmebeautiful ($13.19 in chips) 
Seat 2: Jinzoo1 ($17.37 in chips) 
Seat 3: TANEV78 ($21.58 in chips) 
Seat 4: liebhabär ($15.36 in chips) 
Seat 5: Mahu2021 ($9.13 in chips) 
Seat 6: getaddicted ($10.96 in chips) 
Jinzoo1: posts small blind $0.05
TANEV78: posts big blind $0.10
*** HOLE CARDS ***
Dealt to Mahu2021 [3s 4s]
liebhabär: folds 
Mahu2021: folds 
getaddicted: folds 
callmebeautiful: folds 
Jinzoo1: raises $0.20 to $0.30
TANEV78: folds 
Uncalled bet ($0.20) returned to Jinzoo1
Jinzoo1 collected $0.20 from pot
Jinzoo1: doesn't show hand 
*** SUMMARY ***
Total pot $0.20 | Rake $0 
Seat 1: callmebeautiful (button) folded before Flop (didn't bet)
Seat 2: Jinzoo1 (small blind) collected ($0.20)
Seat 3: TANEV78 (big blind) folded before Flop
Seat 4: liebhabär folded before Flop (didn't bet)
Seat 5: Mahu2021 folded before Flop (didn't bet)
Seat 6: getaddicted folded before Flop (didn't bet)



PokerStars Zoom Hand #254797443900:  Hold'em No Limit ($0.05/$0.10) - 2025/02/10 11:14:11 CET [2025/02/10 5:14:11 ET]
Table 'Aludra' 6-max Seat #1 is the button
Seat 1: roo198 ($10.08 in chips) 
Seat 2: imnotamaniac ($29.44 in chips) 
Seat 3: Mahu2021 ($9.13 in chips) 
Seat 4: MasterK0830 ($10.08 in chips) 
Seat 5: NoMoreAOF ($12.21 in chips) 
Seat 6: VitorArj ($10.15 in chips) 
imnotamaniac: posts small blind $0.05
Mahu2021: posts big blind $0.10
*** HOLE CARDS ***
Dealt to Mahu2021 [7c 7h]
MasterK0830: raises $0.14 to $0.24
NoMoreAOF: folds 
VitorArj: folds 
roo198: folds 
imnotamaniac: folds 
Mahu2021: calls $0.14
*** FLOP *** [2s 8s 6s]
Mahu2021: checks 
MasterK0830: bets $0.26
Mahu2021: raises $0.44 to $0.70
MasterK0830: calls $0.44
*** TURN *** [2s 8s 6s] [8c]
Mahu2021: checks 
MasterK0830: bets $3.68
Mahu2021: folds 
Uncalled bet ($3.68) returned to MasterK0830
MasterK0830 collected $1.84 from pot
MasterK0830: doesn't show hand 
*** SUMMARY ***
Total pot $1.93 | Rake $0.09 
Board [2s 8s 6s 8c]
Seat 1: roo198 (button) folded before Flop (didn't bet)
Seat 2: imnotamaniac (small blind) folded before Flop
Seat 3: Mahu2021 (big blind) folded on the Turn
Seat 4: MasterK0830 collected ($1.84)
Seat 5: NoMoreAOF folded before Flop (didn't bet)
Seat 6: VitorArj folded before Flop (didn't bet)



PokerStars Zoom Hand #254797446584:  Hold'em No Limit ($0.05/$0.10) - 2025/02/10 11:14:37 CET [2025/02/10 5:14:37 ET]
Table 'Aludra' 6-max Seat #1 is the button
Seat 1: NoMoreAOF ($27.64 in chips) 
Seat 2: Mahu2021 ($8.19 in chips) 
Seat 3: skc784 ($10.38 in chips) 
Seat 4: limyang ($10 in chips) 
Seat 5: TANEV78 ($39.42 in chips) 
Seat 6: SkyBoy23 ($27.78 in chips) 
Mahu2021: posts small blind $0.05
skc784: posts big blind $0.10
*** HOLE CARDS ***
Dealt to Mahu2021 [Ks 2s]
limyang: folds 
TANEV78: folds 
SkyBoy23: folds 
NoMoreAOF: folds 
Mahu2021: calls $0.05
skc784: raises $0.20 to $0.30
Mahu2021: calls $0.20
*** FLOP *** [As 8h 9c]
Mahu2021: checks 
skc784: bets $0.43
Mahu2021: folds 
Uncalled bet ($0.43) returned to skc784
skc784 collected $0.57 from pot
skc784: doesn't show hand 
*** SUMMARY ***
Total pot $0.60 | Rake $0.03 
Board [As 8h 9c]
Seat 1: NoMoreAOF (button) folded before Flop (didn't bet)
Seat 2: Mahu2021 (small blind) folded on the Flop
Seat 3: skc784 (big blind) collected ($0.57)
Seat 4: limyang folded before Flop (didn't bet)
Seat 5: TANEV78 folded before Flop (didn't bet)
Seat 6: SkyBoy23 folded before Flop (didn't bet)



PokerStars Zoom Hand #254797449051:  Hold'em No Limit ($0.05/$0.10) - 2025/02/10 11:15:01 CET [2025/02/10 5:15:01 ET]
Table 'Aludra' 6-max Seat #1 is the button
Seat 1: Mahu2021 ($7.89 in chips) 
Seat 2: nway888 ($13.86 in chips) 
Seat 3: callmebeautiful ($17.70 in chips) 
Seat 4: NoMoreAOF ($16.72 in chips) 
Seat 5: caiogs21 ($10 in chips) 
Seat 6: chiefmaars ($10 in chips) 
nway888: posts small blind $0.05
callmebeautiful: posts big blind $0.10
*** HOLE CARDS ***
Dealt to Mahu2021 [As Ac]
NoMoreAOF: folds 
caiogs21: folds 
chiefmaars: folds 
Mahu2021: raises $7.79 to $7.89 and is all-in
nway888: folds 
callmebeautiful: folds 
Uncalled bet ($7.79) returned to Mahu2021
Mahu2021 collected $0.25 from pot
Mahu2021: doesn't show hand 
*** SUMMARY ***
Total pot $0.25 | Rake $0 
Seat 1: Mahu2021 (button) collected ($0.25)
Seat 2: nway888 (small blind) folded before Flop
Seat 3: callmebeautiful (big blind) folded before Flop
Seat 4: NoMoreAOF folded before Flop (didn't bet)
Seat 5: caiogs21 folded before Flop (didn't bet)
Seat 6: chiefmaars folded before Flop (didn't bet)



PokerStars Zoom Hand #254797448664:  Hold'em No Limit ($0.05/$0.10) - 2025/02/10 11:14:57 CET [2025/02/10 5:14:57 ET]
Table 'Aludra' 6-max Seat #1 is the button
Seat 1: nway888 ($10 in chips) 
Seat 2: skc784 ($10.65 in chips) 
Seat 3: shortstackpro ($7.01 in chips) 
Seat 4: Ridcully-1 ($9.23 in chips) 
Seat 5: SkyBoy23 ($27.68 in chips) 
Seat 6: Mahu2021 ($7.89 in chips) 
skc784: posts small blind $0.05
shortstackpro: posts big blind $0.10
*** HOLE CARDS ***
Dealt to Mahu2021 [4h Kd]
Ridcully-1: folds 
SkyBoy23: folds 
Mahu2021: folds 
nway888: folds 
skc784: raises $0.20 to $0.30
shortstackpro: calls $0.20
*** FLOP *** [6h 5s 8h]
skc784: bets $0.57
shortstackpro: calls $0.57
*** TURN *** [6h 5s 8h] [3s]
skc784: checks 
shortstackpro: bets $1.66
skc784: folds 
Uncalled bet ($1.66) returned to shortstackpro
shortstackpro collected $1.66 from pot
shortstackpro: doesn't show hand 
*** SUMMARY ***
Total pot $1.74 | Rake $0.08 
Board [6h 5s 8h 3s]
Seat 1: nway888 (button) folded before Flop (didn't bet)
Seat 2: skc784 (small blind) folded on the Turn
Seat 3: shortstackpro (big blind) collected ($1.66)
Seat 4: Ridcully-1 folded before Flop (didn't bet)
Seat 5: SkyBoy23 folded before Flop (didn't bet)
Seat 6: Mahu2021 folded before Flop (didn't bet)



PokerStars Zoom Hand #254797450171:  Hold'em No Limit ($0.05/$0.10) - 2025/02/10 11:15:12 CET [2025/02/10 5:15:12 ET]
Table 'Aludra' 6-max Seat #1 is the button
Seat 1: SkyBoy23 ($18.43 in chips) 
Seat 2: Gimme63 ($12.66 in chips) 
Seat 3: acebob999 ($11.62 in chips) 
Seat 4: chiefmaars ($10 in chips) 
Seat 5: Mahu2021 ($8.04 in chips) 
Seat 6: Jinzoo1 ($17.84 in chips) 
Gimme63: posts small blind $0.05
acebob999: posts big blind $0.10
*** HOLE CARDS ***
Dealt to Mahu2021 [5s 3c]
chiefmaars: folds 
Mahu2021: folds 
Jinzoo1: folds 
SkyBoy23: folds 
Gimme63: raises $0.10 to $0.20
acebob999: raises $0.50 to $0.70
Gimme63: folds 
Uncalled bet ($0.50) returned to acebob999
acebob999 collected $0.40 from pot
acebob999: doesn't show hand 
*** SUMMARY ***
Total pot $0.40 | Rake $0 
Seat 1: SkyBoy23 (button) folded before Flop (didn't bet)
Seat 2: Gimme63 (small blind) folded before Flop
Seat 3: acebob999 (big blind) collected ($0.40)
Seat 4: chiefmaars folded before Flop (didn't bet)
Seat 5: Mahu2021 folded before Flop (didn't bet)
Seat 6: Jinzoo1 folded before Flop (didn't bet)



PokerStars Zoom Hand #254797450660:  Hold'em No Limit ($0.05/$0.10) - 2025/02/10 11:15:17 CET [2025/02/10 5:15:17 ET]
Table 'Aludra' 6-max Seat #1 is the button
Seat 1: MasterK0830 ($16.34 in chips) 
Seat 2: limyang ($10 in chips) 
Seat 3: masi1951 ($5.96 in chips) 
Seat 4: Mahu2021 ($8.04 in chips) 
Seat 5: kamikaze0604 ($10.19 in chips) 
Seat 6: callmebeautiful ($3.32 in chips) 
limyang: posts small blind $0.05
masi1951: posts big blind $0.10
*** HOLE CARDS ***
Dealt to Mahu2021 [Ad As]
Mahu2021: raises $0.14 to $0.24
kamikaze0604: calls $0.24
callmebeautiful: folds 
MasterK0830: folds 
limyang: folds 
masi1951: folds 
*** FLOP *** [3d Ts 8s]
Mahu2021: checks 
kamikaze0604: bets $0.34
Mahu2021: calls $0.34
*** TURN *** [3d Ts 8s] [7h]
Mahu2021: checks 
kamikaze0604: bets $1.25
Mahu2021: calls $1.25
*** RIVER *** [3d Ts 8s 7h] [4h]
Mahu2021: checks 
kamikaze0604: checks 
*** SHOW DOWN ***
Mahu2021: shows [Ad As] (a pair of Aces)
kamikaze0604: mucks hand 
Mahu2021 collected $3.64 from pot
*** SUMMARY ***
Total pot $3.81 | Rake $0.17 
Board [3d Ts 8s 7h 4h]
Seat 1: MasterK0830 (button) folded before Flop (didn't bet)
Seat 2: limyang (small blind) folded before Flop
Seat 3: masi1951 (big blind) folded before Flop
Seat 4: Mahu2021 showed [Ad As] and won ($3.64) with a pair of Aces
Seat 5: kamikaze0604 mucked [Tc 9c]
Seat 6: callmebeautiful folded before Flop (didn't bet)



PokerStars Zoom Hand #254797453772:  Hold'em No Limit ($0.05/$0.10) - 2025/02/10 11:15:47 CET [2025/02/10 5:15:47 ET]
Table 'Aludra' 6-max Seat #1 is the button
Seat 1: Clicker89 ($9.98 in chips) 
Seat 2: KoreanHippo ($35.13 in chips) 
Seat 3: callmebeautiful ($3.32 in chips) 
Seat 4: Mahu2021 ($9.85 in chips) 
Seat 5: kamikaze0604 ($8.36 in chips) 
Seat 6: MajoNATOR88 ($7.33 in chips) 
KoreanHippo: posts small blind $0.05
callmebeautiful: posts big blind $0.10
*** HOLE CARDS ***
Dealt to Mahu2021 [Jd 9d]
Mahu2021: folds 
kamikaze0604 has timed out
kamikaze0604: folds 
MajoNATOR88: folds 
Clicker89: folds 
KoreanHippo: folds 
Uncalled bet ($0.05) returned to callmebeautiful
callmebeautiful collected $0.10 from pot
callmebeautiful: doesn't show hand 
*** SUMMARY ***
Total pot $0.10 | Rake $0 
Seat 1: Clicker89 (button) folded before Flop (didn't bet)
Seat 2: KoreanHippo (small blind) folded before Flop
Seat 3: callmebeautiful (big blind) collected ($0.10)
Seat 4: Mahu2021 folded before Flop (didn't bet)
Seat 5: kamikaze0604 folded before Flop (didn't bet)
Seat 6: MajoNATOR88 folded before Flop (didn't bet)



PokerStars Zoom Hand #254797454298:  Hold'em No Limit ($0.05/$0.10) - 2025/02/10 11:15:52 CET [2025/02/10 5:15:52 ET]
Table 'Aludra' 6-max Seat #1 is the button
Seat 1: Jordan_edward7 ($10.10 in chips) 
Seat 2: TANEV78 ($39.62 in chips) 
Seat 3: Mahu2021 ($9.85 in chips) 
Seat 4: caiogs21 ($10 in chips) 
Seat 5: callmebeautiful ($17.75 in chips) 
Seat 6: SkyBoy23 ($18.67 in chips) 
TANEV78: posts small blind $0.05
Mahu2021: posts big blind $0.10
*** HOLE CARDS ***
Dealt to Mahu2021 [4s 6s]
caiogs21: folds 
callmebeautiful: calls $0.10
SkyBoy23: folds 
Jordan_edward7: folds 
TANEV78: calls $0.05
Mahu2021: checks 
*** FLOP *** [Ac Tc 6d]
TANEV78: checks 
Mahu2021: checks 
callmebeautiful: checks 
*** TURN *** [Ac Tc 6d] [Ah]
TANEV78: bets $0.20
Mahu2021: calls $0.20
callmebeautiful: folds 
*** RIVER *** [Ac Tc 6d Ah] [Qc]
TANEV78: checks 
Mahu2021: bets $0.67
TANEV78: calls $0.67
*** SHOW DOWN ***
Mahu2021: shows [4s 6s] (two pair, Aces and Sixes)
TANEV78: shows [7d Ad] (three of a kind, Aces)
TANEV78 collected $1.95 from pot
*** SUMMARY ***
Total pot $2.04 | Rake $0.09 
Board [Ac Tc 6d Ah Qc]
Seat 1: Jordan_edward7 (button) folded before Flop (didn't bet)
Seat 2: TANEV78 (small blind) showed [7d Ad] and won ($1.95) with three of a kind, Aces
Seat 3: Mahu2021 (big blind) showed [4s 6s] and lost with two pair, Aces and Sixes
Seat 4: caiogs21 folded before Flop (didn't bet)
Seat 5: callmebeautiful folded on the Turn
Seat 6: SkyBoy23 folded before Flop (didn't bet)



PokerStars Zoom Hand #254797458386:  Hold'em No Limit ($0.05/$0.10) - 2025/02/10 11:16:32 CET [2025/02/10 5:16:32 ET]
Table 'Aludra' 6-max Seat #1 is the button
Seat 1: Choi Moneky ($10 in chips) 
Seat 2: VitorArj ($11.57 in chips) 
Seat 3: NoMoreAOF ($17.02 in chips) 
Seat 4: limyang ($10.41 in chips) 
Seat 5: TANEV78 ($40.60 in chips) 
Seat 6: Mahu2021 ($8.88 in chips) 
VitorArj: posts small blind $0.05
NoMoreAOF: posts big blind $0.10
*** HOLE CARDS ***
Dealt to Mahu2021 [8h Jh]
limyang: folds 
TANEV78: raises $0.10 to $0.20
Mahu2021: folds 
Choi Moneky: folds 
VitorArj: folds 
NoMoreAOF: folds 
Uncalled bet ($0.10) returned to TANEV78
TANEV78 collected $0.25 from pot
TANEV78: doesn't show hand 
*** SUMMARY ***
Total pot $0.25 | Rake $0 
Seat 1: Choi Moneky (button) folded before Flop (didn't bet)
Seat 2: VitorArj (small blind) folded before Flop
Seat 3: NoMoreAOF (big blind) folded before Flop
Seat 4: limyang folded before Flop (didn't bet)
Seat 5: TANEV78 collected ($0.25)
Seat 6: Mahu2021 folded before Flop (didn't bet)



PokerStars Zoom Hand #254797460593:  Hold'em No Limit ($0.05/$0.10) - 2025/02/10 11:16:53 CET [2025/02/10 5:16:53 ET]
Table 'Aludra' 6-max Seat #1 is the button
Seat 1: Jordan_edward7 ($10 in chips) 
Seat 2: Clicker89 ($10 in chips) 
Seat 3: TANEV78 ($40.75 in chips) 
Seat 4: SkyBoy23 ($10 in chips) 
Seat 5: Mahu2021 ($8.83 in chips) 
Seat 6: NoMoreAOF ($16.92 in chips) 
Clicker89: posts small blind $0.05
TANEV78: posts big blind $0.10
*** HOLE CARDS ***
Dealt to Mahu2021 [Ah 9h]
SkyBoy23: folds 
Mahu2021: raises $0.14 to $0.24
NoMoreAOF: folds 
Jordan_edward7: folds 
Clicker89: folds 
TANEV78: folds 
Uncalled bet ($0.14) returned to Mahu2021
Mahu2021 collected $0.25 from pot
Mahu2021: doesn't show hand 
*** SUMMARY ***
Total pot $0.25 | Rake $0 
Seat 1: Jordan_edward7 (button) folded before Flop (didn't bet)
Seat 2: Clicker89 (small blind) folded before Flop
Seat 3: TANEV78 (big blind) folded before Flop
Seat 4: SkyBoy23 folded before Flop (didn't bet)
Seat 5: Mahu2021 collected ($0.25)
Seat 6: NoMoreAOF folded before Flop (didn't bet)



PokerStars Zoom Hand #254797458897:  Hold'em No Limit ($0.05/$0.10) - 2025/02/10 11:16:37 CET [2025/02/10 5:16:37 ET]
Table 'Aludra' 6-max Seat #1 is the button
Seat 1: caiogs21 ($10 in chips) 
Seat 2: Mahu2021 ($8.88 in chips) 
Seat 3: shortstackpro ($8.04 in chips) 
Seat 4: SkyBoy23 ($27.38 in chips) 
Seat 5: Choi Moneky ($13.72 in chips) 
Seat 6: gopropokst. ($7.20 in chips) 
Mahu2021: posts small blind $0.05
shortstackpro: posts big blind $0.10
*** HOLE CARDS ***
Dealt to Mahu2021 [2c Jh]
SkyBoy23: folds 
Choi Moneky: raises $0.10 to $0.20
gopropokst.: calls $0.20
caiogs21: folds 
Mahu2021: folds 
shortstackpro: folds 
*** FLOP *** [Qd 8h 2s]
Choi Moneky: bets $0.35
gopropokst.: folds 
Uncalled bet ($0.35) returned to Choi Moneky
Choi Moneky collected $0.53 from pot
Choi Moneky: doesn't show hand 
*** SUMMARY ***
Total pot $0.55 | Rake $0.02 
Board [Qd 8h 2s]
Seat 1: caiogs21 (button) folded before Flop (didn't bet)
Seat 2: Mahu2021 (small blind) folded before Flop
Seat 3: shortstackpro (big blind) folded before Flop
Seat 4: SkyBoy23 folded before Flop (didn't bet)
Seat 5: Choi Moneky collected ($0.53)
Seat 6: gopropokst. folded on the Flop



PokerStars Zoom Hand #254797462099:  Hold'em No Limit ($0.05/$0.10) - 2025/02/10 11:17:08 CET [2025/02/10 5:17:08 ET]
Table 'Aludra' 6-max Seat #1 is the button
Seat 1: VitorArj ($12.37 in chips) 
Seat 2: Ridcully-1 ($8.88 in chips) 
Seat 3: Mahu2021 ($8.98 in chips) 
Seat 4: chiefmaars ($10 in chips) 
Seat 5: SkyBoy23 ($27.33 in chips) 
Seat 6: Soli56 ($9.50 in chips) 
Ridcully-1: posts small blind $0.05
Mahu2021: posts big blind $0.10
*** HOLE CARDS ***
Dealt to Mahu2021 [2s Jd]
chiefmaars: folds 
SkyBoy23: raises $0.10 to $0.20
Soli56: folds 
VitorArj: folds 
Ridcully-1: folds 
Mahu2021: folds 
Uncalled bet ($0.10) returned to SkyBoy23
SkyBoy23 collected $0.25 from pot
SkyBoy23: doesn't show hand 
*** SUMMARY ***
Total pot $0.25 | Rake $0 
Seat 1: VitorArj (button) folded before Flop (didn't bet)
Seat 2: Ridcully-1 (small blind) folded before Flop
Seat 3: Mahu2021 (big blind) folded before Flop
Seat 4: chiefmaars folded before Flop (didn't bet)
Seat 5: SkyBoy23 collected ($0.25)
Seat 6: Soli56 folded before Flop (didn't bet)



PokerStars Zoom Hand #254797459722:  Hold'em No Limit ($0.05/$0.10) - 2025/02/10 11:16:44 CET [2025/02/10 5:16:44 ET]
Table 'Aludra' 6-max Seat #1 is the button
Seat 1: SkyBoy23 ($27.33 in chips) 
Seat 2: caiogs21 ($10 in chips) 
Seat 3: callmebeautiful ($7.70 in chips) 
Seat 4: camilo13186 ($10.22 in chips) 
Seat 5: Mahu2021 ($8.83 in chips) 
Seat 6: Winnie216 ($6.41 in chips) 
caiogs21: posts small blind $0.05
callmebeautiful: posts big blind $0.10
*** HOLE CARDS ***
Dealt to Mahu2021 [6d 9s]
camilo13186: calls $0.10
Mahu2021: folds 
Winnie216: folds 
SkyBoy23: folds 
caiogs21: raises $0.30 to $0.40
callmebeautiful: folds 
camilo13186: calls $0.30
*** FLOP *** [6c Qc Qs]
caiogs21: checks 
camilo13186: bets $0.32
caiogs21: raises $0.90 to $1.22
camilo13186: folds 
Uncalled bet ($0.90) returned to caiogs21
caiogs21 collected $1.47 from pot
caiogs21: doesn't show hand 
*** SUMMARY ***
Total pot $1.54 | Rake $0.07 
Board [6c Qc Qs]
Seat 1: SkyBoy23 (button) folded before Flop (didn't bet)
Seat 2: caiogs21 (small blind) collected ($1.47)
Seat 3: callmebeautiful (big blind) folded before Flop
Seat 4: camilo13186 folded on the Flop
Seat 5: Mahu2021 folded before Flop (didn't bet)
Seat 6: Winnie216 folded before Flop (didn't bet)



PokerStars Zoom Hand #254797463465:  Hold'em No Limit ($0.05/$0.10) - 2025/02/10 11:17:21 CET [2025/02/10 5:17:21 ET]
Table 'Aludra' 6-max Seat #1 is the button
Seat 1: VitorArj ($11.37 in chips) 
Seat 2: TANEV78 ($40.80 in chips) 
Seat 3: Choi Moneky ($14.05 in chips) 
Seat 4: Mahu2021 ($8.88 in chips) 
Seat 5: camilo13186 ($9.50 in chips) 
Seat 6: Geison69 ($10 in chips) 
TANEV78: posts small blind $0.05
Choi Moneky: posts big blind $0.10
*** HOLE CARDS ***
Dealt to Mahu2021 [6s 3c]
Mahu2021: folds 
camilo13186: folds 
Geison69: raises $0.15 to $0.25
VitorArj: folds 
TANEV78: folds 
Choi Moneky: folds 
Uncalled bet ($0.15) returned to Geison69
Geison69 collected $0.25 from pot
Geison69: doesn't show hand 
*** SUMMARY ***
Total pot $0.25 | Rake $0 
Seat 1: VitorArj (button) folded before Flop (didn't bet)
Seat 2: TANEV78 (small blind) folded before Flop
Seat 3: Choi Moneky (big blind) folded before Flop
Seat 4: Mahu2021 folded before Flop (didn't bet)
Seat 5: camilo13186 folded before Flop (didn't bet)
Seat 6: Geison69 collected ($0.25)



PokerStars Zoom Hand #254797463883:  Hold'em No Limit ($0.05/$0.10) - 2025/02/10 11:17:25 CET [2025/02/10 5:17:25 ET]
Table 'Aludra' 6-max Seat #1 is the button
Seat 1: roo198 ($11.37 in chips) 
Seat 2: Mahu2021 ($8.88 in chips) 
Seat 3: VitorArj ($12.37 in chips) 
Seat 4: Jinzoo1 ($15.43 in chips) 
Seat 5: Jordan_edward7 ($10 in chips) 
Seat 6: NoMoreAOF ($11.48 in chips) 
Mahu2021: posts small blind $0.05
VitorArj: posts big blind $0.10
*** HOLE CARDS ***
Dealt to Mahu2021 [3d 8d]
Jinzoo1: raises $0.10 to $0.20
Jordan_edward7: folds 
NoMoreAOF: folds 
roo198: folds 
Mahu2021: folds 
VitorArj: folds 
Uncalled bet ($0.10) returned to Jinzoo1
Jinzoo1 collected $0.25 from pot
Jinzoo1: doesn't show hand 
*** SUMMARY ***
Total pot $0.25 | Rake $0 
Seat 1: roo198 (button) folded before Flop (didn't bet)
Seat 2: Mahu2021 (small blind) folded before Flop
Seat 3: VitorArj (big blind) folded before Flop
Seat 4: Jinzoo1 collected ($0.25)
Seat 5: Jordan_edward7 folded before Flop (didn't bet)
Seat 6: NoMoreAOF folded before Flop (didn't bet)



PokerStars Zoom Hand #254797465332:  Hold'em No Limit ($0.05/$0.10) - 2025/02/10 11:17:39 CET [2025/02/10 5:17:39 ET]
Table 'Aludra' 6-max Seat #1 is the button
Seat 1: Mahu2021 ($8.83 in chips) 
Seat 2: Geison69 ($10 in chips) 
Seat 3: Clicker89 ($10.89 in chips) 
Seat 4: NoMoreAOF ($27.31 in chips) 
Seat 5: caiogs21 ($10.90 in chips) 
Seat 6: VitorArj ($11.37 in chips) 
Geison69: posts small blind $0.05
Clicker89: posts big blind $0.10
*** HOLE CARDS ***
Dealt to Mahu2021 [5h 7d]
NoMoreAOF: folds 
caiogs21: raises $0.15 to $0.25
VitorArj: folds 
Mahu2021: folds 
Geison69: folds 
Clicker89: folds 
Uncalled bet ($0.15) returned to caiogs21
caiogs21 collected $0.25 from pot
caiogs21: doesn't show hand 
*** SUMMARY ***
Total pot $0.25 | Rake $0 
Seat 1: Mahu2021 (button) folded before Flop (didn't bet)
Seat 2: Geison69 (small blind) folded before Flop
Seat 3: Clicker89 (big blind) folded before Flop
Seat 4: NoMoreAOF folded before Flop (didn't bet)
Seat 5: caiogs21 collected ($0.25)
Seat 6: VitorArj folded before Flop (didn't bet)



PokerStars Zoom Hand #254797464923:  Hold'em No Limit ($0.05/$0.10) - 2025/02/10 11:17:35 CET [2025/02/10 5:17:35 ET]
Table 'Aludra' 6-max Seat #1 is the button
Seat 1: caiogs21 ($10 in chips) 
Seat 2: Soli56 ($9.40 in chips) 
Seat 3: MasterK0830 ($16.14 in chips) 
Seat 4: Mahu2021 ($8.83 in chips) 
Seat 5: Geison69 ($10 in chips) 
Seat 6: NoMoreAOF ($12.91 in chips) 
Soli56: posts small blind $0.05
MasterK0830: posts big blind $0.10
*** HOLE CARDS ***
Dealt to Mahu2021 [9h Kd]
Mahu2021: folds 
Geison69: folds 
NoMoreAOF: folds 
caiogs21: raises $0.15 to $0.25
Soli56: folds 
MasterK0830: folds 
Uncalled bet ($0.15) returned to caiogs21
caiogs21 collected $0.25 from pot
caiogs21: doesn't show hand 
*** SUMMARY ***
Total pot $0.25 | Rake $0 
Seat 1: caiogs21 (button) collected ($0.25)
Seat 2: Soli56 (small blind) folded before Flop
Seat 3: MasterK0830 (big blind) folded before Flop
Seat 4: Mahu2021 folded before Flop (didn't bet)
Seat 5: Geison69 folded before Flop (didn't bet)
Seat 6: NoMoreAOF folded before Flop (didn't bet)



PokerStars Zoom Hand #254797464296:  Hold'em No Limit ($0.05/$0.10) - 2025/02/10 11:17:29 CET [2025/02/10 5:17:29 ET]
Table 'Aludra' 6-max Seat #1 is the button
Seat 1: camilo13186 ($9.50 in chips) 
Seat 2: imnotamaniac ($32.34 in chips) 
Seat 3: julimar1954 ($4.99 in chips) 
Seat 4: Jordan_edward7 ($10 in chips) 
Seat 5: NoMoreAOF ($27.31 in chips) 
Seat 6: Mahu2021 ($8.83 in chips) 
imnotamaniac: posts small blind $0.05
julimar1954: posts big blind $0.10
*** HOLE CARDS ***
Dealt to Mahu2021 [Ac 9s]
Jordan_edward7: folds 
NoMoreAOF: folds 
Mahu2021: folds 
camilo13186: calls $0.10
imnotamaniac: calls $0.05
julimar1954: checks 
*** FLOP *** [5c Kh 6h]
imnotamaniac: checks 
julimar1954: checks 
camilo13186: bets $0.40
imnotamaniac: folds 
julimar1954: folds 
Uncalled bet ($0.40) returned to camilo13186
camilo13186 collected $0.29 from pot
camilo13186: doesn't show hand 
*** SUMMARY ***
Total pot $0.30 | Rake $0.01 
Board [5c Kh 6h]
Seat 1: camilo13186 (button) collected ($0.29)
Seat 2: imnotamaniac (small blind) folded on the Flop
Seat 3: julimar1954 (big blind) folded on the Flop
Seat 4: Jordan_edward7 folded before Flop (didn't bet)
Seat 5: NoMoreAOF folded before Flop (didn't bet)
Seat 6: Mahu2021 folded before Flop (didn't bet)



PokerStars Zoom Hand #254797465758:  Hold'em No Limit ($0.05/$0.10) - 2025/02/10 11:17:43 CET [2025/02/10 5:17:43 ET]
Table 'Aludra' 6-max Seat #1 is the button
Seat 1: NoMoreAOF ($27.31 in chips) 
Seat 2: Ridcully-1 ($8.63 in chips) 
Seat 3: MasterK0830 ($12.23 in chips) 
Seat 4: kamikaze0604 ($7.55 in chips) 
Seat 5: gopropokst. ($7.05 in chips) 
Seat 6: Mahu2021 ($8.83 in chips) 
Ridcully-1: posts small blind $0.05
MasterK0830: posts big blind $0.10
*** HOLE CARDS ***
Dealt to Mahu2021 [Ks Kh]
kamikaze0604: folds 
gopropokst.: folds 
Mahu2021: raises $8.73 to $8.83 and is all-in
NoMoreAOF: folds 
Ridcully-1: calls $8.58 and is all-in
MasterK0830: folds 
Uncalled bet ($0.20) returned to Mahu2021
*** FLOP *** [8s 7h 3d]
*** TURN *** [8s 7h 3d] [Ah]
*** RIVER *** [8s 7h 3d Ah] [6d]
*** SHOW DOWN ***
Ridcully-1: shows [Qh Qc] (a pair of Queens)
Mahu2021: shows [Ks Kh] (a pair of Kings)
Mahu2021 cashed out the hand for $13.31 | Cash Out Fee $0.27
*** SUMMARY ***
Total pot $17.36 | Rake $0.78 
Board [8s 7h 3d Ah 6d]
Seat 1: NoMoreAOF (button) folded before Flop (didn't bet)
Seat 2: Ridcully-1 (small blind) showed [Qh Qc] and lost with a pair of Queens
Seat 3: MasterK0830 (big blind) folded before Flop
Seat 4: kamikaze0604 folded before Flop (didn't bet)
Seat 5: gopropokst. folded before Flop (didn't bet)
Seat 6: Mahu2021 showed [Ks Kh] and won ($16.58) with a pair of Kings (pot not awarded as player cashed out)



