PokerStars Hand #248102027199: Tournament #3694939405, $1.20+$3.70+$0.60 USD Hold'em No Limit - Level III (35/70) - 2024/01/06 17:49:03 CET [2024/01/06 11:49:03 ET]
Table '3694939405 204' 8-max Seat #1 is the button
Seat 1: Jalfo17 (5346 in chips, $3.70 bounty) 
Seat 2: pappamerikano (9333 in chips, $3.70 bounty) 
Seat 3: C63s Edition-1 (13701 in chips, $9.25 bounty) 
Seat 4: Mahu2021 (5000 in chips, $3.70 bounty) 
Seat 5: memphis1rich (5176 in chips, $3.70 bounty) 
Seat 6: ak47107 (3553 in chips, $3.70 bounty) 
Seat 7: Luis poke187 (3776 in chips, $3.70 bounty) 
Seat 8: pokeralexus (11413 in chips, $3.70 bounty) 
Jalfo17: posts the ante 11
pappamerikano: posts the ante 11
C63s Edition-1: posts the ante 11
Mahu2021: posts the ante 11
memphis1rich: posts the ante 11
ak47107: posts the ante 11
Luis poke187: posts the ante 11
pokeralexus: posts the ante 11
pappamerikano: posts small blind 35
C63s Edition-1: posts big blind 70
*** HOLE CARDS ***
Dealt to Mahu2021 [7s Kh]
Mahu2021: folds 
memphis1rich: folds 
ak47107: raises 70 to 140
Luis poke187: folds 
pokeralexus: folds 
Jalfo17: calls 140
pappamerikano: folds 
C63s Edition-1: calls 70
*** FLOP *** [As 7c Kc]
C63s Edition-1: checks 
ak47107: bets 272
Jalfo17: calls 272
C63s Edition-1: folds 
*** TURN *** [As 7c Kc] [Qc]
ak47107: bets 544
Jalfo17: folds 
Uncalled bet (544) returned to ak47107
ak47107 collected 1087 from pot
*** SUMMARY ***
Total pot 1087 | Rake 0 
Board [As 7c Kc Qc]
Seat 1: Jalfo17 (button) folded on the Turn
Seat 2: pappamerikano (small blind) folded before Flop
Seat 3: C63s Edition-1 (big blind) folded on the Flop
Seat 4: Mahu2021 folded before Flop (didn't bet)
Seat 5: memphis1rich folded before Flop (didn't bet)
Seat 6: ak47107 collected (1087)
Seat 7: Luis poke187 folded before Flop (didn't bet)
Seat 8: pokeralexus folded before Flop (didn't bet)



PokerStars Hand #248102041842: Tournament #3694939405, $1.20+$3.70+$0.60 USD Hold'em No Limit - Level III (35/70) - 2024/01/06 17:49:47 CET [2024/01/06 11:49:47 ET]
Table '3694939405 204' 8-max Seat #2 is the button
Seat 1: Jalfo17 (4923 in chips, $3.70 bounty) 
Seat 2: pappamerikano (9287 in chips, $3.70 bounty) 
Seat 3: C63s Edition-1 (13550 in chips, $9.25 bounty) 
Seat 4: Mahu2021 (4989 in chips, $3.70 bounty) 
Seat 5: memphis1rich (5165 in chips, $3.70 bounty) 
Seat 6: ak47107 (4217 in chips, $3.70 bounty) 
Seat 7: Luis poke187 (3765 in chips, $3.70 bounty) 
Seat 8: pokeralexus (11402 in chips, $3.70 bounty) 
Jalfo17: posts the ante 11
pappamerikano: posts the ante 11
C63s Edition-1: posts the ante 11
Mahu2021: posts the ante 11
memphis1rich: posts the ante 11
ak47107: posts the ante 11
Luis poke187: posts the ante 11
pokeralexus: posts the ante 11
C63s Edition-1: posts small blind 35
Mahu2021: posts big blind 70
*** HOLE CARDS ***
Dealt to Mahu2021 [5h 8c]
memphis1rich: folds 
ak47107: raises 70 to 140
Luis poke187: folds 
pokeralexus: folds 
Jalfo17: folds 
pappamerikano: folds 
C63s Edition-1: raises 210 to 350
Mahu2021: folds 
ak47107: calls 210
*** FLOP *** [Td Qs 7s]
C63s Edition-1: bets 858
ak47107: calls 858
*** TURN *** [Td Qs 7s] [8s]
C63s Edition-1: bets 12331 and is all-in
ak47107: folds 
Uncalled bet (12331) returned to C63s Edition-1
C63s Edition-1 collected 2574 from pot
*** SUMMARY ***
Total pot 2574 | Rake 0 
Board [Td Qs 7s 8s]
Seat 1: Jalfo17 folded before Flop (didn't bet)
Seat 2: pappamerikano (button) folded before Flop (didn't bet)
Seat 3: C63s Edition-1 (small blind) collected (2574)
Seat 4: Mahu2021 (big blind) folded before Flop
Seat 5: memphis1rich folded before Flop (didn't bet)
Seat 6: ak47107 folded on the Turn
Seat 7: Luis poke187 folded before Flop (didn't bet)
Seat 8: pokeralexus folded before Flop (didn't bet)



PokerStars Hand #248102058679: Tournament #3694939405, $1.20+$3.70+$0.60 USD Hold'em No Limit - Level III (35/70) - 2024/01/06 17:50:38 CET [2024/01/06 11:50:38 ET]
Table '3694939405 204' 8-max Seat #3 is the button
Seat 1: Jalfo17 (4912 in chips, $3.70 bounty) 
Seat 2: pappamerikano (9276 in chips, $3.70 bounty) 
Seat 3: C63s Edition-1 (14905 in chips, $9.25 bounty) 
Seat 4: Mahu2021 (4908 in chips, $3.70 bounty) 
Seat 5: memphis1rich (5154 in chips, $3.70 bounty) 
Seat 6: ak47107 (2998 in chips, $3.70 bounty) 
Seat 7: Luis poke187 (3754 in chips, $3.70 bounty) 
Seat 8: pokeralexus (11391 in chips, $3.70 bounty) 
Jalfo17: posts the ante 11
pappamerikano: posts the ante 11
C63s Edition-1: posts the ante 11
Mahu2021: posts the ante 11
memphis1rich: posts the ante 11
ak47107: posts the ante 11
Luis poke187: posts the ante 11
pokeralexus: posts the ante 11
Mahu2021: posts small blind 35
memphis1rich: posts big blind 70
*** HOLE CARDS ***
Dealt to Mahu2021 [4s 6s]
ak47107: folds 
Luis poke187: raises 105 to 175
pokeralexus: folds 
Jalfo17: folds 
pappamerikano: folds 
C63s Edition-1: calls 175
Mahu2021: calls 140
memphis1rich: folds 
*** FLOP *** [Qd 5d Ac]
Mahu2021: checks 
Luis poke187: bets 376
C63s Edition-1: calls 376
Mahu2021: folds 
*** TURN *** [Qd 5d Ac] [Ts]
Luis poke187: bets 700
C63s Edition-1: calls 700
*** RIVER *** [Qd 5d Ac Ts] [9s]
Luis poke187: bets 2492 and is all-in
C63s Edition-1: calls 2492
*** SHOW DOWN ***
Luis poke187: shows [As Ks] (a pair of Aces)
C63s Edition-1: shows [Ah 8h] (a pair of Aces - lower kicker)
Luis poke187 collected 7819 from pot
*** SUMMARY ***
Total pot 7819 | Rake 0 
Board [Qd 5d Ac Ts 9s]
Seat 1: Jalfo17 folded before Flop (didn't bet)
Seat 2: pappamerikano folded before Flop (didn't bet)
Seat 3: C63s Edition-1 (button) showed [Ah 8h] and lost with a pair of Aces
Seat 4: Mahu2021 (small blind) folded on the Flop
Seat 5: memphis1rich (big blind) folded before Flop
Seat 6: ak47107 folded before Flop (didn't bet)
Seat 7: Luis poke187 showed [As Ks] and won (7819) with a pair of Aces
Seat 8: pokeralexus folded before Flop (didn't bet)



PokerStars Hand #248102082894: Tournament #3694939405, $1.20+$3.70+$0.60 USD Hold'em No Limit - Level III (35/70) - 2024/01/06 17:51:52 CET [2024/01/06 11:51:52 ET]
Table '3694939405 204' 8-max Seat #4 is the button
Seat 1: Jalfo17 (4901 in chips, $3.70 bounty) 
Seat 2: pappamerikano (9265 in chips, $3.70 bounty) 
Seat 3: C63s Edition-1 (11151 in chips, $9.25 bounty) 
Seat 4: Mahu2021 (4722 in chips, $3.70 bounty) 
Seat 5: memphis1rich (5073 in chips, $3.70 bounty) 
Seat 6: ak47107 (2987 in chips, $3.70 bounty) 
Seat 7: Luis poke187 (7819 in chips, $3.70 bounty) 
Seat 8: pokeralexus (11380 in chips, $3.70 bounty) 
Jalfo17: posts the ante 11
pappamerikano: posts the ante 11
C63s Edition-1: posts the ante 11
Mahu2021: posts the ante 11
memphis1rich: posts the ante 11
ak47107: posts the ante 11
Luis poke187: posts the ante 11
pokeralexus: posts the ante 11
memphis1rich: posts small blind 35
ak47107: posts big blind 70
*** HOLE CARDS ***
Dealt to Mahu2021 [9c 7d]
Luis poke187: folds 
pokeralexus: folds 
Jalfo17: raises 70 to 140
pappamerikano: calls 140
C63s Edition-1: folds 
Mahu2021: folds 
memphis1rich: folds 
ak47107: folds 
*** FLOP *** [3d Qs Js]
Jalfo17: checks 
pappamerikano: bets 142
Jalfo17: folds 
Uncalled bet (142) returned to pappamerikano
pappamerikano collected 473 from pot
pappamerikano: doesn't show hand 
*** SUMMARY ***
Total pot 473 | Rake 0 
Board [3d Qs Js]
Seat 1: Jalfo17 folded on the Flop
Seat 2: pappamerikano collected (473)
Seat 3: C63s Edition-1 folded before Flop (didn't bet)
Seat 4: Mahu2021 (button) folded before Flop (didn't bet)
Seat 5: memphis1rich (small blind) folded before Flop
Seat 6: ak47107 (big blind) folded before Flop
Seat 7: Luis poke187 folded before Flop (didn't bet)
Seat 8: pokeralexus folded before Flop (didn't bet)



PokerStars Hand #248102092903: Tournament #3694939405, $1.20+$3.70+$0.60 USD Hold'em No Limit - Level III (35/70) - 2024/01/06 17:52:23 CET [2024/01/06 11:52:23 ET]
Table '3694939405 204' 8-max Seat #5 is the button
Seat 1: Jalfo17 (4750 in chips, $3.70 bounty) 
Seat 2: pappamerikano (9587 in chips, $3.70 bounty) 
Seat 3: C63s Edition-1 (11140 in chips, $9.25 bounty) 
Seat 4: Mahu2021 (4711 in chips, $3.70 bounty) 
Seat 5: memphis1rich (5027 in chips, $3.70 bounty) 
Seat 6: ak47107 (2906 in chips, $3.70 bounty) 
Seat 7: Luis poke187 (7808 in chips, $3.70 bounty) 
Seat 8: pokeralexus (11369 in chips, $3.70 bounty) 
Jalfo17: posts the ante 11
pappamerikano: posts the ante 11
C63s Edition-1: posts the ante 11
Mahu2021: posts the ante 11
memphis1rich: posts the ante 11
ak47107: posts the ante 11
Luis poke187: posts the ante 11
pokeralexus: posts the ante 11
ak47107: posts small blind 35
Luis poke187: posts big blind 70
*** HOLE CARDS ***
Dealt to Mahu2021 [Ts 5h]
pokeralexus: folds 
Jalfo17: raises 70 to 140
pappamerikano: folds 
C63s Edition-1: raises 140 to 280
Mahu2021: folds 
memphis1rich: folds 
ak47107: folds 
Luis poke187: folds 
Jalfo17: calls 140
*** FLOP *** [Kd 3c 2c]
Jalfo17: checks 
C63s Edition-1: bets 350
Jalfo17: folds 
Uncalled bet (350) returned to C63s Edition-1
C63s Edition-1 collected 753 from pot
*** SUMMARY ***
Total pot 753 | Rake 0 
Board [Kd 3c 2c]
Seat 1: Jalfo17 folded on the Flop
Seat 2: pappamerikano folded before Flop (didn't bet)
Seat 3: C63s Edition-1 collected (753)
Seat 4: Mahu2021 folded before Flop (didn't bet)
Seat 5: memphis1rich (button) folded before Flop (didn't bet)
Seat 6: ak47107 (small blind) folded before Flop
Seat 7: Luis poke187 (big blind) folded before Flop
Seat 8: pokeralexus folded before Flop (didn't bet)



PokerStars Hand #248102106060: Tournament #3694939405, $1.20+$3.70+$0.60 USD Hold'em No Limit - Level III (35/70) - 2024/01/06 17:53:03 CET [2024/01/06 11:53:03 ET]
Table '3694939405 204' 8-max Seat #6 is the button
Seat 1: Jalfo17 (4459 in chips, $3.70 bounty) 
Seat 2: pappamerikano (9576 in chips, $3.70 bounty) 
Seat 3: C63s Edition-1 (11602 in chips, $9.25 bounty) 
Seat 4: Mahu2021 (4700 in chips, $3.70 bounty) 
Seat 5: memphis1rich (5016 in chips, $3.70 bounty) 
Seat 6: ak47107 (2860 in chips, $3.70 bounty) 
Seat 7: Luis poke187 (7727 in chips, $3.70 bounty) 
Seat 8: pokeralexus (11358 in chips, $3.70 bounty) 
Jalfo17: posts the ante 11
pappamerikano: posts the ante 11
C63s Edition-1: posts the ante 11
Mahu2021: posts the ante 11
memphis1rich: posts the ante 11
ak47107: posts the ante 11
Luis poke187: posts the ante 11
pokeralexus: posts the ante 11
Luis poke187: posts small blind 35
pokeralexus: posts big blind 70
*** HOLE CARDS ***
Dealt to Mahu2021 [Qs 3d]
Jalfo17: folds 
pappamerikano: folds 
C63s Edition-1: raises 70 to 140
Mahu2021: folds 
memphis1rich: folds 
ak47107: raises 140 to 280
Luis poke187: folds 
pokeralexus: folds 
C63s Edition-1: calls 140
*** FLOP *** [2c 9d 4s]
C63s Edition-1: checks 
ak47107: checks 
*** TURN *** [2c 9d 4s] [5d]
C63s Edition-1: bets 210
ak47107: calls 210
*** RIVER *** [2c 9d 4s 5d] [7d]
C63s Edition-1: bets 210
ak47107: calls 210
*** SHOW DOWN ***
C63s Edition-1: shows [2d Ah] (a pair of Deuces)
ak47107: shows [7c Ac] (a pair of Sevens)
ak47107 collected 1593 from pot
*** SUMMARY ***
Total pot 1593 | Rake 0 
Board [2c 9d 4s 5d 7d]
Seat 1: Jalfo17 folded before Flop (didn't bet)
Seat 2: pappamerikano folded before Flop (didn't bet)
Seat 3: C63s Edition-1 showed [2d Ah] and lost with a pair of Deuces
Seat 4: Mahu2021 folded before Flop (didn't bet)
Seat 5: memphis1rich folded before Flop (didn't bet)
Seat 6: ak47107 (button) showed [7c Ac] and won (1593) with a pair of Sevens
Seat 7: Luis poke187 (small blind) folded before Flop
Seat 8: pokeralexus (big blind) folded before Flop



PokerStars Hand #248102121374: Tournament #3694939405, $1.20+$3.70+$0.60 USD Hold'em No Limit - Level III (35/70) - 2024/01/06 17:53:50 CET [2024/01/06 11:53:50 ET]
Table '3694939405 204' 8-max Seat #7 is the button
Seat 1: Jalfo17 (4448 in chips, $3.70 bounty) 
Seat 2: pappamerikano (9565 in chips, $3.70 bounty) 
Seat 3: C63s Edition-1 (10891 in chips, $9.25 bounty) 
Seat 4: Mahu2021 (4689 in chips, $3.70 bounty) 
Seat 5: memphis1rich (5005 in chips, $3.70 bounty) 
Seat 6: ak47107 (3742 in chips, $3.70 bounty) 
Seat 7: Luis poke187 (7681 in chips, $3.70 bounty) 
Seat 8: pokeralexus (11277 in chips, $3.70 bounty) 
Jalfo17: posts the ante 11
pappamerikano: posts the ante 11
C63s Edition-1: posts the ante 11
Mahu2021: posts the ante 11
memphis1rich: posts the ante 11
ak47107: posts the ante 11
Luis poke187: posts the ante 11
pokeralexus: posts the ante 11
pokeralexus: posts small blind 35
Jalfo17: posts big blind 70
*** HOLE CARDS ***
Dealt to Mahu2021 [Ts 9d]
pappamerikano: folds 
C63s Edition-1: calls 70
Mahu2021: folds 
memphis1rich: folds 
ak47107: raises 70 to 140
Luis poke187: folds 
pokeralexus: folds 
Jalfo17: calls 70
C63s Edition-1: calls 70
*** FLOP *** [Qd 4c Qh]
Jalfo17: checks 
C63s Edition-1: checks 
ak47107: checks 
*** TURN *** [Qd 4c Qh] [5c]
Jalfo17: checks 
C63s Edition-1: checks 
ak47107: checks 
*** RIVER *** [Qd 4c Qh 5c] [6s]
Jalfo17: checks 
C63s Edition-1: checks 
ak47107: checks 
*** SHOW DOWN ***
Jalfo17: shows [9s Ah] (a pair of Queens)
C63s Edition-1: mucks hand 
ak47107: mucks hand 
Jalfo17 collected 543 from pot
*** SUMMARY ***
Total pot 543 | Rake 0 
Board [Qd 4c Qh 5c 6s]
Seat 1: Jalfo17 (big blind) showed [9s Ah] and won (543) with a pair of Queens
Seat 2: pappamerikano folded before Flop (didn't bet)
Seat 3: C63s Edition-1 mucked [Th Kh]
Seat 4: Mahu2021 folded before Flop (didn't bet)
Seat 5: memphis1rich folded before Flop (didn't bet)
Seat 6: ak47107 mucked [Tc Jd]
Seat 7: Luis poke187 (button) folded before Flop (didn't bet)
Seat 8: pokeralexus (small blind) folded before Flop



PokerStars Hand #248102142894: Tournament #3694939405, $1.20+$3.70+$0.60 USD Hold'em No Limit - Level IV (40/80) - 2024/01/06 17:54:55 CET [2024/01/06 11:54:55 ET]
Table '3694939405 204' 8-max Seat #8 is the button
Seat 1: Jalfo17 (4840 in chips, $3.70 bounty) 
Seat 2: pappamerikano (9554 in chips, $3.70 bounty) 
Seat 3: C63s Edition-1 (10740 in chips, $9.25 bounty) 
Seat 4: Mahu2021 (4678 in chips, $3.70 bounty) 
Seat 5: memphis1rich (4994 in chips, $3.70 bounty) 
Seat 6: ak47107 (3591 in chips, $3.70 bounty) 
Seat 7: Luis poke187 (7670 in chips, $3.70 bounty) 
Seat 8: pokeralexus (11231 in chips, $3.70 bounty) 
Jalfo17: posts the ante 12
pappamerikano: posts the ante 12
C63s Edition-1: posts the ante 12
Mahu2021: posts the ante 12
memphis1rich: posts the ante 12
ak47107: posts the ante 12
Luis poke187: posts the ante 12
pokeralexus: posts the ante 12
Jalfo17: posts small blind 40
pappamerikano: posts big blind 80
*** HOLE CARDS ***
Dealt to Mahu2021 [2c 4c]
C63s Edition-1: folds 
Mahu2021: folds 
memphis1rich: folds 
ak47107: raises 160 to 240
Luis poke187: folds 
pokeralexus: folds 
Jalfo17: folds 
pappamerikano: folds 
Uncalled bet (160) returned to ak47107
ak47107 collected 296 from pot
*** SUMMARY ***
Total pot 296 | Rake 0 
Seat 1: Jalfo17 (small blind) folded before Flop
Seat 2: pappamerikano (big blind) folded before Flop
Seat 3: C63s Edition-1 folded before Flop (didn't bet)
Seat 4: Mahu2021 folded before Flop (didn't bet)
Seat 5: memphis1rich folded before Flop (didn't bet)
Seat 6: ak47107 collected (296)
Seat 7: Luis poke187 folded before Flop (didn't bet)
Seat 8: pokeralexus (button) folded before Flop (didn't bet)



PokerStars Hand #248102256047: Tournament #3694939405, $1.20+$3.70+$0.60 USD Hold'em No Limit - Level IV (40/80) - 2024/01/06 18:02:12 CET [2024/01/06 12:02:12 ET]
Table '3694939405 204' 8-max Seat #1 is the button
Seat 1: Jalfo17 (4788 in chips, $3.70 bounty) 
Seat 2: pappamerikano (9462 in chips, $3.70 bounty) 
Seat 3: C63s Edition-1 (10728 in chips, $9.25 bounty) 
Seat 4: Mahu2021 (4666 in chips, $3.70 bounty) 
Seat 5: memphis1rich (4982 in chips, $3.70 bounty) 
Seat 6: ak47107 (3795 in chips, $3.70 bounty) 
Seat 7: Luis poke187 (7658 in chips, $3.70 bounty) 
Seat 8: pokeralexus (11219 in chips, $3.70 bounty) 
Jalfo17: posts the ante 12
pappamerikano: posts the ante 12
C63s Edition-1: posts the ante 12
Mahu2021: posts the ante 12
memphis1rich: posts the ante 12
ak47107: posts the ante 12
Luis poke187: posts the ante 12
pokeralexus: posts the ante 12
pappamerikano: posts small blind 40
C63s Edition-1: posts big blind 80
*** HOLE CARDS ***
Dealt to Mahu2021 [5s Qh]
Mahu2021: folds 
memphis1rich: folds 
ak47107: raises 80 to 160
Luis poke187: folds 
pokeralexus: folds 
Jalfo17: folds 
pappamerikano: folds 
C63s Edition-1: folds 
Uncalled bet (80) returned to ak47107
ak47107 collected 296 from pot
*** SUMMARY ***
Total pot 296 | Rake 0 
Seat 1: Jalfo17 (button) folded before Flop (didn't bet)
Seat 2: pappamerikano (small blind) folded before Flop
Seat 3: C63s Edition-1 (big blind) folded before Flop
Seat 4: Mahu2021 folded before Flop (didn't bet)
Seat 5: memphis1rich folded before Flop (didn't bet)
Seat 6: ak47107 collected (296)
Seat 7: Luis poke187 folded before Flop (didn't bet)
Seat 8: pokeralexus folded before Flop (didn't bet)



PokerStars Hand #248102263579: Tournament #3694939405, $1.20+$3.70+$0.60 USD Hold'em No Limit - Level IV (40/80) - 2024/01/06 18:02:36 CET [2024/01/06 12:02:36 ET]
Table '3694939405 256' 8-max Seat #1 is the button
Seat 1: Fujfuj_Mele (8819 in chips, $5.55 bounty) 
Seat 2: vladimir f13 (5000 in chips, $3.70 bounty) 
Seat 3: lamate (5337 in chips, $3.70 bounty) 
Seat 4: Mahu2021 (4654 in chips, $3.70 bounty) 
Seat 8: Giuli.Garcia (5000 in chips, $3.70 bounty) 
Fujfuj_Mele: posts the ante 12
vladimir f13: posts the ante 12
lamate: posts the ante 12
Mahu2021: posts the ante 12
Giuli.Garcia: posts the ante 12
vladimir f13: posts small blind 40
lamate: posts big blind 80
*** HOLE CARDS ***
Dealt to Mahu2021 [6s 8c]
lamate is disconnected 
Mahu2021 is connected 
Mahu2021 is connected 
ReacTzZPS is disconnected 
Bririchka is disconnected 
Mahu2021: folds 
Giuli.Garcia: folds 
Fujfuj_Mele: folds 
vladimir f13: calls 40
lamate: checks 
*** FLOP *** [7c 8d 8h]
vladimir f13: bets 110
lamate: folds 
Uncalled bet (110) returned to vladimir f13
vladimir f13 collected 220 from pot
*** SUMMARY ***
Total pot 220 | Rake 0 
Board [7c 8d 8h]
Seat 1: Fujfuj_Mele (button) folded before Flop (didn't bet)
Seat 2: vladimir f13 (small blind) collected (220)
Seat 3: lamate (big blind) folded on the Flop
Seat 4: Mahu2021 folded before Flop (didn't bet)
Seat 8: Giuli.Garcia folded before Flop (didn't bet)



PokerStars Hand #248102270702: Tournament #3694939405, $1.20+$3.70+$0.60 USD Hold'em No Limit - Level IV (40/80) - 2024/01/06 18:02:58 CET [2024/01/06 12:02:58 ET]
Table '3694939405 256' 8-max Seat #2 is the button
Seat 1: Fujfuj_Mele (8807 in chips, $5.55 bounty) 
Seat 2: vladimir f13 (5128 in chips, $3.70 bounty) 
Seat 3: lamate (5245 in chips, $3.70 bounty) 
Seat 4: Mahu2021 (4642 in chips, $3.70 bounty) 
Seat 5: ReacTzZPS (8222 in chips, $5.55 bounty) 
Seat 6: Bririchka (5000 in chips, $3.70 bounty) 
Seat 7: RegisdeSouza (5000 in chips, $3.70 bounty) 
Seat 8: Giuli.Garcia (4988 in chips, $3.70 bounty) 
Fujfuj_Mele: posts the ante 12
vladimir f13: posts the ante 12
lamate: posts the ante 12
Mahu2021: posts the ante 12
ReacTzZPS: posts the ante 12
Bririchka: posts the ante 12
RegisdeSouza: posts the ante 12
Giuli.Garcia: posts the ante 12
lamate: posts small blind 40
Mahu2021: posts big blind 80
*** HOLE CARDS ***
Dealt to Mahu2021 [Qd Tc]
ReacTzZPS: folds 
Bririchka: raises 88 to 168
RegisdeSouza: folds 
Giuli.Garcia: calls 168
Fujfuj_Mele: calls 168
vladimir f13 is disconnected 
vladimir f13 is connected 
vladimir f13 is disconnected 
vladimir f13 is connected 
vladimir f13: folds 
lamate: folds 
Mahu2021: calls 88
*** FLOP *** [9c 3c 9d]
Mahu2021: checks 
Bririchka: bets 259
Giuli.Garcia: raises 516 to 775
Fujfuj_Mele: folds 
Mahu2021: folds 
Bririchka: calls 516
*** TURN *** [9c 3c 9d] [7s]
Bririchka: checks 
Giuli.Garcia: bets 1603
Bririchka: raises 2442 to 4045 and is all-in
Giuli.Garcia: calls 2430 and is all-in
Uncalled bet (12) returned to Bririchka
*** RIVER *** [9c 3c 9d 7s] [4d]
*** SHOW DOWN ***
Bririchka: shows [Qc Qh] (two pair, Queens and Nines)
Giuli.Garcia: shows [3s 3d] (a full house, Threes full of Nines)
Giuli.Garcia collected 10424 from pot
*** SUMMARY ***
Total pot 10424 | Rake 0 
Board [9c 3c 9d 7s 4d]
Seat 1: Fujfuj_Mele folded on the Flop
Seat 2: vladimir f13 (button) folded before Flop (didn't bet)
Seat 3: lamate (small blind) folded before Flop
Seat 4: Mahu2021 (big blind) folded on the Flop
Seat 5: ReacTzZPS folded before Flop (didn't bet)
Seat 6: Bririchka showed [Qc Qh] and lost with two pair, Queens and Nines
Seat 7: RegisdeSouza folded before Flop (didn't bet)
Seat 8: Giuli.Garcia showed [3s 3d] and won (10424) with a full house, Threes full of Nines



PokerStars Hand #248102308473: Tournament #3694939405, $1.20+$3.70+$0.60 USD Hold'em No Limit - Level IV (40/80) - 2024/01/06 18:04:51 CET [2024/01/06 12:04:51 ET]
Table '3694939405 256' 8-max Seat #3 is the button
Seat 1: Fujfuj_Mele (8627 in chips, $5.55 bounty) 
Seat 2: vladimir f13 (5116 in chips, $3.70 bounty) 
Seat 3: lamate (5193 in chips, $3.70 bounty) 
Seat 4: Mahu2021 (4462 in chips, $3.70 bounty) 
Seat 5: ReacTzZPS (8210 in chips, $5.55 bounty) 
Seat 6: Bririchka (12 in chips, $3.70 bounty) 
Seat 7: RegisdeSouza (4988 in chips, $3.70 bounty) 
Seat 8: Giuli.Garcia (10424 in chips, $3.70 bounty) 
Fujfuj_Mele: posts the ante 12
vladimir f13: posts the ante 12
lamate: posts the ante 12
Mahu2021: posts the ante 12
ReacTzZPS: posts the ante 12
Bririchka: posts the ante 12 and is all-in
RegisdeSouza: posts the ante 12
Giuli.Garcia: posts the ante 12
Mahu2021: posts small blind 40
ReacTzZPS: posts big blind 80
*** HOLE CARDS ***
Dealt to Mahu2021 [5c 6d]
RegisdeSouza: raises 240 to 320
Giuli.Garcia: folds 
Fujfuj_Mele: folds 
vladimir f13: calls 320
lamate: folds 
Mahu2021: calls 280
ReacTzZPS: folds 
*** FLOP *** [8c Qd 4s]
Mahu2021: checks 
RegisdeSouza: bets 400
vladimir f13: folds 
Mahu2021: calls 400
*** TURN *** [8c Qd 4s] [2h]
Mahu2021: checks 
RegisdeSouza: bets 480
Mahu2021: calls 480
*** RIVER *** [8c Qd 4s 2h] [5s]
Mahu2021: checks 
RegisdeSouza: checks 
*** SHOW DOWN ***
Mahu2021: shows [5c 6d] (a pair of Fives)
RegisdeSouza: shows [8h Jc] (a pair of Eights)
RegisdeSouza collected 2800 from side pot
Bririchka: shows [Js Jd] (a pair of Jacks)
Bririchka collected 96 from main pot
*** SUMMARY ***
Total pot 2896 Main pot 96. Side pot 2800. | Rake 0 
Board [8c Qd 4s 2h 5s]
Seat 1: Fujfuj_Mele folded before Flop (didn't bet)
Seat 2: vladimir f13 folded on the Flop
Seat 3: lamate (button) folded before Flop (didn't bet)
Seat 4: Mahu2021 (small blind) showed [5c 6d] and lost with a pair of Fives
Seat 5: ReacTzZPS (big blind) folded before Flop
Seat 6: Bririchka showed [Js Jd] and won (96) with a pair of Jacks
Seat 7: RegisdeSouza showed [8h Jc] and won (2800) with a pair of Eights
Seat 8: Giuli.Garcia folded before Flop (didn't bet)



PokerStars Hand #248102332056: Tournament #3694939405, $1.20+$3.70+$0.60 USD Hold'em No Limit - Level IV (40/80) - 2024/01/06 18:06:01 CET [2024/01/06 12:06:01 ET]
Table '3694939405 256' 8-max Seat #4 is the button
Seat 1: Fujfuj_Mele (8615 in chips, $5.55 bounty) 
Seat 2: vladimir f13 (4784 in chips, $3.70 bounty) 
Seat 3: lamate (5181 in chips, $3.70 bounty) 
Seat 4: Mahu2021 (3250 in chips, $3.70 bounty) 
Seat 5: ReacTzZPS (8118 in chips, $5.55 bounty) 
Seat 6: Bririchka (96 in chips, $3.70 bounty) 
Seat 7: RegisdeSouza (6576 in chips, $3.70 bounty) 
Seat 8: Giuli.Garcia (10412 in chips, $3.70 bounty) 
Fujfuj_Mele: posts the ante 12
vladimir f13: posts the ante 12
lamate: posts the ante 12
Mahu2021: posts the ante 12
ReacTzZPS: posts the ante 12
Bririchka: posts the ante 12
RegisdeSouza: posts the ante 12
Giuli.Garcia: posts the ante 12
ReacTzZPS: posts small blind 40
Bririchka: posts big blind 80
*** HOLE CARDS ***
Dealt to Mahu2021 [6c 2h]
RegisdeSouza: raises 160 to 240
Giuli.Garcia: folds 
Fujfuj_Mele: calls 240
vladimir f13: calls 240
lamate: folds 
Mahu2021: folds 
ReacTzZPS: folds 
Bririchka: calls 4 and is all-in
*** FLOP *** [7c 7s 5h]
RegisdeSouza: bets 160
Fujfuj_Mele: calls 160
vladimir f13: calls 160
*** TURN *** [7c 7s 5h] [4h]
RegisdeSouza: bets 160
Fujfuj_Mele: calls 160
vladimir f13: calls 160
*** RIVER *** [7c 7s 5h 4h] [3d]
RegisdeSouza: checks 
Fujfuj_Mele: checks 
vladimir f13: checks 
*** SHOW DOWN ***
RegisdeSouza: shows [Tc Qc] (a pair of Sevens)
Fujfuj_Mele: mucks hand 
vladimir f13: shows [Js As] (a pair of Sevens - Ace kicker)
vladimir f13 collected 1428 from side pot
Bririchka: shows [Kd 6h] (a straight, Three to Seven)
Bririchka collected 472 from main pot
*** SUMMARY ***
Total pot 1900 Main pot 472. Side pot 1428. | Rake 0 
Board [7c 7s 5h 4h 3d]
Seat 1: Fujfuj_Mele mucked [Jd 9d]
Seat 2: vladimir f13 showed [Js As] and won (1428) with a pair of Sevens
Seat 3: lamate folded before Flop (didn't bet)
Seat 4: Mahu2021 (button) folded before Flop (didn't bet)
Seat 5: ReacTzZPS (small blind) folded before Flop
Seat 6: Bririchka (big blind) showed [Kd 6h] and won (472) with a straight, Three to Seven
Seat 7: RegisdeSouza showed [Tc Qc] and lost with a pair of Sevens
Seat 8: Giuli.Garcia folded before Flop (didn't bet)



PokerStars Hand #248102354121: Tournament #3694939405, $1.20+$3.70+$0.60 USD Hold'em No Limit - Level IV (40/80) - 2024/01/06 18:07:07 CET [2024/01/06 12:07:07 ET]
Table '3694939405 256' 8-max Seat #5 is the button
Seat 1: Fujfuj_Mele (8043 in chips, $5.55 bounty) 
Seat 2: vladimir f13 (5640 in chips, $3.70 bounty) 
Seat 3: lamate (5169 in chips, $3.70 bounty) 
Seat 4: Mahu2021 (3238 in chips, $3.70 bounty) 
Seat 5: ReacTzZPS (8066 in chips, $5.55 bounty) 
Seat 6: Bririchka (472 in chips, $3.70 bounty) 
Seat 7: RegisdeSouza (6004 in chips, $3.70 bounty) 
Seat 8: Giuli.Garcia (10400 in chips, $3.70 bounty) 
Fujfuj_Mele: posts the ante 12
vladimir f13: posts the ante 12
lamate: posts the ante 12
Mahu2021: posts the ante 12
ReacTzZPS: posts the ante 12
Bririchka: posts the ante 12
RegisdeSouza: posts the ante 12
Giuli.Garcia: posts the ante 12
Bririchka: posts small blind 40
RegisdeSouza: posts big blind 80
*** HOLE CARDS ***
Dealt to Mahu2021 [Ac 4h]
Giuli.Garcia: folds 
Fujfuj_Mele: raises 160 to 240
vladimir f13: folds 
lamate: raises 696 to 936
Mahu2021: folds 
ReacTzZPS: folds 
Bririchka: folds 
RegisdeSouza: folds 
Fujfuj_Mele: calls 696
*** FLOP *** [3d 5c 7s]
Fujfuj_Mele: checks 
lamate: bets 689
Fujfuj_Mele: calls 689
*** TURN *** [3d 5c 7s] [Js]
Fujfuj_Mele: checks 
lamate: bets 1144
Fujfuj_Mele: calls 1144
*** RIVER *** [3d 5c 7s Js] [5h]
Fujfuj_Mele: checks 
lamate: checks 
*** SHOW DOWN ***
Fujfuj_Mele: shows [8h 9h] (a pair of Fives)
lamate: shows [Ks Qs] (a pair of Fives - King kicker)
lamate collected 5754 from pot
*** SUMMARY ***
Total pot 5754 | Rake 0 
Board [3d 5c 7s Js 5h]
Seat 1: Fujfuj_Mele showed [8h 9h] and lost with a pair of Fives
Seat 2: vladimir f13 folded before Flop (didn't bet)
Seat 3: lamate showed [Ks Qs] and won (5754) with a pair of Fives
Seat 4: Mahu2021 folded before Flop (didn't bet)
Seat 5: ReacTzZPS (button) folded before Flop (didn't bet)
Seat 6: Bririchka (small blind) folded before Flop
Seat 7: RegisdeSouza (big blind) folded before Flop
Seat 8: Giuli.Garcia folded before Flop (didn't bet)



PokerStars Hand #248102380317: Tournament #3694939405, $1.20+$3.70+$0.60 USD Hold'em No Limit - Level IV (40/80) - 2024/01/06 18:08:25 CET [2024/01/06 12:08:25 ET]
Table '3694939405 256' 8-max Seat #6 is the button
Seat 1: Fujfuj_Mele (5262 in chips, $5.55 bounty) 
Seat 2: vladimir f13 (5628 in chips, $3.70 bounty) 
Seat 3: lamate (8142 in chips, $3.70 bounty) 
Seat 4: Mahu2021 (3226 in chips, $3.70 bounty) 
Seat 5: ReacTzZPS (8054 in chips, $5.55 bounty) 
Seat 6: Bririchka (420 in chips, $3.70 bounty) 
Seat 7: RegisdeSouza (5912 in chips, $3.70 bounty) 
Seat 8: Giuli.Garcia (10388 in chips, $3.70 bounty) 
Fujfuj_Mele: posts the ante 12
vladimir f13: posts the ante 12
lamate: posts the ante 12
Mahu2021: posts the ante 12
ReacTzZPS: posts the ante 12
Bririchka: posts the ante 12
RegisdeSouza: posts the ante 12
Giuli.Garcia: posts the ante 12
RegisdeSouza: posts small blind 40
Giuli.Garcia: posts big blind 80
*** HOLE CARDS ***
Dealt to Mahu2021 [2s 9h]
Fujfuj_Mele: folds 
vladimir f13: raises 80 to 160
lamate: folds 
Mahu2021: folds 
ReacTzZPS: folds 
Bririchka: folds 
RegisdeSouza: calls 120
Giuli.Garcia: folds 
*** FLOP *** [7s Jh 4h]
RegisdeSouza: checks 
vladimir f13: bets 496
RegisdeSouza: folds 
Uncalled bet (496) returned to vladimir f13
vladimir f13 collected 496 from pot
vladimir f13: doesn't show hand 
*** SUMMARY ***
Total pot 496 | Rake 0 
Board [7s Jh 4h]
Seat 1: Fujfuj_Mele folded before Flop (didn't bet)
Seat 2: vladimir f13 collected (496)
Seat 3: lamate folded before Flop (didn't bet)
Seat 4: Mahu2021 folded before Flop (didn't bet)
Seat 5: ReacTzZPS folded before Flop (didn't bet)
Seat 6: Bririchka (button) folded before Flop (didn't bet)
Seat 7: RegisdeSouza (small blind) folded on the Flop
Seat 8: Giuli.Garcia (big blind) folded before Flop



PokerStars Hand #248102395696: Tournament #3694939405, $1.20+$3.70+$0.60 USD Hold'em No Limit - Level V (45/90) - 2024/01/06 18:09:11 CET [2024/01/06 12:09:11 ET]
Table '3694939405 256' 8-max Seat #7 is the button
Seat 1: Fujfuj_Mele (5250 in chips, $5.55 bounty) 
Seat 2: vladimir f13 (5952 in chips, $3.70 bounty) 
Seat 3: lamate (8130 in chips, $3.70 bounty) 
Seat 4: Mahu2021 (3214 in chips, $3.70 bounty) 
Seat 5: ReacTzZPS (8042 in chips, $5.55 bounty) 
Seat 6: Bririchka (408 in chips, $3.70 bounty) 
Seat 7: RegisdeSouza (5740 in chips, $3.70 bounty) 
Seat 8: Giuli.Garcia (10296 in chips, $3.70 bounty) 
Fujfuj_Mele: posts the ante 14
vladimir f13: posts the ante 14
lamate: posts the ante 14
Mahu2021: posts the ante 14
ReacTzZPS: posts the ante 14
Bririchka: posts the ante 14
RegisdeSouza: posts the ante 14
Giuli.Garcia: posts the ante 14
Giuli.Garcia: posts small blind 45
Fujfuj_Mele: posts big blind 90
*** HOLE CARDS ***
Dealt to Mahu2021 [8d Th]
vladimir f13: calls 90
lamate: folds 
Mahu2021: folds 
ReacTzZPS: folds 
Bririchka: folds 
RegisdeSouza: calls 90
Giuli.Garcia: calls 45
Fujfuj_Mele: checks 
*** FLOP *** [7d Ts Ac]
Giuli.Garcia: checks 
Fujfuj_Mele: checks 
vladimir f13: bets 236
RegisdeSouza: folds 
Giuli.Garcia: folds 
Fujfuj_Mele: folds 
Uncalled bet (236) returned to vladimir f13
vladimir f13 collected 472 from pot
vladimir f13: doesn't show hand 
*** SUMMARY ***
Total pot 472 | Rake 0 
Board [7d Ts Ac]
Seat 1: Fujfuj_Mele (big blind) folded on the Flop
Seat 2: vladimir f13 collected (472)
Seat 3: lamate folded before Flop (didn't bet)
Seat 4: Mahu2021 folded before Flop (didn't bet)
Seat 5: ReacTzZPS folded before Flop (didn't bet)
Seat 6: Bririchka folded before Flop (didn't bet)
Seat 7: RegisdeSouza (button) folded on the Flop
Seat 8: Giuli.Garcia (small blind) folded on the Flop



PokerStars Hand #248102415939: Tournament #3694939405, $1.20+$3.70+$0.60 USD Hold'em No Limit - Level V (45/90) - 2024/01/06 18:10:12 CET [2024/01/06 12:10:12 ET]
Table '3694939405 256' 8-max Seat #8 is the button
Seat 1: Fujfuj_Mele (5146 in chips, $5.55 bounty) 
Seat 2: vladimir f13 (6320 in chips, $3.70 bounty) 
Seat 3: lamate (8116 in chips, $3.70 bounty) 
Seat 4: Mahu2021 (3200 in chips, $3.70 bounty) 
Seat 5: ReacTzZPS (8028 in chips, $5.55 bounty) 
Seat 6: Bririchka (394 in chips, $3.70 bounty) 
Seat 7: RegisdeSouza (5636 in chips, $3.70 bounty) 
Seat 8: Giuli.Garcia (10192 in chips, $3.70 bounty) 
Fujfuj_Mele: posts the ante 14
vladimir f13: posts the ante 14
lamate: posts the ante 14
Mahu2021: posts the ante 14
ReacTzZPS: posts the ante 14
Bririchka: posts the ante 14
RegisdeSouza: posts the ante 14
Giuli.Garcia: posts the ante 14
Fujfuj_Mele: posts small blind 45
vladimir f13: posts big blind 90
*** HOLE CARDS ***
Dealt to Mahu2021 [Qh 6s]
lamate: folds 
Mahu2021: folds 
ReacTzZPS: folds 
Bririchka: folds 
RegisdeSouza: raises 180 to 270
Giuli.Garcia: folds 
Fujfuj_Mele: folds 
vladimir f13: calls 180
*** FLOP *** [Kh 8d 8s]
vladimir f13: checks 
RegisdeSouza: checks 
*** TURN *** [Kh 8d 8s] [Jc]
vladimir f13: bets 349
RegisdeSouza: calls 349
*** RIVER *** [Kh 8d 8s Jc] [2c]
vladimir f13: bets 698
RegisdeSouza: folds 
Uncalled bet (698) returned to vladimir f13
vladimir f13 collected 1395 from pot
vladimir f13: doesn't show hand 
*** SUMMARY ***
Total pot 1395 | Rake 0 
Board [Kh 8d 8s Jc 2c]
Seat 1: Fujfuj_Mele (small blind) folded before Flop
Seat 2: vladimir f13 (big blind) collected (1395)
Seat 3: lamate folded before Flop (didn't bet)
Seat 4: Mahu2021 folded before Flop (didn't bet)
Seat 5: ReacTzZPS folded before Flop (didn't bet)
Seat 6: Bririchka folded before Flop (didn't bet)
Seat 7: RegisdeSouza folded on the River
Seat 8: Giuli.Garcia (button) folded before Flop (didn't bet)



PokerStars Hand #248102437113: Tournament #3694939405, $1.20+$3.70+$0.60 USD Hold'em No Limit - Level V (45/90) - 2024/01/06 18:11:14 CET [2024/01/06 12:11:14 ET]
Table '3694939405 256' 8-max Seat #1 is the button
Seat 1: Fujfuj_Mele (5087 in chips, $5.55 bounty) 
Seat 2: vladimir f13 (7082 in chips, $3.70 bounty) 
Seat 3: lamate (8102 in chips, $3.70 bounty) 
Seat 4: Mahu2021 (3186 in chips, $3.70 bounty) 
Seat 5: ReacTzZPS (8014 in chips, $5.55 bounty) 
Seat 6: Bririchka (380 in chips, $3.70 bounty) 
Seat 7: RegisdeSouza (5003 in chips, $3.70 bounty) 
Seat 8: Giuli.Garcia (10178 in chips, $3.70 bounty) 
Fujfuj_Mele: posts the ante 14
vladimir f13: posts the ante 14
lamate: posts the ante 14
Mahu2021: posts the ante 14
ReacTzZPS: posts the ante 14
Bririchka: posts the ante 14
RegisdeSouza: posts the ante 14
Giuli.Garcia: posts the ante 14
vladimir f13: posts small blind 45
lamate: posts big blind 90
*** HOLE CARDS ***
Dealt to Mahu2021 [4h 6h]
Mahu2021: folds 
ReacTzZPS: folds 
Bririchka: raises 276 to 366 and is all-in
RegisdeSouza: calls 366
Giuli.Garcia: folds 
Fujfuj_Mele: folds 
vladimir f13: folds 
lamate: folds 
*** FLOP *** [5s 2d Kc]
*** TURN *** [5s 2d Kc] [5d]
*** RIVER *** [5s 2d Kc 5d] [As]
*** SHOW DOWN ***
Bririchka: shows [7h Ks] (two pair, Kings and Fives)
RegisdeSouza: shows [8c 2h] (two pair, Fives and Deuces)
Bririchka collected 979 from pot
*** SUMMARY ***
Total pot 979 | Rake 0 
Board [5s 2d Kc 5d As]
Seat 1: Fujfuj_Mele (button) folded before Flop (didn't bet)
Seat 2: vladimir f13 (small blind) folded before Flop
Seat 3: lamate (big blind) folded before Flop
Seat 4: Mahu2021 folded before Flop (didn't bet)
Seat 5: ReacTzZPS folded before Flop (didn't bet)
Seat 6: Bririchka showed [7h Ks] and won (979) with two pair, Kings and Fives
Seat 7: RegisdeSouza showed [8c 2h] and lost with two pair, Fives and Deuces
Seat 8: Giuli.Garcia folded before Flop (didn't bet)



PokerStars Hand #248102450286: Tournament #3694939405, $1.20+$3.70+$0.60 USD Hold'em No Limit - Level V (45/90) - 2024/01/06 18:11:52 CET [2024/01/06 12:11:52 ET]
Table '3694939405 256' 8-max Seat #2 is the button
Seat 1: Fujfuj_Mele (5073 in chips, $5.55 bounty) 
Seat 2: vladimir f13 (7023 in chips, $3.70 bounty) 
Seat 3: lamate (7998 in chips, $3.70 bounty) 
Seat 4: Mahu2021 (3172 in chips, $3.70 bounty) 
Seat 5: ReacTzZPS (8000 in chips, $5.55 bounty) 
Seat 6: Bririchka (979 in chips, $3.70 bounty) 
Seat 7: RegisdeSouza (4623 in chips, $3.70 bounty) 
Seat 8: Giuli.Garcia (10164 in chips, $3.70 bounty) 
Fujfuj_Mele: posts the ante 14
vladimir f13: posts the ante 14
lamate: posts the ante 14
Mahu2021: posts the ante 14
ReacTzZPS: posts the ante 14
Bririchka: posts the ante 14
RegisdeSouza: posts the ante 14
Giuli.Garcia: posts the ante 14
lamate: posts small blind 45
Mahu2021: posts big blind 90
*** HOLE CARDS ***
Dealt to Mahu2021 [2d Kh]
ReacTzZPS: folds 
Bririchka: folds 
RegisdeSouza: calls 90
Giuli.Garcia: folds 
Fujfuj_Mele: calls 90
vladimir f13: calls 90
lamate: calls 45
Mahu2021: checks 
*** FLOP *** [Ks Qd 7h]
lamate: checks 
Mahu2021: bets 90
RegisdeSouza: folds 
Fujfuj_Mele: calls 90
vladimir f13: calls 90
lamate: folds 
*** TURN *** [Ks Qd 7h] [9c]
Mahu2021: checks 
Fujfuj_Mele: bets 832
vladimir f13: calls 832
Mahu2021: folds 
*** RIVER *** [Ks Qd 7h 9c] [Jh]
Fujfuj_Mele: checks 
vladimir f13: checks 
*** SHOW DOWN ***
Fujfuj_Mele: shows [9s Qh] (two pair, Queens and Nines)
vladimir f13: mucks hand 
Fujfuj_Mele collected 2496 from pot
*** SUMMARY ***
Total pot 2496 | Rake 0 
Board [Ks Qd 7h 9c Jh]
Seat 1: Fujfuj_Mele showed [9s Qh] and won (2496) with two pair, Queens and Nines
Seat 2: vladimir f13 (button) mucked [Kc 6s]
Seat 3: lamate (small blind) folded on the Flop
Seat 4: Mahu2021 (big blind) folded on the Turn
Seat 5: ReacTzZPS folded before Flop (didn't bet)
Seat 6: Bririchka folded before Flop (didn't bet)
Seat 7: RegisdeSouza folded on the Flop
Seat 8: Giuli.Garcia folded before Flop (didn't bet)



PokerStars Hand #248102473136: Tournament #3694939405, $1.20+$3.70+$0.60 USD Hold'em No Limit - Level V (45/90) - 2024/01/06 18:12:59 CET [2024/01/06 12:12:59 ET]
Table '3694939405 256' 8-max Seat #3 is the button
Seat 1: Fujfuj_Mele (6543 in chips, $5.55 bounty) 
Seat 2: vladimir f13 (5997 in chips, $3.70 bounty) 
Seat 3: lamate (7894 in chips, $3.70 bounty) 
Seat 4: Mahu2021 (2978 in chips, $3.70 bounty) 
Seat 5: ReacTzZPS (7986 in chips, $5.55 bounty) 
Seat 6: Bririchka (965 in chips, $3.70 bounty) 
Seat 7: RegisdeSouza (4519 in chips, $3.70 bounty) 
Seat 8: Giuli.Garcia (10150 in chips, $3.70 bounty) 
Fujfuj_Mele: posts the ante 14
vladimir f13: posts the ante 14
lamate: posts the ante 14
Mahu2021: posts the ante 14
ReacTzZPS: posts the ante 14
Bririchka: posts the ante 14
RegisdeSouza: posts the ante 14
Giuli.Garcia: posts the ante 14
Mahu2021: posts small blind 45
ReacTzZPS: posts big blind 90
*** HOLE CARDS ***
Dealt to Mahu2021 [4d Js]
Bririchka: raises 861 to 951 and is all-in
RegisdeSouza: folds 
Giuli.Garcia: raises 861 to 1812
Fujfuj_Mele: folds 
vladimir f13: calls 1812
lamate: folds 
Mahu2021: folds 
ReacTzZPS: folds 
*** FLOP *** [9c Jh 6h]
Giuli.Garcia: bets 2700
vladimir f13: folds 
Uncalled bet (2700) returned to Giuli.Garcia
*** TURN *** [9c Jh 6h] [Td]
*** RIVER *** [9c Jh 6h Td] [9h]
*** SHOW DOWN ***
Giuli.Garcia: shows [Kd Ks] (two pair, Kings and Nines)
Giuli.Garcia collected 1722 from side pot
Bririchka: shows [Qd Jc] (two pair, Jacks and Nines)
Giuli.Garcia collected 3100 from main pot
Giuli.Garcia wins $1.85 for eliminating Bririchka and their own bounty increases by $1.85 to $5.55
Bririchka finished the tournament
*** SUMMARY ***
Total pot 4822 Main pot 3100. Side pot 1722. | Rake 0 
Board [9c Jh 6h Td 9h]
Seat 1: Fujfuj_Mele folded before Flop (didn't bet)
Seat 2: vladimir f13 folded on the Flop
Seat 3: lamate (button) folded before Flop (didn't bet)
Seat 4: Mahu2021 (small blind) folded before Flop
Seat 5: ReacTzZPS (big blind) folded before Flop
Seat 6: Bririchka showed [Qd Jc] and lost with two pair, Jacks and Nines
Seat 7: RegisdeSouza folded before Flop (didn't bet)
Seat 8: Giuli.Garcia showed [Kd Ks] and won (4822) with two pair, Kings and Nines



PokerStars Hand #248102496951: Tournament #3694939405, $1.20+$3.70+$0.60 USD Hold'em No Limit - Level V (45/90) - 2024/01/06 18:14:09 CET [2024/01/06 12:14:09 ET]
Table '3694939405 256' 8-max Seat #4 is the button
Seat 1: Fujfuj_Mele (6529 in chips, $5.55 bounty) 
Seat 2: vladimir f13 (4171 in chips, $3.70 bounty) 
Seat 3: lamate (7880 in chips, $3.70 bounty) 
Seat 4: Mahu2021 (2919 in chips, $3.70 bounty) 
Seat 5: ReacTzZPS (7882 in chips, $5.55 bounty) 
Seat 7: RegisdeSouza (4505 in chips, $3.70 bounty) 
Seat 8: Giuli.Garcia (13146 in chips, $5.55 bounty) 
Fujfuj_Mele: posts the ante 14
vladimir f13: posts the ante 14
lamate: posts the ante 14
Mahu2021: posts the ante 14
ReacTzZPS: posts the ante 14
RegisdeSouza: posts the ante 14
Giuli.Garcia: posts the ante 14
ReacTzZPS: posts small blind 45
RegisdeSouza: posts big blind 90
*** HOLE CARDS ***
Dealt to Mahu2021 [Jd Ts]
Giuli.Garcia: folds 
Fujfuj_Mele: folds 
vladimir f13: folds 
lamate: folds 
Mahu2021: raises 90 to 180
ReacTzZPS: folds 
RegisdeSouza: calls 90
*** FLOP *** [2h Ac Qc]
RegisdeSouza: checks 
Mahu2021: bets 180
RegisdeSouza: calls 180
*** TURN *** [2h Ac Qc] [3c]
RegisdeSouza: checks 
Mahu2021: bets 863
RegisdeSouza: raises 3268 to 4131 and is all-in
Mahu2021: folds 
Uncalled bet (3268) returned to RegisdeSouza
RegisdeSouza collected 2589 from pot
*** SUMMARY ***
Total pot 2589 | Rake 0 
Board [2h Ac Qc 3c]
Seat 1: Fujfuj_Mele folded before Flop (didn't bet)
Seat 2: vladimir f13 folded before Flop (didn't bet)
Seat 3: lamate folded before Flop (didn't bet)
Seat 4: Mahu2021 (button) folded on the Turn
Seat 5: ReacTzZPS (small blind) folded before Flop
Seat 7: RegisdeSouza (big blind) collected (2589)
Seat 8: Giuli.Garcia folded before Flop (didn't bet)



PokerStars Hand #248102513526: Tournament #3694939405, $1.20+$3.70+$0.60 USD Hold'em No Limit - Level V (45/90) - 2024/01/06 18:14:58 CET [2024/01/06 12:14:58 ET]
Table '3694939405 256' 8-max Seat #5 is the button
Seat 1: Fujfuj_Mele (6515 in chips, $5.55 bounty) 
Seat 2: vladimir f13 (4157 in chips, $3.70 bounty) 
Seat 3: lamate (7866 in chips, $3.70 bounty) 
Seat 4: Mahu2021 (1682 in chips, $3.70 bounty) 
Seat 5: ReacTzZPS (7823 in chips, $5.55 bounty) 
Seat 7: RegisdeSouza (5857 in chips, $3.70 bounty) 
Seat 8: Giuli.Garcia (13132 in chips, $5.55 bounty) 
Fujfuj_Mele: posts the ante 14
vladimir f13: posts the ante 14
lamate: posts the ante 14
Mahu2021: posts the ante 14
ReacTzZPS: posts the ante 14
RegisdeSouza: posts the ante 14
Giuli.Garcia: posts the ante 14
RegisdeSouza: posts small blind 45
Giuli.Garcia: posts big blind 90
*** HOLE CARDS ***
Dealt to Mahu2021 [Ad Qd]
hooligan997 is disconnected 
Fujfuj_Mele: folds 
vladimir f13: calls 90
lamate: raises 180 to 270
Mahu2021: raises 1398 to 1668 and is all-in
ReacTzZPS: folds 
RegisdeSouza: folds 
Giuli.Garcia: folds 
vladimir f13: raises 2475 to 4143 and is all-in
lamate: folds 
Uncalled bet (2475) returned to vladimir f13
*** FLOP *** [7s Qs 7h]
*** TURN *** [7s Qs 7h] [Kh]
*** RIVER *** [7s Qs 7h Kh] [As]
*** SHOW DOWN ***
vladimir f13: shows [Jc Ah] (two pair, Aces and Sevens)
Mahu2021: shows [Ad Qd] (two pair, Aces and Queens)
Mahu2021 collected 3839 from pot
*** SUMMARY ***
Total pot 3839 | Rake 0 
Board [7s Qs 7h Kh As]
Seat 1: Fujfuj_Mele folded before Flop (didn't bet)
Seat 2: vladimir f13 showed [Jc Ah] and lost with two pair, Aces and Sevens
Seat 3: lamate folded before Flop
Seat 4: Mahu2021 showed [Ad Qd] and won (3839) with two pair, Aces and Queens
Seat 5: ReacTzZPS (button) folded before Flop (didn't bet)
Seat 7: RegisdeSouza (small blind) folded before Flop
Seat 8: Giuli.Garcia (big blind) folded before Flop



PokerStars Hand #248102533954: Tournament #3694939405, $1.20+$3.70+$0.60 USD Hold'em No Limit - Level V (45/90) - 2024/01/06 18:15:57 CET [2024/01/06 12:15:57 ET]
Table '3694939405 256' 8-max Seat #7 is the button
Seat 1: Fujfuj_Mele (6501 in chips, $5.55 bounty) 
Seat 2: vladimir f13 (2475 in chips, $3.70 bounty) 
Seat 3: lamate (7582 in chips, $3.70 bounty) 
Seat 4: Mahu2021 (3839 in chips, $3.70 bounty) 
Seat 5: ReacTzZPS (7809 in chips, $5.55 bounty) 
Seat 6: hooligan997 (5167 in chips, $3.70 bounty) 
Seat 7: RegisdeSouza (5798 in chips, $3.70 bounty) 
Seat 8: Giuli.Garcia (13028 in chips, $5.55 bounty) 
Fujfuj_Mele: posts the ante 14
vladimir f13: posts the ante 14
lamate: posts the ante 14
Mahu2021: posts the ante 14
ReacTzZPS: posts the ante 14
hooligan997: posts the ante 14
RegisdeSouza: posts the ante 14
Giuli.Garcia: posts the ante 14
Giuli.Garcia: posts small blind 45
Fujfuj_Mele: posts big blind 90
*** HOLE CARDS ***
Dealt to Mahu2021 [9h Kc]
vladimir f13: calls 90
lamate: folds 
Mahu2021: folds 
ReacTzZPS: folds 
hooligan997: folds 
RegisdeSouza: calls 90
Giuli.Garcia: folds 
Fujfuj_Mele: checks 
*** FLOP *** [8d 2d Tc]
Fujfuj_Mele: bets 427
vladimir f13: folds 
RegisdeSouza: folds 
Uncalled bet (427) returned to Fujfuj_Mele
Fujfuj_Mele collected 427 from pot
*** SUMMARY ***
Total pot 427 | Rake 0 
Board [8d 2d Tc]
Seat 1: Fujfuj_Mele (big blind) collected (427)
Seat 2: vladimir f13 folded on the Flop
Seat 3: lamate folded before Flop (didn't bet)
Seat 4: Mahu2021 folded before Flop (didn't bet)
Seat 5: ReacTzZPS folded before Flop (didn't bet)
Seat 6: hooligan997 folded before Flop (didn't bet)
Seat 7: RegisdeSouza (button) folded on the Flop
Seat 8: Giuli.Garcia (small blind) folded before Flop



PokerStars Hand #248102546075: Tournament #3694939405, $1.20+$3.70+$0.60 USD Hold'em No Limit - Level V (45/90) - 2024/01/06 18:16:32 CET [2024/01/06 12:16:32 ET]
Table '3694939405 256' 8-max Seat #8 is the button
Seat 1: Fujfuj_Mele (6824 in chips, $5.55 bounty) 
Seat 2: vladimir f13 (2371 in chips, $3.70 bounty) 
Seat 3: lamate (7568 in chips, $3.70 bounty) 
Seat 4: Mahu2021 (3825 in chips, $3.70 bounty) 
Seat 5: ReacTzZPS (7795 in chips, $5.55 bounty) 
Seat 6: hooligan997 (5153 in chips, $3.70 bounty) 
Seat 7: RegisdeSouza (5694 in chips, $3.70 bounty) 
Seat 8: Giuli.Garcia (12969 in chips, $5.55 bounty) 
Fujfuj_Mele: posts the ante 14
vladimir f13: posts the ante 14
lamate: posts the ante 14
Mahu2021: posts the ante 14
ReacTzZPS: posts the ante 14
hooligan997: posts the ante 14
RegisdeSouza: posts the ante 14
Giuli.Garcia: posts the ante 14
Fujfuj_Mele: posts small blind 45
vladimir f13: posts big blind 90
*** HOLE CARDS ***
Dealt to Mahu2021 [6s Qc]
lamate: folds 
Mahu2021: folds 
ReacTzZPS: folds 
hooligan997: raises 99 to 189
RegisdeSouza: calls 189
Giuli.Garcia: folds 
Fujfuj_Mele: folds 
vladimir f13: raises 2168 to 2357 and is all-in
hooligan997: folds 
RegisdeSouza: folds 
Uncalled bet (2168) returned to vladimir f13
vladimir f13 collected 724 from pot
vladimir f13: doesn't show hand 
*** SUMMARY ***
Total pot 724 | Rake 0 
Seat 1: Fujfuj_Mele (small blind) folded before Flop
Seat 2: vladimir f13 (big blind) collected (724)
Seat 3: lamate folded before Flop (didn't bet)
Seat 4: Mahu2021 folded before Flop (didn't bet)
Seat 5: ReacTzZPS folded before Flop (didn't bet)
Seat 6: hooligan997 folded before Flop
Seat 7: RegisdeSouza folded before Flop
Seat 8: Giuli.Garcia (button) folded before Flop (didn't bet)



PokerStars Hand #248102574634: Tournament #3694939405, $1.20+$3.70+$0.60 USD Hold'em No Limit - Level VI (50/100) - 2024/01/06 18:17:54 CET [2024/01/06 12:17:54 ET]
Table '3694939405 256' 8-max Seat #1 is the button
Seat 1: Fujfuj_Mele (6765 in chips, $5.55 bounty) 
Seat 2: vladimir f13 (2892 in chips, $3.70 bounty) 
Seat 3: lamate (7554 in chips, $3.70 bounty) 
Seat 4: Mahu2021 (3811 in chips, $3.70 bounty) 
Seat 5: ReacTzZPS (7781 in chips, $5.55 bounty) 
Seat 6: hooligan997 (4950 in chips, $3.70 bounty) 
Seat 7: RegisdeSouza (5491 in chips, $3.70 bounty) 
Seat 8: Giuli.Garcia (12955 in chips, $5.55 bounty) 
Fujfuj_Mele: posts the ante 15
vladimir f13: posts the ante 15
lamate: posts the ante 15
Mahu2021: posts the ante 15
ReacTzZPS: posts the ante 15
hooligan997: posts the ante 15
RegisdeSouza: posts the ante 15
Giuli.Garcia: posts the ante 15
vladimir f13: posts small blind 50
lamate: posts big blind 100
*** HOLE CARDS ***
Dealt to Mahu2021 [Th 3h]
Mahu2021: folds 
ReacTzZPS: folds 
hooligan997: folds 
RegisdeSouza: folds 
Giuli.Garcia: raises 150 to 250
Fujfuj_Mele: folds 
vladimir f13: calls 200
lamate: folds 
*** FLOP *** [Ad Jd 8c]
vladimir f13: bets 2627 and is all-in
Giuli.Garcia: folds 
Uncalled bet (2627) returned to vladimir f13
vladimir f13 collected 720 from pot
vladimir f13: doesn't show hand 
*** SUMMARY ***
Total pot 720 | Rake 0 
Board [Ad Jd 8c]
Seat 1: Fujfuj_Mele (button) folded before Flop (didn't bet)
Seat 2: vladimir f13 (small blind) collected (720)
Seat 3: lamate (big blind) folded before Flop
Seat 4: Mahu2021 folded before Flop (didn't bet)
Seat 5: ReacTzZPS folded before Flop (didn't bet)
Seat 6: hooligan997 folded before Flop (didn't bet)
Seat 7: RegisdeSouza folded before Flop (didn't bet)
Seat 8: Giuli.Garcia folded on the Flop



PokerStars Hand #248102589739: Tournament #3694939405, $1.20+$3.70+$0.60 USD Hold'em No Limit - Level VI (50/100) - 2024/01/06 18:18:38 CET [2024/01/06 12:18:38 ET]
Table '3694939405 256' 8-max Seat #2 is the button
Seat 1: Fujfuj_Mele (6750 in chips, $5.55 bounty) 
Seat 2: vladimir f13 (3347 in chips, $3.70 bounty) 
Seat 3: lamate (7439 in chips, $3.70 bounty) 
Seat 4: Mahu2021 (3796 in chips, $3.70 bounty) 
Seat 5: ReacTzZPS (7766 in chips, $5.55 bounty) 
Seat 6: hooligan997 (4935 in chips, $3.70 bounty) 
Seat 7: RegisdeSouza (5476 in chips, $3.70 bounty) 
Seat 8: Giuli.Garcia (12690 in chips, $5.55 bounty) 
Fujfuj_Mele: posts the ante 15
vladimir f13: posts the ante 15
lamate: posts the ante 15
Mahu2021: posts the ante 15
ReacTzZPS: posts the ante 15
hooligan997: posts the ante 15
RegisdeSouza: posts the ante 15
Giuli.Garcia: posts the ante 15
lamate: posts small blind 50
Mahu2021: posts big blind 100
*** HOLE CARDS ***
Dealt to Mahu2021 [Kd 3s]
ReacTzZPS: folds 
hooligan997: folds 
RegisdeSouza: calls 100
Giuli.Garcia: folds 
Fujfuj_Mele: calls 100
vladimir f13: calls 100
lamate: folds 
Mahu2021: checks 
*** FLOP *** [4d 4c 9s]
Mahu2021: checks 
RegisdeSouza: checks 
Fujfuj_Mele: checks 
vladimir f13: checks 
*** TURN *** [4d 4c 9s] [5c]
Mahu2021: checks 
RegisdeSouza: checks 
Fujfuj_Mele: bets 570
vladimir f13: calls 570
Mahu2021: folds 
RegisdeSouza: folds 
*** RIVER *** [4d 4c 9s 5c] [8h]
Fujfuj_Mele: bets 1710
vladimir f13: raises 952 to 2662 and is all-in
Fujfuj_Mele: calls 952
*** SHOW DOWN ***
vladimir f13: shows [5d 4h] (a full house, Fours full of Fives)
Fujfuj_Mele: shows [9h 7h] (two pair, Nines and Fours)
vladimir f13 collected 7034 from pot
*** SUMMARY ***
Total pot 7034 | Rake 0 
Board [4d 4c 9s 5c 8h]
Seat 1: Fujfuj_Mele showed [9h 7h] and lost with two pair, Nines and Fours
Seat 2: vladimir f13 (button) showed [5d 4h] and won (7034) with a full house, Fours full of Fives
Seat 3: lamate (small blind) folded before Flop
Seat 4: Mahu2021 (big blind) folded on the Turn
Seat 5: ReacTzZPS folded before Flop (didn't bet)
Seat 6: hooligan997 folded before Flop (didn't bet)
Seat 7: RegisdeSouza folded on the Turn
Seat 8: Giuli.Garcia folded before Flop (didn't bet)



PokerStars Hand #248102614372: Tournament #3694939405, $1.20+$3.70+$0.60 USD Hold'em No Limit - Level VI (50/100) - 2024/01/06 18:19:49 CET [2024/01/06 12:19:49 ET]
Table '3694939405 256' 8-max Seat #3 is the button
Seat 1: Fujfuj_Mele (3403 in chips, $5.55 bounty) 
Seat 2: vladimir f13 (7034 in chips, $3.70 bounty) 
Seat 3: lamate (7374 in chips, $3.70 bounty) 
Seat 4: Mahu2021 (3681 in chips, $3.70 bounty) 
Seat 5: ReacTzZPS (7751 in chips, $5.55 bounty) 
Seat 6: hooligan997 (4920 in chips, $3.70 bounty) 
Seat 7: RegisdeSouza (5361 in chips, $3.70 bounty) 
Seat 8: Giuli.Garcia (12675 in chips, $5.55 bounty) 
Fujfuj_Mele: posts the ante 15
vladimir f13: posts the ante 15
lamate: posts the ante 15
Mahu2021: posts the ante 15
ReacTzZPS: posts the ante 15
hooligan997: posts the ante 15
RegisdeSouza: posts the ante 15
Giuli.Garcia: posts the ante 15
Mahu2021: posts small blind 50
ReacTzZPS: posts big blind 100
*** HOLE CARDS ***
Dealt to Mahu2021 [7c 5h]
hooligan997: folds 
RegisdeSouza: calls 100
Giuli.Garcia: raises 200 to 300
Fujfuj_Mele: folds 
vladimir f13: calls 300
lamate: folds 
Mahu2021: folds 
ReacTzZPS: folds 
RegisdeSouza: calls 200
*** FLOP *** [Qc Js 6h]
RegisdeSouza: checks 
Giuli.Garcia: bets 386
vladimir f13: calls 386
RegisdeSouza: calls 386
*** TURN *** [Qc Js 6h] [7h]
RegisdeSouza: checks 
Giuli.Garcia: checks 
vladimir f13: checks 
*** RIVER *** [Qc Js 6h 7h] [4c]
RegisdeSouza: checks 
Giuli.Garcia: checks 
vladimir f13: checks 
*** SHOW DOWN ***
RegisdeSouza: shows [8d 9c] (high card Queen)
Giuli.Garcia: shows [As Th] (high card Ace)
vladimir f13: shows [Ac Kc] (high card Ace - King kicker)
vladimir f13 collected 2328 from pot
*** SUMMARY ***
Total pot 2328 | Rake 0 
Board [Qc Js 6h 7h 4c]
Seat 1: Fujfuj_Mele folded before Flop (didn't bet)
Seat 2: vladimir f13 showed [Ac Kc] and won (2328) with high card Ace
Seat 3: lamate (button) folded before Flop (didn't bet)
Seat 4: Mahu2021 (small blind) folded before Flop
Seat 5: ReacTzZPS (big blind) folded before Flop
Seat 6: hooligan997 folded before Flop (didn't bet)
Seat 7: RegisdeSouza showed [8d 9c] and lost with high card Queen
Seat 8: Giuli.Garcia showed [As Th] and lost with high card Ace



PokerStars Hand #248102641213: Tournament #3694939405, $1.20+$3.70+$0.60 USD Hold'em No Limit - Level VI (50/100) - 2024/01/06 18:21:07 CET [2024/01/06 12:21:07 ET]
Table '3694939405 256' 8-max Seat #4 is the button
Seat 1: Fujfuj_Mele (3388 in chips, $5.55 bounty) 
Seat 2: vladimir f13 (8661 in chips, $3.70 bounty) 
Seat 3: lamate (7359 in chips, $3.70 bounty) 
Seat 4: Mahu2021 (3616 in chips, $3.70 bounty) 
Seat 5: ReacTzZPS (7636 in chips, $5.55 bounty) 
Seat 6: hooligan997 (4905 in chips, $3.70 bounty) 
Seat 7: RegisdeSouza (4660 in chips, $3.70 bounty) 
Seat 8: Giuli.Garcia (11974 in chips, $5.55 bounty) 
Fujfuj_Mele: posts the ante 15
vladimir f13: posts the ante 15
lamate: posts the ante 15
Mahu2021: posts the ante 15
ReacTzZPS: posts the ante 15
hooligan997: posts the ante 15
RegisdeSouza: posts the ante 15
Giuli.Garcia: posts the ante 15
ReacTzZPS: posts small blind 50
hooligan997: posts big blind 100
*** HOLE CARDS ***
Dealt to Mahu2021 [4c Kc]
RegisdeSouza: folds 
Giuli.Garcia: folds 
Fujfuj_Mele: calls 100
vladimir f13: calls 100
lamate: raises 300 to 400
Mahu2021: folds 
ReacTzZPS: folds 
hooligan997: folds 
Fujfuj_Mele: calls 300
vladimir f13: calls 300
*** FLOP *** [Th 3c 6h]
Fujfuj_Mele: bets 2973 and is all-in
vladimir f13: calls 2973
lamate: raises 3971 to 6944 and is all-in
vladimir f13: calls 3971
*** TURN *** [Th 3c 6h] [Kd]
*** RIVER *** [Th 3c 6h Kd] [Kh]
*** SHOW DOWN ***
vladimir f13: shows [6s 8d] (two pair, Kings and Sixes)
lamate: shows [Ah Td] (two pair, Kings and Tens)
lamate collected 7942 from side pot
Fujfuj_Mele: shows [Ac Ts] (two pair, Kings and Tens)
Fujfuj_Mele collected 5195 from main pot
lamate collected 5194 from main pot
*** SUMMARY ***
Total pot 18331 Main pot 10389. Side pot 7942. | Rake 0 
Board [Th 3c 6h Kd Kh]
Seat 1: Fujfuj_Mele showed [Ac Ts] and won (5195) with two pair, Kings and Tens
Seat 2: vladimir f13 showed [6s 8d] and lost with two pair, Kings and Sixes
Seat 3: lamate showed [Ah Td] and won (13136) with two pair, Kings and Tens
Seat 4: Mahu2021 (button) folded before Flop (didn't bet)
Seat 5: ReacTzZPS (small blind) folded before Flop
Seat 6: hooligan997 (big blind) folded before Flop
Seat 7: RegisdeSouza folded before Flop (didn't bet)
Seat 8: Giuli.Garcia folded before Flop (didn't bet)



PokerStars Hand #248102671675: Tournament #3694939405, $1.20+$3.70+$0.60 USD Hold'em No Limit - Level VI (50/100) - 2024/01/06 18:22:34 CET [2024/01/06 12:22:34 ET]
Table '3694939405 256' 8-max Seat #5 is the button
Seat 1: Fujfuj_Mele (5195 in chips, $5.55 bounty) 
Seat 2: vladimir f13 (1302 in chips, $3.70 bounty) 
Seat 3: lamate (13136 in chips, $3.70 bounty) 
Seat 4: Mahu2021 (3601 in chips, $3.70 bounty) 
Seat 5: ReacTzZPS (7571 in chips, $5.55 bounty) 
Seat 6: hooligan997 (4790 in chips, $3.70 bounty) 
Seat 7: RegisdeSouza (4645 in chips, $3.70 bounty) 
Seat 8: Giuli.Garcia (11959 in chips, $5.55 bounty) 
Fujfuj_Mele: posts the ante 15
vladimir f13: posts the ante 15
lamate: posts the ante 15
Mahu2021: posts the ante 15
ReacTzZPS: posts the ante 15
hooligan997: posts the ante 15
RegisdeSouza: posts the ante 15
Giuli.Garcia: posts the ante 15
hooligan997: posts small blind 50
RegisdeSouza: posts big blind 100
*** HOLE CARDS ***
Dealt to Mahu2021 [6c 5s]
Giuli.Garcia: folds 
Fujfuj_Mele: folds 
vladimir f13: folds 
lamate: folds 
Mahu2021: raises 100 to 200
ReacTzZPS: raises 400 to 600
hooligan997: raises 4175 to 4775 and is all-in
RegisdeSouza: folds 
Mahu2021: folds 
ReacTzZPS: folds 
Uncalled bet (4175) returned to hooligan997
hooligan997 collected 1620 from pot
hooligan997: doesn't show hand 
*** SUMMARY ***
Total pot 1620 | Rake 0 
Seat 1: Fujfuj_Mele folded before Flop (didn't bet)
Seat 2: vladimir f13 folded before Flop (didn't bet)
Seat 3: lamate folded before Flop (didn't bet)
Seat 4: Mahu2021 folded before Flop
Seat 5: ReacTzZPS (button) folded before Flop
Seat 6: hooligan997 (small blind) collected (1620)
Seat 7: RegisdeSouza (big blind) folded before Flop
Seat 8: Giuli.Garcia folded before Flop (didn't bet)



PokerStars Hand #248102693371: Tournament #3694939405, $1.20+$3.70+$0.60 USD Hold'em No Limit - Level VI (50/100) - 2024/01/06 18:23:37 CET [2024/01/06 12:23:37 ET]
Table '3694939405 256' 8-max Seat #6 is the button
Seat 1: Fujfuj_Mele (5180 in chips, $5.55 bounty) 
Seat 2: vladimir f13 (1287 in chips, $3.70 bounty) 
Seat 3: lamate (13121 in chips, $3.70 bounty) 
Seat 4: Mahu2021 (3386 in chips, $3.70 bounty) 
Seat 5: ReacTzZPS (6956 in chips, $5.55 bounty) 
Seat 6: hooligan997 (5795 in chips, $3.70 bounty) 
Seat 7: RegisdeSouza (4530 in chips, $3.70 bounty) 
Seat 8: Giuli.Garcia (11944 in chips, $5.55 bounty) 
Fujfuj_Mele: posts the ante 15
vladimir f13: posts the ante 15
lamate: posts the ante 15
Mahu2021: posts the ante 15
ReacTzZPS: posts the ante 15
hooligan997: posts the ante 15
RegisdeSouza: posts the ante 15
Giuli.Garcia: posts the ante 15
RegisdeSouza: posts small blind 50
Giuli.Garcia: posts big blind 100
*** HOLE CARDS ***
Dealt to Mahu2021 [Qc Jd]
Fujfuj_Mele: folds 
vladimir f13: folds 
lamate: folds 
Mahu2021: raises 100 to 200
ReacTzZPS: folds 
hooligan997: folds 
RegisdeSouza: calls 150
Giuli.Garcia: calls 100
*** FLOP *** [5c Qd 9c]
RegisdeSouza: checks 
Giuli.Garcia: checks 
Mahu2021: bets 720
RegisdeSouza: folds 
Giuli.Garcia: folds 
Uncalled bet (720) returned to Mahu2021
Mahu2021 collected 720 from pot
Mahu2021: doesn't show hand 
*** SUMMARY ***
Total pot 720 | Rake 0 
Board [5c Qd 9c]
Seat 1: Fujfuj_Mele folded before Flop (didn't bet)
Seat 2: vladimir f13 folded before Flop (didn't bet)
Seat 3: lamate folded before Flop (didn't bet)
Seat 4: Mahu2021 collected (720)
Seat 5: ReacTzZPS folded before Flop (didn't bet)
Seat 6: hooligan997 (button) folded before Flop (didn't bet)
Seat 7: RegisdeSouza (small blind) folded on the Flop
Seat 8: Giuli.Garcia (big blind) folded on the Flop



PokerStars Hand #248102713474: Tournament #3694939405, $1.20+$3.70+$0.60 USD Hold'em No Limit - Level VI (50/100) - 2024/01/06 18:24:36 CET [2024/01/06 12:24:36 ET]
Table '3694939405 256' 8-max Seat #7 is the button
Seat 1: Fujfuj_Mele (5165 in chips, $5.55 bounty) 
Seat 2: vladimir f13 (1272 in chips, $3.70 bounty) 
Seat 3: lamate (13106 in chips, $3.70 bounty) 
Seat 4: Mahu2021 (3891 in chips, $3.70 bounty) 
Seat 5: ReacTzZPS (6941 in chips, $5.55 bounty) 
Seat 6: hooligan997 (5780 in chips, $3.70 bounty) 
Seat 7: RegisdeSouza (4315 in chips, $3.70 bounty) 
Seat 8: Giuli.Garcia (11729 in chips, $5.55 bounty) 
Fujfuj_Mele: posts the ante 15
vladimir f13: posts the ante 15
lamate: posts the ante 15
Mahu2021: posts the ante 15
ReacTzZPS: posts the ante 15
hooligan997: posts the ante 15
RegisdeSouza: posts the ante 15
Giuli.Garcia: posts the ante 15
Giuli.Garcia: posts small blind 50
Fujfuj_Mele: posts big blind 100
*** HOLE CARDS ***
Dealt to Mahu2021 [Ac 6h]
vladimir f13: raises 1157 to 1257 and is all-in
lamate: folds 
Mahu2021: folds 
ReacTzZPS: folds 
hooligan997: calls 1257
RegisdeSouza: calls 1257
Giuli.Garcia: raises 10457 to 11714 and is all-in
Fujfuj_Mele: folds 
hooligan997: folds 
RegisdeSouza: folds 
Uncalled bet (10457) returned to Giuli.Garcia
*** FLOP *** [Tc 6c 2s]
*** TURN *** [Tc 6c 2s] [5c]
*** RIVER *** [Tc 6c 2s 5c] [Qh]
*** SHOW DOWN ***
Giuli.Garcia: shows [Th Td] (three of a kind, Tens)
vladimir f13: shows [Kh 9s] (high card King)
Giuli.Garcia collected 5248 from pot
Giuli.Garcia wins $1.85 for eliminating vladimir f13 and their own bounty increases by $1.85 to $7.40
vladimir f13 finished the tournament
*** SUMMARY ***
Total pot 5248 | Rake 0 
Board [Tc 6c 2s 5c Qh]
Seat 1: Fujfuj_Mele (big blind) folded before Flop
Seat 2: vladimir f13 showed [Kh 9s] and lost with high card King
Seat 3: lamate folded before Flop (didn't bet)
Seat 4: Mahu2021 folded before Flop (didn't bet)
Seat 5: ReacTzZPS folded before Flop (didn't bet)
Seat 6: hooligan997 folded before Flop
Seat 7: RegisdeSouza (button) folded before Flop
Seat 8: Giuli.Garcia (small blind) showed [Th Td] and won (5248) with three of a kind, Tens



PokerStars Hand #248102729789: Tournament #3694939405, $1.20+$3.70+$0.60 USD Hold'em No Limit - Level VII (60/120) - 2024/01/06 18:25:22 CET [2024/01/06 12:25:22 ET]
Table '3694939405 256' 8-max Seat #8 is the button
Seat 1: Fujfuj_Mele (5050 in chips, $5.55 bounty) 
Seat 3: lamate (13091 in chips, $3.70 bounty) 
Seat 4: Mahu2021 (3876 in chips, $3.70 bounty) 
Seat 5: ReacTzZPS (6926 in chips, $5.55 bounty) 
Seat 6: hooligan997 (4508 in chips, $3.70 bounty) 
Seat 7: RegisdeSouza (3043 in chips, $3.70 bounty) 
Seat 8: Giuli.Garcia (15705 in chips, $7.40 bounty) 
Fujfuj_Mele: posts the ante 18
lamate: posts the ante 18
Mahu2021: posts the ante 18
ReacTzZPS: posts the ante 18
hooligan997: posts the ante 18
RegisdeSouza: posts the ante 18
Giuli.Garcia: posts the ante 18
Fujfuj_Mele: posts small blind 60
lamate: posts big blind 120
*** HOLE CARDS ***
Dealt to Mahu2021 [9c Js]
Mahu2021: folds 
ReacTzZPS: folds 
hooligan997: folds 
Fedeshirov is disconnected 
RegisdeSouza: calls 120
Giuli.Garcia: calls 120
Fujfuj_Mele: calls 60
lamate: checks 
*** FLOP *** [5s 4s 9h]
Fujfuj_Mele: checks 
lamate: checks 
RegisdeSouza: bets 240
Giuli.Garcia: folds 
Fujfuj_Mele: folds 
lamate: folds 
Uncalled bet (240) returned to RegisdeSouza
RegisdeSouza collected 606 from pot
*** SUMMARY ***
Total pot 606 | Rake 0 
Board [5s 4s 9h]
Seat 1: Fujfuj_Mele (small blind) folded on the Flop
Seat 3: lamate (big blind) folded on the Flop
Seat 4: Mahu2021 folded before Flop (didn't bet)
Seat 5: ReacTzZPS folded before Flop (didn't bet)
Seat 6: hooligan997 folded before Flop (didn't bet)
Seat 7: RegisdeSouza collected (606)
Seat 8: Giuli.Garcia (button) folded on the Flop



PokerStars Hand #248102748909: Tournament #3694939405, $1.20+$3.70+$0.60 USD Hold'em No Limit - Level VII (60/120) - 2024/01/06 18:26:18 CET [2024/01/06 12:26:18 ET]
Table '3694939405 256' 8-max Seat #1 is the button
Seat 1: Fujfuj_Mele (4912 in chips, $5.55 bounty) 
Seat 2: Fedeshirov (5000 in chips) out of hand (moved from another table into small blind)
Seat 3: lamate (12953 in chips, $3.70 bounty) 
Seat 4: Mahu2021 (3858 in chips, $3.70 bounty) 
Seat 5: ReacTzZPS (6908 in chips, $5.55 bounty) 
Seat 6: hooligan997 (4490 in chips, $3.70 bounty) 
Seat 7: RegisdeSouza (3511 in chips, $3.70 bounty) 
Seat 8: Giuli.Garcia (15567 in chips, $7.40 bounty) 
Fedeshirov will be allowed to play after the button
Fujfuj_Mele: posts the ante 18
lamate: posts the ante 18
Mahu2021: posts the ante 18
ReacTzZPS: posts the ante 18
hooligan997: posts the ante 18
RegisdeSouza: posts the ante 18
Giuli.Garcia: posts the ante 18
lamate: posts small blind 60
Mahu2021: posts big blind 120
*** HOLE CARDS ***
Dealt to Mahu2021 [8d Ad]
ReacTzZPS: folds 
hooligan997: folds 
RegisdeSouza: raises 240 to 360
Giuli.Garcia: folds 
Fujfuj_Mele: folds 
lamate: folds 
Mahu2021: calls 240
*** FLOP *** [3c 7s Ah]
Mahu2021: checks 
RegisdeSouza: bets 240
Mahu2021: calls 240
*** TURN *** [3c 7s Ah] [5c]
Mahu2021: checks 
RegisdeSouza: bets 240
Mahu2021: calls 240
*** RIVER *** [3c 7s Ah 5c] [Ac]
Mahu2021: checks 
RegisdeSouza: checks 
*** SHOW DOWN ***
Mahu2021: shows [8d Ad] (three of a kind, Aces)
RegisdeSouza: mucks hand 
Mahu2021 collected 1866 from pot
*** SUMMARY ***
Total pot 1866 | Rake 0 
Board [3c 7s Ah 5c Ac]
Seat 1: Fujfuj_Mele (button) folded before Flop (didn't bet)
Seat 3: lamate (small blind) folded before Flop
Seat 4: Mahu2021 (big blind) showed [8d Ad] and won (1866) with three of a kind, Aces
Seat 5: ReacTzZPS folded before Flop (didn't bet)
Seat 6: hooligan997 folded before Flop (didn't bet)
Seat 7: RegisdeSouza mucked [Js Jc]
Seat 8: Giuli.Garcia folded before Flop (didn't bet)



PokerStars Hand #248102761954: Tournament #3694939405, $1.20+$3.70+$0.60 USD Hold'em No Limit - Level VII (60/120) - 2024/01/06 18:26:55 CET [2024/01/06 12:26:55 ET]
Table '3694939405 256' 8-max Seat #3 is the button
Seat 1: Fujfuj_Mele (4894 in chips, $5.55 bounty) 
Seat 2: Fedeshirov (5000 in chips, $3.70 bounty) 
Seat 3: lamate (12875 in chips, $3.70 bounty) 
Seat 4: Mahu2021 (4866 in chips, $3.70 bounty) 
Seat 5: ReacTzZPS (6890 in chips, $5.55 bounty) 
Seat 6: hooligan997 (4472 in chips, $3.70 bounty) 
Seat 7: RegisdeSouza (2653 in chips, $3.70 bounty) 
Seat 8: Giuli.Garcia (15549 in chips, $7.40 bounty) 
Fujfuj_Mele: posts the ante 18
Fedeshirov: posts the ante 18
lamate: posts the ante 18
Mahu2021: posts the ante 18
ReacTzZPS: posts the ante 18
hooligan997: posts the ante 18
RegisdeSouza: posts the ante 18
Giuli.Garcia: posts the ante 18
Mahu2021: posts small blind 60
ReacTzZPS: posts big blind 120
*** HOLE CARDS ***
Dealt to Mahu2021 [8h 9h]
hooligan997: folds 
RegisdeSouza: folds 
Giuli.Garcia: folds 
Fujfuj_Mele: folds 
Fedeshirov: raises 120 to 240
lamate: folds 
Mahu2021: calls 180
ReacTzZPS: calls 120
*** FLOP *** [Kd 9c 7s]
Mahu2021: checks 
ReacTzZPS: checks 
Fedeshirov: bets 432
Mahu2021: folds 
ReacTzZPS: folds 
Uncalled bet (432) returned to Fedeshirov
Fedeshirov collected 864 from pot
*** SUMMARY ***
Total pot 864 | Rake 0 
Board [Kd 9c 7s]
Seat 1: Fujfuj_Mele folded before Flop (didn't bet)
Seat 2: Fedeshirov collected (864)
Seat 3: lamate (button) folded before Flop (didn't bet)
Seat 4: Mahu2021 (small blind) folded on the Flop
Seat 5: ReacTzZPS (big blind) folded on the Flop
Seat 6: hooligan997 folded before Flop (didn't bet)
Seat 7: RegisdeSouza folded before Flop (didn't bet)
Seat 8: Giuli.Garcia folded before Flop (didn't bet)



PokerStars Hand #248102778751: Tournament #3694939405, $1.20+$3.70+$0.60 USD Hold'em No Limit - Level VII (60/120) - 2024/01/06 18:27:44 CET [2024/01/06 12:27:44 ET]
Table '3694939405 256' 8-max Seat #4 is the button
Seat 1: Fujfuj_Mele (4876 in chips, $5.55 bounty) 
Seat 2: Fedeshirov (5606 in chips, $3.70 bounty) 
Seat 3: lamate (12857 in chips, $3.70 bounty) 
Seat 4: Mahu2021 (4608 in chips, $3.70 bounty) 
Seat 5: ReacTzZPS (6632 in chips, $5.55 bounty) 
Seat 6: hooligan997 (4454 in chips, $3.70 bounty) 
Seat 7: RegisdeSouza (2635 in chips, $3.70 bounty) 
Seat 8: Giuli.Garcia (15531 in chips, $7.40 bounty) 
Fujfuj_Mele: posts the ante 18
Fedeshirov: posts the ante 18
lamate: posts the ante 18
Mahu2021: posts the ante 18
ReacTzZPS: posts the ante 18
hooligan997: posts the ante 18
RegisdeSouza: posts the ante 18
Giuli.Garcia: posts the ante 18
ReacTzZPS: posts small blind 60
hooligan997: posts big blind 120
*** HOLE CARDS ***
Dealt to Mahu2021 [7h 8c]
RegisdeSouza: calls 120
Giuli.Garcia: folds 
Fujfuj_Mele: calls 120
Fedeshirov: folds 
lamate: folds 
Mahu2021: calls 120
ReacTzZPS: folds 
hooligan997: checks 
*** FLOP *** [4c 3h 9d]
hooligan997: checks 
RegisdeSouza: checks 
Fujfuj_Mele: checks 
Mahu2021: checks 
*** TURN *** [4c 3h 9d] [3d]
hooligan997: checks 
RegisdeSouza: bets 120
Fujfuj_Mele: folds 
Mahu2021: folds 
hooligan997: folds 
Uncalled bet (120) returned to RegisdeSouza
RegisdeSouza collected 684 from pot
*** SUMMARY ***
Total pot 684 | Rake 0 
Board [4c 3h 9d 3d]
Seat 1: Fujfuj_Mele folded on the Turn
Seat 2: Fedeshirov folded before Flop (didn't bet)
Seat 3: lamate folded before Flop (didn't bet)
Seat 4: Mahu2021 (button) folded on the Turn
Seat 5: ReacTzZPS (small blind) folded before Flop
Seat 6: hooligan997 (big blind) folded on the Turn
Seat 7: RegisdeSouza collected (684)
Seat 8: Giuli.Garcia folded before Flop (didn't bet)



PokerStars Hand #248102804418: Tournament #3694939405, $1.20+$3.70+$0.60 USD Hold'em No Limit - Level VII (60/120) - 2024/01/06 18:28:57 CET [2024/01/06 12:28:57 ET]
Table '3694939405 256' 8-max Seat #5 is the button
Seat 1: Fujfuj_Mele (4738 in chips, $5.55 bounty) 
Seat 2: Fedeshirov (5588 in chips, $3.70 bounty) 
Seat 3: lamate (12839 in chips, $3.70 bounty) 
Seat 4: Mahu2021 (4470 in chips, $3.70 bounty) 
Seat 5: ReacTzZPS (6554 in chips, $5.55 bounty) 
Seat 6: hooligan997 (4316 in chips, $3.70 bounty) 
Seat 7: RegisdeSouza (3181 in chips, $3.70 bounty) 
Seat 8: Giuli.Garcia (15513 in chips, $7.40 bounty) 
Fujfuj_Mele: posts the ante 18
Fedeshirov: posts the ante 18
lamate: posts the ante 18
Mahu2021: posts the ante 18
ReacTzZPS: posts the ante 18
hooligan997: posts the ante 18
RegisdeSouza: posts the ante 18
Giuli.Garcia: posts the ante 18
hooligan997: posts small blind 60
RegisdeSouza: posts big blind 120
*** HOLE CARDS ***
Dealt to Mahu2021 [5s 3s]
Giuli.Garcia: folds 
Fujfuj_Mele: folds 
Fedeshirov: folds 
lamate: folds 
Mahu2021: raises 120 to 240
ReacTzZPS: folds 
hooligan997: folds 
RegisdeSouza: calls 120
*** FLOP *** [5c 5d Qs]
RegisdeSouza: checks 
Mahu2021: bets 120
RegisdeSouza: folds 
Uncalled bet (120) returned to Mahu2021
Mahu2021 collected 684 from pot
Mahu2021: doesn't show hand 
*** SUMMARY ***
Total pot 684 | Rake 0 
Board [5c 5d Qs]
Seat 1: Fujfuj_Mele folded before Flop (didn't bet)
Seat 2: Fedeshirov folded before Flop (didn't bet)
Seat 3: lamate folded before Flop (didn't bet)
Seat 4: Mahu2021 collected (684)
Seat 5: ReacTzZPS (button) folded before Flop (didn't bet)
Seat 6: hooligan997 (small blind) folded before Flop
Seat 7: RegisdeSouza (big blind) folded on the Flop
Seat 8: Giuli.Garcia folded before Flop (didn't bet)



PokerStars Hand #248102827958: Tournament #3694939405, $1.20+$3.70+$0.60 USD Hold'em No Limit - Level VII (60/120) - 2024/01/06 18:30:05 CET [2024/01/06 12:30:05 ET]
Table '3694939405 256' 8-max Seat #6 is the button
Seat 1: Fujfuj_Mele (4720 in chips, $5.55 bounty) 
Seat 2: Fedeshirov (5570 in chips, $3.70 bounty) 
Seat 3: lamate (12821 in chips, $3.70 bounty) 
Seat 4: Mahu2021 (4896 in chips, $3.70 bounty) 
Seat 5: ReacTzZPS (6536 in chips, $5.55 bounty) 
Seat 6: hooligan997 (4238 in chips, $3.70 bounty) 
Seat 7: RegisdeSouza (2923 in chips, $3.70 bounty) 
Seat 8: Giuli.Garcia (15495 in chips, $7.40 bounty) 
Fujfuj_Mele: posts the ante 18
Fedeshirov: posts the ante 18
lamate: posts the ante 18
Mahu2021: posts the ante 18
ReacTzZPS: posts the ante 18
hooligan997: posts the ante 18
RegisdeSouza: posts the ante 18
Giuli.Garcia: posts the ante 18
RegisdeSouza: posts small blind 60
Giuli.Garcia: posts big blind 120
*** HOLE CARDS ***
Dealt to Mahu2021 [Qh 4s]
Fujfuj_Mele: folds 
Fedeshirov: raises 120 to 240
lamate: folds 
Mahu2021: folds 
ReacTzZPS: folds 
hooligan997: folds 
RegisdeSouza: calls 180
Giuli.Garcia: calls 120
*** FLOP *** [Th Ah 9c]
RegisdeSouza: checks 
Giuli.Garcia: checks 
Fedeshirov: bets 360
RegisdeSouza: calls 360
Giuli.Garcia: folds 
*** TURN *** [Th Ah 9c] [8d]
RegisdeSouza: checks 
Fedeshirov: checks 
*** RIVER *** [Th Ah 9c 8d] [Kc]
RegisdeSouza: checks 
Fedeshirov: checks 
*** SHOW DOWN ***
RegisdeSouza: shows [6c Ad] (a pair of Aces)
Fedeshirov: mucks hand 
RegisdeSouza collected 1584 from pot
*** SUMMARY ***
Total pot 1584 | Rake 0 
Board [Th Ah 9c 8d Kc]
Seat 1: Fujfuj_Mele folded before Flop (didn't bet)
Seat 2: Fedeshirov mucked [Jh Ts]
Seat 3: lamate folded before Flop (didn't bet)
Seat 4: Mahu2021 folded before Flop (didn't bet)
Seat 5: ReacTzZPS folded before Flop (didn't bet)
Seat 6: hooligan997 (button) folded before Flop (didn't bet)
Seat 7: RegisdeSouza (small blind) showed [6c Ad] and won (1584) with a pair of Aces
Seat 8: Giuli.Garcia (big blind) folded on the Flop



PokerStars Hand #248102853651: Tournament #3694939405, $1.20+$3.70+$0.60 USD Hold'em No Limit - Level VII (60/120) - 2024/01/06 18:31:16 CET [2024/01/06 12:31:16 ET]
Table '3694939405 256' 8-max Seat #7 is the button
Seat 1: Fujfuj_Mele (4702 in chips, $5.55 bounty) 
Seat 2: Fedeshirov (4952 in chips, $3.70 bounty) 
Seat 3: lamate (12803 in chips, $3.70 bounty) 
Seat 4: Mahu2021 (4878 in chips, $3.70 bounty) 
Seat 5: ReacTzZPS (6518 in chips, $5.55 bounty) 
Seat 6: hooligan997 (4220 in chips, $3.70 bounty) 
Seat 7: RegisdeSouza (3889 in chips, $3.70 bounty) 
Seat 8: Giuli.Garcia (15237 in chips, $7.40 bounty) 
Fujfuj_Mele: posts the ante 18
Fedeshirov: posts the ante 18
lamate: posts the ante 18
Mahu2021: posts the ante 18
ReacTzZPS: posts the ante 18
hooligan997: posts the ante 18
RegisdeSouza: posts the ante 18
Giuli.Garcia: posts the ante 18
Giuli.Garcia: posts small blind 60
Fujfuj_Mele: posts big blind 120
*** HOLE CARDS ***
Dealt to Mahu2021 [9s 6h]
Fedeshirov: folds 
lamate: folds 
Mahu2021: folds 
ReacTzZPS: folds 
hooligan997: folds 
RegisdeSouza: calls 120
Giuli.Garcia: calls 60
Fujfuj_Mele: checks 
*** FLOP *** [Kh 6s Tc]
Giuli.Garcia: checks 
Fujfuj_Mele: checks 
RegisdeSouza: checks 
*** TURN *** [Kh 6s Tc] [Ts]
Giuli.Garcia: checks 
Fujfuj_Mele: checks 
RegisdeSouza: bets 120
Giuli.Garcia: folds 
Fujfuj_Mele: folds 
Uncalled bet (120) returned to RegisdeSouza
RegisdeSouza collected 504 from pot
*** SUMMARY ***
Total pot 504 | Rake 0 
Board [Kh 6s Tc Ts]
Seat 1: Fujfuj_Mele (big blind) folded on the Turn
Seat 2: Fedeshirov folded before Flop (didn't bet)
Seat 3: lamate folded before Flop (didn't bet)
Seat 4: Mahu2021 folded before Flop (didn't bet)
Seat 5: ReacTzZPS folded before Flop (didn't bet)
Seat 6: hooligan997 folded before Flop (didn't bet)
Seat 7: RegisdeSouza (button) collected (504)
Seat 8: Giuli.Garcia (small blind) folded on the Turn



PokerStars Hand #248102870584: Tournament #3694939405, $1.20+$3.70+$0.60 USD Hold'em No Limit - Level VII (60/120) - 2024/01/06 18:32:04 CET [2024/01/06 12:32:04 ET]
Table '3694939405 256' 8-max Seat #8 is the button
Seat 1: Fujfuj_Mele (4564 in chips, $5.55 bounty) 
Seat 2: Fedeshirov (4934 in chips, $3.70 bounty) 
Seat 3: lamate (12785 in chips, $3.70 bounty) 
Seat 4: Mahu2021 (4860 in chips, $3.70 bounty) 
Seat 5: ReacTzZPS (6500 in chips, $5.55 bounty) 
Seat 6: hooligan997 (4202 in chips, $3.70 bounty) 
Seat 7: RegisdeSouza (4255 in chips, $3.70 bounty) 
Seat 8: Giuli.Garcia (15099 in chips, $7.40 bounty) 
Fujfuj_Mele: posts the ante 18
Fedeshirov: posts the ante 18
lamate: posts the ante 18
Mahu2021: posts the ante 18
ReacTzZPS: posts the ante 18
hooligan997: posts the ante 18
RegisdeSouza: posts the ante 18
Giuli.Garcia: posts the ante 18
Fujfuj_Mele: posts small blind 60
Fedeshirov: posts big blind 120
*** HOLE CARDS ***
Dealt to Mahu2021 [5s Jc]
lamate: folds 
Mahu2021: folds 
ReacTzZPS: folds 
hooligan997: folds 
RegisdeSouza: calls 120
Giuli.Garcia: raises 240 to 360
Fujfuj_Mele: folds 
Fedeshirov: calls 240
RegisdeSouza: calls 240
*** FLOP *** [Qh Th Ac]
Fedeshirov: checks 
RegisdeSouza: checks 
Giuli.Garcia: bets 719
Fedeshirov: folds 
RegisdeSouza: folds 
Uncalled bet (719) returned to Giuli.Garcia
Giuli.Garcia collected 1284 from pot
Giuli.Garcia: doesn't show hand 
*** SUMMARY ***
Total pot 1284 | Rake 0 
Board [Qh Th Ac]
Seat 1: Fujfuj_Mele (small blind) folded before Flop
Seat 2: Fedeshirov (big blind) folded on the Flop
Seat 3: lamate folded before Flop (didn't bet)
Seat 4: Mahu2021 folded before Flop (didn't bet)
Seat 5: ReacTzZPS folded before Flop (didn't bet)
Seat 6: hooligan997 folded before Flop (didn't bet)
Seat 7: RegisdeSouza folded on the Flop
Seat 8: Giuli.Garcia (button) collected (1284)



PokerStars Hand #248102898747: Tournament #3694939405, $1.20+$3.70+$0.60 USD Hold'em No Limit - Level VIII (70/140) - 2024/01/06 18:33:21 CET [2024/01/06 12:33:21 ET]
Table '3694939405 256' 8-max Seat #1 is the button
Seat 1: Fujfuj_Mele (4486 in chips, $5.55 bounty) 
Seat 2: Fedeshirov (4556 in chips, $3.70 bounty) 
Seat 3: lamate (12767 in chips, $3.70 bounty) 
Seat 4: Mahu2021 (4842 in chips, $3.70 bounty) 
Seat 5: ReacTzZPS (6482 in chips, $5.55 bounty) 
Seat 6: hooligan997 (4184 in chips, $3.70 bounty) 
Seat 7: RegisdeSouza (3877 in chips, $3.70 bounty) 
Seat 8: Giuli.Garcia (16005 in chips, $7.40 bounty) 
Fujfuj_Mele: posts the ante 21
Fedeshirov: posts the ante 21
lamate: posts the ante 21
Mahu2021: posts the ante 21
ReacTzZPS: posts the ante 21
hooligan997: posts the ante 21
RegisdeSouza: posts the ante 21
Giuli.Garcia: posts the ante 21
Fedeshirov: posts small blind 70
lamate: posts big blind 140
*** HOLE CARDS ***
Dealt to Mahu2021 [6s 2d]
Mahu2021: folds 
ReacTzZPS: folds 
hooligan997: raises 140 to 280
RegisdeSouza: calls 280
Giuli.Garcia: calls 280
Fujfuj_Mele: folds 
Fedeshirov: folds 
lamate: calls 140
*** FLOP *** [Kh 4h 7c]
lamate: checks 
hooligan997: checks 
RegisdeSouza: checks 
Giuli.Garcia: checks 
*** TURN *** [Kh 4h 7c] [Qs]
lamate: checks 
hooligan997: checks 
RegisdeSouza: checks 
Giuli.Garcia: bets 760
lamate: folds 
hooligan997: folds 
RegisdeSouza: folds 
Uncalled bet (760) returned to Giuli.Garcia
Giuli.Garcia collected 1358 from pot
Giuli.Garcia: doesn't show hand 
*** SUMMARY ***
Total pot 1358 | Rake 0 
Board [Kh 4h 7c Qs]
Seat 1: Fujfuj_Mele (button) folded before Flop (didn't bet)
Seat 2: Fedeshirov (small blind) folded before Flop
Seat 3: lamate (big blind) folded on the Turn
Seat 4: Mahu2021 folded before Flop (didn't bet)
Seat 5: ReacTzZPS folded before Flop (didn't bet)
Seat 6: hooligan997 folded on the Turn
Seat 7: RegisdeSouza folded on the Turn
Seat 8: Giuli.Garcia collected (1358)



PokerStars Hand #248102924307: Tournament #3694939405, $1.20+$3.70+$0.60 USD Hold'em No Limit - Level VIII (70/140) - 2024/01/06 18:34:33 CET [2024/01/06 12:34:33 ET]
Table '3694939405 256' 8-max Seat #2 is the button
Seat 1: Fujfuj_Mele (4465 in chips, $5.55 bounty) 
Seat 2: Fedeshirov (4465 in chips, $3.70 bounty) 
Seat 3: lamate (12466 in chips, $3.70 bounty) 
Seat 4: Mahu2021 (4821 in chips, $3.70 bounty) 
Seat 5: ReacTzZPS (6461 in chips, $5.55 bounty) 
Seat 6: hooligan997 (3883 in chips, $3.70 bounty) 
Seat 7: RegisdeSouza (3576 in chips, $3.70 bounty) 
Seat 8: Giuli.Garcia (17062 in chips, $7.40 bounty) 
Fujfuj_Mele: posts the ante 21
Fedeshirov: posts the ante 21
lamate: posts the ante 21
Mahu2021: posts the ante 21
ReacTzZPS: posts the ante 21
hooligan997: posts the ante 21
RegisdeSouza: posts the ante 21
Giuli.Garcia: posts the ante 21
lamate: posts small blind 70
Mahu2021: posts big blind 140
*** HOLE CARDS ***
Dealt to Mahu2021 [5d 4h]
ReacTzZPS: folds 
hooligan997: folds 
RegisdeSouza: calls 140
Giuli.Garcia: folds 
Fujfuj_Mele: folds 
Fedeshirov: folds 
lamate: calls 70
Mahu2021: checks 
*** FLOP *** [7c 7d 8d]
lamate: checks 
Mahu2021: checks 
RegisdeSouza: checks 
*** TURN *** [7c 7d 8d] [9c]
lamate: bets 588
Mahu2021: folds 
RegisdeSouza: folds 
Uncalled bet (588) returned to lamate
lamate collected 588 from pot
lamate: doesn't show hand 
*** SUMMARY ***
Total pot 588 | Rake 0 
Board [7c 7d 8d 9c]
Seat 1: Fujfuj_Mele folded before Flop (didn't bet)
Seat 2: Fedeshirov (button) folded before Flop (didn't bet)
Seat 3: lamate (small blind) collected (588)
Seat 4: Mahu2021 (big blind) folded on the Turn
Seat 5: ReacTzZPS folded before Flop (didn't bet)
Seat 6: hooligan997 folded before Flop (didn't bet)
Seat 7: RegisdeSouza folded on the Turn
Seat 8: Giuli.Garcia folded before Flop (didn't bet)



PokerStars Hand #248102945779: Tournament #3694939405, $1.20+$3.70+$0.60 USD Hold'em No Limit - Level VIII (70/140) - 2024/01/06 18:35:32 CET [2024/01/06 12:35:32 ET]
Table '3694939405 256' 8-max Seat #3 is the button
Seat 1: Fujfuj_Mele (4444 in chips, $5.55 bounty) 
Seat 2: Fedeshirov (4444 in chips, $3.70 bounty) 
Seat 3: lamate (12893 in chips, $3.70 bounty) 
Seat 4: Mahu2021 (4660 in chips, $3.70 bounty) 
Seat 5: ReacTzZPS (6440 in chips, $5.55 bounty) 
Seat 6: hooligan997 (3862 in chips, $3.70 bounty) 
Seat 7: RegisdeSouza (3415 in chips, $3.70 bounty) 
Seat 8: Giuli.Garcia (17041 in chips, $7.40 bounty) 
Fujfuj_Mele: posts the ante 21
Fedeshirov: posts the ante 21
lamate: posts the ante 21
Mahu2021: posts the ante 21
ReacTzZPS: posts the ante 21
hooligan997: posts the ante 21
RegisdeSouza: posts the ante 21
Giuli.Garcia: posts the ante 21
Mahu2021: posts small blind 70
ReacTzZPS: posts big blind 140
*** HOLE CARDS ***
Dealt to Mahu2021 [Kh Ac]
hooligan997: folds 
RegisdeSouza: folds 
Giuli.Garcia: folds 
Fujfuj_Mele: folds 
Fedeshirov: raises 140 to 280
lamate: raises 798 to 1078
Mahu2021: calls 1008
ReacTzZPS: folds 
Fedeshirov: folds 
*** FLOP *** [6h 3s 8c]
Mahu2021: checks 
lamate: bets 1260
Mahu2021: folds 
Uncalled bet (1260) returned to lamate
lamate collected 2744 from pot
lamate: doesn't show hand 
*** SUMMARY ***
Total pot 2744 | Rake 0 
Board [6h 3s 8c]
Seat 1: Fujfuj_Mele folded before Flop (didn't bet)
Seat 2: Fedeshirov folded before Flop
Seat 3: lamate (button) collected (2744)
Seat 4: Mahu2021 (small blind) folded on the Flop
Seat 5: ReacTzZPS (big blind) folded before Flop
Seat 6: hooligan997 folded before Flop (didn't bet)
Seat 7: RegisdeSouza folded before Flop (didn't bet)
Seat 8: Giuli.Garcia folded before Flop (didn't bet)



PokerStars Hand #248102968838: Tournament #3694939405, $1.20+$3.70+$0.60 USD Hold'em No Limit - Level VIII (70/140) - 2024/01/06 18:36:36 CET [2024/01/06 12:36:36 ET]
Table '3694939405 256' 8-max Seat #4 is the button
Seat 1: Fujfuj_Mele (4423 in chips, $5.55 bounty) 
Seat 2: Fedeshirov (4143 in chips, $3.70 bounty) 
Seat 3: lamate (14538 in chips, $3.70 bounty) 
Seat 4: Mahu2021 (3561 in chips, $3.70 bounty) 
Seat 5: ReacTzZPS (6279 in chips, $5.55 bounty) 
Seat 6: hooligan997 (3841 in chips, $3.70 bounty) 
Seat 7: RegisdeSouza (3394 in chips, $3.70 bounty) 
Seat 8: Giuli.Garcia (17020 in chips, $7.40 bounty) 
Fujfuj_Mele: posts the ante 21
Fedeshirov: posts the ante 21
lamate: posts the ante 21
Mahu2021: posts the ante 21
ReacTzZPS: posts the ante 21
hooligan997: posts the ante 21
RegisdeSouza: posts the ante 21
Giuli.Garcia: posts the ante 21
ReacTzZPS: posts small blind 70
hooligan997: posts big blind 140
*** HOLE CARDS ***
Dealt to Mahu2021 [2s Ad]
RegisdeSouza: calls 140
Giuli.Garcia: folds 
Fujfuj_Mele: folds 
Fedeshirov: folds 
lamate: folds 
Mahu2021: calls 140
ReacTzZPS: folds 
hooligan997: checks 
*** FLOP *** [8c 3h 4d]
hooligan997: checks 
RegisdeSouza: checks 
Mahu2021: bets 280
hooligan997: folds 
RegisdeSouza: folds 
Uncalled bet (280) returned to Mahu2021
Mahu2021 collected 658 from pot
Mahu2021: doesn't show hand 
*** SUMMARY ***
Total pot 658 | Rake 0 
Board [8c 3h 4d]
Seat 1: Fujfuj_Mele folded before Flop (didn't bet)
Seat 2: Fedeshirov folded before Flop (didn't bet)
Seat 3: lamate folded before Flop (didn't bet)
Seat 4: Mahu2021 (button) collected (658)
Seat 5: ReacTzZPS (small blind) folded before Flop
Seat 6: hooligan997 (big blind) folded on the Flop
Seat 7: RegisdeSouza folded on the Flop
Seat 8: Giuli.Garcia folded before Flop (didn't bet)



PokerStars Hand #248103005672: Tournament #3694939405, $1.20+$3.70+$0.60 USD Hold'em No Limit - Level VIII (70/140) - 2024/01/06 18:38:17 CET [2024/01/06 12:38:17 ET]
Table '3694939405 256' 8-max Seat #5 is the button
Seat 1: Fujfuj_Mele (4402 in chips, $5.55 bounty) 
Seat 2: Fedeshirov (4122 in chips, $3.70 bounty) 
Seat 3: lamate (14517 in chips, $3.70 bounty) 
Seat 4: Mahu2021 (4058 in chips, $3.70 bounty) 
Seat 5: ReacTzZPS (6188 in chips, $5.55 bounty) 
Seat 6: hooligan997 (3680 in chips, $3.70 bounty) 
Seat 7: RegisdeSouza (3233 in chips, $3.70 bounty) 
Seat 8: Giuli.Garcia (16999 in chips, $7.40 bounty) 
Fujfuj_Mele: posts the ante 21
Fedeshirov: posts the ante 21
lamate: posts the ante 21
Mahu2021: posts the ante 21
ReacTzZPS: posts the ante 21
hooligan997: posts the ante 21
RegisdeSouza: posts the ante 21
Giuli.Garcia: posts the ante 21
hooligan997: posts small blind 70
RegisdeSouza: posts big blind 140
*** HOLE CARDS ***
Dealt to Mahu2021 [Qh Tc]
Giuli.Garcia: raises 210 to 350
Fujfuj_Mele: folds 
Fedeshirov: folds 
lamate: folds 
Mahu2021: calls 350
ReacTzZPS: folds 
hooligan997: raises 3309 to 3659 and is all-in
RegisdeSouza: calls 3072 and is all-in
Giuli.Garcia: folds 
Mahu2021: folds 
Uncalled bet (447) returned to hooligan997
*** FLOP *** [4s 4h 3s]
*** TURN *** [4s 4h 3s] [5s]
*** RIVER *** [4s 4h 3s 5s] [7c]
*** SHOW DOWN ***
hooligan997: shows [Qd Kd] (a pair of Fours)
RegisdeSouza: shows [4d 4c] (four of a kind, Fours)
RegisdeSouza collected 7292 from pot
*** SUMMARY ***
Total pot 7292 | Rake 0 
Board [4s 4h 3s 5s 7c]
Seat 1: Fujfuj_Mele folded before Flop (didn't bet)
Seat 2: Fedeshirov folded before Flop (didn't bet)
Seat 3: lamate folded before Flop (didn't bet)
Seat 4: Mahu2021 folded before Flop
Seat 5: ReacTzZPS (button) folded before Flop (didn't bet)
Seat 6: hooligan997 (small blind) showed [Qd Kd] and lost with a pair of Fours
Seat 7: RegisdeSouza (big blind) showed [4d 4c] and won (7292) with four of a kind, Fours
Seat 8: Giuli.Garcia folded before Flop



PokerStars Hand #248103028590: Tournament #3694939405, $1.20+$3.70+$0.60 USD Hold'em No Limit - Level VIII (70/140) - 2024/01/06 18:39:19 CET [2024/01/06 12:39:19 ET]
Table '3694939405 256' 8-max Seat #6 is the button
Seat 1: Fujfuj_Mele (4381 in chips, $5.55 bounty) 
Seat 2: Fedeshirov (4101 in chips, $3.70 bounty) 
Seat 3: lamate (14496 in chips, $3.70 bounty) 
Seat 4: Mahu2021 (3687 in chips, $3.70 bounty) 
Seat 5: ReacTzZPS (6167 in chips, $5.55 bounty) 
Seat 6: hooligan997 (447 in chips, $3.70 bounty) 
Seat 7: RegisdeSouza (7292 in chips, $3.70 bounty) 
Seat 8: Giuli.Garcia (16628 in chips, $7.40 bounty) 
Fujfuj_Mele: posts the ante 21
Fedeshirov: posts the ante 21
lamate: posts the ante 21
Mahu2021: posts the ante 21
ReacTzZPS: posts the ante 21
hooligan997: posts the ante 21
RegisdeSouza: posts the ante 21
Giuli.Garcia: posts the ante 21
RegisdeSouza: posts small blind 70
Giuli.Garcia: posts big blind 140
*** HOLE CARDS ***
Dealt to Mahu2021 [4d Jd]
Fujfuj_Mele: folds 
Fedeshirov: folds 
lamate: raises 168 to 308
Mahu2021: folds 
ReacTzZPS: folds 
hooligan997: raises 118 to 426 and is all-in
RegisdeSouza: calls 356
Giuli.Garcia: folds 
lamate: calls 118
*** FLOP *** [5c Ts Ah]
RegisdeSouza: checks 
lamate: bets 523
RegisdeSouza: calls 523
*** TURN *** [5c Ts Ah] [3c]
RegisdeSouza: checks 
lamate: checks 
*** RIVER *** [5c Ts Ah 3c] [3s]
RegisdeSouza: checks 
lamate: checks 
*** SHOW DOWN ***
RegisdeSouza: shows [5d 7h] (two pair, Fives and Threes)
lamate: shows [Ad 6d] (two pair, Aces and Threes)
lamate collected 1046 from side pot
hooligan997: mucks hand 
lamate collected 1586 from main pot
lamate wins $1.85 for eliminating hooligan997 and their own bounty increases by $1.85 to $5.55
hooligan997 finished the tournament
*** SUMMARY ***
Total pot 2632 Main pot 1586. Side pot 1046. | Rake 0 
Board [5c Ts Ah 3c 3s]
Seat 1: Fujfuj_Mele folded before Flop (didn't bet)
Seat 2: Fedeshirov folded before Flop (didn't bet)
Seat 3: lamate showed [Ad 6d] and won (2632) with two pair, Aces and Threes
Seat 4: Mahu2021 folded before Flop (didn't bet)
Seat 5: ReacTzZPS folded before Flop (didn't bet)
Seat 6: hooligan997 (button) mucked [Kh 9h]
Seat 7: RegisdeSouza (small blind) showed [5d 7h] and lost with two pair, Fives and Threes
Seat 8: Giuli.Garcia (big blind) folded before Flop



PokerStars Hand #248103055237: Tournament #3694939405, $1.20+$3.70+$0.60 USD Hold'em No Limit - Level VIII (70/140) - 2024/01/06 18:40:33 CET [2024/01/06 12:40:33 ET]
Table '3694939405 256' 8-max Seat #7 is the button
Seat 1: Fujfuj_Mele (4360 in chips, $5.55 bounty) 
Seat 2: Fedeshirov (4080 in chips, $3.70 bounty) 
Seat 3: lamate (16158 in chips, $5.55 bounty) 
Seat 4: Mahu2021 (3666 in chips, $3.70 bounty) 
Seat 5: ReacTzZPS (6146 in chips, $5.55 bounty) 
Seat 7: RegisdeSouza (6322 in chips, $3.70 bounty) 
Seat 8: Giuli.Garcia (16467 in chips, $7.40 bounty) 
Fujfuj_Mele: posts the ante 21
Fedeshirov: posts the ante 21
lamate: posts the ante 21
Mahu2021: posts the ante 21
ReacTzZPS: posts the ante 21
RegisdeSouza: posts the ante 21
Giuli.Garcia: posts the ante 21
Giuli.Garcia: posts small blind 70
Fujfuj_Mele: posts big blind 140
*** HOLE CARDS ***
Dealt to Mahu2021 [8c 6s]
Fedeshirov: folds 
lamate: folds 
Mahu2021: folds 
ReacTzZPS: raises 168 to 308
kachi93 is disconnected 
RegisdeSouza: calls 308
Giuli.Garcia: folds 
Fujfuj_Mele: folds 
*** FLOP *** [4h 4c 6h]
ReacTzZPS: checks 
RegisdeSouza: bets 280
ReacTzZPS: raises 576 to 856
RegisdeSouza: calls 576
*** TURN *** [4h 4c 6h] [8h]
ReacTzZPS: bets 1026
RegisdeSouza: folds 
Uncalled bet (1026) returned to ReacTzZPS
ReacTzZPS collected 2685 from pot
ReacTzZPS: doesn't show hand 
*** SUMMARY ***
Total pot 2685 | Rake 0 
Board [4h 4c 6h 8h]
Seat 1: Fujfuj_Mele (big blind) folded before Flop
Seat 2: Fedeshirov folded before Flop (didn't bet)
Seat 3: lamate folded before Flop (didn't bet)
Seat 4: Mahu2021 folded before Flop (didn't bet)
Seat 5: ReacTzZPS collected (2685)
Seat 7: RegisdeSouza (button) folded on the Turn
Seat 8: Giuli.Garcia (small blind) folded before Flop



PokerStars Hand #248103085029: Tournament #3694939405, $1.20+$3.70+$0.60 USD Hold'em No Limit - Level IX (80/160) - 2024/01/06 18:41:55 CET [2024/01/06 12:41:55 ET]
Table '3694939405 256' 8-max Seat #8 is the button
Seat 1: Fujfuj_Mele (4199 in chips, $5.55 bounty) 
Seat 2: Fedeshirov (4059 in chips, $3.70 bounty) 
Seat 3: lamate (16137 in chips, $5.55 bounty) 
Seat 4: Mahu2021 (3645 in chips, $3.70 bounty) 
Seat 5: ReacTzZPS (7646 in chips, $5.55 bounty) 
Seat 6: kachi93 (5000 in chips, $3.70 bounty) 
Seat 7: RegisdeSouza (5137 in chips, $3.70 bounty) 
Seat 8: Giuli.Garcia (16376 in chips, $7.40 bounty) 
Fujfuj_Mele: posts the ante 24
Fedeshirov: posts the ante 24
lamate: posts the ante 24
Mahu2021: posts the ante 24
ReacTzZPS: posts the ante 24
kachi93: posts the ante 24
RegisdeSouza: posts the ante 24
Giuli.Garcia: posts the ante 24
Fujfuj_Mele: posts small blind 80
Fedeshirov: posts big blind 160
*** HOLE CARDS ***
Dealt to Mahu2021 [3c Ad]
lamate: folds 
Mahu2021: folds 
ReacTzZPS: folds 
kachi93: raises 200 to 360
RegisdeSouza: folds 
Giuli.Garcia: calls 360
Fujfuj_Mele: folds 
Fedeshirov: calls 200
*** FLOP *** [3d 7d 5d]
Fedeshirov: checks 
kachi93: checks 
Giuli.Garcia: bets 446
Fedeshirov: folds 
kachi93: folds 
Uncalled bet (446) returned to Giuli.Garcia
Giuli.Garcia collected 1352 from pot
Giuli.Garcia: doesn't show hand 
*** SUMMARY ***
Total pot 1352 | Rake 0 
Board [3d 7d 5d]
Seat 1: Fujfuj_Mele (small blind) folded before Flop
Seat 2: Fedeshirov (big blind) folded on the Flop
Seat 3: lamate folded before Flop (didn't bet)
Seat 4: Mahu2021 folded before Flop (didn't bet)
Seat 5: ReacTzZPS folded before Flop (didn't bet)
Seat 6: kachi93 folded on the Flop
Seat 7: RegisdeSouza folded before Flop (didn't bet)
Seat 8: Giuli.Garcia (button) collected (1352)



PokerStars Hand #248103106243: Tournament #3694939405, $1.20+$3.70+$0.60 USD Hold'em No Limit - Level IX (80/160) - 2024/01/06 18:42:53 CET [2024/01/06 12:42:53 ET]
Table '3694939405 256' 8-max Seat #1 is the button
Seat 1: Fujfuj_Mele (4095 in chips, $5.55 bounty) 
Seat 2: Fedeshirov (3675 in chips, $3.70 bounty) 
Seat 3: lamate (16113 in chips, $5.55 bounty) 
Seat 4: Mahu2021 (3621 in chips, $3.70 bounty) 
Seat 5: ReacTzZPS (7622 in chips, $5.55 bounty) 
Seat 6: kachi93 (4616 in chips, $3.70 bounty) 
Seat 7: RegisdeSouza (5113 in chips, $3.70 bounty) 
Seat 8: Giuli.Garcia (17344 in chips, $7.40 bounty) 
Fujfuj_Mele: posts the ante 24
Fedeshirov: posts the ante 24
lamate: posts the ante 24
Mahu2021: posts the ante 24
ReacTzZPS: posts the ante 24
kachi93: posts the ante 24
RegisdeSouza: posts the ante 24
Giuli.Garcia: posts the ante 24
Fedeshirov: posts small blind 80
lamate: posts big blind 160
*** HOLE CARDS ***
Dealt to Mahu2021 [6c As]
Mahu2021: folds 
ReacTzZPS: raises 192 to 352
kachi93: folds 
RegisdeSouza: calls 352
Giuli.Garcia: folds 
Fujfuj_Mele: folds 
Fedeshirov: raises 3299 to 3651 and is all-in
lamate: folds 
ReacTzZPS: folds 
RegisdeSouza: calls 3299
*** FLOP *** [2d Th 9h]
*** TURN *** [2d Th 9h] [6d]
*** RIVER *** [2d Th 9h 6d] [3c]
*** SHOW DOWN ***
Fedeshirov: shows [7c 7s] (a pair of Sevens)
RegisdeSouza: shows [Ac Jc] (high card Ace)
Fedeshirov collected 8006 from pot
*** SUMMARY ***
Total pot 8006 | Rake 0 
Board [2d Th 9h 6d 3c]
Seat 1: Fujfuj_Mele (button) folded before Flop (didn't bet)
Seat 2: Fedeshirov (small blind) showed [7c 7s] and won (8006) with a pair of Sevens
Seat 3: lamate (big blind) folded before Flop
Seat 4: Mahu2021 folded before Flop (didn't bet)
Seat 5: ReacTzZPS folded before Flop
Seat 6: kachi93 folded before Flop (didn't bet)
Seat 7: RegisdeSouza showed [Ac Jc] and lost with high card Ace
Seat 8: Giuli.Garcia folded before Flop (didn't bet)



PokerStars Hand #248103131048: Tournament #3694939405, $1.20+$3.70+$0.60 USD Hold'em No Limit - Level IX (80/160) - 2024/01/06 18:44:01 CET [2024/01/06 12:44:01 ET]
Table '3694939405 256' 8-max Seat #2 is the button
Seat 1: Fujfuj_Mele (4071 in chips, $5.55 bounty) 
Seat 2: Fedeshirov (8006 in chips, $3.70 bounty) 
Seat 3: lamate (15929 in chips, $5.55 bounty) 
Seat 4: Mahu2021 (3597 in chips, $3.70 bounty) 
Seat 5: ReacTzZPS (7246 in chips, $5.55 bounty) 
Seat 6: kachi93 (4592 in chips, $3.70 bounty) 
Seat 7: RegisdeSouza (1438 in chips, $3.70 bounty) 
Seat 8: Giuli.Garcia (17320 in chips, $7.40 bounty) 
Fujfuj_Mele: posts the ante 24
Fedeshirov: posts the ante 24
lamate: posts the ante 24
Mahu2021: posts the ante 24
ReacTzZPS: posts the ante 24
kachi93: posts the ante 24
RegisdeSouza: posts the ante 24
Giuli.Garcia: posts the ante 24
lamate: posts small blind 80
Mahu2021: posts big blind 160
*** HOLE CARDS ***
Dealt to Mahu2021 [3d Th]
ReacTzZPS: raises 192 to 352
kachi93: folds 
RegisdeSouza: folds 
Giuli.Garcia: folds 
Fujfuj_Mele: folds 
Fedeshirov: folds 
lamate: folds 
Mahu2021: folds 
Uncalled bet (192) returned to ReacTzZPS
ReacTzZPS collected 592 from pot
ReacTzZPS: doesn't show hand 
*** SUMMARY ***
Total pot 592 | Rake 0 
Seat 1: Fujfuj_Mele folded before Flop (didn't bet)
Seat 2: Fedeshirov (button) folded before Flop (didn't bet)
Seat 3: lamate (small blind) folded before Flop
Seat 4: Mahu2021 (big blind) folded before Flop
Seat 5: ReacTzZPS collected (592)
Seat 6: kachi93 folded before Flop (didn't bet)
Seat 7: RegisdeSouza folded before Flop (didn't bet)
Seat 8: Giuli.Garcia folded before Flop (didn't bet)



PokerStars Hand #248103142127: Tournament #3694939405, $1.20+$3.70+$0.60 USD Hold'em No Limit - Level IX (80/160) - 2024/01/06 18:44:32 CET [2024/01/06 12:44:32 ET]
Table '3694939405 256' 8-max Seat #3 is the button
Seat 1: Fujfuj_Mele (4047 in chips, $5.55 bounty) 
Seat 2: Fedeshirov (7982 in chips, $3.70 bounty) 
Seat 3: lamate (15825 in chips, $5.55 bounty) 
Seat 4: Mahu2021 (3413 in chips, $3.70 bounty) 
Seat 5: ReacTzZPS (7654 in chips, $5.55 bounty) 
Seat 6: kachi93 (4568 in chips, $3.70 bounty) 
Seat 7: RegisdeSouza (1414 in chips, $3.70 bounty) 
Seat 8: Giuli.Garcia (17296 in chips, $7.40 bounty) 
Fujfuj_Mele: posts the ante 24
Fedeshirov: posts the ante 24
lamate: posts the ante 24
Mahu2021: posts the ante 24
ReacTzZPS: posts the ante 24
kachi93: posts the ante 24
RegisdeSouza: posts the ante 24
Giuli.Garcia: posts the ante 24
Mahu2021: posts small blind 80
ReacTzZPS: posts big blind 160
*** HOLE CARDS ***
Dealt to Mahu2021 [5d Jh]
kachi93: folds 
RegisdeSouza: raises 1230 to 1390 and is all-in
Giuli.Garcia: folds 
Fujfuj_Mele: folds 
Fedeshirov: folds 
lamate: folds 
Mahu2021: folds 
ReacTzZPS: calls 1230
*** FLOP *** [6s Ad Qh]
*** TURN *** [6s Ad Qh] [5h]
*** RIVER *** [6s Ad Qh 5h] [Qd]
*** SHOW DOWN ***
ReacTzZPS: shows [7h Js] (a pair of Queens)
RegisdeSouza: shows [Jc As] (two pair, Aces and Queens)
RegisdeSouza collected 3052 from pot
*** SUMMARY ***
Total pot 3052 | Rake 0 
Board [6s Ad Qh 5h Qd]
Seat 1: Fujfuj_Mele folded before Flop (didn't bet)
Seat 2: Fedeshirov folded before Flop (didn't bet)
Seat 3: lamate (button) folded before Flop (didn't bet)
Seat 4: Mahu2021 (small blind) folded before Flop
Seat 5: ReacTzZPS (big blind) showed [7h Js] and lost with a pair of Queens
Seat 6: kachi93 folded before Flop (didn't bet)
Seat 7: RegisdeSouza showed [Jc As] and won (3052) with two pair, Aces and Queens
Seat 8: Giuli.Garcia folded before Flop (didn't bet)



PokerStars Hand #248103165392: Tournament #3694939405, $1.20+$3.70+$0.60 USD Hold'em No Limit - Level IX (80/160) - 2024/01/06 18:45:35 CET [2024/01/06 12:45:35 ET]
Table '3694939405 256' 8-max Seat #4 is the button
Seat 1: Fujfuj_Mele (4023 in chips, $5.55 bounty) 
Seat 2: Fedeshirov (7958 in chips, $3.70 bounty) 
Seat 3: lamate (15801 in chips, $5.55 bounty) 
Seat 4: Mahu2021 (3309 in chips, $3.70 bounty) 
Seat 5: ReacTzZPS (6240 in chips, $5.55 bounty) 
Seat 6: kachi93 (4544 in chips, $3.70 bounty) 
Seat 7: RegisdeSouza (3052 in chips, $3.70 bounty) 
Seat 8: Giuli.Garcia (17272 in chips, $7.40 bounty) 
Fujfuj_Mele: posts the ante 24
Fedeshirov: posts the ante 24
lamate: posts the ante 24
Mahu2021: posts the ante 24
ReacTzZPS: posts the ante 24
kachi93: posts the ante 24
RegisdeSouza: posts the ante 24
Giuli.Garcia: posts the ante 24
ReacTzZPS: posts small blind 80
kachi93: posts big blind 160
*** HOLE CARDS ***
Dealt to Mahu2021 [3s 4d]
RegisdeSouza: folds 
Giuli.Garcia: folds 
Fujfuj_Mele: folds 
Fedeshirov: folds 
lamate: folds 
Mahu2021: raises 160 to 320
ReacTzZPS: folds 
kachi93: raises 4200 to 4520 and is all-in
Mahu2021: folds 
Uncalled bet (4200) returned to kachi93
kachi93 collected 912 from pot
kachi93: doesn't show hand 
*** SUMMARY ***
Total pot 912 | Rake 0 
Seat 1: Fujfuj_Mele folded before Flop (didn't bet)
Seat 2: Fedeshirov folded before Flop (didn't bet)
Seat 3: lamate folded before Flop (didn't bet)
Seat 4: Mahu2021 (button) folded before Flop
Seat 5: ReacTzZPS (small blind) folded before Flop
Seat 6: kachi93 (big blind) collected (912)
Seat 7: RegisdeSouza folded before Flop (didn't bet)
Seat 8: Giuli.Garcia folded before Flop (didn't bet)



PokerStars Hand #248103181475: Tournament #3694939405, $1.20+$3.70+$0.60 USD Hold'em No Limit - Level IX (80/160) - 2024/01/06 18:46:19 CET [2024/01/06 12:46:19 ET]
Table '3694939405 256' 8-max Seat #5 is the button
Seat 1: Fujfuj_Mele (3999 in chips, $5.55 bounty) 
Seat 2: Fedeshirov (7934 in chips, $3.70 bounty) 
Seat 3: lamate (15777 in chips, $5.55 bounty) 
Seat 4: Mahu2021 (2965 in chips, $3.70 bounty) 
Seat 5: ReacTzZPS (6136 in chips, $5.55 bounty) 
Seat 6: kachi93 (5112 in chips, $3.70 bounty) 
Seat 7: RegisdeSouza (3028 in chips, $3.70 bounty) 
Seat 8: Giuli.Garcia (17248 in chips, $7.40 bounty) 
Fujfuj_Mele: posts the ante 24
Fedeshirov: posts the ante 24
lamate: posts the ante 24
Mahu2021: posts the ante 24
ReacTzZPS: posts the ante 24
kachi93: posts the ante 24
RegisdeSouza: posts the ante 24
Giuli.Garcia: posts the ante 24
kachi93: posts small blind 80
RegisdeSouza: posts big blind 160
*** HOLE CARDS ***
Dealt to Mahu2021 [Tc Qs]
Giuli.Garcia: folds 
Fujfuj_Mele: folds 
Fedeshirov: raises 160 to 320
lamate: folds 
Mahu2021: calls 320
ReacTzZPS: folds 
kachi93: folds 
RegisdeSouza: folds 
*** FLOP *** [3s Qh 6h]
Fedeshirov: bets 320
Mahu2021: raises 2301 to 2621 and is all-in
Fedeshirov: folds 
Uncalled bet (2301) returned to Mahu2021
Mahu2021 collected 1712 from pot
Mahu2021: doesn't show hand 
*** SUMMARY ***
Total pot 1712 | Rake 0 
Board [3s Qh 6h]
Seat 1: Fujfuj_Mele folded before Flop (didn't bet)
Seat 2: Fedeshirov folded on the Flop
Seat 3: lamate folded before Flop (didn't bet)
Seat 4: Mahu2021 collected (1712)
Seat 5: ReacTzZPS (button) folded before Flop (didn't bet)
Seat 6: kachi93 (small blind) folded before Flop
Seat 7: RegisdeSouza (big blind) folded before Flop
Seat 8: Giuli.Garcia folded before Flop (didn't bet)



PokerStars Hand #248103200003: Tournament #3694939405, $1.20+$3.70+$0.60 USD Hold'em No Limit - Level IX (80/160) - 2024/01/06 18:47:10 CET [2024/01/06 12:47:10 ET]
Table '3694939405 256' 8-max Seat #6 is the button
Seat 1: Fujfuj_Mele (3975 in chips, $5.55 bounty) 
Seat 2: Fedeshirov (7270 in chips, $3.70 bounty) 
Seat 3: lamate (15753 in chips, $5.55 bounty) 
Seat 4: Mahu2021 (4013 in chips, $3.70 bounty) 
Seat 5: ReacTzZPS (6112 in chips, $5.55 bounty) 
Seat 6: kachi93 (5008 in chips, $3.70 bounty) 
Seat 7: RegisdeSouza (2844 in chips, $3.70 bounty) 
Seat 8: Giuli.Garcia (17224 in chips, $7.40 bounty) 
Fujfuj_Mele: posts the ante 24
Fedeshirov: posts the ante 24
lamate: posts the ante 24
Mahu2021: posts the ante 24
ReacTzZPS: posts the ante 24
kachi93: posts the ante 24
RegisdeSouza: posts the ante 24
Giuli.Garcia: posts the ante 24
RegisdeSouza: posts small blind 80
Giuli.Garcia: posts big blind 160
*** HOLE CARDS ***
Dealt to Mahu2021 [8d Jc]
Fujfuj_Mele: calls 160
Fedeshirov: folds 
lamate: folds 
Mahu2021: folds 
ReacTzZPS: folds 
kachi93: folds 
RegisdeSouza: calls 80
Giuli.Garcia: checks 
*** FLOP *** [7d As Ts]
RegisdeSouza: checks 
Giuli.Garcia: checks 
Fujfuj_Mele: bets 672
RegisdeSouza: folds 
Giuli.Garcia: folds 
Uncalled bet (672) returned to Fujfuj_Mele
Fujfuj_Mele collected 672 from pot
*** SUMMARY ***
Total pot 672 | Rake 0 
Board [7d As Ts]
Seat 1: Fujfuj_Mele collected (672)
Seat 2: Fedeshirov folded before Flop (didn't bet)
Seat 3: lamate folded before Flop (didn't bet)
Seat 4: Mahu2021 folded before Flop (didn't bet)
Seat 5: ReacTzZPS folded before Flop (didn't bet)
Seat 6: kachi93 (button) folded before Flop (didn't bet)
Seat 7: RegisdeSouza (small blind) folded on the Flop
Seat 8: Giuli.Garcia (big blind) folded on the Flop



PokerStars Hand #248103231819: Tournament #3694939405, $1.20+$3.70+$0.60 USD Hold'em No Limit - Level IX (80/160) - 2024/01/06 18:48:37 CET [2024/01/06 12:48:37 ET]
Table '3694939405 256' 8-max Seat #7 is the button
Seat 1: Fujfuj_Mele (4463 in chips, $5.55 bounty) 
Seat 2: Fedeshirov (7246 in chips, $3.70 bounty) 
Seat 3: lamate (15729 in chips, $5.55 bounty) 
Seat 4: Mahu2021 (3989 in chips, $3.70 bounty) 
Seat 5: ReacTzZPS (6088 in chips, $5.55 bounty) 
Seat 6: kachi93 (4984 in chips, $3.70 bounty) 
Seat 7: RegisdeSouza (2660 in chips, $3.70 bounty) 
Seat 8: Giuli.Garcia (17040 in chips, $7.40 bounty) 
Fujfuj_Mele: posts the ante 24
Fedeshirov: posts the ante 24
lamate: posts the ante 24
Mahu2021: posts the ante 24
ReacTzZPS: posts the ante 24
kachi93: posts the ante 24
RegisdeSouza: posts the ante 24
Giuli.Garcia: posts the ante 24
Giuli.Garcia: posts small blind 80
Fujfuj_Mele: posts big blind 160
*** HOLE CARDS ***
Dealt to Mahu2021 [6d Ks]
Fedeshirov: folds 
lamate: folds 
Mahu2021: folds 
ReacTzZPS: raises 176 to 336
kachi93: folds 
RegisdeSouza: raises 2300 to 2636 and is all-in
Giuli.Garcia: folds 
Fujfuj_Mele: calls 2476
ReacTzZPS: folds 
*** FLOP *** [8s Jc 5d]
*** TURN *** [8s Jc 5d] [7s]
*** RIVER *** [8s Jc 5d 7s] [Kh]
*** SHOW DOWN ***
Fujfuj_Mele: shows [Th Td] (a pair of Tens)
RegisdeSouza: shows [2c 2h] (a pair of Deuces)
Fujfuj_Mele collected 5880 from pot
Fujfuj_Mele wins $1.85 for eliminating RegisdeSouza and their own bounty increases by $1.85 to $7.40
RegisdeSouza finished the tournament
*** SUMMARY ***
Total pot 5880 | Rake 0 
Board [8s Jc 5d 7s Kh]
Seat 1: Fujfuj_Mele (big blind) showed [Th Td] and won (5880) with a pair of Tens
Seat 2: Fedeshirov folded before Flop (didn't bet)
Seat 3: lamate folded before Flop (didn't bet)
Seat 4: Mahu2021 folded before Flop (didn't bet)
Seat 5: ReacTzZPS folded before Flop
Seat 6: kachi93 folded before Flop (didn't bet)
Seat 7: RegisdeSouza (button) showed [2c 2h] and lost with a pair of Deuces
Seat 8: Giuli.Garcia (small blind) folded before Flop



PokerStars Hand #248103246776: Tournament #3694939405, $1.20+$3.70+$0.60 USD Hold'em No Limit - Level X (90/180) - 2024/01/06 18:49:18 CET [2024/01/06 12:49:18 ET]
Table '3694939405 256' 8-max Seat #8 is the button
Seat 1: Fujfuj_Mele (7683 in chips, $7.40 bounty) 
Seat 2: Fedeshirov (7222 in chips, $3.70 bounty) 
Seat 3: lamate (15705 in chips, $5.55 bounty) 
Seat 4: Mahu2021 (3965 in chips, $3.70 bounty) 
Seat 5: ReacTzZPS (5728 in chips, $5.55 bounty) 
Seat 6: kachi93 (4960 in chips, $3.70 bounty) 
Seat 8: Giuli.Garcia (16936 in chips, $7.40 bounty) 
Fujfuj_Mele: posts the ante 27
Fedeshirov: posts the ante 27
lamate: posts the ante 27
Mahu2021: posts the ante 27
ReacTzZPS: posts the ante 27
kachi93: posts the ante 27
Giuli.Garcia: posts the ante 27
Fujfuj_Mele: posts small blind 90
Fedeshirov: posts big blind 180
*** HOLE CARDS ***
Dealt to Mahu2021 [9c 6d]
lamate: folds 
Mahu2021: folds 
ReacTzZPS: folds 
kachi93: raises 180 to 360
Giuli.Garcia: folds 
Fujfuj_Mele: folds 
Fedeshirov: calls 180
*** FLOP *** [Qh Td Kh]
Fedeshirov: checks 
kachi93: bets 559
Fedeshirov: folds 
Uncalled bet (559) returned to kachi93
kachi93 collected 999 from pot
kachi93: doesn't show hand 
*** SUMMARY ***
Total pot 999 | Rake 0 
Board [Qh Td Kh]
Seat 1: Fujfuj_Mele (small blind) folded before Flop
Seat 2: Fedeshirov (big blind) folded on the Flop
Seat 3: lamate folded before Flop (didn't bet)
Seat 4: Mahu2021 folded before Flop (didn't bet)
Seat 5: ReacTzZPS folded before Flop (didn't bet)
Seat 6: kachi93 collected (999)
Seat 8: Giuli.Garcia (button) folded before Flop (didn't bet)



PokerStars Hand #248103260438: Tournament #3694939405, $1.20+$3.70+$0.60 USD Hold'em No Limit - Level X (90/180) - 2024/01/06 18:49:56 CET [2024/01/06 12:49:56 ET]
Table '3694939405 256' 8-max Seat #1 is the button
Seat 1: Fujfuj_Mele (7566 in chips, $7.40 bounty) 
Seat 2: Fedeshirov (6835 in chips, $3.70 bounty) 
Seat 3: lamate (15678 in chips, $5.55 bounty) 
Seat 4: Mahu2021 (3938 in chips, $3.70 bounty) 
Seat 5: ReacTzZPS (5701 in chips, $5.55 bounty) 
Seat 6: kachi93 (5572 in chips, $3.70 bounty) 
Seat 7: Mac Kinney123 (5000 in chips, $3.70 bounty) 
Seat 8: Giuli.Garcia (16909 in chips, $7.40 bounty) 
Fujfuj_Mele: posts the ante 27
Fedeshirov: posts the ante 27
lamate: posts the ante 27
Mahu2021: posts the ante 27
ReacTzZPS: posts the ante 27
kachi93: posts the ante 27
Mac Kinney123: posts the ante 27
Giuli.Garcia: posts the ante 27
Fedeshirov: posts small blind 90
lamate: posts big blind 180
*** HOLE CARDS ***
Dealt to Mahu2021 [Qc 9s]
Mahu2021: folds 
ReacTzZPS: folds 
kachi93: folds 
Mac Kinney123: folds 
Giuli.Garcia: folds 
Fujfuj_Mele: folds 
Fedeshirov: folds 
Uncalled bet (90) returned to lamate
lamate collected 396 from pot
lamate: doesn't show hand 
*** SUMMARY ***
Total pot 396 | Rake 0 
Seat 1: Fujfuj_Mele (button) folded before Flop (didn't bet)
Seat 2: Fedeshirov (small blind) folded before Flop
Seat 3: lamate (big blind) collected (396)
Seat 4: Mahu2021 folded before Flop (didn't bet)
Seat 5: ReacTzZPS folded before Flop (didn't bet)
Seat 6: kachi93 folded before Flop (didn't bet)
Seat 7: Mac Kinney123 folded before Flop (didn't bet)
Seat 8: Giuli.Garcia folded before Flop (didn't bet)



PokerStars Hand #248103265711: Tournament #3694939405, $1.20+$3.70+$0.60 USD Hold'em No Limit - Level X (90/180) - 2024/01/06 18:50:10 CET [2024/01/06 12:50:10 ET]
Table '3694939405 256' 8-max Seat #2 is the button
Seat 1: Fujfuj_Mele (7539 in chips, $7.40 bounty) 
Seat 2: Fedeshirov (6718 in chips, $3.70 bounty) 
Seat 3: lamate (15957 in chips, $5.55 bounty) 
Seat 4: Mahu2021 (3911 in chips, $3.70 bounty) 
Seat 5: ReacTzZPS (5674 in chips, $5.55 bounty) 
Seat 6: kachi93 (5545 in chips, $3.70 bounty) 
Seat 7: Mac Kinney123 (4973 in chips, $3.70 bounty) 
Seat 8: Giuli.Garcia (16882 in chips, $7.40 bounty) 
Fujfuj_Mele: posts the ante 27
Fedeshirov: posts the ante 27
lamate: posts the ante 27
Mahu2021: posts the ante 27
ReacTzZPS: posts the ante 27
kachi93: posts the ante 27
Mac Kinney123: posts the ante 27
Giuli.Garcia: posts the ante 27
lamate: posts small blind 90
Mahu2021: posts big blind 180
*** HOLE CARDS ***
Dealt to Mahu2021 [Ks Jh]
ReacTzZPS: folds 
kachi93: folds 
Mac Kinney123: folds 
Giuli.Garcia: folds 
Fujfuj_Mele: calls 180
Fedeshirov: folds 
lamate: calls 90
Mahu2021: checks 
*** FLOP *** [6s Kd Ad]
lamate: checks 
Mahu2021: checks 
Fujfuj_Mele: bets 756
lamate: folds 
Mahu2021: folds 
Uncalled bet (756) returned to Fujfuj_Mele
Fujfuj_Mele collected 756 from pot
*** SUMMARY ***
Total pot 756 | Rake 0 
Board [6s Kd Ad]
Seat 1: Fujfuj_Mele collected (756)
Seat 2: Fedeshirov (button) folded before Flop (didn't bet)
Seat 3: lamate (small blind) folded on the Flop
Seat 4: Mahu2021 (big blind) folded on the Flop
Seat 5: ReacTzZPS folded before Flop (didn't bet)
Seat 6: kachi93 folded before Flop (didn't bet)
Seat 7: Mac Kinney123 folded before Flop (didn't bet)
Seat 8: Giuli.Garcia folded before Flop (didn't bet)



PokerStars Hand #248103286255: Tournament #3694939405, $1.20+$3.70+$0.60 USD Hold'em No Limit - Level X (90/180) - 2024/01/06 18:51:07 CET [2024/01/06 12:51:07 ET]
Table '3694939405 256' 8-max Seat #3 is the button
Seat 1: Fujfuj_Mele (8088 in chips, $7.40 bounty) 
Seat 2: Fedeshirov (6691 in chips, $3.70 bounty) 
Seat 3: lamate (15750 in chips, $5.55 bounty) 
Seat 4: Mahu2021 (3704 in chips, $3.70 bounty) 
Seat 5: ReacTzZPS (5647 in chips, $5.55 bounty) 
Seat 6: kachi93 (5518 in chips, $3.70 bounty) 
Seat 7: Mac Kinney123 (4946 in chips, $3.70 bounty) 
Seat 8: Giuli.Garcia (16855 in chips, $7.40 bounty) 
Fujfuj_Mele: posts the ante 27
Fedeshirov: posts the ante 27
lamate: posts the ante 27
Mahu2021: posts the ante 27
ReacTzZPS: posts the ante 27
kachi93: posts the ante 27
Mac Kinney123: posts the ante 27
Giuli.Garcia: posts the ante 27
Mahu2021: posts small blind 90
ReacTzZPS: posts big blind 180
*** HOLE CARDS ***
Dealt to Mahu2021 [Qs Th]
kachi93: folds 
Mac Kinney123: folds 
Giuli.Garcia: raises 180 to 360
Fujfuj_Mele: folds 
Fedeshirov: calls 360
lamate: folds 
Mahu2021: calls 270
ReacTzZPS: calls 180
*** FLOP *** [Ad 2h Jc]
Mahu2021: checks 
ReacTzZPS: checks 
Giuli.Garcia: bets 546
Fedeshirov: folds 
Mahu2021: calls 546
ReacTzZPS: folds 
*** TURN *** [Ad 2h Jc] [8d]
Mahu2021: checks 
Giuli.Garcia: checks 
*** RIVER *** [Ad 2h Jc 8d] [5s]
Mahu2021: checks 
Giuli.Garcia: bets 907
Mahu2021: folds 
Uncalled bet (907) returned to Giuli.Garcia
Giuli.Garcia collected 2748 from pot
Giuli.Garcia: doesn't show hand 
*** SUMMARY ***
Total pot 2748 | Rake 0 
Board [Ad 2h Jc 8d 5s]
Seat 1: Fujfuj_Mele folded before Flop (didn't bet)
Seat 2: Fedeshirov folded on the Flop
Seat 3: lamate (button) folded before Flop (didn't bet)
Seat 4: Mahu2021 (small blind) folded on the River
Seat 5: ReacTzZPS (big blind) folded on the Flop
Seat 6: kachi93 folded before Flop (didn't bet)
Seat 7: Mac Kinney123 folded before Flop (didn't bet)
Seat 8: Giuli.Garcia collected (2748)



PokerStars Hand #248103327028: Tournament #3694939405, $1.20+$3.70+$0.60 USD Hold'em No Limit - Level X (90/180) - 2024/01/06 18:53:00 CET [2024/01/06 12:53:00 ET]
Table '3694939405 256' 8-max Seat #4 is the button
Seat 1: Fujfuj_Mele (8061 in chips, $7.40 bounty) 
Seat 2: Fedeshirov (6304 in chips, $3.70 bounty) 
Seat 3: lamate (15723 in chips, $5.55 bounty) 
Seat 4: Mahu2021 (2771 in chips, $3.70 bounty) 
Seat 5: ReacTzZPS (5260 in chips, $5.55 bounty) 
Seat 6: kachi93 (5491 in chips, $3.70 bounty) 
Seat 7: Mac Kinney123 (4919 in chips, $3.70 bounty) 
Seat 8: Giuli.Garcia (18670 in chips, $7.40 bounty) 
Fujfuj_Mele: posts the ante 27
Fedeshirov: posts the ante 27
lamate: posts the ante 27
Mahu2021: posts the ante 27
ReacTzZPS: posts the ante 27
kachi93: posts the ante 27
Mac Kinney123: posts the ante 27
Giuli.Garcia: posts the ante 27
ReacTzZPS: posts small blind 90
kachi93: posts big blind 180
*** HOLE CARDS ***
Dealt to Mahu2021 [3s 8h]
Mac Kinney123: raises 216 to 396
Giuli.Garcia: folds 
Fujfuj_Mele: folds 
Fedeshirov: calls 396
lamate: folds 
Mahu2021: folds 
ReacTzZPS: calls 306
kachi93: calls 216
*** FLOP *** [2s 2d 5d]
ReacTzZPS: checks 
kachi93: checks 
Mac Kinney123: bets 900
Fedeshirov: folds 
ReacTzZPS: folds 
kachi93: raises 4168 to 5068 and is all-in
Mac Kinney123: calls 3596 and is all-in
Uncalled bet (572) returned to kachi93
*** TURN *** [2s 2d 5d] [Tc]
*** RIVER *** [2s 2d 5d Tc] [6d]
*** SHOW DOWN ***
kachi93: shows [8d Ad] (a flush, Ace high)
Mac Kinney123: shows [Kd 9d] (a flush, King high)
kachi93 collected 10792 from pot
kachi93 wins $1.85 for eliminating Mac Kinney123 and their own bounty increases by $1.85 to $5.55
Mac Kinney123 finished the tournament
*** SUMMARY ***
Total pot 10792 | Rake 0 
Board [2s 2d 5d Tc 6d]
Seat 1: Fujfuj_Mele folded before Flop (didn't bet)
Seat 2: Fedeshirov folded on the Flop
Seat 3: lamate folded before Flop (didn't bet)
Seat 4: Mahu2021 (button) folded before Flop (didn't bet)
Seat 5: ReacTzZPS (small blind) folded on the Flop
Seat 6: kachi93 (big blind) showed [8d Ad] and won (10792) with a flush, Ace high
Seat 7: Mac Kinney123 showed [Kd 9d] and lost with a flush, King high
Seat 8: Giuli.Garcia folded before Flop (didn't bet)



PokerStars Hand #248103367660: Tournament #3694939405, $1.20+$3.70+$0.60 USD Hold'em No Limit - Level X (90/180) - 2024/01/06 18:54:53 CET [2024/01/06 12:54:53 ET]
Table '3694939405 256' 8-max Seat #5 is the button
Seat 1: Fujfuj_Mele (8034 in chips, $7.40 bounty) 
Seat 2: Fedeshirov (5881 in chips, $3.70 bounty) 
Seat 3: lamate (15696 in chips, $5.55 bounty) 
Seat 4: Mahu2021 (2744 in chips, $3.70 bounty) 
Seat 5: ReacTzZPS (4837 in chips, $5.55 bounty) 
Seat 6: kachi93 (11364 in chips, $5.55 bounty) 
Seat 8: Giuli.Garcia (18643 in chips, $7.40 bounty) 
Fujfuj_Mele: posts the ante 27
Fedeshirov: posts the ante 27
lamate: posts the ante 27
Mahu2021: posts the ante 27
ReacTzZPS: posts the ante 27
kachi93: posts the ante 27
Giuli.Garcia: posts the ante 27
kachi93: posts small blind 90
Giuli.Garcia: posts big blind 180
*** HOLE CARDS ***
Dealt to Mahu2021 [8c Ts]
Fujfuj_Mele: folds 
stong40 is disconnected 
Fedeshirov: folds 
lamate: folds 
Mahu2021: folds 
ReacTzZPS: raises 198 to 378
kachi93: folds 
Giuli.Garcia: calls 198
*** FLOP *** [6c 9d 4d]
Giuli.Garcia: checks 
ReacTzZPS: bets 612
Giuli.Garcia: raises 968 to 1580
ReacTzZPS: raises 2852 to 4432 and is all-in
Giuli.Garcia: folds 
Uncalled bet (2852) returned to ReacTzZPS
ReacTzZPS collected 4195 from pot
ReacTzZPS: doesn't show hand 
*** SUMMARY ***
Total pot 4195 | Rake 0 
Board [6c 9d 4d]
Seat 1: Fujfuj_Mele folded before Flop (didn't bet)
Seat 2: Fedeshirov folded before Flop (didn't bet)
Seat 3: lamate folded before Flop (didn't bet)
Seat 4: Mahu2021 folded before Flop (didn't bet)
Seat 5: ReacTzZPS (button) collected (4195)
Seat 6: kachi93 (small blind) folded before Flop
Seat 8: Giuli.Garcia (big blind) folded on the Flop



PokerStars Hand #248103483403: Tournament #3694939405, $1.20+$3.70+$0.60 USD Hold'em No Limit - Level X (90/180) - 2024/01/06 19:02:01 CET [2024/01/06 13:02:01 ET]
Table '3694939405 256' 8-max Seat #6 is the button
Seat 1: Fujfuj_Mele (8007 in chips, $7.40 bounty) 
Seat 2: Fedeshirov (5854 in chips, $3.70 bounty) 
Seat 3: lamate (15669 in chips, $5.55 bounty) 
Seat 4: Mahu2021 (2717 in chips, $3.70 bounty) 
Seat 5: ReacTzZPS (7047 in chips, $5.55 bounty) 
Seat 6: kachi93 (11247 in chips, $5.55 bounty) 
Seat 7: stong40 (5000 in chips) out of hand (moved from another table into small blind)
Seat 8: Giuli.Garcia (16658 in chips, $7.40 bounty) 
stong40 will be allowed to play after the button
Fujfuj_Mele: posts the ante 27
Fedeshirov: posts the ante 27
lamate: posts the ante 27
Mahu2021: posts the ante 27
ReacTzZPS: posts the ante 27
kachi93: posts the ante 27
Giuli.Garcia: posts the ante 27
Giuli.Garcia: posts small blind 90
Fujfuj_Mele: posts big blind 180
*** HOLE CARDS ***
Dealt to Mahu2021 [Kd 2h]
Fedeshirov: folds 
lamate: folds 
Mahu2021: folds 
ReacTzZPS: folds 
kachi93: raises 225 to 405
Giuli.Garcia: raises 1035 to 1440
Fujfuj_Mele: folds 
kachi93: calls 1035
*** FLOP *** [4d 2d 3s]
Giuli.Garcia is disconnected 
Giuli.Garcia is connected 
Giuli.Garcia is connected 
Giuli.Garcia: checks 
kachi93: bets 1202
Giuli.Garcia: folds 
Uncalled bet (1202) returned to kachi93
kachi93 collected 3249 from pot
kachi93: doesn't show hand 
*** SUMMARY ***
Total pot 3249 | Rake 0 
Board [4d 2d 3s]
Seat 1: Fujfuj_Mele (big blind) folded before Flop
Seat 2: Fedeshirov folded before Flop (didn't bet)
Seat 3: lamate folded before Flop (didn't bet)
Seat 4: Mahu2021 folded before Flop (didn't bet)
Seat 5: ReacTzZPS folded before Flop (didn't bet)
Seat 6: kachi93 (button) collected (3249)
Seat 8: Giuli.Garcia (small blind) folded on the Flop



PokerStars Hand #248103522967: Tournament #3694939405, $1.20+$3.70+$0.60 USD Hold'em No Limit - Level X (90/180) - 2024/01/06 19:03:54 CET [2024/01/06 13:03:54 ET]
Table '3694939405 256' 8-max Seat #8 is the button
Seat 1: Fujfuj_Mele (7800 in chips, $7.40 bounty) 
Seat 2: Fedeshirov (5827 in chips, $3.70 bounty) 
Seat 3: lamate (15642 in chips, $5.55 bounty) 
Seat 4: Mahu2021 (2690 in chips, $3.70 bounty) 
Seat 5: ReacTzZPS (7020 in chips, $5.55 bounty) 
Seat 6: kachi93 (13029 in chips, $5.55 bounty) 
Seat 7: stong40 (5000 in chips, $3.70 bounty) 
Seat 8: Giuli.Garcia (15191 in chips, $7.40 bounty) 
Fujfuj_Mele: posts the ante 27
Fedeshirov: posts the ante 27
lamate: posts the ante 27
Mahu2021: posts the ante 27
ReacTzZPS: posts the ante 27
kachi93: posts the ante 27
stong40: posts the ante 27
Giuli.Garcia: posts the ante 27
Fujfuj_Mele: posts small blind 90
Fedeshirov: posts big blind 180
*** HOLE CARDS ***
Dealt to Mahu2021 [As 9h]
lamate: raises 216 to 396
Mahu2021: folds 
ReacTzZPS: folds 
kachi93: folds 
stong40: folds 
Giuli.Garcia: folds 
Fujfuj_Mele: folds 
Fedeshirov: folds 
Uncalled bet (216) returned to lamate
lamate collected 666 from pot
lamate: doesn't show hand 
*** SUMMARY ***
Total pot 666 | Rake 0 
Seat 1: Fujfuj_Mele (small blind) folded before Flop
Seat 2: Fedeshirov (big blind) folded before Flop
Seat 3: lamate collected (666)
Seat 4: Mahu2021 folded before Flop (didn't bet)
Seat 5: ReacTzZPS folded before Flop (didn't bet)
Seat 6: kachi93 folded before Flop (didn't bet)
Seat 7: stong40 folded before Flop (didn't bet)
Seat 8: Giuli.Garcia (button) folded before Flop (didn't bet)



PokerStars Hand #248103535819: Tournament #3694939405, $1.20+$3.70+$0.60 USD Hold'em No Limit - Level XI (100/200) - 2024/01/06 19:04:29 CET [2024/01/06 13:04:29 ET]
Table '3694939405 256' 8-max Seat #1 is the button
Seat 1: Fujfuj_Mele (7683 in chips, $7.40 bounty) 
Seat 2: Fedeshirov (5620 in chips, $3.70 bounty) 
Seat 3: lamate (16101 in chips, $5.55 bounty) 
Seat 4: Mahu2021 (2663 in chips, $3.70 bounty) 
Seat 5: ReacTzZPS (6993 in chips, $5.55 bounty) 
Seat 6: kachi93 (13002 in chips, $5.55 bounty) 
Seat 7: stong40 (4973 in chips, $3.70 bounty) 
Seat 8: Giuli.Garcia (15164 in chips, $7.40 bounty) 
Fujfuj_Mele: posts the ante 30
Fedeshirov: posts the ante 30
lamate: posts the ante 30
Mahu2021: posts the ante 30
ReacTzZPS: posts the ante 30
kachi93: posts the ante 30
stong40: posts the ante 30
Giuli.Garcia: posts the ante 30
Fedeshirov: posts small blind 100
lamate: posts big blind 200
*** HOLE CARDS ***
Dealt to Mahu2021 [Kc 6d]
Mahu2021: folds 
ReacTzZPS: folds 
kachi93: folds 
stong40: calls 200
Giuli.Garcia: folds 
Fujfuj_Mele: calls 200
Fedeshirov: calls 100
lamate: checks 
*** FLOP *** [7h Qc 7c]
Fedeshirov: checks 
lamate: checks 
stong40: checks 
Fujfuj_Mele: checks 
*** TURN *** [7h Qc 7c] [6h]
Fedeshirov: checks 
lamate: checks 
stong40: checks 
Fujfuj_Mele: checks 
*** RIVER *** [7h Qc 7c 6h] [Jd]
Fujfuj_Mele is disconnected 
Fedeshirov: checks 
lamate: checks 
stong40: checks 
Fujfuj_Mele is connected 
Fujfuj_Mele is connected 
Fujfuj_Mele: checks 
*** SHOW DOWN ***
Fedeshirov: shows [Kh 9c] (a pair of Sevens)
lamate: shows [Ac Th] (a pair of Sevens - Ace kicker)
stong40: shows [8c As] (a pair of Sevens)
Fujfuj_Mele: shows [Js 8s] (two pair, Jacks and Sevens)
Fujfuj_Mele collected 1040 from pot
*** SUMMARY ***
Total pot 1040 | Rake 0 
Board [7h Qc 7c 6h Jd]
Seat 1: Fujfuj_Mele (button) showed [Js 8s] and won (1040) with two pair, Jacks and Sevens
Seat 2: Fedeshirov (small blind) showed [Kh 9c] and lost with a pair of Sevens
Seat 3: lamate (big blind) showed [Ac Th] and lost with a pair of Sevens
Seat 4: Mahu2021 folded before Flop (didn't bet)
Seat 5: ReacTzZPS folded before Flop (didn't bet)
Seat 6: kachi93 folded before Flop (didn't bet)
Seat 7: stong40 showed [8c As] and lost with a pair of Sevens
Seat 8: Giuli.Garcia folded before Flop (didn't bet)



PokerStars Hand #248103580650: Tournament #3694939405, $1.20+$3.70+$0.60 USD Hold'em No Limit - Level XI (100/200) - 2024/01/06 19:06:30 CET [2024/01/06 13:06:30 ET]
Table '3694939405 256' 8-max Seat #2 is the button
Seat 1: Fujfuj_Mele (8493 in chips, $7.40 bounty) 
Seat 2: Fedeshirov (5390 in chips, $3.70 bounty) 
Seat 3: lamate (15871 in chips, $5.55 bounty) 
Seat 4: Mahu2021 (2633 in chips, $3.70 bounty) 
Seat 5: ReacTzZPS (6963 in chips, $5.55 bounty) 
Seat 6: kachi93 (12972 in chips, $5.55 bounty) 
Seat 7: stong40 (4743 in chips, $3.70 bounty) 
Seat 8: Giuli.Garcia (15134 in chips, $7.40 bounty) 
Fujfuj_Mele: posts the ante 30
Fedeshirov: posts the ante 30
lamate: posts the ante 30
Mahu2021: posts the ante 30
ReacTzZPS: posts the ante 30
kachi93: posts the ante 30
stong40: posts the ante 30
Giuli.Garcia: posts the ante 30
lamate: posts small blind 100
Mahu2021: posts big blind 200
*** HOLE CARDS ***
Dealt to Mahu2021 [5c 8d]
ReacTzZPS: folds 
kachi93: folds 
stong40: calls 200
Giuli.Garcia: folds 
Fujfuj_Mele: folds 
Fedeshirov: folds 
lamate: raises 1440 to 1640
Mahu2021: folds 
stong40: folds 
Uncalled bet (1440) returned to lamate
lamate collected 840 from pot
lamate: doesn't show hand 
*** SUMMARY ***
Total pot 840 | Rake 0 
Seat 1: Fujfuj_Mele folded before Flop (didn't bet)
Seat 2: Fedeshirov (button) folded before Flop (didn't bet)
Seat 3: lamate (small blind) collected (840)
Seat 4: Mahu2021 (big blind) folded before Flop
Seat 5: ReacTzZPS folded before Flop (didn't bet)
Seat 6: kachi93 folded before Flop (didn't bet)
Seat 7: stong40 folded before Flop
Seat 8: Giuli.Garcia folded before Flop (didn't bet)



PokerStars Hand #248103591911: Tournament #3694939405, $1.20+$3.70+$0.60 USD Hold'em No Limit - Level XI (100/200) - 2024/01/06 19:07:01 CET [2024/01/06 13:07:01 ET]
Table '3694939405 256' 8-max Seat #3 is the button
Seat 1: Fujfuj_Mele (8463 in chips, $7.40 bounty) 
Seat 2: Fedeshirov (5360 in chips, $3.70 bounty) 
Seat 3: lamate (16481 in chips, $5.55 bounty) 
Seat 4: Mahu2021 (2403 in chips, $3.70 bounty) 
Seat 5: ReacTzZPS (6933 in chips, $5.55 bounty) 
Seat 6: kachi93 (12942 in chips, $5.55 bounty) 
Seat 7: stong40 (4513 in chips, $3.70 bounty) 
Seat 8: Giuli.Garcia (15104 in chips, $7.40 bounty) 
Fujfuj_Mele: posts the ante 30
Fedeshirov: posts the ante 30
lamate: posts the ante 30
Mahu2021: posts the ante 30
ReacTzZPS: posts the ante 30
kachi93: posts the ante 30
stong40: posts the ante 30
Giuli.Garcia: posts the ante 30
Mahu2021: posts small blind 100
ReacTzZPS: posts big blind 200
*** HOLE CARDS ***
Dealt to Mahu2021 [Kc Js]
kachi93: folds 
stong40: folds 
Giuli.Garcia: folds 
Fujfuj_Mele: folds 
Fedeshirov: folds 
lamate: raises 240 to 440
Mahu2021: calls 340
ReacTzZPS: raises 6463 to 6903 and is all-in
lamate: folds 
Mahu2021: calls 1933 and is all-in
Uncalled bet (4530) returned to ReacTzZPS
*** FLOP *** [Ks 9s 8h]
*** TURN *** [Ks 9s 8h] [7s]
*** RIVER *** [Ks 9s 8h 7s] [5d]
*** SHOW DOWN ***
Mahu2021: shows [Kc Js] (a pair of Kings)
ReacTzZPS: shows [Ts Th] (a pair of Tens)
Mahu2021 collected 5426 from pot
*** SUMMARY ***
Total pot 5426 | Rake 0 
Board [Ks 9s 8h 7s 5d]
Seat 1: Fujfuj_Mele folded before Flop (didn't bet)
Seat 2: Fedeshirov folded before Flop (didn't bet)
Seat 3: lamate (button) folded before Flop
Seat 4: Mahu2021 (small blind) showed [Kc Js] and won (5426) with a pair of Kings
Seat 5: ReacTzZPS (big blind) showed [Ts Th] and lost with a pair of Tens
Seat 6: kachi93 folded before Flop (didn't bet)
Seat 7: stong40 folded before Flop (didn't bet)
Seat 8: Giuli.Garcia folded before Flop (didn't bet)



PokerStars Hand #248103610606: Tournament #3694939405, $1.20+$3.70+$0.60 USD Hold'em No Limit - Level XI (100/200) - 2024/01/06 19:07:51 CET [2024/01/06 13:07:51 ET]
Table '3694939405 256' 8-max Seat #4 is the button
Seat 1: Fujfuj_Mele (8433 in chips, $7.40 bounty) 
Seat 2: Fedeshirov (5330 in chips, $3.70 bounty) 
Seat 3: lamate (16011 in chips, $5.55 bounty) 
Seat 4: Mahu2021 (5426 in chips, $3.70 bounty) 
Seat 5: ReacTzZPS (4530 in chips, $5.55 bounty) 
Seat 6: kachi93 (12912 in chips, $5.55 bounty) 
Seat 7: stong40 (4483 in chips, $3.70 bounty) 
Seat 8: Giuli.Garcia (15074 in chips, $7.40 bounty) 
Fujfuj_Mele: posts the ante 30
Fedeshirov: posts the ante 30
lamate: posts the ante 30
Mahu2021: posts the ante 30
ReacTzZPS: posts the ante 30
kachi93: posts the ante 30
stong40: posts the ante 30
Giuli.Garcia: posts the ante 30
ReacTzZPS: posts small blind 100
kachi93: posts big blind 200
*** HOLE CARDS ***
Dealt to Mahu2021 [7h 8d]
stong40: folds 
Giuli.Garcia: raises 300 to 500
Fujfuj_Mele: folds 
Fedeshirov: folds 
lamate: folds 
Mahu2021: folds 
ReacTzZPS: folds 
kachi93: calls 300
*** FLOP *** [5d Qh Kc]
kachi93: checks 
Giuli.Garcia: bets 750
kachi93: folds 
Uncalled bet (750) returned to Giuli.Garcia
Giuli.Garcia collected 1340 from pot
Giuli.Garcia: doesn't show hand 
*** SUMMARY ***
Total pot 1340 | Rake 0 
Board [5d Qh Kc]
Seat 1: Fujfuj_Mele folded before Flop (didn't bet)
Seat 2: Fedeshirov folded before Flop (didn't bet)
Seat 3: lamate folded before Flop (didn't bet)
Seat 4: Mahu2021 (button) folded before Flop (didn't bet)
Seat 5: ReacTzZPS (small blind) folded before Flop
Seat 6: kachi93 (big blind) folded on the Flop
Seat 7: stong40 folded before Flop (didn't bet)
Seat 8: Giuli.Garcia collected (1340)



PokerStars Hand #248103626016: Tournament #3694939405, $1.20+$3.70+$0.60 USD Hold'em No Limit - Level XI (100/200) - 2024/01/06 19:08:33 CET [2024/01/06 13:08:33 ET]
Table '3694939405 256' 8-max Seat #5 is the button
Seat 1: Fujfuj_Mele (8403 in chips, $7.40 bounty) 
Seat 2: Fedeshirov (5300 in chips, $3.70 bounty) 
Seat 3: lamate (15981 in chips, $5.55 bounty) 
Seat 4: Mahu2021 (5396 in chips, $3.70 bounty) 
Seat 5: ReacTzZPS (4400 in chips, $5.55 bounty) 
Seat 6: kachi93 (12382 in chips, $5.55 bounty) 
Seat 7: stong40 (4453 in chips, $3.70 bounty) 
Seat 8: Giuli.Garcia (15884 in chips, $7.40 bounty) 
Fujfuj_Mele: posts the ante 30
Fedeshirov: posts the ante 30
lamate: posts the ante 30
Mahu2021: posts the ante 30
ReacTzZPS: posts the ante 30
kachi93: posts the ante 30
stong40: posts the ante 30
Giuli.Garcia: posts the ante 30
kachi93: posts small blind 100
stong40: posts big blind 200
*** HOLE CARDS ***
Dealt to Mahu2021 [9d 3c]
Giuli.Garcia: raises 200 to 400
Fujfuj_Mele: folds 
Fedeshirov: folds 
lamate: folds 
Mahu2021: folds 
ReacTzZPS: folds 
kachi93: folds 
stong40: calls 200
*** FLOP *** [5h 2c Jh]
stong40: checks 
Giuli.Garcia: bets 638
stong40: folds 
Uncalled bet (638) returned to Giuli.Garcia
Giuli.Garcia collected 1140 from pot
Giuli.Garcia: doesn't show hand 
*** SUMMARY ***
Total pot 1140 | Rake 0 
Board [5h 2c Jh]
Seat 1: Fujfuj_Mele folded before Flop (didn't bet)
Seat 2: Fedeshirov folded before Flop (didn't bet)
Seat 3: lamate folded before Flop (didn't bet)
Seat 4: Mahu2021 folded before Flop (didn't bet)
Seat 5: ReacTzZPS (button) folded before Flop (didn't bet)
Seat 6: kachi93 (small blind) folded before Flop
Seat 7: stong40 (big blind) folded on the Flop
Seat 8: Giuli.Garcia collected (1140)



PokerStars Hand #248103651847: Tournament #3694939405, $1.20+$3.70+$0.60 USD Hold'em No Limit - Level XI (100/200) - 2024/01/06 19:09:42 CET [2024/01/06 13:09:42 ET]
Table '3694939405 256' 8-max Seat #6 is the button
Seat 1: Fujfuj_Mele (8373 in chips, $7.40 bounty) 
Seat 2: Fedeshirov (5270 in chips, $3.70 bounty) 
Seat 3: lamate (15951 in chips, $5.55 bounty) 
Seat 4: Mahu2021 (5366 in chips, $3.70 bounty) 
Seat 5: ReacTzZPS (4370 in chips, $5.55 bounty) 
Seat 6: kachi93 (12252 in chips, $5.55 bounty) 
Seat 7: stong40 (4023 in chips, $3.70 bounty) 
Seat 8: Giuli.Garcia (16594 in chips, $7.40 bounty) 
Fujfuj_Mele: posts the ante 30
Fedeshirov: posts the ante 30
lamate: posts the ante 30
Mahu2021: posts the ante 30
ReacTzZPS: posts the ante 30
kachi93: posts the ante 30
stong40: posts the ante 30
Giuli.Garcia: posts the ante 30
stong40: posts small blind 100
Giuli.Garcia: posts big blind 200
*** HOLE CARDS ***
Dealt to Mahu2021 [6d 6s]
Fujfuj_Mele: folds 
Fedeshirov: folds 
lamate: folds 
Mahu2021: raises 200 to 400
ReacTzZPS: folds 
kachi93: folds 
stong40: calls 300
Giuli.Garcia: calls 200
*** FLOP *** [Qs 8c 2s]
stong40: checks 
Giuli.Garcia: checks 
Mahu2021: checks 
*** TURN *** [Qs 8c 2s] [3s]
stong40: checks 
Giuli.Garcia: bets 806
Mahu2021: folds 
stong40: folds 
Uncalled bet (806) returned to Giuli.Garcia
Giuli.Garcia collected 1440 from pot
Giuli.Garcia: doesn't show hand 
*** SUMMARY ***
Total pot 1440 | Rake 0 
Board [Qs 8c 2s 3s]
Seat 1: Fujfuj_Mele folded before Flop (didn't bet)
Seat 2: Fedeshirov folded before Flop (didn't bet)
Seat 3: lamate folded before Flop (didn't bet)
Seat 4: Mahu2021 folded on the Turn
Seat 5: ReacTzZPS folded before Flop (didn't bet)
Seat 6: kachi93 (button) folded before Flop (didn't bet)
Seat 7: stong40 (small blind) folded on the Turn
Seat 8: Giuli.Garcia (big blind) collected (1440)



PokerStars Hand #248103671698: Tournament #3694939405, $1.20+$3.70+$0.60 USD Hold'em No Limit - Level XI (100/200) - 2024/01/06 19:10:35 CET [2024/01/06 13:10:35 ET]
Table '3694939405 256' 8-max Seat #7 is the button
Seat 1: Fujfuj_Mele (8343 in chips, $7.40 bounty) 
Seat 2: Fedeshirov (5240 in chips, $3.70 bounty) 
Seat 3: lamate (15921 in chips, $5.55 bounty) 
Seat 4: Mahu2021 (4936 in chips, $3.70 bounty) 
Seat 5: ReacTzZPS (4340 in chips, $5.55 bounty) 
Seat 6: kachi93 (12222 in chips, $5.55 bounty) 
Seat 7: stong40 (3593 in chips, $3.70 bounty) 
Seat 8: Giuli.Garcia (17604 in chips, $7.40 bounty) 
Fujfuj_Mele: posts the ante 30
Fedeshirov: posts the ante 30
lamate: posts the ante 30
Mahu2021: posts the ante 30
ReacTzZPS: posts the ante 30
kachi93: posts the ante 30
stong40: posts the ante 30
Giuli.Garcia: posts the ante 30
Giuli.Garcia: posts small blind 100
Fujfuj_Mele: posts big blind 200
*** HOLE CARDS ***
Dealt to Mahu2021 [7c 8c]
Fedeshirov: folds 
lamate: folds 
Mahu2021: raises 200 to 400
ReacTzZPS: folds 
kachi93: folds 
stong40: folds 
Giuli.Garcia: folds 
Fujfuj_Mele: folds 
Uncalled bet (200) returned to Mahu2021
Mahu2021 collected 740 from pot
Mahu2021: doesn't show hand 
*** SUMMARY ***
Total pot 740 | Rake 0 
Seat 1: Fujfuj_Mele (big blind) folded before Flop
Seat 2: Fedeshirov folded before Flop (didn't bet)
Seat 3: lamate folded before Flop (didn't bet)
Seat 4: Mahu2021 collected (740)
Seat 5: ReacTzZPS folded before Flop (didn't bet)
Seat 6: kachi93 folded before Flop (didn't bet)
Seat 7: stong40 (button) folded before Flop (didn't bet)
Seat 8: Giuli.Garcia (small blind) folded before Flop



PokerStars Hand #248103689522: Tournament #3694939405, $1.20+$3.70+$0.60 USD Hold'em No Limit - Level XI (100/200) - 2024/01/06 19:11:23 CET [2024/01/06 13:11:23 ET]
Table '3694939405 256' 8-max Seat #8 is the button
Seat 1: Fujfuj_Mele (8113 in chips, $7.40 bounty) 
Seat 2: Fedeshirov (5210 in chips, $3.70 bounty) 
Seat 3: lamate (15891 in chips, $5.55 bounty) 
Seat 4: Mahu2021 (5446 in chips, $3.70 bounty) 
Seat 5: ReacTzZPS (4310 in chips, $5.55 bounty) 
Seat 6: kachi93 (12192 in chips, $5.55 bounty) 
Seat 7: stong40 (3563 in chips, $3.70 bounty) 
Seat 8: Giuli.Garcia (17474 in chips, $7.40 bounty) 
Fujfuj_Mele: posts the ante 30
Fedeshirov: posts the ante 30
lamate: posts the ante 30
Mahu2021: posts the ante 30
ReacTzZPS: posts the ante 30
kachi93: posts the ante 30
stong40: posts the ante 30
Giuli.Garcia: posts the ante 30
Fujfuj_Mele: posts small blind 100
Fedeshirov: posts big blind 200
*** HOLE CARDS ***
Dealt to Mahu2021 [Kh 2h]
lamate: folds 
Mahu2021: folds 
ReacTzZPS: folds 
kachi93: raises 250 to 450
stong40: calls 450
Giuli.Garcia: folds 
Fujfuj_Mele: calls 350
Fedeshirov: folds 
*** FLOP *** [Kd 3h 5h]
Fujfuj_Mele: checks 
kachi93: checks 
stong40: checks 
*** TURN *** [Kd 3h 5h] [3c]
Fujfuj_Mele: checks 
Fujfuj_Mele is disconnected 
kachi93: checks 
stong40: checks 
*** RIVER *** [Kd 3h 5h 3c] [4s]
Fujfuj_Mele: checks 
kachi93: checks 
stong40: checks 
*** SHOW DOWN ***
Fujfuj_Mele: shows [Ad Td] (a pair of Threes)
kachi93: mucks hand 
stong40: mucks hand 
Fujfuj_Mele collected 1790 from pot
*** SUMMARY ***
Total pot 1790 | Rake 0 
Board [Kd 3h 5h 3c 4s]
Seat 1: Fujfuj_Mele (small blind) showed [Ad Td] and won (1790) with a pair of Threes
Seat 2: Fedeshirov (big blind) folded before Flop
Seat 3: lamate folded before Flop (didn't bet)
Seat 4: Mahu2021 folded before Flop (didn't bet)
Seat 5: ReacTzZPS folded before Flop (didn't bet)
Seat 6: kachi93 mucked [9d Ah]
Seat 7: stong40 mucked [9h Qc]
Seat 8: Giuli.Garcia (button) folded before Flop (didn't bet)



PokerStars Hand #248103712064: Tournament #3694939405, $1.20+$3.70+$0.60 USD Hold'em No Limit - Level XII (125/250) - 2024/01/06 19:12:24 CET [2024/01/06 13:12:24 ET]
Table '3694939405 256' 8-max Seat #1 is the button
Seat 1: Fujfuj_Mele (9423 in chips, $7.40 bounty) 
Seat 2: Fedeshirov (4980 in chips, $3.70 bounty) 
Seat 3: lamate (15861 in chips, $5.55 bounty) 
Seat 4: Mahu2021 (5416 in chips, $3.70 bounty) 
Seat 5: ReacTzZPS (4280 in chips, $5.55 bounty) 
Seat 6: kachi93 (11712 in chips, $5.55 bounty) 
Seat 7: stong40 (3083 in chips, $3.70 bounty) 
Seat 8: Giuli.Garcia (17444 in chips, $7.40 bounty) 
Fujfuj_Mele: posts the ante 36
Fedeshirov: posts the ante 36
lamate: posts the ante 36
Mahu2021: posts the ante 36
ReacTzZPS: posts the ante 36
kachi93: posts the ante 36
stong40: posts the ante 36
Giuli.Garcia: posts the ante 36
Fedeshirov: posts small blind 125
lamate: posts big blind 250
*** HOLE CARDS ***
Dealt to Mahu2021 [Kh Ks]
Mahu2021: raises 5130 to 5380 and is all-in
ReacTzZPS: folds 
kachi93: folds 
stong40: folds 
Giuli.Garcia: folds 
Fujfuj_Mele: folds 
Fedeshirov: folds 
lamate: folds 
Uncalled bet (5130) returned to Mahu2021
Mahu2021 collected 913 from pot
Mahu2021: doesn't show hand 
*** SUMMARY ***
Total pot 913 | Rake 0 
Seat 1: Fujfuj_Mele (button) folded before Flop (didn't bet)
Seat 2: Fedeshirov (small blind) folded before Flop
Seat 3: lamate (big blind) folded before Flop
Seat 4: Mahu2021 collected (913)
Seat 5: ReacTzZPS folded before Flop (didn't bet)
Seat 6: kachi93 folded before Flop (didn't bet)
Seat 7: stong40 folded before Flop (didn't bet)
Seat 8: Giuli.Garcia folded before Flop (didn't bet)



PokerStars Hand #248103718471: Tournament #3694939405, $1.20+$3.70+$0.60 USD Hold'em No Limit - Level XII (125/250) - 2024/01/06 19:12:42 CET [2024/01/06 13:12:42 ET]
Table '3694939405 256' 8-max Seat #2 is the button
Seat 1: Fujfuj_Mele (9387 in chips, $7.40 bounty) 
Seat 2: Fedeshirov (4819 in chips, $3.70 bounty) 
Seat 3: lamate (15575 in chips, $5.55 bounty) 
Seat 4: Mahu2021 (6043 in chips, $3.70 bounty) 
Seat 5: ReacTzZPS (4244 in chips, $5.55 bounty) 
Seat 6: kachi93 (11676 in chips, $5.55 bounty) 
Seat 7: stong40 (3047 in chips, $3.70 bounty) 
Seat 8: Giuli.Garcia (17408 in chips, $7.40 bounty) 
Fujfuj_Mele: posts the ante 36
Fedeshirov: posts the ante 36
lamate: posts the ante 36
Mahu2021: posts the ante 36
ReacTzZPS: posts the ante 36
kachi93: posts the ante 36
stong40: posts the ante 36
Giuli.Garcia: posts the ante 36
lamate: posts small blind 125
Mahu2021: posts big blind 250
*** HOLE CARDS ***
Dealt to Mahu2021 [Jd 7c]
ReacTzZPS: raises 250 to 500
kachi93: folds 
stong40: folds 
Giuli.Garcia: folds 
Fujfuj_Mele: calls 500
Fedeshirov: folds 
lamate: folds 
Mahu2021: calls 250
*** FLOP *** [6h As 6d]
Mahu2021: checks 
ReacTzZPS: checks 
Fujfuj_Mele: bets 750
Mahu2021: folds 
ReacTzZPS: calls 750
*** TURN *** [6h As 6d] [4d]
ReacTzZPS: checks 
Fujfuj_Mele: bets 3413
ReacTzZPS: calls 2958 and is all-in
Uncalled bet (455) returned to Fujfuj_Mele
*** RIVER *** [6h As 6d 4d] [Kh]
*** SHOW DOWN ***
ReacTzZPS: shows [Ah Ac] (a full house, Aces full of Sixes)
Fujfuj_Mele: shows [Qd Qs] (two pair, Queens and Sixes)
ReacTzZPS collected 9329 from pot
*** SUMMARY ***
Total pot 9329 | Rake 0 
Board [6h As 6d 4d Kh]
Seat 1: Fujfuj_Mele showed [Qd Qs] and lost with two pair, Queens and Sixes
Seat 2: Fedeshirov (button) folded before Flop (didn't bet)
Seat 3: lamate (small blind) folded before Flop
Seat 4: Mahu2021 (big blind) folded on the Flop
Seat 5: ReacTzZPS showed [Ah Ac] and won (9329) with a full house, Aces full of Sixes
Seat 6: kachi93 folded before Flop (didn't bet)
Seat 7: stong40 folded before Flop (didn't bet)
Seat 8: Giuli.Garcia folded before Flop (didn't bet)



PokerStars Hand #248103749907: Tournament #3694939405, $1.20+$3.70+$0.60 USD Hold'em No Limit - Level XII (125/250) - 2024/01/06 19:14:06 CET [2024/01/06 13:14:06 ET]
Table '3694939405 256' 8-max Seat #3 is the button
Seat 1: Fujfuj_Mele (5143 in chips, $7.40 bounty) 
Seat 2: Fedeshirov (4783 in chips, $3.70 bounty) 
Seat 3: lamate (15414 in chips, $5.55 bounty) 
Seat 4: Mahu2021 (5507 in chips, $3.70 bounty) 
Seat 5: ReacTzZPS (9329 in chips, $5.55 bounty) 
Seat 6: kachi93 (11640 in chips, $5.55 bounty) 
Seat 7: stong40 (3011 in chips, $3.70 bounty) 
Seat 8: Giuli.Garcia (17372 in chips, $7.40 bounty) 
Fujfuj_Mele: posts the ante 36
Fedeshirov: posts the ante 36
lamate: posts the ante 36
Mahu2021: posts the ante 36
ReacTzZPS: posts the ante 36
kachi93: posts the ante 36
stong40: posts the ante 36
Giuli.Garcia: posts the ante 36
Mahu2021: posts small blind 125
ReacTzZPS: posts big blind 250
*** HOLE CARDS ***
Dealt to Mahu2021 [Jc Qs]
kachi93: folds 
stong40: folds 
Giuli.Garcia: folds 
Fujfuj_Mele: folds 
Fedeshirov: folds 
lamate: raises 300 to 550
Mahu2021: calls 425
ReacTzZPS: folds 
*** FLOP *** [Ah Td 2c]
Mahu2021: checks 
lamate: bets 541
Mahu2021: calls 541
*** TURN *** [Ah Td 2c] [5h]
Mahu2021: checks 
lamate: bets 2040
Mahu2021: folds 
Uncalled bet (2040) returned to lamate
lamate collected 2720 from pot
lamate: doesn't show hand 
*** SUMMARY ***
Total pot 2720 | Rake 0 
Board [Ah Td 2c 5h]
Seat 1: Fujfuj_Mele folded before Flop (didn't bet)
Seat 2: Fedeshirov folded before Flop (didn't bet)
Seat 3: lamate (button) collected (2720)
Seat 4: Mahu2021 (small blind) folded on the Turn
Seat 5: ReacTzZPS (big blind) folded before Flop
Seat 6: kachi93 folded before Flop (didn't bet)
Seat 7: stong40 folded before Flop (didn't bet)
Seat 8: Giuli.Garcia folded before Flop (didn't bet)



PokerStars Hand #248103771757: Tournament #3694939405, $1.20+$3.70+$0.60 USD Hold'em No Limit - Level XII (125/250) - 2024/01/06 19:15:05 CET [2024/01/06 13:15:05 ET]
Table '3694939405 256' 8-max Seat #4 is the button
Seat 1: Fujfuj_Mele (5107 in chips, $7.40 bounty) 
Seat 2: Fedeshirov (4747 in chips, $3.70 bounty) 
Seat 3: lamate (17007 in chips, $5.55 bounty) 
Seat 4: Mahu2021 (4380 in chips, $3.70 bounty) 
Seat 5: ReacTzZPS (9043 in chips, $5.55 bounty) 
Seat 6: kachi93 (11604 in chips, $5.55 bounty) 
Seat 7: stong40 (2975 in chips, $3.70 bounty) 
Seat 8: Giuli.Garcia (17336 in chips, $7.40 bounty) 
Fujfuj_Mele: posts the ante 36
Fedeshirov: posts the ante 36
lamate: posts the ante 36
Mahu2021: posts the ante 36
ReacTzZPS: posts the ante 36
kachi93: posts the ante 36
stong40: posts the ante 36
Giuli.Garcia: posts the ante 36
ReacTzZPS: posts small blind 125
kachi93: posts big blind 250
*** HOLE CARDS ***
Dealt to Mahu2021 [Kh 9s]
stong40: calls 250
Giuli.Garcia: folds 
Fujfuj_Mele: folds 
Fedeshirov: folds 
lamate: folds 
Mahu2021: calls 250
ReacTzZPS: calls 125
kachi93: checks 
*** FLOP *** [Jd 8h As]
ReacTzZPS: checks 
kachi93: checks 
stong40: checks 
Mahu2021: checks 
*** TURN *** [Jd 8h As] [3h]
ReacTzZPS: bets 902
kachi93: folds 
stong40: raises 1787 to 2689 and is all-in
Mahu2021: folds 
ReacTzZPS: folds 
Uncalled bet (1787) returned to stong40
stong40 collected 3092 from pot
stong40: doesn't show hand 
*** SUMMARY ***
Total pot 3092 | Rake 0 
Board [Jd 8h As 3h]
Seat 1: Fujfuj_Mele folded before Flop (didn't bet)
Seat 2: Fedeshirov folded before Flop (didn't bet)
Seat 3: lamate folded before Flop (didn't bet)
Seat 4: Mahu2021 (button) folded on the Turn
Seat 5: ReacTzZPS (small blind) folded on the Turn
Seat 6: kachi93 (big blind) folded on the Turn
Seat 7: stong40 collected (3092)
Seat 8: Giuli.Garcia folded before Flop (didn't bet)



PokerStars Hand #248103803989: Tournament #3694939405, $1.20+$3.70+$0.60 USD Hold'em No Limit - Level XII (125/250) - 2024/01/06 19:16:27 CET [2024/01/06 13:16:27 ET]
Table '3694939405 256' 8-max Seat #5 is the button
Seat 1: Fujfuj_Mele (5071 in chips, $7.40 bounty) 
Seat 2: Fedeshirov (4711 in chips, $3.70 bounty) 
Seat 3: lamate (16971 in chips, $5.55 bounty) 
Seat 4: Mahu2021 (4094 in chips, $3.70 bounty) 
Seat 5: ReacTzZPS (7855 in chips, $5.55 bounty) 
Seat 6: kachi93 (11318 in chips, $5.55 bounty) 
Seat 7: stong40 (4879 in chips, $3.70 bounty) 
Seat 8: Giuli.Garcia (17300 in chips, $7.40 bounty) 
Fujfuj_Mele: posts the ante 36
Fedeshirov: posts the ante 36
lamate: posts the ante 36
Mahu2021: posts the ante 36
ReacTzZPS: posts the ante 36
kachi93: posts the ante 36
stong40: posts the ante 36
Giuli.Garcia: posts the ante 36
kachi93: posts small blind 125
stong40: posts big blind 250
*** HOLE CARDS ***
Dealt to Mahu2021 [9d Jh]
Giuli.Garcia: folds 
Fujfuj_Mele: folds 
Fedeshirov: folds 
lamate: raises 300 to 550
Mahu2021: calls 550
ReacTzZPS: folds 
kachi93: folds 
stong40: calls 300
*** FLOP *** [Ac 4s Jc]
stong40: checks 
lamate: checks 
Mahu2021: checks 
*** TURN *** [Ac 4s Jc] [Qd]
stong40: checks 
lamate: checks 
Mahu2021: bets 500
stong40: folds 
lamate: folds 
Uncalled bet (500) returned to Mahu2021
Mahu2021 collected 2063 from pot
Mahu2021: doesn't show hand 
*** SUMMARY ***
Total pot 2063 | Rake 0 
Board [Ac 4s Jc Qd]
Seat 1: Fujfuj_Mele folded before Flop (didn't bet)
Seat 2: Fedeshirov folded before Flop (didn't bet)
Seat 3: lamate folded on the Turn
Seat 4: Mahu2021 collected (2063)
Seat 5: ReacTzZPS (button) folded before Flop (didn't bet)
Seat 6: kachi93 (small blind) folded before Flop
Seat 7: stong40 (big blind) folded on the Turn
Seat 8: Giuli.Garcia folded before Flop (didn't bet)



PokerStars Hand #248103830816: Tournament #3694939405, $1.20+$3.70+$0.60 USD Hold'em No Limit - Level XII (125/250) - 2024/01/06 19:17:35 CET [2024/01/06 13:17:35 ET]
Table '3694939405 256' 8-max Seat #6 is the button
Seat 1: Fujfuj_Mele (5035 in chips, $7.40 bounty) 
Seat 2: Fedeshirov (4675 in chips, $3.70 bounty) 
Seat 3: lamate (16385 in chips, $5.55 bounty) 
Seat 4: Mahu2021 (5571 in chips, $3.70 bounty) 
Seat 5: ReacTzZPS (7819 in chips, $5.55 bounty) 
Seat 6: kachi93 (11157 in chips, $5.55 bounty) 
Seat 7: stong40 (4293 in chips, $3.70 bounty) 
Seat 8: Giuli.Garcia (17264 in chips, $7.40 bounty) 
Fujfuj_Mele: posts the ante 36
Fedeshirov: posts the ante 36
lamate: posts the ante 36
Mahu2021: posts the ante 36
ReacTzZPS: posts the ante 36
kachi93: posts the ante 36
stong40: posts the ante 36
Giuli.Garcia: posts the ante 36
stong40: posts small blind 125
Giuli.Garcia: posts big blind 250
*** HOLE CARDS ***
Dealt to Mahu2021 [2h Jc]
Fujfuj_Mele: folds 
Fedeshirov: folds 
lamate: raises 300 to 550
Mahu2021: folds 
ReacTzZPS: folds 
Fujfuj_Mele is disconnected 
kachi93: calls 550
stong40: folds 
Giuli.Garcia: calls 300
*** FLOP *** [Td Js 2s]
Giuli.Garcia: checks 
lamate: bets 1750
kachi93: calls 1750
Giuli.Garcia: folds 
*** TURN *** [Td Js 2s] [8c]
lamate: bets 5563
kachi93: folds 
Uncalled bet (5563) returned to lamate
lamate collected 5563 from pot
lamate: doesn't show hand 
*** SUMMARY ***
Total pot 5563 | Rake 0 
Board [Td Js 2s 8c]
Seat 1: Fujfuj_Mele folded before Flop (didn't bet)
Seat 2: Fedeshirov folded before Flop (didn't bet)
Seat 3: lamate collected (5563)
Seat 4: Mahu2021 folded before Flop (didn't bet)
Seat 5: ReacTzZPS folded before Flop (didn't bet)
Seat 6: kachi93 (button) folded on the Turn
Seat 7: stong40 (small blind) folded before Flop
Seat 8: Giuli.Garcia (big blind) folded on the Flop



PokerStars Hand #248103853389: Tournament #3694939405, $1.20+$3.70+$0.60 USD Hold'em No Limit - Level XII (125/250) - 2024/01/06 19:18:32 CET [2024/01/06 13:18:32 ET]
Table '3694939405 256' 8-max Seat #7 is the button
Seat 1: Fujfuj_Mele (4999 in chips, $7.40 bounty) 
Seat 2: Fedeshirov (4639 in chips, $3.70 bounty) 
Seat 3: lamate (19612 in chips, $5.55 bounty) 
Seat 4: Mahu2021 (5535 in chips, $3.70 bounty) 
Seat 5: ReacTzZPS (7783 in chips, $5.55 bounty) 
Seat 6: kachi93 (8821 in chips, $5.55 bounty) 
Seat 7: stong40 (4132 in chips, $3.70 bounty) 
Seat 8: Giuli.Garcia (16678 in chips, $7.40 bounty) 
Fujfuj_Mele: posts the ante 36
Fedeshirov: posts the ante 36
lamate: posts the ante 36
Mahu2021: posts the ante 36
ReacTzZPS: posts the ante 36
kachi93: posts the ante 36
stong40: posts the ante 36
Giuli.Garcia: posts the ante 36
Giuli.Garcia: posts small blind 125
Fujfuj_Mele: posts big blind 250
*** HOLE CARDS ***
Dealt to Mahu2021 [3h 8c]
Fedeshirov: folds 
lamate: folds 
Mahu2021: folds 
ReacTzZPS: folds 
kachi93: folds 
stong40: calls 250
Giuli.Garcia: raises 750 to 1000
Fujfuj_Mele: calls 750
stong40: calls 750
*** FLOP *** [8s Th Ah]
Giuli.Garcia: checks 
Fujfuj_Mele: bets 3963 and is all-in
stong40: calls 3096 and is all-in
Giuli.Garcia: folds 
Uncalled bet (867) returned to Fujfuj_Mele
*** TURN *** [8s Th Ah] [3d]
*** RIVER *** [8s Th Ah 3d] [Kc]
*** SHOW DOWN ***
Fujfuj_Mele: shows [Ts Ac] (two pair, Aces and Tens)
stong40: shows [6h Kh] (a pair of Kings)
Fujfuj_Mele collected 9480 from pot
Fujfuj_Mele wins $1.85 for eliminating stong40 and their own bounty increases by $1.85 to $9.25
stong40 finished the tournament in 1583rd place
*** SUMMARY ***
Total pot 9480 | Rake 0 
Board [8s Th Ah 3d Kc]
Seat 1: Fujfuj_Mele (big blind) showed [Ts Ac] and won (9480) with two pair, Aces and Tens
Seat 2: Fedeshirov folded before Flop (didn't bet)
Seat 3: lamate folded before Flop (didn't bet)
Seat 4: Mahu2021 folded before Flop (didn't bet)
Seat 5: ReacTzZPS folded before Flop (didn't bet)
Seat 6: kachi93 folded before Flop (didn't bet)
Seat 7: stong40 (button) showed [6h Kh] and lost with a pair of Kings
Seat 8: Giuli.Garcia (small blind) folded on the Flop



PokerStars Hand #248103873752: Tournament #3694939405, $1.20+$3.70+$0.60 USD Hold'em No Limit - Level XII (125/250) - 2024/01/06 19:19:23 CET [2024/01/06 13:19:23 ET]
Table '3694939405 256' 8-max Seat #8 is the button
Seat 1: Fujfuj_Mele (10347 in chips, $9.25 bounty) 
Seat 2: Fedeshirov (4603 in chips, $3.70 bounty) 
Seat 3: lamate (19576 in chips, $5.55 bounty) 
Seat 4: Mahu2021 (5499 in chips, $3.70 bounty) 
Seat 5: ReacTzZPS (7747 in chips, $5.55 bounty) 
Seat 6: kachi93 (8785 in chips, $5.55 bounty) 
Seat 8: Giuli.Garcia (15642 in chips, $7.40 bounty) 
Fujfuj_Mele: posts the ante 36
Fedeshirov: posts the ante 36
lamate: posts the ante 36
Mahu2021: posts the ante 36
ReacTzZPS: posts the ante 36
kachi93: posts the ante 36
Giuli.Garcia: posts the ante 36
Fujfuj_Mele: posts small blind 125
Fedeshirov: posts big blind 250
*** HOLE CARDS ***
Dealt to Mahu2021 [2h 6s]
nadleh hornets is disconnected 
lamate: folds 
Mahu2021: folds 
ReacTzZPS: folds 
kachi93: folds 
Giuli.Garcia: folds 
Fujfuj_Mele: folds 
Uncalled bet (125) returned to Fedeshirov
Fedeshirov collected 502 from pot
Fedeshirov: doesn't show hand 
*** SUMMARY ***
Total pot 502 | Rake 0 
Seat 1: Fujfuj_Mele (small blind) folded before Flop
Seat 2: Fedeshirov (big blind) collected (502)
Seat 3: lamate folded before Flop (didn't bet)
Seat 4: Mahu2021 folded before Flop (didn't bet)
Seat 5: ReacTzZPS folded before Flop (didn't bet)
Seat 6: kachi93 folded before Flop (didn't bet)
Seat 8: Giuli.Garcia (button) folded before Flop (didn't bet)



PokerStars Hand #248103882001: Tournament #3694939405, $1.20+$3.70+$0.60 USD Hold'em No Limit - Level XII (125/250) - 2024/01/06 19:19:44 CET [2024/01/06 13:19:44 ET]
Table '3694939405 256' 8-max Seat #1 is the button
Seat 1: Fujfuj_Mele (10186 in chips, $9.25 bounty) 
Seat 2: Fedeshirov (4944 in chips, $3.70 bounty) 
Seat 4: Mahu2021 (5463 in chips, $3.70 bounty) 
Seat 5: ReacTzZPS (7711 in chips, $5.55 bounty) 
Seat 6: kachi93 (8749 in chips, $5.55 bounty) 
Seat 7: nadleh hornets (14087 in chips, $5.55 bounty) 
Seat 8: Giuli.Garcia (15606 in chips, $7.40 bounty) 
Fujfuj_Mele: posts the ante 36
Fedeshirov: posts the ante 36
Mahu2021: posts the ante 36
ReacTzZPS: posts the ante 36
kachi93: posts the ante 36
nadleh hornets: posts the ante 36
Giuli.Garcia: posts the ante 36
Fedeshirov: posts small blind 125
Mahu2021: posts big blind 250
*** HOLE CARDS ***
Dealt to Mahu2021 [6d Js]
jhntlstls is disconnected 
ReacTzZPS: folds 
kachi93: raises 312 to 562
nadleh hornets: folds 
Giuli.Garcia: folds 
Fujfuj_Mele: folds 
Fedeshirov: raises 4346 to 4908 and is all-in
Mahu2021: folds 
kachi93: calls 4346
*** FLOP *** [5c Ks Td]
*** TURN *** [5c Ks Td] [3s]
*** RIVER *** [5c Ks Td 3s] [Qd]
*** SHOW DOWN ***
Fedeshirov: shows [As Kh] (a pair of Kings)
kachi93: shows [Qh Ad] (a pair of Queens)
Fedeshirov collected 10318 from pot
*** SUMMARY ***
Total pot 10318 | Rake 0 
Board [5c Ks Td 3s Qd]
Seat 1: Fujfuj_Mele (button) folded before Flop (didn't bet)
Seat 2: Fedeshirov (small blind) showed [As Kh] and won (10318) with a pair of Kings
Seat 4: Mahu2021 (big blind) folded before Flop
Seat 5: ReacTzZPS folded before Flop (didn't bet)
Seat 6: kachi93 showed [Qh Ad] and lost with a pair of Queens
Seat 7: nadleh hornets folded before Flop (didn't bet)
Seat 8: Giuli.Garcia folded before Flop (didn't bet)



PokerStars Hand #248103900646: Tournament #3694939405, $1.20+$3.70+$0.60 USD Hold'em No Limit - Level XIII (150/300) - 2024/01/06 19:20:31 CET [2024/01/06 13:20:31 ET]
Table '3694939405 256' 8-max Seat #2 is the button
Seat 1: Fujfuj_Mele (10150 in chips, $9.25 bounty) 
Seat 2: Fedeshirov (10318 in chips, $3.70 bounty) 
Seat 3: jhntlstls (27030 in chips) out of hand (moved from another table into small blind)
Seat 4: Mahu2021 (5177 in chips, $3.70 bounty) 
Seat 5: ReacTzZPS (7675 in chips, $5.55 bounty) 
Seat 6: kachi93 (3805 in chips, $5.55 bounty) 
Seat 7: nadleh hornets (14051 in chips, $5.55 bounty) 
Seat 8: Giuli.Garcia (15570 in chips, $7.40 bounty) 
jhntlstls will be allowed to play after the button
Fujfuj_Mele: posts the ante 42
Fedeshirov: posts the ante 42
Mahu2021: posts the ante 42
ReacTzZPS: posts the ante 42
kachi93: posts the ante 42
nadleh hornets: posts the ante 42
Giuli.Garcia: posts the ante 42
Mahu2021: posts small blind 150
ReacTzZPS: posts big blind 300
*** HOLE CARDS ***
Dealt to Mahu2021 [5s 4d]
kachi93: raises 3463 to 3763 and is all-in
nadleh hornets: raises 10246 to 14009 and is all-in
Giuli.Garcia: folds 
Fujfuj_Mele: folds 
Fedeshirov: folds 
Mahu2021: folds 
ReacTzZPS: folds 
Uncalled bet (10246) returned to nadleh hornets
*** FLOP *** [Tc Kc 9h]
*** TURN *** [Tc Kc 9h] [8c]
*** RIVER *** [Tc Kc 9h 8c] [Ks]
*** SHOW DOWN ***
kachi93: shows [Qh Qc] (two pair, Kings and Queens)
nadleh hornets: shows [As 6s] (a pair of Kings)
kachi93 collected 8270 from pot
*** SUMMARY ***
Total pot 8270 | Rake 0 
Board [Tc Kc 9h 8c Ks]
Seat 1: Fujfuj_Mele folded before Flop (didn't bet)
Seat 2: Fedeshirov (button) folded before Flop (didn't bet)
Seat 4: Mahu2021 (small blind) folded before Flop
Seat 5: ReacTzZPS (big blind) folded before Flop
Seat 6: kachi93 showed [Qh Qc] and won (8270) with two pair, Kings and Queens
Seat 7: nadleh hornets showed [As 6s] and lost with a pair of Kings
Seat 8: Giuli.Garcia folded before Flop (didn't bet)



PokerStars Hand #248103913623: Tournament #3694939405, $1.20+$3.70+$0.60 USD Hold'em No Limit - Level XIII (150/300) - 2024/01/06 19:21:04 CET [2024/01/06 13:21:04 ET]
Table '3694939405 256' 8-max Seat #4 is the button
Seat 1: Fujfuj_Mele (10108 in chips, $9.25 bounty) 
Seat 2: Fedeshirov (10276 in chips, $3.70 bounty) 
Seat 3: jhntlstls (27030 in chips, $12.94 bounty) 
Seat 4: Mahu2021 (4985 in chips, $3.70 bounty) 
Seat 5: ReacTzZPS (7333 in chips, $5.55 bounty) 
Seat 6: kachi93 (8270 in chips, $5.55 bounty) 
Seat 7: nadleh hornets (10246 in chips, $5.55 bounty) 
Seat 8: Giuli.Garcia (15528 in chips, $7.40 bounty) 
Fujfuj_Mele: posts the ante 42
Fedeshirov: posts the ante 42
jhntlstls: posts the ante 42
Mahu2021: posts the ante 42
ReacTzZPS: posts the ante 42
kachi93: posts the ante 42
nadleh hornets: posts the ante 42
Giuli.Garcia: posts the ante 42
ReacTzZPS: posts small blind 150
kachi93: posts big blind 300
*** HOLE CARDS ***
Dealt to Mahu2021 [Qc 4d]
nadleh hornets: folds 
Giuli.Garcia: folds 
Fujfuj_Mele: folds 
Fedeshirov: raises 300 to 600
jhntlstls: folds 
Mahu2021: folds 
ReacTzZPS: folds 
kachi93: raises 7628 to 8228 and is all-in
Fedeshirov: folds 
Uncalled bet (7628) returned to kachi93
kachi93 collected 1686 from pot
kachi93: doesn't show hand 
*** SUMMARY ***
Total pot 1686 | Rake 0 
Seat 1: Fujfuj_Mele folded before Flop (didn't bet)
Seat 2: Fedeshirov folded before Flop
Seat 3: jhntlstls folded before Flop (didn't bet)
Seat 4: Mahu2021 (button) folded before Flop (didn't bet)
Seat 5: ReacTzZPS (small blind) folded before Flop
Seat 6: kachi93 (big blind) collected (1686)
Seat 7: nadleh hornets folded before Flop (didn't bet)
Seat 8: Giuli.Garcia folded before Flop (didn't bet)



PokerStars Hand #248103930097: Tournament #3694939405, $1.20+$3.70+$0.60 USD Hold'em No Limit - Level XIII (150/300) - 2024/01/06 19:21:45 CET [2024/01/06 13:21:45 ET]
Table '3694939405 256' 8-max Seat #5 is the button
Seat 1: Fujfuj_Mele (10066 in chips, $9.25 bounty) 
Seat 2: Fedeshirov (9634 in chips, $3.70 bounty) 
Seat 3: jhntlstls (26988 in chips, $12.94 bounty) 
Seat 4: Mahu2021 (4943 in chips, $3.70 bounty) 
Seat 5: ReacTzZPS (7141 in chips, $5.55 bounty) 
Seat 6: kachi93 (9314 in chips, $5.55 bounty) 
Seat 7: nadleh hornets (10204 in chips, $5.55 bounty) 
Seat 8: Giuli.Garcia (15486 in chips, $7.40 bounty) 
Fujfuj_Mele: posts the ante 42
Fedeshirov: posts the ante 42
jhntlstls: posts the ante 42
Mahu2021: posts the ante 42
ReacTzZPS: posts the ante 42
kachi93: posts the ante 42
nadleh hornets: posts the ante 42
Giuli.Garcia: posts the ante 42
kachi93: posts small blind 150
nadleh hornets: posts big blind 300
*** HOLE CARDS ***
Dealt to Mahu2021 [2s Js]
Giuli.Garcia: folds 
Fujfuj_Mele: folds 
Fedeshirov: folds 
jhntlstls: folds 
Mahu2021: raises 300 to 600
ReacTzZPS: folds 
kachi93: raises 8672 to 9272 and is all-in
nadleh hornets: folds 
Mahu2021: folds 
Uncalled bet (8672) returned to kachi93
kachi93 collected 1836 from pot
kachi93: doesn't show hand 
*** SUMMARY ***
Total pot 1836 | Rake 0 
Seat 1: Fujfuj_Mele folded before Flop (didn't bet)
Seat 2: Fedeshirov folded before Flop (didn't bet)
Seat 3: jhntlstls folded before Flop (didn't bet)
Seat 4: Mahu2021 folded before Flop
Seat 5: ReacTzZPS (button) folded before Flop (didn't bet)
Seat 6: kachi93 (small blind) collected (1836)
Seat 7: nadleh hornets (big blind) folded before Flop
Seat 8: Giuli.Garcia folded before Flop (didn't bet)



PokerStars Hand #248103946255: Tournament #3694939405, $1.20+$3.70+$0.60 USD Hold'em No Limit - Level XIII (150/300) - 2024/01/06 19:22:26 CET [2024/01/06 13:22:26 ET]
Table '3694939405 256' 8-max Seat #6 is the button
Seat 1: Fujfuj_Mele (10024 in chips, $9.25 bounty) 
Seat 2: Fedeshirov (9592 in chips, $3.70 bounty) 
Seat 3: jhntlstls (26946 in chips, $12.94 bounty) 
Seat 4: Mahu2021 (4301 in chips, $3.70 bounty) 
Seat 5: ReacTzZPS (7099 in chips, $5.55 bounty) 
Seat 6: kachi93 (10508 in chips, $5.55 bounty) 
Seat 7: nadleh hornets (9862 in chips, $5.55 bounty) 
Seat 8: Giuli.Garcia (15444 in chips, $7.40 bounty) 
Fujfuj_Mele: posts the ante 42
Fedeshirov: posts the ante 42
jhntlstls: posts the ante 42
Mahu2021: posts the ante 42
ReacTzZPS: posts the ante 42
kachi93: posts the ante 42
nadleh hornets: posts the ante 42
Giuli.Garcia: posts the ante 42
nadleh hornets: posts small blind 150
Giuli.Garcia: posts big blind 300
*** HOLE CARDS ***
Dealt to Mahu2021 [Jh 5s]
Fujfuj_Mele: folds 
Fedeshirov: folds 
jhntlstls: folds 
Mahu2021: folds 
ReacTzZPS: folds 
kachi93: folds 
nadleh hornets: folds 
Uncalled bet (150) returned to Giuli.Garcia
Giuli.Garcia collected 636 from pot
Giuli.Garcia: doesn't show hand 
*** SUMMARY ***
Total pot 636 | Rake 0 
Seat 1: Fujfuj_Mele folded before Flop (didn't bet)
Seat 2: Fedeshirov folded before Flop (didn't bet)
Seat 3: jhntlstls folded before Flop (didn't bet)
Seat 4: Mahu2021 folded before Flop (didn't bet)
Seat 5: ReacTzZPS folded before Flop (didn't bet)
Seat 6: kachi93 (button) folded before Flop (didn't bet)
Seat 7: nadleh hornets (small blind) folded before Flop
Seat 8: Giuli.Garcia (big blind) collected (636)



PokerStars Hand #248103950326: Tournament #3694939405, $1.20+$3.70+$0.60 USD Hold'em No Limit - Level XIII (150/300) - 2024/01/06 19:22:36 CET [2024/01/06 13:22:36 ET]
Table '3694939405 256' 8-max Seat #7 is the button
Seat 1: Fujfuj_Mele (9982 in chips, $9.25 bounty) 
Seat 2: Fedeshirov (9550 in chips, $3.70 bounty) 
Seat 3: jhntlstls (26904 in chips, $12.94 bounty) 
Seat 4: Mahu2021 (4259 in chips, $3.70 bounty) 
Seat 5: ReacTzZPS (7057 in chips, $5.55 bounty) 
Seat 6: kachi93 (10466 in chips, $5.55 bounty) 
Seat 7: nadleh hornets (9670 in chips, $5.55 bounty) 
Seat 8: Giuli.Garcia (15888 in chips, $7.40 bounty) 
Fujfuj_Mele: posts the ante 42
Fedeshirov: posts the ante 42
jhntlstls: posts the ante 42
Mahu2021: posts the ante 42
ReacTzZPS: posts the ante 42
kachi93: posts the ante 42
nadleh hornets: posts the ante 42
Giuli.Garcia: posts the ante 42
Giuli.Garcia: posts small blind 150
Fujfuj_Mele: posts big blind 300
*** HOLE CARDS ***
Dealt to Mahu2021 [Qh 4h]
Fedeshirov: folds 
jhntlstls: folds 
Mahu2021: folds 
ReacTzZPS: folds 
kachi93: folds 
nadleh hornets: folds 
Giuli.Garcia: raises 450 to 750
Fujfuj_Mele: calls 450
*** FLOP *** [4d 2s 7h]
Giuli.Garcia: bets 606
Fujfuj_Mele: calls 606
*** TURN *** [4d 2s 7h] [8c]
Giuli.Garcia: checks 
Fujfuj_Mele: bets 2400
Giuli.Garcia: folds 
Uncalled bet (2400) returned to Fujfuj_Mele
Fujfuj_Mele collected 3048 from pot
Fujfuj_Mele: doesn't show hand 
*** SUMMARY ***
Total pot 3048 | Rake 0 
Board [4d 2s 7h 8c]
Seat 1: Fujfuj_Mele (big blind) collected (3048)
Seat 2: Fedeshirov folded before Flop (didn't bet)
Seat 3: jhntlstls folded before Flop (didn't bet)
Seat 4: Mahu2021 folded before Flop (didn't bet)
Seat 5: ReacTzZPS folded before Flop (didn't bet)
Seat 6: kachi93 folded before Flop (didn't bet)
Seat 7: nadleh hornets (button) folded before Flop (didn't bet)
Seat 8: Giuli.Garcia (small blind) folded on the Turn



PokerStars Hand #248103971810: Tournament #3694939405, $1.20+$3.70+$0.60 USD Hold'em No Limit - Level XIII (150/300) - 2024/01/06 19:23:30 CET [2024/01/06 13:23:30 ET]
Table '3694939405 256' 8-max Seat #8 is the button
Seat 1: Fujfuj_Mele (11632 in chips, $9.25 bounty) 
Seat 2: Fedeshirov (9508 in chips, $3.70 bounty) 
Seat 3: jhntlstls (26862 in chips, $12.94 bounty) 
Seat 4: Mahu2021 (4217 in chips, $3.70 bounty) 
Seat 5: ReacTzZPS (7015 in chips, $5.55 bounty) 
Seat 6: kachi93 (10424 in chips, $5.55 bounty) 
Seat 7: nadleh hornets (9628 in chips, $5.55 bounty) 
Seat 8: Giuli.Garcia (14490 in chips, $7.40 bounty) 
Fujfuj_Mele: posts the ante 42
Fedeshirov: posts the ante 42
jhntlstls: posts the ante 42
Mahu2021: posts the ante 42
ReacTzZPS: posts the ante 42
kachi93: posts the ante 42
nadleh hornets: posts the ante 42
Giuli.Garcia: posts the ante 42
Fujfuj_Mele: posts small blind 150
Fedeshirov: posts big blind 300
*** HOLE CARDS ***
Dealt to Mahu2021 [7h 7c]
jhntlstls: raises 360 to 660
Mahu2021: raises 3515 to 4175 and is all-in
ReacTzZPS: folds 
kachi93: raises 6207 to 10382 and is all-in
nadleh hornets: folds 
Giuli.Garcia: folds 
Fujfuj_Mele: folds 
Fedeshirov: folds 
jhntlstls: folds 
Uncalled bet (6207) returned to kachi93
*** FLOP *** [2d 5s 3s]
*** TURN *** [2d 5s 3s] [3d]
*** RIVER *** [2d 5s 3s 3d] [4h]
*** SHOW DOWN ***
Mahu2021: shows [7h 7c] (two pair, Sevens and Threes)
kachi93: shows [As Qs] (a straight, Ace to Five)
kachi93 collected 9796 from pot
kachi93 wins $1.85 for eliminating Mahu2021 and their own bounty increases by $1.85 to $7.40
Mahu2021 finished the tournament in 1421st place
*** SUMMARY ***
Total pot 9796 | Rake 0 
Board [2d 5s 3s 3d 4h]
Seat 1: Fujfuj_Mele (small blind) folded before Flop
Seat 2: Fedeshirov (big blind) folded before Flop
Seat 3: jhntlstls folded before Flop
Seat 4: Mahu2021 showed [7h 7c] and lost with two pair, Sevens and Threes
Seat 5: ReacTzZPS folded before Flop (didn't bet)
Seat 6: kachi93 showed [As Qs] and won (9796) with a straight, Ace to Five
Seat 7: nadleh hornets folded before Flop (didn't bet)
Seat 8: Giuli.Garcia (button) folded before Flop (didn't bet)



