PokerStars Hand #254032771411: Tournament #3838386833, $1.84+$0.16 USD Hold'em No Limit - Level I (10/20) - 2024/12/26 13:34:30 CET [2024/12/26 7:34:30 ET]
Table '3838386833 1' 3-max Seat #1 is the button
Seat 1: gr4dja (500 in chips) 
Seat 2: nek100 (500 in chips) 
Seat 3: Mahu2021 (500 in chips) 
nek100: posts small blind 10
Mahu2021: posts big blind 20
*** HOLE CARDS ***
Dealt to Mahu2021 [2d 6c]
gr4dja: folds 
nek100: calls 10
Mahu2021: checks 
*** FLOP *** [Kh 8d 4h]
nek100: checks 
Mahu2021: checks 
*** TURN *** [Kh 8d 4h] [Kd]
nek100: bets 20
Mahu2021: folds 
Uncalled bet (20) returned to nek100
nek100 collected 40 from pot
nek100: doesn't show hand 
*** SUMMARY ***
Total pot 40 | Rake 0 
Board [Kh 8d 4h Kd]
Seat 1: gr4dja (button) folded before Flop (didn't bet)
Seat 2: nek100 (small blind) collected (40)
Seat 3: Mahu2021 (big blind) folded on the Turn



PokerStars Hand #254032773310: Tournament #3838386833, $1.84+$0.16 USD Hold'em No Limit - Level I (10/20) - 2024/12/26 13:34:44 CET [2024/12/26 7:34:44 ET]
Table '3838386833 1' 3-max Seat #2 is the button
Seat 1: gr4dja (500 in chips) 
Seat 2: nek100 (520 in chips) 
Seat 3: Mahu2021 (480 in chips) 
Mahu2021: posts small blind 10
gr4dja: posts big blind 20
*** HOLE CARDS ***
Dealt to Mahu2021 [3s Jh]
nek100: folds 
Mahu2021: folds 
Uncalled bet (10) returned to gr4dja
gr4dja collected 20 from pot
gr4dja: doesn't show hand 
*** SUMMARY ***
Total pot 20 | Rake 0 
Seat 1: gr4dja (big blind) collected (20)
Seat 2: nek100 (button) folded before Flop (didn't bet)
Seat 3: Mahu2021 (small blind) folded before Flop



PokerStars Hand #254032774075: Tournament #3838386833, $1.84+$0.16 USD Hold'em No Limit - Level I (10/20) - 2024/12/26 13:34:49 CET [2024/12/26 7:34:49 ET]
Table '3838386833 1' 3-max Seat #3 is the button
Seat 1: gr4dja (510 in chips) 
Seat 2: nek100 (520 in chips) 
Seat 3: Mahu2021 (470 in chips) 
gr4dja: posts small blind 10
nek100: posts big blind 20
*** HOLE CARDS ***
Dealt to Mahu2021 [3c 8h]
Mahu2021: folds 
gr4dja: calls 10
nek100: checks 
*** FLOP *** [Th Ac Td]
gr4dja: bets 20
nek100: calls 20
*** TURN *** [Th Ac Td] [Ks]
gr4dja: checks 
nek100: checks 
*** RIVER *** [Th Ac Td Ks] [6s]
gr4dja: checks 
nek100: bets 53
gr4dja: folds 
Uncalled bet (53) returned to nek100
nek100 collected 80 from pot
nek100: doesn't show hand 
*** SUMMARY ***
Total pot 80 | Rake 0 
Board [Th Ac Td Ks 6s]
Seat 1: gr4dja (small blind) folded on the River
Seat 2: nek100 (big blind) collected (80)
Seat 3: Mahu2021 (button) folded before Flop (didn't bet)



PokerStars Hand #254032776967: Tournament #3838386833, $1.84+$0.16 USD Hold'em No Limit - Level I (10/20) - 2024/12/26 13:35:09 CET [2024/12/26 7:35:09 ET]
Table '3838386833 1' 3-max Seat #1 is the button
Seat 1: gr4dja (470 in chips) 
Seat 2: nek100 (560 in chips) 
Seat 3: Mahu2021 (470 in chips) 
nek100: posts small blind 10
Mahu2021: posts big blind 20
*** HOLE CARDS ***
Dealt to Mahu2021 [8c 6h]
gr4dja: folds 
nek100: calls 10
Mahu2021: checks 
*** FLOP *** [Qd 5d 7c]
nek100: checks 
Mahu2021: bets 40
nek100: folds 
Uncalled bet (40) returned to Mahu2021
Mahu2021 collected 40 from pot
Mahu2021: doesn't show hand 
*** SUMMARY ***
Total pot 40 | Rake 0 
Board [Qd 5d 7c]
Seat 1: gr4dja (button) folded before Flop (didn't bet)
Seat 2: nek100 (small blind) folded on the Flop
Seat 3: Mahu2021 (big blind) collected (40)



PokerStars Hand #254032779278: Tournament #3838386833, $1.84+$0.16 USD Hold'em No Limit - Level I (10/20) - 2024/12/26 13:35:25 CET [2024/12/26 7:35:25 ET]
Table '3838386833 1' 3-max Seat #2 is the button
Seat 1: gr4dja (470 in chips) 
Seat 2: nek100 (540 in chips) 
Seat 3: Mahu2021 (490 in chips) 
Mahu2021: posts small blind 10
gr4dja: posts big blind 20
*** HOLE CARDS ***
Dealt to Mahu2021 [6s 5h]
nek100: raises 20 to 40
Mahu2021: folds 
gr4dja: raises 430 to 470 and is all-in
nek100: calls 430
*** FLOP *** [7d 4c Jc]
*** TURN *** [7d 4c Jc] [5d]
*** RIVER *** [7d 4c Jc 5d] [8c]
*** SHOW DOWN ***
gr4dja: shows [Kc As] (high card Ace)
nek100: shows [Qc Qs] (a pair of Queens)
nek100 collected 950 from pot
gr4dja finished the tournament in 3rd place
*** SUMMARY ***
Total pot 950 | Rake 0 
Board [7d 4c Jc 5d 8c]
Seat 1: gr4dja (big blind) showed [Kc As] and lost with high card Ace
Seat 2: nek100 (button) showed [Qc Qs] and won (950) with a pair of Queens
Seat 3: Mahu2021 (small blind) folded before Flop



PokerStars Hand #254032782224: Tournament #3838386833, $1.84+$0.16 USD Hold'em No Limit - Level I (10/20) - 2024/12/26 13:35:45 CET [2024/12/26 7:35:45 ET]
Table '3838386833 1' 3-max Seat #3 is the button
Seat 2: nek100 (1020 in chips) 
Seat 3: Mahu2021 (480 in chips) 
Mahu2021: posts small blind 10
nek100: posts big blind 20
*** HOLE CARDS ***
Dealt to Mahu2021 [Qc 8s]
Mahu2021: raises 20 to 40
nek100: calls 20
*** FLOP *** [Jd Ts 8d]
nek100: checks 
Mahu2021: checks 
*** TURN *** [Jd Ts 8d] [Ad]
nek100: checks 
Mahu2021: checks 
*** RIVER *** [Jd Ts 8d Ad] [6c]
nek100: checks 
Mahu2021: checks 
*** SHOW DOWN ***
nek100: shows [5s Td] (a pair of Tens)
Mahu2021: mucks hand 
nek100 collected 80 from pot
*** SUMMARY ***
Total pot 80 | Rake 0 
Board [Jd Ts 8d Ad 6c]
Seat 2: nek100 (big blind) showed [5s Td] and won (80) with a pair of Tens
Seat 3: Mahu2021 (button) (small blind) mucked [Qc 8s]



PokerStars Hand #254032784877: Tournament #3838386833, $1.84+$0.16 USD Hold'em No Limit - Level I (10/20) - 2024/12/26 13:36:03 CET [2024/12/26 7:36:03 ET]
Table '3838386833 1' 3-max Seat #2 is the button
Seat 2: nek100 (1060 in chips) 
Seat 3: Mahu2021 (440 in chips) 
nek100: posts small blind 10
Mahu2021: posts big blind 20
*** HOLE CARDS ***
Dealt to Mahu2021 [6d Qh]
nek100: raises 20 to 40
Mahu2021: calls 20
*** FLOP *** [8h Qc 2c]
Mahu2021: checks 
nek100: bets 26
Mahu2021: raises 34 to 60
nek100: folds 
Uncalled bet (34) returned to Mahu2021
Mahu2021 collected 132 from pot
Mahu2021: doesn't show hand 
*** SUMMARY ***
Total pot 132 | Rake 0 
Board [8h Qc 2c]
Seat 2: nek100 (button) (small blind) folded on the Flop
Seat 3: Mahu2021 (big blind) collected (132)



PokerStars Hand #254032787803: Tournament #3838386833, $1.84+$0.16 USD Hold'em No Limit - Level I (10/20) - 2024/12/26 13:36:23 CET [2024/12/26 7:36:23 ET]
Table '3838386833 1' 3-max Seat #3 is the button
Seat 2: nek100 (994 in chips) 
Seat 3: Mahu2021 (506 in chips) 
Mahu2021: posts small blind 10
nek100: posts big blind 20
*** HOLE CARDS ***
Dealt to Mahu2021 [7h Kh]
Mahu2021: raises 20 to 40
nek100: folds 
Uncalled bet (20) returned to Mahu2021
Mahu2021 collected 40 from pot
Mahu2021: doesn't show hand 
*** SUMMARY ***
Total pot 40 | Rake 0 
Seat 2: nek100 (big blind) folded before Flop
Seat 3: Mahu2021 (button) (small blind) collected (40)



PokerStars Hand #254032788827: Tournament #3838386833, $1.84+$0.16 USD Hold'em No Limit - Level I (10/20) - 2024/12/26 13:36:30 CET [2024/12/26 7:36:30 ET]
Table '3838386833 1' 3-max Seat #2 is the button
Seat 2: nek100 (974 in chips) 
Seat 3: Mahu2021 (526 in chips) 
nek100: posts small blind 10
Mahu2021: posts big blind 20
*** HOLE CARDS ***
Dealt to Mahu2021 [Kc Ah]
nek100: folds 
Uncalled bet (10) returned to Mahu2021
Mahu2021 collected 20 from pot
Mahu2021: doesn't show hand 
*** SUMMARY ***
Total pot 20 | Rake 0 
Seat 2: nek100 (button) (small blind) folded before Flop
Seat 3: Mahu2021 (big blind) collected (20)



PokerStars Hand #254032789492: Tournament #3838386833, $1.84+$0.16 USD Hold'em No Limit - Level I (10/20) - 2024/12/26 13:36:35 CET [2024/12/26 7:36:35 ET]
Table '3838386833 1' 3-max Seat #3 is the button
Seat 2: nek100 (964 in chips) 
Seat 3: Mahu2021 (536 in chips) 
Mahu2021: posts small blind 10
nek100: posts big blind 20
*** HOLE CARDS ***
Dealt to Mahu2021 [Jh 4d]
Mahu2021: calls 10
nek100: checks 
*** FLOP *** [9d 8s 3c]
nek100: checks 
Mahu2021: checks 
*** TURN *** [9d 8s 3c] [2c]
nek100: checks 
Mahu2021: checks 
*** RIVER *** [9d 8s 3c 2c] [Ac]
nek100: checks 
Mahu2021: bets 40
nek100: folds 
Uncalled bet (40) returned to Mahu2021
Mahu2021 collected 40 from pot
Mahu2021: doesn't show hand 
*** SUMMARY ***
Total pot 40 | Rake 0 
Board [9d 8s 3c 2c Ac]
Seat 2: nek100 (big blind) folded on the River
Seat 3: Mahu2021 (button) (small blind) collected (40)



PokerStars Hand #254032792912: Tournament #3838386833, $1.84+$0.16 USD Hold'em No Limit - Level I (10/20) - 2024/12/26 13:36:57 CET [2024/12/26 7:36:57 ET]
Table '3838386833 1' 3-max Seat #2 is the button
Seat 2: nek100 (944 in chips) 
Seat 3: Mahu2021 (556 in chips) 
nek100: posts small blind 10
Mahu2021: posts big blind 20
*** HOLE CARDS ***
Dealt to Mahu2021 [Ah 9h]
nek100: folds 
Uncalled bet (10) returned to Mahu2021
Mahu2021 collected 20 from pot
Mahu2021: doesn't show hand 
*** SUMMARY ***
Total pot 20 | Rake 0 
Seat 2: nek100 (button) (small blind) folded before Flop
Seat 3: Mahu2021 (big blind) collected (20)



PokerStars Hand #254032793631: Tournament #3838386833, $1.84+$0.16 USD Hold'em No Limit - Level I (10/20) - 2024/12/26 13:37:02 CET [2024/12/26 7:37:02 ET]
Table '3838386833 1' 3-max Seat #3 is the button
Seat 2: nek100 (934 in chips) 
Seat 3: Mahu2021 (566 in chips) 
Mahu2021: posts small blind 10
nek100: posts big blind 20
*** HOLE CARDS ***
Dealt to Mahu2021 [As 9c]
Mahu2021: raises 20 to 40
nek100: calls 20
*** FLOP *** [8c Jc 5d]
nek100: checks 
Mahu2021: checks 
*** TURN *** [8c Jc 5d] [Jd]
nek100: checks 
Mahu2021: checks 
*** RIVER *** [8c Jc 5d Jd] [Ts]
nek100: checks 
Mahu2021: checks 
*** SHOW DOWN ***
nek100: shows [2d Ac] (a pair of Jacks)
Mahu2021: shows [As 9c] (a pair of Jacks - Ace+Ten+Nine kicker)
Mahu2021 collected 80 from pot
*** SUMMARY ***
Total pot 80 | Rake 0 
Board [8c Jc 5d Jd Ts]
Seat 2: nek100 (big blind) showed [2d Ac] and lost with a pair of Jacks
Seat 3: Mahu2021 (button) (small blind) showed [As 9c] and won (80) with a pair of Jacks



PokerStars Hand #254032798416: Tournament #3838386833, $1.84+$0.16 USD Hold'em No Limit - Level II (15/30) - 2024/12/26 13:37:35 CET [2024/12/26 7:37:35 ET]
Table '3838386833 1' 3-max Seat #2 is the button
Seat 2: nek100 (894 in chips) 
Seat 3: Mahu2021 (606 in chips) 
nek100: posts small blind 15
Mahu2021: posts big blind 30
*** HOLE CARDS ***
Dealt to Mahu2021 [4s Qh]
nek100: raises 30 to 60
Mahu2021: folds 
Uncalled bet (30) returned to nek100
nek100 collected 60 from pot
nek100: doesn't show hand 
*** SUMMARY ***
Total pot 60 | Rake 0 
Seat 2: nek100 (button) (small blind) collected (60)
Seat 3: Mahu2021 (big blind) folded before Flop



PokerStars Hand #254032799406: Tournament #3838386833, $1.84+$0.16 USD Hold'em No Limit - Level II (15/30) - 2024/12/26 13:37:42 CET [2024/12/26 7:37:42 ET]
Table '3838386833 1' 3-max Seat #3 is the button
Seat 2: nek100 (924 in chips) 
Seat 3: Mahu2021 (576 in chips) 
Mahu2021: posts small blind 15
nek100: posts big blind 30
*** HOLE CARDS ***
Dealt to Mahu2021 [5d 2h]
Mahu2021: folds 
Uncalled bet (15) returned to nek100
nek100 collected 30 from pot
nek100: doesn't show hand 
*** SUMMARY ***
Total pot 30 | Rake 0 
Seat 2: nek100 (big blind) collected (30)
Seat 3: Mahu2021 (button) (small blind) folded before Flop



PokerStars Hand #254032800028: Tournament #3838386833, $1.84+$0.16 USD Hold'em No Limit - Level II (15/30) - 2024/12/26 13:37:46 CET [2024/12/26 7:37:46 ET]
Table '3838386833 1' 3-max Seat #2 is the button
Seat 2: nek100 (939 in chips) 
Seat 3: Mahu2021 (561 in chips) 
nek100: posts small blind 15
Mahu2021: posts big blind 30
*** HOLE CARDS ***
Dealt to Mahu2021 [6d 9h]
nek100: calls 15
Mahu2021: checks 
*** FLOP *** [4s Th 8s]
Mahu2021: checks 
nek100: checks 
*** TURN *** [4s Th 8s] [Ac]
Mahu2021: checks 
nek100: checks 
*** RIVER *** [4s Th 8s Ac] [6s]
Mahu2021: bets 30
nek100: folds 
Uncalled bet (30) returned to Mahu2021
Mahu2021 collected 60 from pot
Mahu2021: doesn't show hand 
*** SUMMARY ***
Total pot 60 | Rake 0 
Board [4s Th 8s Ac 6s]
Seat 2: nek100 (button) (small blind) folded on the River
Seat 3: Mahu2021 (big blind) collected (60)



PokerStars Hand #254032803710: Tournament #3838386833, $1.84+$0.16 USD Hold'em No Limit - Level II (15/30) - 2024/12/26 13:38:10 CET [2024/12/26 7:38:10 ET]
Table '3838386833 1' 3-max Seat #3 is the button
Seat 2: nek100 (909 in chips) 
Seat 3: Mahu2021 (591 in chips) 
Mahu2021: posts small blind 15
nek100: posts big blind 30
*** HOLE CARDS ***
Dealt to Mahu2021 [7h Td]
Mahu2021: raises 30 to 60
nek100: folds 
Uncalled bet (30) returned to Mahu2021
Mahu2021 collected 60 from pot
Mahu2021: doesn't show hand 
*** SUMMARY ***
Total pot 60 | Rake 0 
Seat 2: nek100 (big blind) folded before Flop
Seat 3: Mahu2021 (button) (small blind) collected (60)



PokerStars Hand #254032804719: Tournament #3838386833, $1.84+$0.16 USD Hold'em No Limit - Level II (15/30) - 2024/12/26 13:38:17 CET [2024/12/26 7:38:17 ET]
Table '3838386833 1' 3-max Seat #2 is the button
Seat 2: nek100 (879 in chips) 
Seat 3: Mahu2021 (621 in chips) 
nek100: posts small blind 15
Mahu2021: posts big blind 30
*** HOLE CARDS ***
Dealt to Mahu2021 [2c 6s]
nek100: calls 15
Mahu2021: checks 
*** FLOP *** [8c As 3h]
Mahu2021: checks 
nek100: bets 30
Mahu2021: folds 
Uncalled bet (30) returned to nek100
nek100 collected 60 from pot
nek100: doesn't show hand 
*** SUMMARY ***
Total pot 60 | Rake 0 
Board [8c As 3h]
Seat 2: nek100 (button) (small blind) collected (60)
Seat 3: Mahu2021 (big blind) folded on the Flop



PokerStars Hand #254032806973: Tournament #3838386833, $1.84+$0.16 USD Hold'em No Limit - Level II (15/30) - 2024/12/26 13:38:32 CET [2024/12/26 7:38:32 ET]
Table '3838386833 1' 3-max Seat #3 is the button
Seat 2: nek100 (909 in chips) 
Seat 3: Mahu2021 (591 in chips) 
Mahu2021: posts small blind 15
nek100: posts big blind 30
*** HOLE CARDS ***
Dealt to Mahu2021 [3s 8c]
Mahu2021: folds 
Uncalled bet (15) returned to nek100
nek100 collected 30 from pot
nek100: doesn't show hand 
*** SUMMARY ***
Total pot 30 | Rake 0 
Seat 2: nek100 (big blind) collected (30)
Seat 3: Mahu2021 (button) (small blind) folded before Flop



PokerStars Hand #254032807679: Tournament #3838386833, $1.84+$0.16 USD Hold'em No Limit - Level II (15/30) - 2024/12/26 13:38:37 CET [2024/12/26 7:38:37 ET]
Table '3838386833 1' 3-max Seat #2 is the button
Seat 2: nek100 (924 in chips) 
Seat 3: Mahu2021 (576 in chips) 
nek100: posts small blind 15
Mahu2021: posts big blind 30
*** HOLE CARDS ***
Dealt to Mahu2021 [2s 5c]
nek100: raises 30 to 60
Mahu2021: folds 
Uncalled bet (30) returned to nek100
nek100 collected 60 from pot
nek100: doesn't show hand 
*** SUMMARY ***
Total pot 60 | Rake 0 
Seat 2: nek100 (button) (small blind) collected (60)
Seat 3: Mahu2021 (big blind) folded before Flop



PokerStars Hand #254032808495: Tournament #3838386833, $1.84+$0.16 USD Hold'em No Limit - Level II (15/30) - 2024/12/26 13:38:42 CET [2024/12/26 7:38:42 ET]
Table '3838386833 1' 3-max Seat #3 is the button
Seat 2: nek100 (954 in chips) 
Seat 3: Mahu2021 (546 in chips) 
Mahu2021: posts small blind 15
nek100: posts big blind 30
*** HOLE CARDS ***
Dealt to Mahu2021 [4h Td]
Mahu2021: folds 
Uncalled bet (15) returned to nek100
nek100 collected 30 from pot
nek100: doesn't show hand 
*** SUMMARY ***
Total pot 30 | Rake 0 
Seat 2: nek100 (big blind) collected (30)
Seat 3: Mahu2021 (button) (small blind) folded before Flop



PokerStars Hand #254032809120: Tournament #3838386833, $1.84+$0.16 USD Hold'em No Limit - Level II (15/30) - 2024/12/26 13:38:47 CET [2024/12/26 7:38:47 ET]
Table '3838386833 1' 3-max Seat #2 is the button
Seat 2: nek100 (969 in chips) 
Seat 3: Mahu2021 (531 in chips) 
nek100: posts small blind 15
Mahu2021: posts big blind 30
*** HOLE CARDS ***
Dealt to Mahu2021 [6s 2h]
nek100: raises 30 to 60
Mahu2021: folds 
Uncalled bet (30) returned to nek100
nek100 collected 60 from pot
nek100: doesn't show hand 
*** SUMMARY ***
Total pot 60 | Rake 0 
Seat 2: nek100 (button) (small blind) collected (60)
Seat 3: Mahu2021 (big blind) folded before Flop



PokerStars Hand #254032810088: Tournament #3838386833, $1.84+$0.16 USD Hold'em No Limit - Level II (15/30) - 2024/12/26 13:38:53 CET [2024/12/26 7:38:53 ET]
Table '3838386833 1' 3-max Seat #3 is the button
Seat 2: nek100 (999 in chips) 
Seat 3: Mahu2021 (501 in chips) 
Mahu2021: posts small blind 15
nek100: posts big blind 30
*** HOLE CARDS ***
Dealt to Mahu2021 [6d 6h]
Mahu2021: raises 30 to 60
nek100: calls 30
*** FLOP *** [Qd Qh 3h]
nek100: checks 
Mahu2021: bets 60
nek100: folds 
Uncalled bet (60) returned to Mahu2021
Mahu2021 collected 120 from pot
Mahu2021: doesn't show hand 
*** SUMMARY ***
Total pot 120 | Rake 0 
Board [Qd Qh 3h]
Seat 2: nek100 (big blind) folded on the Flop
Seat 3: Mahu2021 (button) (small blind) collected (120)



PokerStars Hand #254032812173: Tournament #3838386833, $1.84+$0.16 USD Hold'em No Limit - Level II (15/30) - 2024/12/26 13:39:07 CET [2024/12/26 7:39:07 ET]
Table '3838386833 1' 3-max Seat #2 is the button
Seat 2: nek100 (939 in chips) 
Seat 3: Mahu2021 (561 in chips) 
nek100: posts small blind 15
Mahu2021: posts big blind 30
*** HOLE CARDS ***
Dealt to Mahu2021 [8d 8s]
nek100: raises 30 to 60
Mahu2021: raises 501 to 561 and is all-in
nek100: calls 501
*** FLOP *** [2d 3h As]
*** TURN *** [2d 3h As] [Ts]
*** RIVER *** [2d 3h As Ts] [4h]
*** SHOW DOWN ***
Mahu2021: shows [8d 8s] (a pair of Eights)
nek100: shows [Jd Ac] (a pair of Aces)
nek100 collected 1122 from pot
Mahu2021 finished the tournament in 2nd place
nek100 wins the tournament and receives $6.00 - congratulations!
*** SUMMARY ***
Total pot 1122 | Rake 0 
Board [2d 3h As Ts 4h]
Seat 2: nek100 (button) (small blind) showed [Jd Ac] and won (1122) with a pair of Aces
Seat 3: Mahu2021 (big blind) showed [8d 8s] and lost with a pair of Eights



