PokerStars Hand #247565838451: Tournament #3684207917, $1.84+$0.16 USD Hold'em No Limit - Level I (10/20) - 2023/12/09 17:57:03 CET [2023/12/09 11:57:03 ET]
Table '3684207917 1' 3-max Seat #1 is the button
Seat 1: bmw_926 (500 in chips) 
Seat 2: Mahu2021 (500 in chips) 
Seat 3: ann_can (500 in chips) is sitting out
Mahu2021: posts small blind 10
ann_can: posts big blind 20
*** HOLE CARDS ***
Dealt to Mahu2021 [6h Ks]
ann_can has returned
bmw_926: folds 
Mahu2021: calls 10
ann_can: checks 
*** FLOP *** [5c 8d 8c]
Mahu2021: checks 
ann_can: bets 20
Mahu2021: folds 
Uncalled bet (20) returned to ann_can
ann_can collected 40 from pot
ann_can: doesn't show hand 
*** SUMMARY ***
Total pot 40 | Rake 0 
Board [5c 8d 8c]
Seat 1: bmw_926 (button) folded before Flop (didn't bet)
Seat 2: Mahu2021 (small blind) folded on the Flop
Seat 3: ann_can (big blind) collected (40)



PokerStars Hand #247565844149: Tournament #3684207917, $1.84+$0.16 USD Hold'em No Limit - Level I (10/20) - 2023/12/09 17:57:29 CET [2023/12/09 11:57:29 ET]
Table '3684207917 1' 3-max Seat #2 is the button
Seat 1: bmw_926 (500 in chips) 
Seat 2: Mahu2021 (480 in chips) 
Seat 3: ann_can (520 in chips) 
ann_can: posts small blind 10
bmw_926: posts big blind 20
*** HOLE CARDS ***
Dealt to Mahu2021 [Kc 2h]
Mahu2021: calls 20
ann_can: calls 10
bmw_926: raises 40 to 60
Mahu2021: calls 40
ann_can: calls 40
*** FLOP *** [Qh 3s 5h]
ann_can: checks 
bmw_926: checks 
Mahu2021: checks 
*** TURN *** [Qh 3s 5h] [8c]
ann_can: checks 
bmw_926: checks 
Mahu2021: checks 
*** RIVER *** [Qh 3s 5h 8c] [7c]
ann_can: checks 
bmw_926: checks 
Mahu2021: bets 420 and is all-in
ann_can: folds 
bmw_926: folds 
Uncalled bet (420) returned to Mahu2021
Mahu2021 collected 180 from pot
Mahu2021: doesn't show hand 
*** SUMMARY ***
Total pot 180 | Rake 0 
Board [Qh 3s 5h 8c 7c]
Seat 1: bmw_926 (big blind) folded on the River
Seat 2: Mahu2021 (button) collected (180)
Seat 3: ann_can (small blind) folded on the River



PokerStars Hand #247565853228: Tournament #3684207917, $1.84+$0.16 USD Hold'em No Limit - Level I (10/20) - 2023/12/09 17:58:11 CET [2023/12/09 11:58:11 ET]
Table '3684207917 1' 3-max Seat #3 is the button
Seat 1: bmw_926 (440 in chips) 
Seat 2: Mahu2021 (600 in chips) 
Seat 3: ann_can (460 in chips) 
bmw_926: posts small blind 10
Mahu2021: posts big blind 20
*** HOLE CARDS ***
Dealt to Mahu2021 [3s 6d]
ann_can: calls 20
bmw_926: folds 
Mahu2021: checks 
*** FLOP *** [Js 9s 2h]
Mahu2021: checks 
ann_can: checks 
*** TURN *** [Js 9s 2h] [9d]
Mahu2021: checks 
ann_can: checks 
*** RIVER *** [Js 9s 2h 9d] [9h]
Mahu2021: checks 
ann_can: checks 
*** SHOW DOWN ***
Mahu2021: shows [3s 6d] (three of a kind, Nines)
ann_can: mucks hand 
Mahu2021 collected 50 from pot
*** SUMMARY ***
Total pot 50 | Rake 0 
Board [Js 9s 2h 9d 9h]
Seat 1: bmw_926 (small blind) folded before Flop
Seat 2: Mahu2021 (big blind) showed [3s 6d] and won (50) with three of a kind, Nines
Seat 3: ann_can (button) mucked [5h 4h]



PokerStars Hand #247565856863: Tournament #3684207917, $1.84+$0.16 USD Hold'em No Limit - Level I (10/20) - 2023/12/09 17:58:28 CET [2023/12/09 11:58:28 ET]
Table '3684207917 1' 3-max Seat #1 is the button
Seat 1: bmw_926 (430 in chips) 
Seat 2: Mahu2021 (630 in chips) 
Seat 3: ann_can (440 in chips) 
Mahu2021: posts small blind 10
ann_can: posts big blind 20
*** HOLE CARDS ***
Dealt to Mahu2021 [Ad 6s]
bmw_926: folds 
Mahu2021: calls 10
ann_can: checks 
*** FLOP *** [2h 4s 8h]
Mahu2021: checks 
ann_can: checks 
*** TURN *** [2h 4s 8h] [4h]
Mahu2021: checks 
ann_can: checks 
*** RIVER *** [2h 4s 8h 4h] [Jh]
Mahu2021: checks 
ann_can: checks 
*** SHOW DOWN ***
Mahu2021: shows [Ad 6s] (a pair of Fours)
ann_can: mucks hand 
Mahu2021 collected 40 from pot
*** SUMMARY ***
Total pot 40 | Rake 0 
Board [2h 4s 8h 4h Jh]
Seat 1: bmw_926 (button) folded before Flop (didn't bet)
Seat 2: Mahu2021 (small blind) showed [Ad 6s] and won (40) with a pair of Fours
Seat 3: ann_can (big blind) mucked [6c 5d]



PokerStars Hand #247565860236: Tournament #3684207917, $1.84+$0.16 USD Hold'em No Limit - Level I (10/20) - 2023/12/09 17:58:44 CET [2023/12/09 11:58:44 ET]
Table '3684207917 1' 3-max Seat #2 is the button
Seat 1: bmw_926 (430 in chips) 
Seat 2: Mahu2021 (650 in chips) 
Seat 3: ann_can (420 in chips) 
ann_can: posts small blind 10
bmw_926: posts big blind 20
*** HOLE CARDS ***
Dealt to Mahu2021 [6s As]
Mahu2021: raises 20 to 40
ann_can: calls 30
bmw_926: calls 20
*** FLOP *** [7s 2c Tc]
ann_can: checks 
bmw_926: bets 60
Mahu2021: folds 
ann_can: folds 
Uncalled bet (60) returned to bmw_926
bmw_926 collected 120 from pot
*** SUMMARY ***
Total pot 120 | Rake 0 
Board [7s 2c Tc]
Seat 1: bmw_926 (big blind) collected (120)
Seat 2: Mahu2021 (button) folded on the Flop
Seat 3: ann_can (small blind) folded on the Flop



PokerStars Hand #247565864114: Tournament #3684207917, $1.84+$0.16 USD Hold'em No Limit - Level I (10/20) - 2023/12/09 17:59:01 CET [2023/12/09 11:59:01 ET]
Table '3684207917 1' 3-max Seat #3 is the button
Seat 1: bmw_926 (510 in chips) 
Seat 2: Mahu2021 (610 in chips) 
Seat 3: ann_can (380 in chips) 
bmw_926: posts small blind 10
Mahu2021: posts big blind 20
*** HOLE CARDS ***
Dealt to Mahu2021 [2d 5s]
ann_can: calls 20
bmw_926: calls 10
Mahu2021: checks 
*** FLOP *** [6c Qc 9c]
bmw_926: checks 
Mahu2021: checks 
ann_can: checks 
*** TURN *** [6c Qc 9c] [Td]
bmw_926: bets 490 and is all-in
Mahu2021: folds 
ann_can: folds 
Uncalled bet (490) returned to bmw_926
bmw_926 collected 60 from pot
*** SUMMARY ***
Total pot 60 | Rake 0 
Board [6c Qc 9c Td]
Seat 1: bmw_926 (small blind) collected (60)
Seat 2: Mahu2021 (big blind) folded on the Turn
Seat 3: ann_can (button) folded on the Turn



PokerStars Hand #247565869221: Tournament #3684207917, $1.84+$0.16 USD Hold'em No Limit - Level I (10/20) - 2023/12/09 17:59:25 CET [2023/12/09 11:59:25 ET]
Table '3684207917 1' 3-max Seat #1 is the button
Seat 1: bmw_926 (550 in chips) 
Seat 2: Mahu2021 (590 in chips) 
Seat 3: ann_can (360 in chips) 
Mahu2021: posts small blind 10
ann_can: posts big blind 20
*** HOLE CARDS ***
Dealt to Mahu2021 [7d Tc]
bmw_926: raises 60 to 80
Mahu2021: folds 
ann_can: calls 60
*** FLOP *** [4c 7h 7c]
ann_can: checks 
bmw_926: bets 470 and is all-in
ann_can: calls 280 and is all-in
Uncalled bet (190) returned to bmw_926
*** TURN *** [4c 7h 7c] [5h]
*** RIVER *** [4c 7h 7c 5h] [5c]
*** SHOW DOWN ***
ann_can: shows [5s 6h] (a full house, Fives full of Sevens)
bmw_926: shows [Kd Qd] (two pair, Sevens and Fives)
ann_can collected 730 from pot
*** SUMMARY ***
Total pot 730 | Rake 0 
Board [4c 7h 7c 5h 5c]
Seat 1: bmw_926 (button) showed [Kd Qd] and lost with two pair, Sevens and Fives
Seat 2: Mahu2021 (small blind) folded before Flop
Seat 3: ann_can (big blind) showed [5s 6h] and won (730) with a full house, Fives full of Sevens



PokerStars Hand #247565875911: Tournament #3684207917, $1.84+$0.16 USD Hold'em No Limit - Level I (10/20) - 2023/12/09 17:59:55 CET [2023/12/09 11:59:55 ET]
Table '3684207917 1' 3-max Seat #2 is the button
Seat 1: bmw_926 (190 in chips) 
Seat 2: Mahu2021 (580 in chips) 
Seat 3: ann_can (730 in chips) 
ann_can: posts small blind 10
bmw_926: posts big blind 20
*** HOLE CARDS ***
Dealt to Mahu2021 [Ks Qh]
Mahu2021: raises 40 to 60
ann_can: folds 
bmw_926: raises 130 to 190 and is all-in
Mahu2021: calls 130
*** FLOP *** [Th 7d Qs]
*** TURN *** [Th 7d Qs] [Qd]
*** RIVER *** [Th 7d Qs Qd] [7s]
*** SHOW DOWN ***
bmw_926: shows [Ah As] (two pair, Aces and Queens)
Mahu2021: shows [Ks Qh] (a full house, Queens full of Sevens)
Mahu2021 collected 390 from pot
bmw_926 finished the tournament in 3rd place
*** SUMMARY ***
Total pot 390 | Rake 0 
Board [Th 7d Qs Qd 7s]
Seat 1: bmw_926 (big blind) showed [Ah As] and lost with two pair, Aces and Queens
Seat 2: Mahu2021 (button) showed [Ks Qh] and won (390) with a full house, Queens full of Sevens
Seat 3: ann_can (small blind) folded before Flop



PokerStars Hand #247565880215: Tournament #3684207917, $1.84+$0.16 USD Hold'em No Limit - Level II (15/30) - 2023/12/09 18:00:15 CET [2023/12/09 12:00:15 ET]
Table '3684207917 1' 3-max Seat #3 is the button
Seat 2: Mahu2021 (780 in chips) 
Seat 3: ann_can (720 in chips) 
ann_can: posts small blind 15
Mahu2021: posts big blind 30
*** HOLE CARDS ***
Dealt to Mahu2021 [Ad Js]
ann_can: calls 15
Mahu2021: raises 60 to 90
ann_can: calls 60
*** FLOP *** [3d Th 7h]
Mahu2021: checks 
ann_can: checks 
*** TURN *** [3d Th 7h] [5s]
Mahu2021: checks 
ann_can: checks 
*** RIVER *** [3d Th 7h 5s] [9d]
Mahu2021: checks 
ann_can: checks 
*** SHOW DOWN ***
Mahu2021: shows [Ad Js] (high card Ace)
ann_can: mucks hand 
Mahu2021 collected 180 from pot
*** SUMMARY ***
Total pot 180 | Rake 0 
Board [3d Th 7h 5s 9d]
Seat 2: Mahu2021 (big blind) showed [Ad Js] and won (180) with high card Ace
Seat 3: ann_can (button) (small blind) mucked [6d Qc]



PokerStars Hand #247565884003: Tournament #3684207917, $1.84+$0.16 USD Hold'em No Limit - Level II (15/30) - 2023/12/09 18:00:31 CET [2023/12/09 12:00:31 ET]
Table '3684207917 1' 3-max Seat #2 is the button
Seat 2: Mahu2021 (870 in chips) 
Seat 3: ann_can (630 in chips) 
Mahu2021: posts small blind 15
ann_can: posts big blind 30
*** HOLE CARDS ***
Dealt to Mahu2021 [Ks 9d]
Mahu2021: raises 30 to 60
ann_can: calls 30
*** FLOP *** [Tc 8d 5s]
ann_can: checks 
Mahu2021: checks 
*** TURN *** [Tc 8d 5s] [9s]
ann_can: checks 
Mahu2021: checks 
*** RIVER *** [Tc 8d 5s 9s] [Kd]
ann_can: checks 
Mahu2021: bets 60
ann_can: folds 
Uncalled bet (60) returned to Mahu2021
Mahu2021 collected 120 from pot
Mahu2021: doesn't show hand 
*** SUMMARY ***
Total pot 120 | Rake 0 
Board [Tc 8d 5s 9s Kd]
Seat 2: Mahu2021 (button) (small blind) collected (120)
Seat 3: ann_can (big blind) folded on the River



PokerStars Hand #247565887925: Tournament #3684207917, $1.84+$0.16 USD Hold'em No Limit - Level II (15/30) - 2023/12/09 18:00:48 CET [2023/12/09 12:00:48 ET]
Table '3684207917 1' 3-max Seat #3 is the button
Seat 2: Mahu2021 (930 in chips) 
Seat 3: ann_can (570 in chips) 
ann_can: posts small blind 15
Mahu2021: posts big blind 30
*** HOLE CARDS ***
Dealt to Mahu2021 [4d Ts]
ann_can: calls 15
Mahu2021: checks 
*** FLOP *** [Qd 9s Jh]
Mahu2021: checks 
ann_can: checks 
*** TURN *** [Qd 9s Jh] [2s]
Mahu2021: checks 
ann_can: bets 30
Mahu2021: calls 30
*** RIVER *** [Qd 9s Jh 2s] [Jd]
Mahu2021: checks 
ann_can: bets 30
Mahu2021: folds 
Uncalled bet (30) returned to ann_can
ann_can collected 120 from pot
ann_can: doesn't show hand 
*** SUMMARY ***
Total pot 120 | Rake 0 
Board [Qd 9s Jh 2s Jd]
Seat 2: Mahu2021 (big blind) folded on the River
Seat 3: ann_can (button) (small blind) collected (120)



PokerStars Hand #247565892464: Tournament #3684207917, $1.84+$0.16 USD Hold'em No Limit - Level II (15/30) - 2023/12/09 18:01:06 CET [2023/12/09 12:01:06 ET]
Table '3684207917 1' 3-max Seat #2 is the button
Seat 2: Mahu2021 (870 in chips) 
Seat 3: ann_can (630 in chips) 
Mahu2021: posts small blind 15
ann_can: posts big blind 30
*** HOLE CARDS ***
Dealt to Mahu2021 [6c 5h]
Mahu2021: calls 15
ann_can: checks 
*** FLOP *** [Td 2s 9s]
ann_can: checks 
Mahu2021: bets 30
ann_can: calls 30
*** TURN *** [Td 2s 9s] [4s]
ann_can: checks 
Mahu2021: checks 
*** RIVER *** [Td 2s 9s 4s] [Kh]
ann_can: checks 
Mahu2021: checks 
*** SHOW DOWN ***
ann_can: shows [Js 5d] (high card King)
Mahu2021: mucks hand 
ann_can collected 120 from pot
*** SUMMARY ***
Total pot 120 | Rake 0 
Board [Td 2s 9s 4s Kh]
Seat 2: Mahu2021 (button) (small blind) mucked [6c 5h]
Seat 3: ann_can (big blind) showed [Js 5d] and won (120) with high card King



PokerStars Hand #247565896607: Tournament #3684207917, $1.84+$0.16 USD Hold'em No Limit - Level II (15/30) - 2023/12/09 18:01:22 CET [2023/12/09 12:01:22 ET]
Table '3684207917 1' 3-max Seat #3 is the button
Seat 2: Mahu2021 (810 in chips) 
Seat 3: ann_can (690 in chips) 
ann_can: posts small blind 15
Mahu2021: posts big blind 30
*** HOLE CARDS ***
Dealt to Mahu2021 [2c As]
ann_can: calls 15
Mahu2021: checks 
*** FLOP *** [Td 7s Kd]
Mahu2021: checks 
ann_can: bets 30
Mahu2021: calls 30
*** TURN *** [Td 7s Kd] [5s]
Mahu2021: checks 
ann_can: bets 30
Mahu2021: folds 
Uncalled bet (30) returned to ann_can
ann_can collected 120 from pot
ann_can: doesn't show hand 
*** SUMMARY ***
Total pot 120 | Rake 0 
Board [Td 7s Kd 5s]
Seat 2: Mahu2021 (big blind) folded on the Turn
Seat 3: ann_can (button) (small blind) collected (120)



PokerStars Hand #247565899802: Tournament #3684207917, $1.84+$0.16 USD Hold'em No Limit - Level II (15/30) - 2023/12/09 18:01:34 CET [2023/12/09 12:01:34 ET]
Table '3684207917 1' 3-max Seat #2 is the button
Seat 2: Mahu2021 (750 in chips) 
Seat 3: ann_can (750 in chips) 
Mahu2021: posts small blind 15
ann_can: posts big blind 30
*** HOLE CARDS ***
Dealt to Mahu2021 [2h 4c]
Mahu2021: folds 
Uncalled bet (15) returned to ann_can
ann_can collected 30 from pot
ann_can: doesn't show hand 
*** SUMMARY ***
Total pot 30 | Rake 0 
Seat 2: Mahu2021 (button) (small blind) folded before Flop
Seat 3: ann_can (big blind) collected (30)



PokerStars Hand #247565901166: Tournament #3684207917, $1.84+$0.16 USD Hold'em No Limit - Level II (15/30) - 2023/12/09 18:01:39 CET [2023/12/09 12:01:39 ET]
Table '3684207917 1' 3-max Seat #3 is the button
Seat 2: Mahu2021 (735 in chips) 
Seat 3: ann_can (765 in chips) 
ann_can: posts small blind 15
Mahu2021: posts big blind 30
*** HOLE CARDS ***
Dealt to Mahu2021 [Ad 2c]
ann_can: calls 15
Mahu2021: checks 
*** FLOP *** [Qh Qd Jc]
Mahu2021: checks 
ann_can: checks 
*** TURN *** [Qh Qd Jc] [3c]
Mahu2021: bets 30
ann_can: folds 
Uncalled bet (30) returned to Mahu2021
Mahu2021 collected 60 from pot
Mahu2021: doesn't show hand 
*** SUMMARY ***
Total pot 60 | Rake 0 
Board [Qh Qd Jc 3c]
Seat 2: Mahu2021 (big blind) collected (60)
Seat 3: ann_can (button) (small blind) folded on the Turn



PokerStars Hand #247565904085: Tournament #3684207917, $1.84+$0.16 USD Hold'em No Limit - Level II (15/30) - 2023/12/09 18:01:50 CET [2023/12/09 12:01:50 ET]
Table '3684207917 1' 3-max Seat #2 is the button
Seat 2: Mahu2021 (765 in chips) 
Seat 3: ann_can (735 in chips) 
Mahu2021: posts small blind 15
ann_can: posts big blind 30
*** HOLE CARDS ***
Dealt to Mahu2021 [Ac 2h]
Mahu2021: calls 15
ann_can: checks 
*** FLOP *** [4d Qs 9d]
ann_can: bets 30
Mahu2021: folds 
Uncalled bet (30) returned to ann_can
ann_can collected 60 from pot
ann_can: doesn't show hand 
*** SUMMARY ***
Total pot 60 | Rake 0 
Board [4d Qs 9d]
Seat 2: Mahu2021 (button) (small blind) folded on the Flop
Seat 3: ann_can (big blind) collected (60)



PokerStars Hand #247565906375: Tournament #3684207917, $1.84+$0.16 USD Hold'em No Limit - Level II (15/30) - 2023/12/09 18:01:58 CET [2023/12/09 12:01:58 ET]
Table '3684207917 1' 3-max Seat #3 is the button
Seat 2: Mahu2021 (735 in chips) 
Seat 3: ann_can (765 in chips) 
ann_can: posts small blind 15
Mahu2021: posts big blind 30
*** HOLE CARDS ***
Dealt to Mahu2021 [9s Tc]
ann_can: calls 15
Mahu2021: checks 
*** FLOP *** [Jd Jh 7s]
Mahu2021: checks 
ann_can: checks 
*** TURN *** [Jd Jh 7s] [Kh]
Mahu2021: checks 
ann_can: checks 
*** RIVER *** [Jd Jh 7s Kh] [Th]
Mahu2021: bets 60
ann_can: calls 60
*** SHOW DOWN ***
Mahu2021: shows [9s Tc] (two pair, Jacks and Tens)
ann_can: shows [6c Td] (two pair, Jacks and Tens)
Mahu2021 collected 90 from pot
ann_can collected 90 from pot
*** SUMMARY ***
Total pot 180 | Rake 0 
Board [Jd Jh 7s Kh Th]
Seat 2: Mahu2021 (big blind) showed [9s Tc] and won (90) with two pair, Jacks and Tens
Seat 3: ann_can (button) (small blind) showed [6c Td] and won (90) with two pair, Jacks and Tens



PokerStars Hand #247565910074: Tournament #3684207917, $1.84+$0.16 USD Hold'em No Limit - Level II (15/30) - 2023/12/09 18:02:11 CET [2023/12/09 12:02:11 ET]
Table '3684207917 1' 3-max Seat #2 is the button
Seat 2: Mahu2021 (735 in chips) 
Seat 3: ann_can (765 in chips) 
Mahu2021: posts small blind 15
ann_can: posts big blind 30
*** HOLE CARDS ***
Dealt to Mahu2021 [Ks 2d]
Mahu2021: calls 15
ann_can: checks 
*** FLOP *** [8s 9d 8h]
ann_can: checks 
Mahu2021: checks 
*** TURN *** [8s 9d 8h] [Kc]
ann_can: checks 
Mahu2021: bets 30
ann_can: folds 
Uncalled bet (30) returned to Mahu2021
Mahu2021 collected 60 from pot
Mahu2021: doesn't show hand 
*** SUMMARY ***
Total pot 60 | Rake 0 
Board [8s 9d 8h Kc]
Seat 2: Mahu2021 (button) (small blind) collected (60)
Seat 3: ann_can (big blind) folded on the Turn



PokerStars Hand #247565913098: Tournament #3684207917, $1.84+$0.16 USD Hold'em No Limit - Level II (15/30) - 2023/12/09 18:02:23 CET [2023/12/09 12:02:23 ET]
Table '3684207917 1' 3-max Seat #3 is the button
Seat 2: Mahu2021 (765 in chips) 
Seat 3: ann_can (735 in chips) 
ann_can: posts small blind 15
Mahu2021: posts big blind 30
*** HOLE CARDS ***
Dealt to Mahu2021 [Kh Ah]
ann_can: calls 15
Mahu2021: raises 60 to 90
ann_can: calls 60
*** FLOP *** [3c 6s 9s]
Mahu2021: checks 
ann_can: bets 30
Mahu2021: calls 30
*** TURN *** [3c 6s 9s] [Jd]
Mahu2021: checks 
ann_can: bets 30
Mahu2021: calls 30
*** RIVER *** [3c 6s 9s Jd] [Jc]
Mahu2021: checks 
ann_can: bets 30
Mahu2021: calls 30
*** SHOW DOWN ***
ann_can: shows [9c 5s] (two pair, Jacks and Nines)
Mahu2021: mucks hand 
ann_can collected 360 from pot
*** SUMMARY ***
Total pot 360 | Rake 0 
Board [3c 6s 9s Jd Jc]
Seat 2: Mahu2021 (big blind) mucked [Kh Ah]
Seat 3: ann_can (button) (small blind) showed [9c 5s] and won (360) with two pair, Jacks and Nines



PokerStars Hand #247565918388: Tournament #3684207917, $1.84+$0.16 USD Hold'em No Limit - Level II (15/30) - 2023/12/09 18:02:42 CET [2023/12/09 12:02:42 ET]
Table '3684207917 1' 3-max Seat #2 is the button
Seat 2: Mahu2021 (585 in chips) 
Seat 3: ann_can (915 in chips) 
Mahu2021: posts small blind 15
ann_can: posts big blind 30
*** HOLE CARDS ***
Dealt to Mahu2021 [Ah 8s]
Mahu2021: raises 30 to 60
ann_can: calls 30
*** FLOP *** [Jd 8h Qs]
ann_can: checks 
Mahu2021: bets 60
ann_can: folds 
Uncalled bet (60) returned to Mahu2021
Mahu2021 collected 120 from pot
Mahu2021: doesn't show hand 
*** SUMMARY ***
Total pot 120 | Rake 0 
Board [Jd 8h Qs]
Seat 2: Mahu2021 (button) (small blind) collected (120)
Seat 3: ann_can (big blind) folded on the Flop



PokerStars Hand #247565921066: Tournament #3684207917, $1.84+$0.16 USD Hold'em No Limit - Level II (15/30) - 2023/12/09 18:02:51 CET [2023/12/09 12:02:51 ET]
Table '3684207917 1' 3-max Seat #3 is the button
Seat 2: Mahu2021 (645 in chips) 
Seat 3: ann_can (855 in chips) 
ann_can: posts small blind 15
Mahu2021: posts big blind 30
*** HOLE CARDS ***
Dealt to Mahu2021 [7d 3s]
ann_can: calls 15
Mahu2021: checks 
*** FLOP *** [4h 9h 6s]
Mahu2021: checks 
ann_can: checks 
*** TURN *** [4h 9h 6s] [Td]
Mahu2021: checks 
ann_can: checks 
*** RIVER *** [4h 9h 6s Td] [Ts]
Mahu2021: checks 
ann_can: bets 30
Mahu2021: folds 
Uncalled bet (30) returned to ann_can
ann_can collected 60 from pot
ann_can: doesn't show hand 
*** SUMMARY ***
Total pot 60 | Rake 0 
Board [4h 9h 6s Td Ts]
Seat 2: Mahu2021 (big blind) folded on the River
Seat 3: ann_can (button) (small blind) collected (60)



PokerStars Hand #247565926720: Tournament #3684207917, $1.84+$0.16 USD Hold'em No Limit - Level III (20/40) - 2023/12/09 18:03:12 CET [2023/12/09 12:03:12 ET]
Table '3684207917 1' 3-max Seat #2 is the button
Seat 2: Mahu2021 (615 in chips) 
Seat 3: ann_can (885 in chips) 
Mahu2021: posts small blind 20
ann_can: posts big blind 40
*** HOLE CARDS ***
Dealt to Mahu2021 [5c 4h]
Mahu2021: calls 20
ann_can: checks 
*** FLOP *** [8c Tc Jd]
ann_can: checks 
Mahu2021: checks 
*** TURN *** [8c Tc Jd] [Jc]
ann_can: checks 
Mahu2021: checks 
*** RIVER *** [8c Tc Jd Jc] [Qs]
ann_can: bets 40
Mahu2021: folds 
Uncalled bet (40) returned to ann_can
ann_can collected 80 from pot
ann_can: doesn't show hand 
*** SUMMARY ***
Total pot 80 | Rake 0 
Board [8c Tc Jd Jc Qs]
Seat 2: Mahu2021 (button) (small blind) folded on the River
Seat 3: ann_can (big blind) collected (80)



PokerStars Hand #247565931104: Tournament #3684207917, $1.84+$0.16 USD Hold'em No Limit - Level III (20/40) - 2023/12/09 18:03:27 CET [2023/12/09 12:03:27 ET]
Table '3684207917 1' 3-max Seat #3 is the button
Seat 2: Mahu2021 (575 in chips) 
Seat 3: ann_can (925 in chips) 
ann_can: posts small blind 20
Mahu2021: posts big blind 40
*** HOLE CARDS ***
Dealt to Mahu2021 [5s Kd]
ann_can: calls 20
Mahu2021: checks 
*** FLOP *** [Tc 3d 4c]
Mahu2021: checks 
ann_can: checks 
*** TURN *** [Tc 3d 4c] [5c]
Mahu2021: bets 40
ann_can: calls 40
*** RIVER *** [Tc 3d 4c 5c] [2c]
Mahu2021: checks 
ann_can: bets 40
Mahu2021: folds 
Uncalled bet (40) returned to ann_can
ann_can collected 160 from pot
ann_can: doesn't show hand 
*** SUMMARY ***
Total pot 160 | Rake 0 
Board [Tc 3d 4c 5c 2c]
Seat 2: Mahu2021 (big blind) folded on the River
Seat 3: ann_can (button) (small blind) collected (160)



PokerStars Hand #247565936537: Tournament #3684207917, $1.84+$0.16 USD Hold'em No Limit - Level III (20/40) - 2023/12/09 18:03:47 CET [2023/12/09 12:03:47 ET]
Table '3684207917 1' 3-max Seat #2 is the button
Seat 2: Mahu2021 (495 in chips) 
Seat 3: ann_can (1005 in chips) 
Mahu2021: posts small blind 20
ann_can: posts big blind 40
*** HOLE CARDS ***
Dealt to Mahu2021 [Qd 8h]
Mahu2021: raises 40 to 80
ann_can: folds 
Uncalled bet (40) returned to Mahu2021
Mahu2021 collected 80 from pot
Mahu2021: doesn't show hand 
*** SUMMARY ***
Total pot 80 | Rake 0 
Seat 2: Mahu2021 (button) (small blind) collected (80)
Seat 3: ann_can (big blind) folded before Flop



PokerStars Hand #247565938357: Tournament #3684207917, $1.84+$0.16 USD Hold'em No Limit - Level III (20/40) - 2023/12/09 18:03:54 CET [2023/12/09 12:03:54 ET]
Table '3684207917 1' 3-max Seat #3 is the button
Seat 2: Mahu2021 (535 in chips) 
Seat 3: ann_can (965 in chips) 
ann_can: posts small blind 20
Mahu2021: posts big blind 40
*** HOLE CARDS ***
Dealt to Mahu2021 [Ts Kh]
ann_can: calls 20
Mahu2021: checks 
*** FLOP *** [Tc 6d Ah]
Mahu2021: bets 40
ann_can: calls 40
*** TURN *** [Tc 6d Ah] [3c]
Mahu2021: checks 
ann_can: checks 
*** RIVER *** [Tc 6d Ah 3c] [4c]
Mahu2021: checks 
ann_can: bets 40
Mahu2021: calls 40
*** SHOW DOWN ***
ann_can: shows [Jc 6c] (a flush, Jack high)
Mahu2021: mucks hand 
ann_can collected 240 from pot
*** SUMMARY ***
Total pot 240 | Rake 0 
Board [Tc 6d Ah 3c 4c]
Seat 2: Mahu2021 (big blind) mucked [Ts Kh]
Seat 3: ann_can (button) (small blind) showed [Jc 6c] and won (240) with a flush, Jack high



PokerStars Hand #247565943220: Tournament #3684207917, $1.84+$0.16 USD Hold'em No Limit - Level III (20/40) - 2023/12/09 18:04:11 CET [2023/12/09 12:04:11 ET]
Table '3684207917 1' 3-max Seat #2 is the button
Seat 2: Mahu2021 (415 in chips) 
Seat 3: ann_can (1085 in chips) 
Mahu2021: posts small blind 20
ann_can: posts big blind 40
*** HOLE CARDS ***
Dealt to Mahu2021 [7d 5h]
Mahu2021: folds 
Uncalled bet (20) returned to ann_can
ann_can collected 40 from pot
ann_can: doesn't show hand 
*** SUMMARY ***
Total pot 40 | Rake 0 
Seat 2: Mahu2021 (button) (small blind) folded before Flop
Seat 3: ann_can (big blind) collected (40)



PokerStars Hand #247565944519: Tournament #3684207917, $1.84+$0.16 USD Hold'em No Limit - Level III (20/40) - 2023/12/09 18:04:16 CET [2023/12/09 12:04:16 ET]
Table '3684207917 1' 3-max Seat #3 is the button
Seat 2: Mahu2021 (395 in chips) 
Seat 3: ann_can (1105 in chips) 
ann_can: posts small blind 20
Mahu2021: posts big blind 40
*** HOLE CARDS ***
Dealt to Mahu2021 [6h Th]
ann_can: calls 20
Mahu2021: checks 
*** FLOP *** [7h Kd 5h]
Mahu2021: bets 80
ann_can: folds 
Uncalled bet (80) returned to Mahu2021
Mahu2021 collected 80 from pot
Mahu2021: doesn't show hand 
*** SUMMARY ***
Total pot 80 | Rake 0 
Board [7h Kd 5h]
Seat 2: Mahu2021 (big blind) collected (80)
Seat 3: ann_can (button) (small blind) folded on the Flop



PokerStars Hand #247565947136: Tournament #3684207917, $1.84+$0.16 USD Hold'em No Limit - Level III (20/40) - 2023/12/09 18:04:25 CET [2023/12/09 12:04:25 ET]
Table '3684207917 1' 3-max Seat #2 is the button
Seat 2: Mahu2021 (435 in chips) 
Seat 3: ann_can (1065 in chips) 
Mahu2021: posts small blind 20
ann_can: posts big blind 40
*** HOLE CARDS ***
Dealt to Mahu2021 [6d Th]
Mahu2021: calls 20
ann_can: checks 
*** FLOP *** [Jh 9d 3s]
ann_can: checks 
Mahu2021: checks 
*** TURN *** [Jh 9d 3s] [5d]
ann_can: checks 
Mahu2021: checks 
*** RIVER *** [Jh 9d 3s 5d] [3d]
ann_can: bets 40
Mahu2021: folds 
Uncalled bet (40) returned to ann_can
ann_can collected 80 from pot
ann_can: doesn't show hand 
*** SUMMARY ***
Total pot 80 | Rake 0 
Board [Jh 9d 3s 5d 3d]
Seat 2: Mahu2021 (button) (small blind) folded on the River
Seat 3: ann_can (big blind) collected (80)



PokerStars Hand #247565951177: Tournament #3684207917, $1.84+$0.16 USD Hold'em No Limit - Level III (20/40) - 2023/12/09 18:04:39 CET [2023/12/09 12:04:39 ET]
Table '3684207917 1' 3-max Seat #3 is the button
Seat 2: Mahu2021 (395 in chips) 
Seat 3: ann_can (1105 in chips) 
ann_can: posts small blind 20
Mahu2021: posts big blind 40
*** HOLE CARDS ***
Dealt to Mahu2021 [Th Qh]
ann_can: folds 
Uncalled bet (20) returned to Mahu2021
Mahu2021 collected 40 from pot
Mahu2021: doesn't show hand 
*** SUMMARY ***
Total pot 40 | Rake 0 
Seat 2: Mahu2021 (big blind) collected (40)
Seat 3: ann_can (button) (small blind) folded before Flop



PokerStars Hand #247565952163: Tournament #3684207917, $1.84+$0.16 USD Hold'em No Limit - Level III (20/40) - 2023/12/09 18:04:43 CET [2023/12/09 12:04:43 ET]
Table '3684207917 1' 3-max Seat #2 is the button
Seat 2: Mahu2021 (415 in chips) 
Seat 3: ann_can (1085 in chips) 
Mahu2021: posts small blind 20
ann_can: posts big blind 40
*** HOLE CARDS ***
Dealt to Mahu2021 [4s Ah]
Mahu2021: calls 20
ann_can: checks 
*** FLOP *** [Kd 3h Ac]
ann_can: checks 
Mahu2021: bets 40
ann_can: calls 40
*** TURN *** [Kd 3h Ac] [9d]
ann_can: checks 
Mahu2021: bets 40
ann_can: folds 
Uncalled bet (40) returned to Mahu2021
Mahu2021 collected 160 from pot
Mahu2021: doesn't show hand 
*** SUMMARY ***
Total pot 160 | Rake 0 
Board [Kd 3h Ac 9d]
Seat 2: Mahu2021 (button) (small blind) collected (160)
Seat 3: ann_can (big blind) folded on the Turn



PokerStars Hand #247565958003: Tournament #3684207917, $1.84+$0.16 USD Hold'em No Limit - Level III (20/40) - 2023/12/09 18:05:04 CET [2023/12/09 12:05:04 ET]
Table '3684207917 1' 3-max Seat #3 is the button
Seat 2: Mahu2021 (495 in chips) 
Seat 3: ann_can (1005 in chips) 
ann_can: posts small blind 20
Mahu2021: posts big blind 40
*** HOLE CARDS ***
Dealt to Mahu2021 [Jc 2s]
ann_can: calls 20
Mahu2021: checks 
*** FLOP *** [Ac 8d 5s]
Mahu2021: checks 
ann_can: checks 
*** TURN *** [Ac 8d 5s] [Ad]
Mahu2021: checks 
ann_can: checks 
*** RIVER *** [Ac 8d 5s Ad] [Jh]
Mahu2021: bets 40
ann_can: folds 
Uncalled bet (40) returned to Mahu2021
Mahu2021 collected 80 from pot
Mahu2021: doesn't show hand 
*** SUMMARY ***
Total pot 80 | Rake 0 
Board [Ac 8d 5s Ad Jh]
Seat 2: Mahu2021 (big blind) collected (80)
Seat 3: ann_can (button) (small blind) folded on the River



PokerStars Hand #247565961865: Tournament #3684207917, $1.84+$0.16 USD Hold'em No Limit - Level III (20/40) - 2023/12/09 18:05:17 CET [2023/12/09 12:05:17 ET]
Table '3684207917 1' 3-max Seat #2 is the button
Seat 2: Mahu2021 (535 in chips) 
Seat 3: ann_can (965 in chips) 
Mahu2021: posts small blind 20
ann_can: posts big blind 40
*** HOLE CARDS ***
Dealt to Mahu2021 [2s Ac]
Mahu2021: calls 20
ann_can: checks 
*** FLOP *** [9s Jc Qs]
ann_can: checks 
Mahu2021: checks 
*** TURN *** [9s Jc Qs] [7h]
ann_can: checks 
Mahu2021: checks 
*** RIVER *** [9s Jc Qs 7h] [3c]
ann_can: checks 
Mahu2021: checks 
*** SHOW DOWN ***
ann_can: shows [9h 8c] (a pair of Nines)
Mahu2021: mucks hand 
ann_can collected 80 from pot
*** SUMMARY ***
Total pot 80 | Rake 0 
Board [9s Jc Qs 7h 3c]
Seat 2: Mahu2021 (button) (small blind) mucked [2s Ac]
Seat 3: ann_can (big blind) showed [9h 8c] and won (80) with a pair of Nines



PokerStars Hand #247565965367: Tournament #3684207917, $1.84+$0.16 USD Hold'em No Limit - Level III (20/40) - 2023/12/09 18:05:30 CET [2023/12/09 12:05:30 ET]
Table '3684207917 1' 3-max Seat #3 is the button
Seat 2: Mahu2021 (495 in chips) 
Seat 3: ann_can (1005 in chips) 
ann_can: posts small blind 20
Mahu2021: posts big blind 40
*** HOLE CARDS ***
Dealt to Mahu2021 [Tc Ad]
ann_can: calls 20
Mahu2021: raises 80 to 120
ann_can: calls 80
*** FLOP *** [Ts 5h Jh]
Mahu2021: bets 375 and is all-in
ann_can: calls 375
*** TURN *** [Ts 5h Jh] [2h]
*** RIVER *** [Ts 5h Jh 2h] [9c]
*** SHOW DOWN ***
Mahu2021: shows [Tc Ad] (a pair of Tens)
ann_can: shows [6h 4h] (a flush, Jack high)
ann_can collected 990 from pot
Mahu2021 finished the tournament in 2nd place
ann_can wins the tournament and receives $6.00 - congratulations!
*** SUMMARY ***
Total pot 990 | Rake 0 
Board [Ts 5h Jh 2h 9c]
Seat 2: Mahu2021 (big blind) showed [Tc Ad] and lost with a pair of Tens
Seat 3: ann_can (button) (small blind) showed [6h 4h] and won (990) with a flush, Jack high



