PokerStars Hand #253804709603: Tournament #3832833353, $0.46+$0.04 USD Hold'em No Limit - Level I (10/20) - 2024/12/11 15:06:48 CET [2024/12/11 9:06:48 ET]
Table '3832833353 1' 3-max Seat #1 is the button
Seat 1: MMuur (500 in chips) 
Seat 2: jasoncauchi (500 in chips) 
Seat 3: Mahu2021 (500 in chips) 
jasoncauchi: posts small blind 10
Mahu2021: posts big blind 20
*** HOLE CARDS ***
Dealt to Mahu2021 [Th 9h]
MMuur: calls 20
jasoncauchi: calls 10
Mahu2021: checks 
*** FLOP *** [3c Jh Kc]
jasoncauchi: checks 
Mahu2021: checks 
MMuur: bets 20
jasoncauchi: calls 20
Mahu2021: calls 20
*** TURN *** [3c Jh Kc] [4s]
jasoncauchi: checks 
Mahu2021: checks 
MMuur: bets 20
jasoncauchi: folds 
Mahu2021: folds 
Uncalled bet (20) returned to MMuur
MMuur collected 120 from pot
*** SUMMARY ***
Total pot 120 | Rake 0 
Board [3c Jh Kc 4s]
Seat 1: MMuur (button) collected (120)
Seat 2: jasoncauchi (small blind) folded on the Turn
Seat 3: Mahu2021 (big blind) folded on the Turn



PokerStars Hand #253804718374: Tournament #3832833353, $0.46+$0.04 USD Hold'em No Limit - Level I (10/20) - 2024/12/11 15:07:42 CET [2024/12/11 9:07:42 ET]
Table '3832833353 1' 3-max Seat #2 is the button
Seat 1: MMuur (580 in chips) 
Seat 2: jasoncauchi (460 in chips) 
Seat 3: Mahu2021 (460 in chips) 
Mahu2021: posts small blind 10
MMuur: posts big blind 20
*** HOLE CARDS ***
Dealt to Mahu2021 [8h 2c]
jasoncauchi: raises 20 to 40
Mahu2021: folds 
MMuur: calls 20
*** FLOP *** [7c 9h Ts]
MMuur: checks 
jasoncauchi: bets 20
MMuur: calls 20
*** TURN *** [7c 9h Ts] [3c]
MMuur: checks 
jasoncauchi: bets 20
MMuur: calls 20
*** RIVER *** [7c 9h Ts 3c] [Qs]
MMuur: checks 
jasoncauchi: bets 40
MMuur: folds 
Uncalled bet (40) returned to jasoncauchi
jasoncauchi collected 170 from pot
*** SUMMARY ***
Total pot 170 | Rake 0 
Board [7c 9h Ts 3c Qs]
Seat 1: MMuur (big blind) folded on the River
Seat 2: jasoncauchi (button) collected (170)
Seat 3: Mahu2021 (small blind) folded before Flop



PokerStars Hand #253804723490: Tournament #3832833353, $0.46+$0.04 USD Hold'em No Limit - Level I (10/20) - 2024/12/11 15:08:13 CET [2024/12/11 9:08:13 ET]
Table '3832833353 1' 3-max Seat #3 is the button
Seat 1: MMuur (500 in chips) 
Seat 2: jasoncauchi (550 in chips) 
Seat 3: Mahu2021 (450 in chips) 
MMuur: posts small blind 10
jasoncauchi: posts big blind 20
*** HOLE CARDS ***
Dealt to Mahu2021 [Td 8h]
Mahu2021: folds 
MMuur: raises 20 to 40
jasoncauchi: calls 20
*** FLOP *** [Ac 7d 4h]
MMuur: bets 40
jasoncauchi: calls 40
*** TURN *** [Ac 7d 4h] [Jd]
MMuur: bets 80
jasoncauchi: calls 80
*** RIVER *** [Ac 7d 4h Jd] [3c]
MMuur: bets 160
jasoncauchi: folds 
Uncalled bet (160) returned to MMuur
MMuur collected 320 from pot
*** SUMMARY ***
Total pot 320 | Rake 0 
Board [Ac 7d 4h Jd 3c]
Seat 1: MMuur (small blind) collected (320)
Seat 2: jasoncauchi (big blind) folded on the River
Seat 3: Mahu2021 (button) folded before Flop (didn't bet)



PokerStars Hand #253804730775: Tournament #3832833353, $0.46+$0.04 USD Hold'em No Limit - Level II (15/30) - 2024/12/11 15:08:58 CET [2024/12/11 9:08:58 ET]
Table '3832833353 1' 3-max Seat #1 is the button
Seat 1: MMuur (660 in chips) 
Seat 2: jasoncauchi (390 in chips) 
Seat 3: Mahu2021 (450 in chips) 
jasoncauchi: posts small blind 15
Mahu2021: posts big blind 30
*** HOLE CARDS ***
Dealt to Mahu2021 [Kd Jd]
MMuur: calls 30
jasoncauchi: calls 15
Mahu2021: checks 
*** FLOP *** [Th Ac 8d]
jasoncauchi: checks 
Mahu2021: checks 
MMuur: bets 30
jasoncauchi: folds 
Mahu2021: calls 30
*** TURN *** [Th Ac 8d] [2h]
Mahu2021: checks 
MMuur: checks 
*** RIVER *** [Th Ac 8d 2h] [6d]
Mahu2021: bets 60
MMuur: calls 60
*** SHOW DOWN ***
Mahu2021: shows [Kd Jd] (high card Ace)
MMuur: shows [5s 8s] (a pair of Eights)
MMuur collected 270 from pot
*** SUMMARY ***
Total pot 270 | Rake 0 
Board [Th Ac 8d 2h 6d]
Seat 1: MMuur (button) showed [5s 8s] and won (270) with a pair of Eights
Seat 2: jasoncauchi (small blind) folded on the Flop
Seat 3: Mahu2021 (big blind) showed [Kd Jd] and lost with high card Ace



PokerStars Hand #253804735681: Tournament #3832833353, $0.46+$0.04 USD Hold'em No Limit - Level II (15/30) - 2024/12/11 15:09:29 CET [2024/12/11 9:09:29 ET]
Table '3832833353 1' 3-max Seat #2 is the button
Seat 1: MMuur (810 in chips) 
Seat 2: jasoncauchi (360 in chips) 
Seat 3: Mahu2021 (330 in chips) 
Mahu2021: posts small blind 15
MMuur: posts big blind 30
*** HOLE CARDS ***
Dealt to Mahu2021 [Qs Kc]
jasoncauchi: calls 30
Mahu2021: calls 15
MMuur: checks 
*** FLOP *** [Jd Td 4c]
Mahu2021: bets 60
MMuur: folds 
jasoncauchi: calls 60
*** TURN *** [Jd Td 4c] [Kd]
Mahu2021: bets 60
jasoncauchi: calls 60
*** RIVER *** [Jd Td 4c Kd] [5c]
Mahu2021: bets 60
jasoncauchi: raises 150 to 210 and is all-in
Mahu2021: calls 120 and is all-in
Uncalled bet (30) returned to jasoncauchi
*** SHOW DOWN ***
jasoncauchi: shows [7d Qd] (a flush, King high)
Mahu2021: shows [Qs Kc] (a pair of Kings)
jasoncauchi collected 690 from pot
Mahu2021 finished the tournament in 3rd place
*** SUMMARY ***
Total pot 690 | Rake 0 
Board [Jd Td 4c Kd 5c]
Seat 1: MMuur (big blind) folded on the Flop
Seat 2: jasoncauchi (button) showed [7d Qd] and won (690) with a flush, King high
Seat 3: Mahu2021 (small blind) showed [Qs Kc] and lost with a pair of Kings



