PokerStars Hand #253568309379: Tournament #3827288511, $0.96+$0.04 USD Hold'em No Limit - Match Round I, Level I (25/50) - 2024/11/25 18:29:07 CET [2024/11/25 12:29:07 ET]
Table '3827288511 1' 4-max Seat #1 is the button
Seat 1: Mahu2021 (500 in chips) 
Seat 2: JeebyWeebys (500 in chips) 
Seat 3: rummenig10 (500 in chips) 
Seat 4: Barnus666 (500 in chips) 
Mahu2021: posts the ante 10
JeebyWeebys: posts the ante 10
rummenig10: posts the ante 10
Barnus666: posts the ante 10
JeebyWeebys: posts small blind 25
rummenig10: posts big blind 50
*** HOLE CARDS ***
Dealt to Mahu2021 [2c 6h]
Barnus666: raises 50 to 100
Mahu2021: folds 
JeebyWeebys: folds 
rummenig10: calls 50
*** FLOP *** [5d 3d 7c]
rummenig10: bets 390 and is all-in
Barnus666: calls 390 and is all-in
*** TURN *** [5d 3d 7c] [Td]
*** RIVER *** [5d 3d 7c Td] [Kc]
*** SHOW DOWN ***
rummenig10: shows [5h 5c] (three of a kind, Fives)
Barnus666: shows [6d 6c] (a pair of Sixes)
rummenig10 collected 1045 from pot
Barnus666 finished the tournament in 16th place
*** SUMMARY ***
Total pot 1045 | Rake 0 
Board [5d 3d 7c Td Kc]
Seat 1: Mahu2021 (button) folded before Flop (didn't bet)
Seat 2: JeebyWeebys (small blind) folded before Flop
Seat 3: rummenig10 (big blind) showed [5h 5c] and won (1045) with three of a kind, Fives
Seat 4: Barnus666 showed [6d 6c] and lost with a pair of Sixes



PokerStars Hand #253568315876: Tournament #3827288511, $0.96+$0.04 USD Hold'em No Limit - Match Round I, Level I (25/50) - 2024/11/25 18:29:35 CET [2024/11/25 12:29:35 ET]
Table '3827288511 1' 4-max Seat #2 is the button
Seat 1: Mahu2021 (490 in chips) 
Seat 2: JeebyWeebys (465 in chips) 
Seat 3: rummenig10 (1045 in chips) 
Mahu2021: posts the ante 10
JeebyWeebys: posts the ante 10
rummenig10: posts the ante 10
rummenig10: posts small blind 25
Mahu2021: posts big blind 50
*** HOLE CARDS ***
Dealt to Mahu2021 [Ks 6h]
JeebyWeebys: calls 50
rummenig10: calls 25
Mahu2021: checks 
*** FLOP *** [Kc Jh Jd]
rummenig10: checks 
Mahu2021: bets 50
JeebyWeebys: folds 
rummenig10: folds 
Uncalled bet (50) returned to Mahu2021
Mahu2021 collected 180 from pot
Mahu2021: doesn't show hand 
*** SUMMARY ***
Total pot 180 | Rake 0 
Board [Kc Jh Jd]
Seat 1: Mahu2021 (big blind) collected (180)
Seat 2: JeebyWeebys (button) folded on the Flop
Seat 3: rummenig10 (small blind) folded on the Flop



PokerStars Hand #253568319567: Tournament #3827288511, $0.96+$0.04 USD Hold'em No Limit - Match Round I, Level I (25/50) - 2024/11/25 18:29:51 CET [2024/11/25 12:29:51 ET]
Table '3827288511 1' 4-max Seat #3 is the button
Seat 1: Mahu2021 (610 in chips) 
Seat 2: JeebyWeebys (405 in chips) 
Seat 3: rummenig10 (985 in chips) 
Mahu2021: posts the ante 10
JeebyWeebys: posts the ante 10
rummenig10: posts the ante 10
Mahu2021: posts small blind 25
JeebyWeebys: posts big blind 50
*** HOLE CARDS ***
Dealt to Mahu2021 [Qh 5d]
rummenig10: raises 100 to 150
Mahu2021: folds 
JeebyWeebys: raises 245 to 395 and is all-in
rummenig10: calls 245
*** FLOP *** [Tc Ah Qd]
*** TURN *** [Tc Ah Qd] [7d]
*** RIVER *** [Tc Ah Qd 7d] [2h]
*** SHOW DOWN ***
JeebyWeebys: shows [Jd As] (a pair of Aces)
rummenig10: shows [7s 7h] (three of a kind, Sevens)
rummenig10 collected 845 from pot
JeebyWeebys finished the tournament in 13th place
*** SUMMARY ***
Total pot 845 | Rake 0 
Board [Tc Ah Qd 7d 2h]
Seat 1: Mahu2021 (small blind) folded before Flop
Seat 2: JeebyWeebys (big blind) showed [Jd As] and lost with a pair of Aces
Seat 3: rummenig10 (button) showed [7s 7h] and won (845) with three of a kind, Sevens



PokerStars Hand #253568325479: Tournament #3827288511, $0.96+$0.04 USD Hold'em No Limit - Match Round I, Level I (25/50) - 2024/11/25 18:30:16 CET [2024/11/25 12:30:16 ET]
Table '3827288511 1' 4-max Seat #1 is the button
Seat 1: Mahu2021 (575 in chips) 
Seat 3: rummenig10 (1425 in chips) 
Mahu2021: posts the ante 10
rummenig10: posts the ante 10
Mahu2021: posts small blind 25
rummenig10: posts big blind 50
*** HOLE CARDS ***
Dealt to Mahu2021 [Tc Kh]
Mahu2021: raises 515 to 565 and is all-in
rummenig10: folds 
Uncalled bet (515) returned to Mahu2021
Mahu2021 collected 120 from pot
Mahu2021: doesn't show hand 
*** SUMMARY ***
Total pot 120 | Rake 0 
Seat 1: Mahu2021 (button) (small blind) collected (120)
Seat 3: rummenig10 (big blind) folded before Flop



PokerStars Hand #253568327039: Tournament #3827288511, $0.96+$0.04 USD Hold'em No Limit - Match Round I, Level I (25/50) - 2024/11/25 18:30:22 CET [2024/11/25 12:30:22 ET]
Table '3827288511 1' 4-max Seat #3 is the button
Seat 1: Mahu2021 (635 in chips) 
Seat 3: rummenig10 (1365 in chips) 
Mahu2021: posts the ante 10
rummenig10: posts the ante 10
rummenig10: posts small blind 25
Mahu2021: posts big blind 50
*** HOLE CARDS ***
Dealt to Mahu2021 [4s 5s]
rummenig10: calls 25
Mahu2021: checks 
*** FLOP *** [Ad 3c 3d]
Mahu2021: checks 
rummenig10: checks 
*** TURN *** [Ad 3c 3d] [As]
Mahu2021: checks 
rummenig10: checks 
*** RIVER *** [Ad 3c 3d As] [7c]
Mahu2021: checks 
rummenig10: bets 60
Mahu2021: folds 
Uncalled bet (60) returned to rummenig10
rummenig10 collected 120 from pot
*** SUMMARY ***
Total pot 120 | Rake 0 
Board [Ad 3c 3d As 7c]
Seat 1: Mahu2021 (big blind) folded on the River
Seat 3: rummenig10 (button) (small blind) collected (120)



PokerStars Hand #253568331913: Tournament #3827288511, $0.96+$0.04 USD Hold'em No Limit - Match Round I, Level I (25/50) - 2024/11/25 18:30:44 CET [2024/11/25 12:30:44 ET]
Table '3827288511 1' 4-max Seat #1 is the button
Seat 1: Mahu2021 (575 in chips) 
Seat 3: rummenig10 (1425 in chips) 
Mahu2021: posts the ante 10
rummenig10: posts the ante 10
Mahu2021: posts small blind 25
rummenig10: posts big blind 50
*** HOLE CARDS ***
Dealt to Mahu2021 [9d Qd]
Mahu2021: raises 515 to 565 and is all-in
rummenig10: folds 
Uncalled bet (515) returned to Mahu2021
Mahu2021 collected 120 from pot
Mahu2021: doesn't show hand 
*** SUMMARY ***
Total pot 120 | Rake 0 
Seat 1: Mahu2021 (button) (small blind) collected (120)
Seat 3: rummenig10 (big blind) folded before Flop



PokerStars Hand #253568333182: Tournament #3827288511, $0.96+$0.04 USD Hold'em No Limit - Match Round I, Level I (25/50) - 2024/11/25 18:30:49 CET [2024/11/25 12:30:49 ET]
Table '3827288511 1' 4-max Seat #3 is the button
Seat 1: Mahu2021 (635 in chips) 
Seat 3: rummenig10 (1365 in chips) 
Mahu2021: posts the ante 10
rummenig10: posts the ante 10
rummenig10: posts small blind 25
Mahu2021: posts big blind 50
*** HOLE CARDS ***
Dealt to Mahu2021 [Qs 6h]
rummenig10: folds 
Uncalled bet (25) returned to Mahu2021
Mahu2021 collected 70 from pot
Mahu2021: doesn't show hand 
*** SUMMARY ***
Total pot 70 | Rake 0 
Seat 1: Mahu2021 (big blind) collected (70)
Seat 3: rummenig10 (button) (small blind) folded before Flop



PokerStars Hand #253568334385: Tournament #3827288511, $0.96+$0.04 USD Hold'em No Limit - Match Round I, Level I (25/50) - 2024/11/25 18:30:54 CET [2024/11/25 12:30:54 ET]
Table '3827288511 1' 4-max Seat #1 is the button
Seat 1: Mahu2021 (670 in chips) 
Seat 3: rummenig10 (1330 in chips) 
Mahu2021: posts the ante 10
rummenig10: posts the ante 10
Mahu2021: posts small blind 25
rummenig10: posts big blind 50
*** HOLE CARDS ***
Dealt to Mahu2021 [Ah 2d]
Mahu2021: raises 610 to 660 and is all-in
rummenig10: folds 
Uncalled bet (610) returned to Mahu2021
Mahu2021 collected 120 from pot
Mahu2021: doesn't show hand 
*** SUMMARY ***
Total pot 120 | Rake 0 
Seat 1: Mahu2021 (button) (small blind) collected (120)
Seat 3: rummenig10 (big blind) folded before Flop



PokerStars Hand #253568335991: Tournament #3827288511, $0.96+$0.04 USD Hold'em No Limit - Match Round I, Level I (25/50) - 2024/11/25 18:31:01 CET [2024/11/25 12:31:01 ET]
Table '3827288511 1' 4-max Seat #3 is the button
Seat 1: Mahu2021 (730 in chips) 
Seat 3: rummenig10 (1270 in chips) 
Mahu2021: posts the ante 10
rummenig10: posts the ante 10
rummenig10: posts small blind 25
Mahu2021: posts big blind 50
*** HOLE CARDS ***
Dealt to Mahu2021 [Jh 6s]
rummenig10: calls 25
Mahu2021: checks 
*** FLOP *** [9s 4c Ad]
Mahu2021: checks 
rummenig10: bets 120
Mahu2021: folds 
Uncalled bet (120) returned to rummenig10
rummenig10 collected 120 from pot
*** SUMMARY ***
Total pot 120 | Rake 0 
Board [9s 4c Ad]
Seat 1: Mahu2021 (big blind) folded on the Flop
Seat 3: rummenig10 (button) (small blind) collected (120)



PokerStars Hand #253568339573: Tournament #3827288511, $0.96+$0.04 USD Hold'em No Limit - Match Round I, Level I (25/50) - 2024/11/25 18:31:16 CET [2024/11/25 12:31:16 ET]
Table '3827288511 1' 4-max Seat #1 is the button
Seat 1: Mahu2021 (670 in chips) 
Seat 3: rummenig10 (1330 in chips) 
Mahu2021: posts the ante 10
rummenig10: posts the ante 10
Mahu2021: posts small blind 25
rummenig10: posts big blind 50
*** HOLE CARDS ***
Dealt to Mahu2021 [2d 4d]
Mahu2021: folds 
Uncalled bet (25) returned to rummenig10
rummenig10 collected 70 from pot
*** SUMMARY ***
Total pot 70 | Rake 0 
Seat 1: Mahu2021 (button) (small blind) folded before Flop
Seat 3: rummenig10 (big blind) collected (70)



PokerStars Hand #253568340821: Tournament #3827288511, $0.96+$0.04 USD Hold'em No Limit - Match Round I, Level I (25/50) - 2024/11/25 18:31:22 CET [2024/11/25 12:31:22 ET]
Table '3827288511 1' 4-max Seat #3 is the button
Seat 1: Mahu2021 (635 in chips) 
Seat 3: rummenig10 (1365 in chips) 
Mahu2021: posts the ante 10
rummenig10: posts the ante 10
rummenig10: posts small blind 25
Mahu2021: posts big blind 50
*** HOLE CARDS ***
Dealt to Mahu2021 [4c 7h]
rummenig10: folds 
Uncalled bet (25) returned to Mahu2021
Mahu2021 collected 70 from pot
Mahu2021: doesn't show hand 
*** SUMMARY ***
Total pot 70 | Rake 0 
Seat 1: Mahu2021 (big blind) collected (70)
Seat 3: rummenig10 (button) (small blind) folded before Flop



PokerStars Hand #253568342255: Tournament #3827288511, $0.96+$0.04 USD Hold'em No Limit - Match Round I, Level I (25/50) - 2024/11/25 18:31:28 CET [2024/11/25 12:31:28 ET]
Table '3827288511 1' 4-max Seat #1 is the button
Seat 1: Mahu2021 (670 in chips) 
Seat 3: rummenig10 (1330 in chips) 
Mahu2021: posts the ante 10
rummenig10: posts the ante 10
Mahu2021: posts small blind 25
rummenig10: posts big blind 50
*** HOLE CARDS ***
Dealt to Mahu2021 [9d As]
Mahu2021: raises 610 to 660 and is all-in
rummenig10: calls 610
*** FLOP *** [3s 3c 7s]
*** TURN *** [3s 3c 7s] [Ac]
*** RIVER *** [3s 3c 7s Ac] [Jh]
*** SHOW DOWN ***
rummenig10: shows [Ah 2d] (two pair, Aces and Threes)
Mahu2021: shows [9d As] (two pair, Aces and Threes)
rummenig10 collected 670 from pot
Mahu2021 collected 670 from pot
*** SUMMARY ***
Total pot 1340 | Rake 0 
Board [3s 3c 7s Ac Jh]
Seat 1: Mahu2021 (button) (small blind) showed [9d As] and won (670) with two pair, Aces and Threes
Seat 3: rummenig10 (big blind) showed [Ah 2d] and won (670) with two pair, Aces and Threes



PokerStars Hand #253568345424: Tournament #3827288511, $0.96+$0.04 USD Hold'em No Limit - Match Round I, Level I (25/50) - 2024/11/25 18:31:41 CET [2024/11/25 12:31:41 ET]
Table '3827288511 1' 4-max Seat #3 is the button
Seat 1: Mahu2021 (670 in chips) 
Seat 3: rummenig10 (1330 in chips) 
Mahu2021: posts the ante 10
rummenig10: posts the ante 10
rummenig10: posts small blind 25
Mahu2021: posts big blind 50
*** HOLE CARDS ***
Dealt to Mahu2021 [5d 8c]
rummenig10: calls 25
Mahu2021: checks 
*** FLOP *** [2d 4s Kh]
Mahu2021: checks 
rummenig10: checks 
*** TURN *** [2d 4s Kh] [5h]
Mahu2021: bets 50
rummenig10: calls 50
*** RIVER *** [2d 4s Kh 5h] [3h]
Mahu2021: bets 50
rummenig10: calls 50
*** SHOW DOWN ***
Mahu2021: shows [5d 8c] (a pair of Fives)
rummenig10: shows [2c 3d] (two pair, Threes and Deuces)
rummenig10 collected 320 from pot
*** SUMMARY ***
Total pot 320 | Rake 0 
Board [2d 4s Kh 5h 3h]
Seat 1: Mahu2021 (big blind) showed [5d 8c] and lost with a pair of Fives
Seat 3: rummenig10 (button) (small blind) showed [2c 3d] and won (320) with two pair, Threes and Deuces



PokerStars Hand #253568352358: Tournament #3827288511, $0.96+$0.04 USD Hold'em No Limit - Match Round I, Level II (50/100) - 2024/11/25 18:32:11 CET [2024/11/25 12:32:11 ET]
Table '3827288511 1' 4-max Seat #1 is the button
Seat 1: Mahu2021 (510 in chips) 
Seat 3: rummenig10 (1490 in chips) 
Mahu2021: posts the ante 20
rummenig10: posts the ante 20
Mahu2021: posts small blind 50
rummenig10: posts big blind 100
*** HOLE CARDS ***
Dealt to Mahu2021 [8s 2s]
Mahu2021: folds 
Uncalled bet (50) returned to rummenig10
rummenig10 collected 140 from pot
*** SUMMARY ***
Total pot 140 | Rake 0 
Seat 1: Mahu2021 (button) (small blind) folded before Flop
Seat 3: rummenig10 (big blind) collected (140)



PokerStars Hand #253568353623: Tournament #3827288511, $0.96+$0.04 USD Hold'em No Limit - Match Round I, Level II (50/100) - 2024/11/25 18:32:16 CET [2024/11/25 12:32:16 ET]
Table '3827288511 1' 4-max Seat #3 is the button
Seat 1: Mahu2021 (440 in chips) 
Seat 3: rummenig10 (1560 in chips) 
Mahu2021: posts the ante 20
rummenig10: posts the ante 20
rummenig10: posts small blind 50
Mahu2021: posts big blind 100
*** HOLE CARDS ***
Dealt to Mahu2021 [7h Ts]
rummenig10: calls 50
Mahu2021: checks 
*** FLOP *** [Ks 7d 6c]
Mahu2021: bets 320 and is all-in
rummenig10: folds 
Uncalled bet (320) returned to Mahu2021
Mahu2021 collected 240 from pot
Mahu2021: doesn't show hand 
*** SUMMARY ***
Total pot 240 | Rake 0 
Board [Ks 7d 6c]
Seat 1: Mahu2021 (big blind) collected (240)
Seat 3: rummenig10 (button) (small blind) folded on the Flop



PokerStars Hand #253568356157: Tournament #3827288511, $0.96+$0.04 USD Hold'em No Limit - Match Round I, Level II (50/100) - 2024/11/25 18:32:27 CET [2024/11/25 12:32:27 ET]
Table '3827288511 1' 4-max Seat #1 is the button
Seat 1: Mahu2021 (560 in chips) 
Seat 3: rummenig10 (1440 in chips) 
Mahu2021: posts the ante 20
rummenig10: posts the ante 20
Mahu2021: posts small blind 50
rummenig10: posts big blind 100
*** HOLE CARDS ***
Dealt to Mahu2021 [3s 4c]
Mahu2021: folds 
Uncalled bet (50) returned to rummenig10
rummenig10 collected 140 from pot
*** SUMMARY ***
Total pot 140 | Rake 0 
Seat 1: Mahu2021 (button) (small blind) folded before Flop
Seat 3: rummenig10 (big blind) collected (140)



PokerStars Hand #253568357410: Tournament #3827288511, $0.96+$0.04 USD Hold'em No Limit - Match Round I, Level II (50/100) - 2024/11/25 18:32:32 CET [2024/11/25 12:32:32 ET]
Table '3827288511 1' 4-max Seat #3 is the button
Seat 1: Mahu2021 (490 in chips) 
Seat 3: rummenig10 (1510 in chips) 
Mahu2021: posts the ante 20
rummenig10: posts the ante 20
rummenig10: posts small blind 50
Mahu2021: posts big blind 100
*** HOLE CARDS ***
Dealt to Mahu2021 [As 7h]
rummenig10: calls 50
Mahu2021: raises 370 to 470 and is all-in
rummenig10: folds 
Uncalled bet (370) returned to Mahu2021
Mahu2021 collected 240 from pot
Mahu2021: doesn't show hand 
*** SUMMARY ***
Total pot 240 | Rake 0 
Seat 1: Mahu2021 (big blind) collected (240)
Seat 3: rummenig10 (button) (small blind) folded before Flop



PokerStars Hand #253568359770: Tournament #3827288511, $0.96+$0.04 USD Hold'em No Limit - Match Round I, Level II (50/100) - 2024/11/25 18:32:43 CET [2024/11/25 12:32:43 ET]
Table '3827288511 1' 4-max Seat #1 is the button
Seat 1: Mahu2021 (610 in chips) 
Seat 3: rummenig10 (1390 in chips) 
Mahu2021: posts the ante 20
rummenig10: posts the ante 20
Mahu2021: posts small blind 50
rummenig10: posts big blind 100
*** HOLE CARDS ***
Dealt to Mahu2021 [Ts Qd]
Mahu2021: raises 490 to 590 and is all-in
rummenig10: folds 
Uncalled bet (490) returned to Mahu2021
Mahu2021 collected 240 from pot
Mahu2021: doesn't show hand 
*** SUMMARY ***
Total pot 240 | Rake 0 
Seat 1: Mahu2021 (button) (small blind) collected (240)
Seat 3: rummenig10 (big blind) folded before Flop



PokerStars Hand #253568361224: Tournament #3827288511, $0.96+$0.04 USD Hold'em No Limit - Match Round I, Level II (50/100) - 2024/11/25 18:32:49 CET [2024/11/25 12:32:49 ET]
Table '3827288511 1' 4-max Seat #3 is the button
Seat 1: Mahu2021 (730 in chips) 
Seat 3: rummenig10 (1270 in chips) 
Mahu2021: posts the ante 20
rummenig10: posts the ante 20
rummenig10: posts small blind 50
Mahu2021: posts big blind 100
*** HOLE CARDS ***
Dealt to Mahu2021 [Jh 4s]
rummenig10: folds 
Uncalled bet (50) returned to Mahu2021
Mahu2021 collected 140 from pot
Mahu2021: doesn't show hand 
*** SUMMARY ***
Total pot 140 | Rake 0 
Seat 1: Mahu2021 (big blind) collected (140)
Seat 3: rummenig10 (button) (small blind) folded before Flop



PokerStars Hand #253568363079: Tournament #3827288511, $0.96+$0.04 USD Hold'em No Limit - Match Round I, Level II (50/100) - 2024/11/25 18:32:57 CET [2024/11/25 12:32:57 ET]
Table '3827288511 1' 4-max Seat #1 is the button
Seat 1: Mahu2021 (800 in chips) 
Seat 3: rummenig10 (1200 in chips) 
Mahu2021: posts the ante 20
rummenig10: posts the ante 20
Mahu2021: posts small blind 50
rummenig10: posts big blind 100
*** HOLE CARDS ***
Dealt to Mahu2021 [5d 6c]
Mahu2021: folds 
Uncalled bet (50) returned to rummenig10
rummenig10 collected 140 from pot
*** SUMMARY ***
Total pot 140 | Rake 0 
Seat 1: Mahu2021 (button) (small blind) folded before Flop
Seat 3: rummenig10 (big blind) collected (140)



PokerStars Hand #253568364454: Tournament #3827288511, $0.96+$0.04 USD Hold'em No Limit - Match Round I, Level II (50/100) - 2024/11/25 18:33:02 CET [2024/11/25 12:33:02 ET]
Table '3827288511 1' 4-max Seat #3 is the button
Seat 1: Mahu2021 (730 in chips) 
Seat 3: rummenig10 (1270 in chips) 
Mahu2021: posts the ante 20
rummenig10: posts the ante 20
rummenig10: posts small blind 50
Mahu2021: posts big blind 100
*** HOLE CARDS ***
Dealt to Mahu2021 [Qc Th]
rummenig10: calls 50
Mahu2021: raises 610 to 710 and is all-in
rummenig10: calls 610
*** FLOP *** [3c 3s 2c]
*** TURN *** [3c 3s 2c] [2h]
*** RIVER *** [3c 3s 2c 2h] [9c]
*** SHOW DOWN ***
Mahu2021: shows [Qc Th] (two pair, Threes and Deuces)
rummenig10: shows [7d Ts] (two pair, Threes and Deuces - lower kicker)
Mahu2021 collected 1460 from pot
*** SUMMARY ***
Total pot 1460 | Rake 0 
Board [3c 3s 2c 2h 9c]
Seat 1: Mahu2021 (big blind) showed [Qc Th] and won (1460) with two pair, Threes and Deuces
Seat 3: rummenig10 (button) (small blind) showed [7d Ts] and lost with two pair, Threes and Deuces



PokerStars Hand #253568367877: Tournament #3827288511, $0.96+$0.04 USD Hold'em No Limit - Match Round I, Level II (50/100) - 2024/11/25 18:33:16 CET [2024/11/25 12:33:16 ET]
Table '3827288511 1' 4-max Seat #1 is the button
Seat 1: Mahu2021 (1460 in chips) 
Seat 3: rummenig10 (540 in chips) 
Mahu2021: posts the ante 20
rummenig10: posts the ante 20
Mahu2021: posts small blind 50
rummenig10: posts big blind 100
*** HOLE CARDS ***
Dealt to Mahu2021 [Kd Ts]
Mahu2021: raises 1340 to 1440 and is all-in
rummenig10: folds 
Uncalled bet (1340) returned to Mahu2021
Mahu2021 collected 240 from pot
Mahu2021: doesn't show hand 
*** SUMMARY ***
Total pot 240 | Rake 0 
Seat 1: Mahu2021 (button) (small blind) collected (240)
Seat 3: rummenig10 (big blind) folded before Flop



PokerStars Hand #253568369717: Tournament #3827288511, $0.96+$0.04 USD Hold'em No Limit - Match Round I, Level II (50/100) - 2024/11/25 18:33:24 CET [2024/11/25 12:33:24 ET]
Table '3827288511 1' 4-max Seat #3 is the button
Seat 1: Mahu2021 (1580 in chips) 
Seat 3: rummenig10 (420 in chips) 
Mahu2021: posts the ante 20
rummenig10: posts the ante 20
rummenig10: posts small blind 50
Mahu2021: posts big blind 100
*** HOLE CARDS ***
Dealt to Mahu2021 [8c 7c]
rummenig10: raises 300 to 400 and is all-in
Mahu2021: calls 300
*** FLOP *** [Js 9d 6d]
*** TURN *** [Js 9d 6d] [9c]
*** RIVER *** [Js 9d 6d 9c] [Jh]
*** SHOW DOWN ***
Mahu2021: shows [8c 7c] (two pair, Jacks and Nines)
rummenig10: shows [Qd Ad] (two pair, Jacks and Nines - Ace kicker)
rummenig10 collected 840 from pot
*** SUMMARY ***
Total pot 840 | Rake 0 
Board [Js 9d 6d 9c Jh]
Seat 1: Mahu2021 (big blind) showed [8c 7c] and lost with two pair, Jacks and Nines
Seat 3: rummenig10 (button) (small blind) showed [Qd Ad] and won (840) with two pair, Jacks and Nines



PokerStars Hand #253568373100: Tournament #3827288511, $0.96+$0.04 USD Hold'em No Limit - Match Round I, Level II (50/100) - 2024/11/25 18:33:38 CET [2024/11/25 12:33:38 ET]
Table '3827288511 1' 4-max Seat #1 is the button
Seat 1: Mahu2021 (1160 in chips) 
Seat 3: rummenig10 (840 in chips) 
Mahu2021: posts the ante 20
rummenig10: posts the ante 20
Mahu2021: posts small blind 50
rummenig10: posts big blind 100
*** HOLE CARDS ***
Dealt to Mahu2021 [Jd Jc]
Mahu2021: raises 1040 to 1140 and is all-in
rummenig10: folds 
Uncalled bet (1040) returned to Mahu2021
Mahu2021 collected 240 from pot
Mahu2021: doesn't show hand 
*** SUMMARY ***
Total pot 240 | Rake 0 
Seat 1: Mahu2021 (button) (small blind) collected (240)
Seat 3: rummenig10 (big blind) folded before Flop



PokerStars Hand #253568374750: Tournament #3827288511, $0.96+$0.04 USD Hold'em No Limit - Match Round I, Level II (50/100) - 2024/11/25 18:33:46 CET [2024/11/25 12:33:46 ET]
Table '3827288511 1' 4-max Seat #3 is the button
Seat 1: Mahu2021 (1280 in chips) 
Seat 3: rummenig10 (720 in chips) 
Mahu2021: posts the ante 20
rummenig10: posts the ante 20
rummenig10: posts small blind 50
Mahu2021: posts big blind 100
*** HOLE CARDS ***
Dealt to Mahu2021 [3s 3d]
rummenig10: folds 
Uncalled bet (50) returned to Mahu2021
Mahu2021 collected 140 from pot
Mahu2021: doesn't show hand 
*** SUMMARY ***
Total pot 140 | Rake 0 
Seat 1: Mahu2021 (big blind) collected (140)
Seat 3: rummenig10 (button) (small blind) folded before Flop



PokerStars Hand #253568375936: Tournament #3827288511, $0.96+$0.04 USD Hold'em No Limit - Match Round I, Level II (50/100) - 2024/11/25 18:33:51 CET [2024/11/25 12:33:51 ET]
Table '3827288511 1' 4-max Seat #1 is the button
Seat 1: Mahu2021 (1350 in chips) 
Seat 3: rummenig10 (650 in chips) 
Mahu2021: posts the ante 20
rummenig10: posts the ante 20
Mahu2021: posts small blind 50
rummenig10: posts big blind 100
*** HOLE CARDS ***
Dealt to Mahu2021 [Tc 3d]
Mahu2021: folds 
Uncalled bet (50) returned to rummenig10
rummenig10 collected 140 from pot
*** SUMMARY ***
Total pot 140 | Rake 0 
Seat 1: Mahu2021 (button) (small blind) folded before Flop
Seat 3: rummenig10 (big blind) collected (140)



PokerStars Hand #253568377220: Tournament #3827288511, $0.96+$0.04 USD Hold'em No Limit - Match Round I, Level II (50/100) - 2024/11/25 18:33:56 CET [2024/11/25 12:33:56 ET]
Table '3827288511 1' 4-max Seat #3 is the button
Seat 1: Mahu2021 (1280 in chips) 
Seat 3: rummenig10 (720 in chips) 
Mahu2021: posts the ante 20
rummenig10: posts the ante 20
rummenig10: posts small blind 50
Mahu2021: posts big blind 100
*** HOLE CARDS ***
Dealt to Mahu2021 [8c Ad]
rummenig10: raises 600 to 700 and is all-in
Mahu2021: calls 600
*** FLOP *** [3s As 8s]
*** TURN *** [3s As 8s] [9s]
*** RIVER *** [3s As 8s 9s] [6h]
*** SHOW DOWN ***
Mahu2021: shows [8c Ad] (two pair, Aces and Eights)
rummenig10: shows [7s Jh] (a flush, Ace high)
rummenig10 collected 1440 from pot
*** SUMMARY ***
Total pot 1440 | Rake 0 
Board [3s As 8s 9s 6h]
Seat 1: Mahu2021 (big blind) showed [8c Ad] and lost with two pair, Aces and Eights
Seat 3: rummenig10 (button) (small blind) showed [7s Jh] and won (1440) with a flush, Ace high



PokerStars Hand #253568380335: Tournament #3827288511, $0.96+$0.04 USD Hold'em No Limit - Match Round I, Level II (50/100) - 2024/11/25 18:34:09 CET [2024/11/25 12:34:09 ET]
Table '3827288511 1' 4-max Seat #1 is the button
Seat 1: Mahu2021 (560 in chips) 
Seat 3: rummenig10 (1440 in chips) 
Mahu2021: posts the ante 20
rummenig10: posts the ante 20
Mahu2021: posts small blind 50
rummenig10: posts big blind 100
*** HOLE CARDS ***
Dealt to Mahu2021 [3h 3c]
Mahu2021: raises 440 to 540 and is all-in
rummenig10: calls 440
*** FLOP *** [Kh Qh 4d]
*** TURN *** [Kh Qh 4d] [3s]
*** RIVER *** [Kh Qh 4d 3s] [8d]
*** SHOW DOWN ***
rummenig10: shows [As 9d] (high card Ace)
Mahu2021: shows [3h 3c] (three of a kind, Threes)
Mahu2021 collected 1120 from pot
*** SUMMARY ***
Total pot 1120 | Rake 0 
Board [Kh Qh 4d 3s 8d]
Seat 1: Mahu2021 (button) (small blind) showed [3h 3c] and won (1120) with three of a kind, Threes
Seat 3: rummenig10 (big blind) showed [As 9d] and lost with high card Ace



PokerStars Hand #253568383770: Tournament #3827288511, $0.96+$0.04 USD Hold'em No Limit - Match Round I, Level II (50/100) - 2024/11/25 18:34:24 CET [2024/11/25 12:34:24 ET]
Table '3827288511 1' 4-max Seat #3 is the button
Seat 1: Mahu2021 (1120 in chips) 
Seat 3: rummenig10 (880 in chips) 
Mahu2021: posts the ante 20
rummenig10: posts the ante 20
rummenig10: posts small blind 50
Mahu2021: posts big blind 100
*** HOLE CARDS ***
Dealt to Mahu2021 [Jd 7h]
rummenig10: folds 
Uncalled bet (50) returned to Mahu2021
Mahu2021 collected 140 from pot
Mahu2021: doesn't show hand 
*** SUMMARY ***
Total pot 140 | Rake 0 
Seat 1: Mahu2021 (big blind) collected (140)
Seat 3: rummenig10 (button) (small blind) folded before Flop



PokerStars Hand #253568385544: Tournament #3827288511, $0.96+$0.04 USD Hold'em No Limit - Match Round I, Level II (50/100) - 2024/11/25 18:34:32 CET [2024/11/25 12:34:32 ET]
Table '3827288511 1' 4-max Seat #1 is the button
Seat 1: Mahu2021 (1190 in chips) 
Seat 3: rummenig10 (810 in chips) 
Mahu2021: posts the ante 20
rummenig10: posts the ante 20
Mahu2021: posts small blind 50
rummenig10: posts big blind 100
*** HOLE CARDS ***
Dealt to Mahu2021 [Jd As]
Mahu2021: raises 1070 to 1170 and is all-in
rummenig10: calls 690 and is all-in
Uncalled bet (380) returned to Mahu2021
*** FLOP *** [3s Kd 4d]
*** TURN *** [3s Kd 4d] [4h]
*** RIVER *** [3s Kd 4d 4h] [Ks]
*** SHOW DOWN ***
rummenig10: shows [Tc 7c] (two pair, Kings and Fours)
Mahu2021: shows [Jd As] (two pair, Kings and Fours - Ace kicker)
Mahu2021 collected 1620 from pot
rummenig10 finished the tournament in 6th place
*** SUMMARY ***
Total pot 1620 | Rake 0 
Board [3s Kd 4d 4h Ks]
Seat 1: Mahu2021 (button) (small blind) showed [Jd As] and won (1620) with two pair, Kings and Fours
Seat 3: rummenig10 (big blind) showed [Tc 7c] and lost with two pair, Kings and Fours



PokerStars Hand #253568401620: Tournament #3827288511, $0.96+$0.04 USD Hold'em No Limit - Match Round II, Level I (25/50) - 2024/11/25 18:35:40 CET [2024/11/25 12:35:40 ET]
Table '3827288511 1' 4-max Seat #2 is the button
Seat 1: Mahu2021 (500 in chips) 
Seat 2: Gaumin40 (500 in chips) 
Seat 3: Blondy153 (500 in chips) 
Seat 4: Boy_diabolo (500 in chips) 
Mahu2021: posts the ante 10
Gaumin40: posts the ante 10
Blondy153: posts the ante 10
Boy_diabolo: posts the ante 10
Blondy153: posts small blind 25
Boy_diabolo: posts big blind 50
*** HOLE CARDS ***
Dealt to Mahu2021 [2d 2s]
Mahu2021: raises 440 to 490 and is all-in
Gaumin40: calls 490 and is all-in
Blondy153: calls 465 and is all-in
Boy_diabolo: folds 
*** FLOP *** [2h 9s Qd]
*** TURN *** [2h 9s Qd] [Ah]
*** RIVER *** [2h 9s Qd Ah] [Ac]
*** SHOW DOWN ***
Blondy153: shows [9d As] (a full house, Aces full of Nines)
Mahu2021: shows [2d 2s] (a full house, Deuces full of Aces)
Gaumin40: shows [Td Tc] (two pair, Aces and Tens)
Blondy153 collected 1560 from pot
Mahu2021 finished the tournament in 3rd place and received $1.43.
Gaumin40 finished the tournament in 3rd place and received $1.43.
*** SUMMARY ***
Total pot 1560 | Rake 0 
Board [2h 9s Qd Ah Ac]
Seat 1: Mahu2021 showed [2d 2s] and lost with a full house, Deuces full of Aces
Seat 2: Gaumin40 (button) showed [Td Tc] and lost with two pair, Aces and Tens
Seat 3: Blondy153 (small blind) showed [9d As] and won (1560) with a full house, Aces full of Nines
Seat 4: Boy_diabolo (big blind) folded before Flop



