PokerStars Hand #252577361011: Tournament #3803937859, $1.84+$0.16 USD Hold'em No Limit - Level I (10/20) - 2024/09/22 20:54:56 CET [2024/09/22 14:54:56 ET]
Table '3803937859 1' 3-max Seat #1 is the button
Seat 1: fluh13 (500 in chips) 
Seat 2: not_at_a77 (500 in chips) 
Seat 3: Mahu2021 (500 in chips) 
not_at_a77: posts small blind 10
Mahu2021: posts big blind 20
*** HOLE CARDS ***
Dealt to Mahu2021 [Jc Qs]
fluh13: raises 20 to 40
not_at_a77: raises 460 to 500 and is all-in
Mahu2021: folds 
fluh13: calls 460 and is all-in
*** FLOP *** [6c 7d 5d]
*** TURN *** [6c 7d 5d] [Ts]
*** RIVER *** [6c 7d 5d Ts] [3h]
*** SHOW DOWN ***
not_at_a77: shows [Tc Td] (three of a kind, Tens)
fluh13: shows [Qc Qh] (a pair of Queens)
not_at_a77 collected 1020 from pot
fluh13 finished the tournament in 3rd place
*** SUMMARY ***
Total pot 1020 | Rake 0 
Board [6c 7d 5d Ts 3h]
Seat 1: fluh13 (button) showed [Qc Qh] and lost with a pair of Queens
Seat 2: not_at_a77 (small blind) showed [Tc Td] and won (1020) with three of a kind, Tens
Seat 3: Mahu2021 (big blind) folded before Flop



PokerStars Hand #252577367389: Tournament #3803937859, $1.84+$0.16 USD Hold'em No Limit - Level I (10/20) - 2024/09/22 20:55:19 CET [2024/09/22 14:55:19 ET]
Table '3803937859 1' 3-max Seat #3 is the button
Seat 2: not_at_a77 (1020 in chips) 
Seat 3: Mahu2021 (480 in chips) 
Mahu2021: posts small blind 10
not_at_a77: posts big blind 20
*** HOLE CARDS ***
Dealt to Mahu2021 [4d 4c]
Mahu2021: raises 20 to 40
not_at_a77: folds 
Uncalled bet (20) returned to Mahu2021
Mahu2021 collected 40 from pot
Mahu2021: doesn't show hand 
*** SUMMARY ***
Total pot 40 | Rake 0 
Seat 2: not_at_a77 (big blind) folded before Flop
Seat 3: Mahu2021 (button) (small blind) collected (40)



PokerStars Hand #252577368454: Tournament #3803937859, $1.84+$0.16 USD Hold'em No Limit - Level I (10/20) - 2024/09/22 20:55:25 CET [2024/09/22 14:55:25 ET]
Table '3803937859 1' 3-max Seat #2 is the button
Seat 2: not_at_a77 (1000 in chips) 
Seat 3: Mahu2021 (500 in chips) 
not_at_a77: posts small blind 10
Mahu2021: posts big blind 20
*** HOLE CARDS ***
Dealt to Mahu2021 [2c Ks]
not_at_a77: folds 
Uncalled bet (10) returned to Mahu2021
Mahu2021 collected 20 from pot
Mahu2021: doesn't show hand 
*** SUMMARY ***
Total pot 20 | Rake 0 
Seat 2: not_at_a77 (button) (small blind) folded before Flop
Seat 3: Mahu2021 (big blind) collected (20)



PokerStars Hand #252577369217: Tournament #3803937859, $1.84+$0.16 USD Hold'em No Limit - Level I (10/20) - 2024/09/22 20:55:29 CET [2024/09/22 14:55:29 ET]
Table '3803937859 1' 3-max Seat #3 is the button
Seat 2: not_at_a77 (990 in chips) 
Seat 3: Mahu2021 (510 in chips) 
Mahu2021: posts small blind 10
not_at_a77: posts big blind 20
*** HOLE CARDS ***
Dealt to Mahu2021 [7s Jd]
Mahu2021: calls 10
not_at_a77: checks 
*** FLOP *** [6d Kh 8h]
not_at_a77: checks 
Mahu2021: checks 
*** TURN *** [6d Kh 8h] [6c]
not_at_a77: bets 40
Mahu2021: folds 
Uncalled bet (40) returned to not_at_a77
not_at_a77 collected 40 from pot
not_at_a77: doesn't show hand 
*** SUMMARY ***
Total pot 40 | Rake 0 
Board [6d Kh 8h 6c]
Seat 2: not_at_a77 (big blind) collected (40)
Seat 3: Mahu2021 (button) (small blind) folded on the Turn



PokerStars Hand #252577371667: Tournament #3803937859, $1.84+$0.16 USD Hold'em No Limit - Level I (10/20) - 2024/09/22 20:55:43 CET [2024/09/22 14:55:43 ET]
Table '3803937859 1' 3-max Seat #2 is the button
Seat 2: not_at_a77 (1010 in chips) 
Seat 3: Mahu2021 (490 in chips) 
not_at_a77: posts small blind 10
Mahu2021: posts big blind 20
*** HOLE CARDS ***
Dealt to Mahu2021 [Kc 7d]
not_at_a77: raises 20 to 40
Mahu2021: calls 20
*** FLOP *** [2s 4h Qc]
Mahu2021: checks 
not_at_a77: bets 40
Mahu2021: folds 
Uncalled bet (40) returned to not_at_a77
not_at_a77 collected 80 from pot
not_at_a77: doesn't show hand 
*** SUMMARY ***
Total pot 80 | Rake 0 
Board [2s 4h Qc]
Seat 2: not_at_a77 (button) (small blind) collected (80)
Seat 3: Mahu2021 (big blind) folded on the Flop



PokerStars Hand #252577373392: Tournament #3803937859, $1.84+$0.16 USD Hold'em No Limit - Level I (10/20) - 2024/09/22 20:55:53 CET [2024/09/22 14:55:53 ET]
Table '3803937859 1' 3-max Seat #3 is the button
Seat 2: not_at_a77 (1050 in chips) 
Seat 3: Mahu2021 (450 in chips) 
Mahu2021: posts small blind 10
not_at_a77: posts big blind 20
*** HOLE CARDS ***
Dealt to Mahu2021 [7h 3h]
Mahu2021: calls 10
not_at_a77: raises 40 to 60
Mahu2021: calls 40
*** FLOP *** [Ks 5d 7s]
not_at_a77: bets 40
Mahu2021: raises 60 to 100
not_at_a77: raises 890 to 990 and is all-in
Mahu2021: calls 290 and is all-in
Uncalled bet (600) returned to not_at_a77
*** TURN *** [Ks 5d 7s] [9s]
*** RIVER *** [Ks 5d 7s 9s] [Kh]
*** SHOW DOWN ***
not_at_a77: shows [As Kc] (three of a kind, Kings)
Mahu2021: shows [7h 3h] (two pair, Kings and Sevens)
not_at_a77 collected 900 from pot
Mahu2021 finished the tournament in 2nd place
not_at_a77 wins the tournament and receives $6.00 - congratulations!
*** SUMMARY ***
Total pot 900 | Rake 0 
Board [Ks 5d 7s 9s Kh]
Seat 2: not_at_a77 (big blind) showed [As Kc] and won (900) with three of a kind, Kings
Seat 3: Mahu2021 (button) (small blind) showed [7h 3h] and lost with two pair, Kings and Sevens



