PokerStars Hand #247029293230: Tournament #3671334182, $1.84+$0.16 USD Hold'em No Limit - Level I (10/20) - 2023/11/10 16:42:37 CET [2023/11/10 10:42:37 ET]
Table '3671334182 1' 3-max Seat #1 is the button
Seat 1: Mahu2021 (500 in chips) 
Seat 2: mac23cr7 (500 in chips) 
Seat 3: cosmichele (500 in chips) 
mac23cr7: posts small blind 10
cosmichele: posts big blind 20
*** HOLE CARDS ***
Dealt to Mahu2021 [Qh 3c]
Mahu2021: folds 
mac23cr7: calls 10
cosmichele: checks 
*** FLOP *** [4d 8h Kh]
mac23cr7: checks 
cosmichele: checks 
*** TURN *** [4d 8h Kh] [6h]
mac23cr7: bets 40
cosmichele: folds 
Uncalled bet (40) returned to mac23cr7
mac23cr7 collected 40 from pot
*** SUMMARY ***
Total pot 40 | Rake 0 
Board [4d 8h Kh 6h]
Seat 1: Mahu2021 (button) folded before Flop (didn't bet)
Seat 2: mac23cr7 (small blind) collected (40)
Seat 3: cosmichele (big blind) folded on the Turn



PokerStars Hand #247029298573: Tournament #3671334182, $1.84+$0.16 USD Hold'em No Limit - Level I (10/20) - 2023/11/10 16:42:58 CET [2023/11/10 10:42:58 ET]
Table '3671334182 1' 3-max Seat #2 is the button
Seat 1: Mahu2021 (500 in chips) 
Seat 2: mac23cr7 (520 in chips) 
Seat 3: cosmichele (480 in chips) 
cosmichele: posts small blind 10
Mahu2021: posts big blind 20
*** HOLE CARDS ***
Dealt to Mahu2021 [8d 3h]
mac23cr7: calls 20
cosmichele: raises 20 to 40
Mahu2021: folds 
mac23cr7: calls 20
*** FLOP *** [Ac 2d Qh]
cosmichele: checks 
mac23cr7: bets 40
cosmichele: raises 60 to 100
mac23cr7: calls 60
*** TURN *** [Ac 2d Qh] [Td]
cosmichele: checks 
mac23cr7: bets 380 and is all-in
cosmichele: calls 340 and is all-in
Uncalled bet (40) returned to mac23cr7
*** RIVER *** [Ac 2d Qh Td] [Kd]
*** SHOW DOWN ***
cosmichele: shows [Kc Ah] (two pair, Aces and Kings)
mac23cr7: shows [As 3d] (a pair of Aces)
cosmichele collected 980 from pot
*** SUMMARY ***
Total pot 980 | Rake 0 
Board [Ac 2d Qh Td Kd]
Seat 1: Mahu2021 (big blind) folded before Flop
Seat 2: mac23cr7 (button) showed [As 3d] and lost with a pair of Aces
Seat 3: cosmichele (small blind) showed [Kc Ah] and won (980) with two pair, Aces and Kings



PokerStars Hand #247029307775: Tournament #3671334182, $1.84+$0.16 USD Hold'em No Limit - Level I (10/20) - 2023/11/10 16:43:33 CET [2023/11/10 10:43:33 ET]
Table '3671334182 1' 3-max Seat #3 is the button
Seat 1: Mahu2021 (480 in chips) 
Seat 2: mac23cr7 (40 in chips) 
Seat 3: cosmichele (980 in chips) 
Mahu2021: posts small blind 10
mac23cr7: posts big blind 20
*** HOLE CARDS ***
Dealt to Mahu2021 [5c 6c]
cosmichele: folds 
Mahu2021: raises 20 to 40
mac23cr7: calls 20 and is all-in
*** FLOP *** [Ac Kh Qd]
*** TURN *** [Ac Kh Qd] [Ts]
*** RIVER *** [Ac Kh Qd Ts] [3d]
*** SHOW DOWN ***
Mahu2021: shows [5c 6c] (high card Ace)
mac23cr7: shows [8d 9h] (high card Ace - King+Queen+Ten+Nine kicker)
mac23cr7 collected 80 from pot
*** SUMMARY ***
Total pot 80 | Rake 0 
Board [Ac Kh Qd Ts 3d]
Seat 1: Mahu2021 (small blind) showed [5c 6c] and lost with high card Ace
Seat 2: mac23cr7 (big blind) showed [8d 9h] and won (80) with high card Ace
Seat 3: cosmichele (button) folded before Flop (didn't bet)



PokerStars Hand #247029311922: Tournament #3671334182, $1.84+$0.16 USD Hold'em No Limit - Level I (10/20) - 2023/11/10 16:43:49 CET [2023/11/10 10:43:49 ET]
Table '3671334182 1' 3-max Seat #1 is the button
Seat 1: Mahu2021 (440 in chips) 
Seat 2: mac23cr7 (80 in chips) 
Seat 3: cosmichele (980 in chips) 
mac23cr7: posts small blind 10
cosmichele: posts big blind 20
*** HOLE CARDS ***
Dealt to Mahu2021 [Kd 2h]
Mahu2021: folds 
mac23cr7: folds 
Uncalled bet (10) returned to cosmichele
cosmichele collected 20 from pot
*** SUMMARY ***
Total pot 20 | Rake 0 
Seat 1: Mahu2021 (button) folded before Flop (didn't bet)
Seat 2: mac23cr7 (small blind) folded before Flop
Seat 3: cosmichele (big blind) collected (20)



PokerStars Hand #247029313520: Tournament #3671334182, $1.84+$0.16 USD Hold'em No Limit - Level I (10/20) - 2023/11/10 16:43:56 CET [2023/11/10 10:43:56 ET]
Table '3671334182 1' 3-max Seat #2 is the button
Seat 1: Mahu2021 (440 in chips) 
Seat 2: mac23cr7 (70 in chips) 
Seat 3: cosmichele (990 in chips) 
cosmichele: posts small blind 10
Mahu2021: posts big blind 20
*** HOLE CARDS ***
Dealt to Mahu2021 [Ad 9s]
mac23cr7: raises 50 to 70 and is all-in
cosmichele: folds 
Mahu2021: calls 50
*** FLOP *** [3c 5h Kd]
*** TURN *** [3c 5h Kd] [2h]
*** RIVER *** [3c 5h Kd 2h] [3s]
*** SHOW DOWN ***
Mahu2021: shows [Ad 9s] (a pair of Threes)
mac23cr7: shows [Qh 9c] (a pair of Threes - lower kicker)
Mahu2021 collected 150 from pot
mac23cr7 finished the tournament in 3rd place
*** SUMMARY ***
Total pot 150 | Rake 0 
Board [3c 5h Kd 2h 3s]
Seat 1: Mahu2021 (big blind) showed [Ad 9s] and won (150) with a pair of Threes
Seat 2: mac23cr7 (button) showed [Qh 9c] and lost with a pair of Threes
Seat 3: cosmichele (small blind) folded before Flop



PokerStars Hand #247029318230: Tournament #3671334182, $1.84+$0.16 USD Hold'em No Limit - Level I (10/20) - 2023/11/10 16:44:15 CET [2023/11/10 10:44:15 ET]
Table '3671334182 1' 3-max Seat #1 is the button
Seat 1: Mahu2021 (520 in chips) 
Seat 3: cosmichele (980 in chips) 
Mahu2021: posts small blind 10
cosmichele: posts big blind 20
*** HOLE CARDS ***
Dealt to Mahu2021 [Qs Qd]
Mahu2021: raises 40 to 60
cosmichele: folds 
Uncalled bet (40) returned to Mahu2021
Mahu2021 collected 40 from pot
Mahu2021: doesn't show hand 
*** SUMMARY ***
Total pot 40 | Rake 0 
Seat 1: Mahu2021 (button) (small blind) collected (40)
Seat 3: cosmichele (big blind) folded before Flop



PokerStars Hand #247029320646: Tournament #3671334182, $1.84+$0.16 USD Hold'em No Limit - Level I (10/20) - 2023/11/10 16:44:24 CET [2023/11/10 10:44:24 ET]
Table '3671334182 1' 3-max Seat #3 is the button
Seat 1: Mahu2021 (540 in chips) 
Seat 3: cosmichele (960 in chips) 
cosmichele: posts small blind 10
Mahu2021: posts big blind 20
*** HOLE CARDS ***
Dealt to Mahu2021 [Js 8s]
cosmichele: calls 10
Mahu2021: checks 
*** FLOP *** [6s 7h Jh]
Mahu2021: bets 40
cosmichele: calls 40
*** TURN *** [6s 7h Jh] [6h]
Mahu2021: checks 
cosmichele: checks 
*** RIVER *** [6s 7h Jh 6h] [8h]
Mahu2021: checks 
cosmichele: bets 60
Mahu2021: folds 
Uncalled bet (60) returned to cosmichele
cosmichele collected 120 from pot
*** SUMMARY ***
Total pot 120 | Rake 0 
Board [6s 7h Jh 6h 8h]
Seat 1: Mahu2021 (big blind) folded on the River
Seat 3: cosmichele (button) (small blind) collected (120)



PokerStars Hand #247029329550: Tournament #3671334182, $1.84+$0.16 USD Hold'em No Limit - Level II (15/30) - 2023/11/10 16:44:58 CET [2023/11/10 10:44:58 ET]
Table '3671334182 1' 3-max Seat #1 is the button
Seat 1: Mahu2021 (480 in chips) 
Seat 3: cosmichele (1020 in chips) 
Mahu2021: posts small blind 15
cosmichele: posts big blind 30
*** HOLE CARDS ***
Dealt to Mahu2021 [Ac 7d]
Mahu2021: raises 30 to 60
cosmichele: folds 
Uncalled bet (30) returned to Mahu2021
Mahu2021 collected 60 from pot
Mahu2021: doesn't show hand 
*** SUMMARY ***
Total pot 60 | Rake 0 
Seat 1: Mahu2021 (button) (small blind) collected (60)
Seat 3: cosmichele (big blind) folded before Flop



PokerStars Hand #247029331279: Tournament #3671334182, $1.84+$0.16 USD Hold'em No Limit - Level II (15/30) - 2023/11/10 16:45:05 CET [2023/11/10 10:45:05 ET]
Table '3671334182 1' 3-max Seat #3 is the button
Seat 1: Mahu2021 (510 in chips) 
Seat 3: cosmichele (990 in chips) 
cosmichele: posts small blind 15
Mahu2021: posts big blind 30
*** HOLE CARDS ***
Dealt to Mahu2021 [Ks Th]
cosmichele: calls 15
Mahu2021: raises 60 to 90
cosmichele: folds 
Uncalled bet (60) returned to Mahu2021
Mahu2021 collected 60 from pot
Mahu2021: doesn't show hand 
*** SUMMARY ***
Total pot 60 | Rake 0 
Seat 1: Mahu2021 (big blind) collected (60)
Seat 3: cosmichele (button) (small blind) folded before Flop



PokerStars Hand #247029333829: Tournament #3671334182, $1.84+$0.16 USD Hold'em No Limit - Level II (15/30) - 2023/11/10 16:45:15 CET [2023/11/10 10:45:15 ET]
Table '3671334182 1' 3-max Seat #1 is the button
Seat 1: Mahu2021 (540 in chips) 
Seat 3: cosmichele (960 in chips) 
Mahu2021: posts small blind 15
cosmichele: posts big blind 30
*** HOLE CARDS ***
Dealt to Mahu2021 [Ks 7c]
Mahu2021: calls 15
cosmichele: checks 
*** FLOP *** [Jc Js 9s]
cosmichele: checks 
Mahu2021: bets 30
cosmichele: folds 
Uncalled bet (30) returned to Mahu2021
Mahu2021 collected 60 from pot
Mahu2021: doesn't show hand 
*** SUMMARY ***
Total pot 60 | Rake 0 
Board [Jc Js 9s]
Seat 1: Mahu2021 (button) (small blind) collected (60)
Seat 3: cosmichele (big blind) folded on the Flop



PokerStars Hand #247029336982: Tournament #3671334182, $1.84+$0.16 USD Hold'em No Limit - Level II (15/30) - 2023/11/10 16:45:27 CET [2023/11/10 10:45:27 ET]
Table '3671334182 1' 3-max Seat #3 is the button
Seat 1: Mahu2021 (570 in chips) 
Seat 3: cosmichele (930 in chips) 
cosmichele: posts small blind 15
Mahu2021: posts big blind 30
*** HOLE CARDS ***
Dealt to Mahu2021 [5s 8h]
cosmichele: folds 
Uncalled bet (15) returned to Mahu2021
Mahu2021 collected 30 from pot
Mahu2021: doesn't show hand 
*** SUMMARY ***
Total pot 30 | Rake 0 
Seat 1: Mahu2021 (big blind) collected (30)
Seat 3: cosmichele (button) (small blind) folded before Flop



PokerStars Hand #247029338392: Tournament #3671334182, $1.84+$0.16 USD Hold'em No Limit - Level II (15/30) - 2023/11/10 16:45:33 CET [2023/11/10 10:45:33 ET]
Table '3671334182 1' 3-max Seat #1 is the button
Seat 1: Mahu2021 (585 in chips) 
Seat 3: cosmichele (915 in chips) 
Mahu2021: posts small blind 15
cosmichele: posts big blind 30
*** HOLE CARDS ***
Dealt to Mahu2021 [6s Ah]
Mahu2021: calls 15
cosmichele: checks 
*** FLOP *** [Qs Ts 7s]
cosmichele: checks 
Mahu2021: checks 
*** TURN *** [Qs Ts 7s] [5c]
cosmichele: checks 
Mahu2021: checks 
*** RIVER *** [Qs Ts 7s 5c] [Ad]
cosmichele: bets 60
Mahu2021: calls 60
*** SHOW DOWN ***
cosmichele: shows [Td 5h] (two pair, Tens and Fives)
Mahu2021: mucks hand 
cosmichele collected 180 from pot
*** SUMMARY ***
Total pot 180 | Rake 0 
Board [Qs Ts 7s 5c Ad]
Seat 1: Mahu2021 (button) (small blind) mucked [6s Ah]
Seat 3: cosmichele (big blind) showed [Td 5h] and won (180) with two pair, Tens and Fives



PokerStars Hand #247029343286: Tournament #3671334182, $1.84+$0.16 USD Hold'em No Limit - Level II (15/30) - 2023/11/10 16:45:52 CET [2023/11/10 10:45:52 ET]
Table '3671334182 1' 3-max Seat #3 is the button
Seat 1: Mahu2021 (495 in chips) 
Seat 3: cosmichele (1005 in chips) 
cosmichele: posts small blind 15
Mahu2021: posts big blind 30
*** HOLE CARDS ***
Dealt to Mahu2021 [6h Td]
cosmichele: folds 
Uncalled bet (15) returned to Mahu2021
Mahu2021 collected 30 from pot
Mahu2021: doesn't show hand 
*** SUMMARY ***
Total pot 30 | Rake 0 
Seat 1: Mahu2021 (big blind) collected (30)
Seat 3: cosmichele (button) (small blind) folded before Flop



PokerStars Hand #247029346293: Tournament #3671334182, $1.84+$0.16 USD Hold'em No Limit - Level II (15/30) - 2023/11/10 16:46:03 CET [2023/11/10 10:46:03 ET]
Table '3671334182 1' 3-max Seat #1 is the button
Seat 1: Mahu2021 (510 in chips) 
Seat 3: cosmichele (990 in chips) 
Mahu2021: posts small blind 15
cosmichele: posts big blind 30
*** HOLE CARDS ***
Dealt to Mahu2021 [Qd 8d]
Mahu2021: raises 30 to 60
cosmichele: folds 
Uncalled bet (30) returned to Mahu2021
Mahu2021 collected 60 from pot
Mahu2021: doesn't show hand 
*** SUMMARY ***
Total pot 60 | Rake 0 
Seat 1: Mahu2021 (button) (small blind) collected (60)
Seat 3: cosmichele (big blind) folded before Flop



PokerStars Hand #247029348131: Tournament #3671334182, $1.84+$0.16 USD Hold'em No Limit - Level II (15/30) - 2023/11/10 16:46:11 CET [2023/11/10 10:46:11 ET]
Table '3671334182 1' 3-max Seat #3 is the button
Seat 1: Mahu2021 (540 in chips) 
Seat 3: cosmichele (960 in chips) 
cosmichele: posts small blind 15
Mahu2021: posts big blind 30
*** HOLE CARDS ***
Dealt to Mahu2021 [Qd 5s]
cosmichele: calls 15
Mahu2021: checks 
*** FLOP *** [8s 6d 4d]
Mahu2021: checks 
cosmichele: bets 30
Mahu2021: calls 30
*** TURN *** [8s 6d 4d] [5h]
Mahu2021: checks 
cosmichele: bets 60
Mahu2021: folds 
Uncalled bet (60) returned to cosmichele
cosmichele collected 120 from pot
*** SUMMARY ***
Total pot 120 | Rake 0 
Board [8s 6d 4d 5h]
Seat 1: Mahu2021 (big blind) folded on the Turn
Seat 3: cosmichele (button) (small blind) collected (120)



PokerStars Hand #247029353212: Tournament #3671334182, $1.84+$0.16 USD Hold'em No Limit - Level II (15/30) - 2023/11/10 16:46:30 CET [2023/11/10 10:46:30 ET]
Table '3671334182 1' 3-max Seat #1 is the button
Seat 1: Mahu2021 (480 in chips) 
Seat 3: cosmichele (1020 in chips) 
Mahu2021: posts small blind 15
cosmichele: posts big blind 30
*** HOLE CARDS ***
Dealt to Mahu2021 [Kh Qh]
Mahu2021: raises 30 to 60
cosmichele: calls 30
*** FLOP *** [Ks 9d Jc]
cosmichele: checks 
Mahu2021: bets 120
cosmichele: folds 
Uncalled bet (120) returned to Mahu2021
Mahu2021 collected 120 from pot
Mahu2021: doesn't show hand 
*** SUMMARY ***
Total pot 120 | Rake 0 
Board [Ks 9d Jc]
Seat 1: Mahu2021 (button) (small blind) collected (120)
Seat 3: cosmichele (big blind) folded on the Flop



PokerStars Hand #247029357497: Tournament #3671334182, $1.84+$0.16 USD Hold'em No Limit - Level III (20/40) - 2023/11/10 16:46:46 CET [2023/11/10 10:46:46 ET]
Table '3671334182 1' 3-max Seat #3 is the button
Seat 1: Mahu2021 (540 in chips) 
Seat 3: cosmichele (960 in chips) 
cosmichele: posts small blind 20
Mahu2021: posts big blind 40
*** HOLE CARDS ***
Dealt to Mahu2021 [9h Qs]
cosmichele: folds 
Uncalled bet (20) returned to Mahu2021
Mahu2021 collected 40 from pot
Mahu2021: doesn't show hand 
*** SUMMARY ***
Total pot 40 | Rake 0 
Seat 1: Mahu2021 (big blind) collected (40)
Seat 3: cosmichele (button) (small blind) folded before Flop



PokerStars Hand #247029360192: Tournament #3671334182, $1.84+$0.16 USD Hold'em No Limit - Level III (20/40) - 2023/11/10 16:46:57 CET [2023/11/10 10:46:57 ET]
Table '3671334182 1' 3-max Seat #1 is the button
Seat 1: Mahu2021 (560 in chips) 
Seat 3: cosmichele (940 in chips) 
Mahu2021: posts small blind 20
cosmichele: posts big blind 40
*** HOLE CARDS ***
Dealt to Mahu2021 [Kc 5c]
Mahu2021: raises 40 to 80
cosmichele: folds 
Uncalled bet (40) returned to Mahu2021
Mahu2021 collected 80 from pot
Mahu2021: doesn't show hand 
*** SUMMARY ***
Total pot 80 | Rake 0 
Seat 1: Mahu2021 (button) (small blind) collected (80)
Seat 3: cosmichele (big blind) folded before Flop



PokerStars Hand #247029362805: Tournament #3671334182, $1.84+$0.16 USD Hold'em No Limit - Level III (20/40) - 2023/11/10 16:47:07 CET [2023/11/10 10:47:07 ET]
Table '3671334182 1' 3-max Seat #3 is the button
Seat 1: Mahu2021 (600 in chips) 
Seat 3: cosmichele (900 in chips) 
cosmichele: posts small blind 20
Mahu2021: posts big blind 40
*** HOLE CARDS ***
Dealt to Mahu2021 [8c 4h]
cosmichele: folds 
Uncalled bet (20) returned to Mahu2021
Mahu2021 collected 40 from pot
Mahu2021: doesn't show hand 
*** SUMMARY ***
Total pot 40 | Rake 0 
Seat 1: Mahu2021 (big blind) collected (40)
Seat 3: cosmichele (button) (small blind) folded before Flop



PokerStars Hand #247029363935: Tournament #3671334182, $1.84+$0.16 USD Hold'em No Limit - Level III (20/40) - 2023/11/10 16:47:11 CET [2023/11/10 10:47:11 ET]
Table '3671334182 1' 3-max Seat #1 is the button
Seat 1: Mahu2021 (620 in chips) 
Seat 3: cosmichele (880 in chips) 
Mahu2021: posts small blind 20
cosmichele: posts big blind 40
*** HOLE CARDS ***
Dealt to Mahu2021 [6s Ks]
Mahu2021: raises 40 to 80
cosmichele: calls 40
*** FLOP *** [Jc 3c As]
cosmichele: checks 
Mahu2021: bets 80
cosmichele: folds 
Uncalled bet (80) returned to Mahu2021
Mahu2021 collected 160 from pot
Mahu2021: doesn't show hand 
*** SUMMARY ***
Total pot 160 | Rake 0 
Board [Jc 3c As]
Seat 1: Mahu2021 (button) (small blind) collected (160)
Seat 3: cosmichele (big blind) folded on the Flop



PokerStars Hand #247029369130: Tournament #3671334182, $1.84+$0.16 USD Hold'em No Limit - Level III (20/40) - 2023/11/10 16:47:31 CET [2023/11/10 10:47:31 ET]
Table '3671334182 1' 3-max Seat #3 is the button
Seat 1: Mahu2021 (700 in chips) 
Seat 3: cosmichele (800 in chips) 
cosmichele: posts small blind 20
Mahu2021: posts big blind 40
*** HOLE CARDS ***
Dealt to Mahu2021 [Kd Qh]
cosmichele: calls 20
Mahu2021: raises 120 to 160
cosmichele: folds 
Uncalled bet (120) returned to Mahu2021
Mahu2021 collected 80 from pot
Mahu2021: doesn't show hand 
*** SUMMARY ***
Total pot 80 | Rake 0 
Seat 1: Mahu2021 (big blind) collected (80)
Seat 3: cosmichele (button) (small blind) folded before Flop



PokerStars Hand #247029372160: Tournament #3671334182, $1.84+$0.16 USD Hold'em No Limit - Level III (20/40) - 2023/11/10 16:47:43 CET [2023/11/10 10:47:43 ET]
Table '3671334182 1' 3-max Seat #1 is the button
Seat 1: Mahu2021 (740 in chips) 
Seat 3: cosmichele (760 in chips) 
Mahu2021: posts small blind 20
cosmichele: posts big blind 40
*** HOLE CARDS ***
Dealt to Mahu2021 [5h 9s]
Mahu2021: folds 
Uncalled bet (20) returned to cosmichele
cosmichele collected 40 from pot
*** SUMMARY ***
Total pot 40 | Rake 0 
Seat 1: Mahu2021 (button) (small blind) folded before Flop
Seat 3: cosmichele (big blind) collected (40)



PokerStars Hand #247029373291: Tournament #3671334182, $1.84+$0.16 USD Hold'em No Limit - Level III (20/40) - 2023/11/10 16:47:47 CET [2023/11/10 10:47:47 ET]
Table '3671334182 1' 3-max Seat #3 is the button
Seat 1: Mahu2021 (720 in chips) 
Seat 3: cosmichele (780 in chips) 
cosmichele: posts small blind 20
Mahu2021: posts big blind 40
*** HOLE CARDS ***
Dealt to Mahu2021 [9h Ts]
cosmichele: folds 
Uncalled bet (20) returned to Mahu2021
Mahu2021 collected 40 from pot
Mahu2021: doesn't show hand 
*** SUMMARY ***
Total pot 40 | Rake 0 
Seat 1: Mahu2021 (big blind) collected (40)
Seat 3: cosmichele (button) (small blind) folded before Flop



PokerStars Hand #247029374507: Tournament #3671334182, $1.84+$0.16 USD Hold'em No Limit - Level III (20/40) - 2023/11/10 16:47:52 CET [2023/11/10 10:47:52 ET]
Table '3671334182 1' 3-max Seat #1 is the button
Seat 1: Mahu2021 (740 in chips) 
Seat 3: cosmichele (760 in chips) 
Mahu2021: posts small blind 20
cosmichele: posts big blind 40
*** HOLE CARDS ***
Dealt to Mahu2021 [Ac 5d]
Mahu2021: raises 40 to 80
cosmichele: folds 
Uncalled bet (40) returned to Mahu2021
Mahu2021 collected 80 from pot
Mahu2021: doesn't show hand 
*** SUMMARY ***
Total pot 80 | Rake 0 
Seat 1: Mahu2021 (button) (small blind) collected (80)
Seat 3: cosmichele (big blind) folded before Flop



PokerStars Hand #247029376998: Tournament #3671334182, $1.84+$0.16 USD Hold'em No Limit - Level III (20/40) - 2023/11/10 16:48:02 CET [2023/11/10 10:48:02 ET]
Table '3671334182 1' 3-max Seat #3 is the button
Seat 1: Mahu2021 (780 in chips) 
Seat 3: cosmichele (720 in chips) 
cosmichele: posts small blind 20
Mahu2021: posts big blind 40
*** HOLE CARDS ***
Dealt to Mahu2021 [2c 2s]
cosmichele: raises 40 to 80
Mahu2021: calls 40
*** FLOP *** [7h 5d Qd]
Mahu2021: checks 
cosmichele: bets 40
Mahu2021: calls 40
*** TURN *** [7h 5d Qd] [4h]
Mahu2021: checks 
cosmichele: bets 40
Mahu2021: calls 40
*** RIVER *** [7h 5d Qd 4h] [8c]
Mahu2021: checks 
cosmichele: bets 40
Mahu2021: calls 40
*** SHOW DOWN ***
cosmichele: shows [Qs Kd] (a pair of Queens)
Mahu2021: mucks hand 
cosmichele collected 400 from pot
*** SUMMARY ***
Total pot 400 | Rake 0 
Board [7h 5d Qd 4h 8c]
Seat 1: Mahu2021 (big blind) mucked [2c 2s]
Seat 3: cosmichele (button) (small blind) showed [Qs Kd] and won (400) with a pair of Queens



PokerStars Hand #247029383169: Tournament #3671334182, $1.84+$0.16 USD Hold'em No Limit - Level III (20/40) - 2023/11/10 16:48:26 CET [2023/11/10 10:48:26 ET]
Table '3671334182 1' 3-max Seat #1 is the button
Seat 1: Mahu2021 (580 in chips) 
Seat 3: cosmichele (920 in chips) 
Mahu2021: posts small blind 20
cosmichele: posts big blind 40
*** HOLE CARDS ***
Dealt to Mahu2021 [Kc 3d]
Mahu2021: calls 20
cosmichele: checks 
*** FLOP *** [3h 2c Ac]
cosmichele: checks 
Mahu2021: bets 80
cosmichele: folds 
Uncalled bet (80) returned to Mahu2021
Mahu2021 collected 80 from pot
Mahu2021: doesn't show hand 
*** SUMMARY ***
Total pot 80 | Rake 0 
Board [3h 2c Ac]
Seat 1: Mahu2021 (button) (small blind) collected (80)
Seat 3: cosmichele (big blind) folded on the Flop



PokerStars Hand #247029389450: Tournament #3671334182, $1.84+$0.16 USD Hold'em No Limit - Level IV (30/60) - 2023/11/10 16:48:50 CET [2023/11/10 10:48:50 ET]
Table '3671334182 1' 3-max Seat #3 is the button
Seat 1: Mahu2021 (620 in chips) 
Seat 3: cosmichele (880 in chips) 
cosmichele: posts small blind 30
Mahu2021: posts big blind 60
*** HOLE CARDS ***
Dealt to Mahu2021 [5d 9c]
cosmichele: folds 
Uncalled bet (30) returned to Mahu2021
Mahu2021 collected 60 from pot
Mahu2021: doesn't show hand 
*** SUMMARY ***
Total pot 60 | Rake 0 
Seat 1: Mahu2021 (big blind) collected (60)
Seat 3: cosmichele (button) (small blind) folded before Flop



PokerStars Hand #247029391624: Tournament #3671334182, $1.84+$0.16 USD Hold'em No Limit - Level IV (30/60) - 2023/11/10 16:48:58 CET [2023/11/10 10:48:58 ET]
Table '3671334182 1' 3-max Seat #1 is the button
Seat 1: Mahu2021 (650 in chips) 
Seat 3: cosmichele (850 in chips) 
Mahu2021: posts small blind 30
cosmichele: posts big blind 60
*** HOLE CARDS ***
Dealt to Mahu2021 [6d 7c]
Mahu2021: calls 30
cosmichele: checks 
*** FLOP *** [Kd 3h 5d]
cosmichele: checks 
Mahu2021: bets 60
cosmichele: calls 60
*** TURN *** [Kd 3h 5d] [Kc]
cosmichele: checks 
Mahu2021: checks 
*** RIVER *** [Kd 3h 5d Kc] [Qs]
cosmichele: bets 60
Mahu2021: folds 
Uncalled bet (60) returned to cosmichele
cosmichele collected 240 from pot
*** SUMMARY ***
Total pot 240 | Rake 0 
Board [Kd 3h 5d Kc Qs]
Seat 1: Mahu2021 (button) (small blind) folded on the River
Seat 3: cosmichele (big blind) collected (240)



PokerStars Hand #247029396882: Tournament #3671334182, $1.84+$0.16 USD Hold'em No Limit - Level IV (30/60) - 2023/11/10 16:49:18 CET [2023/11/10 10:49:18 ET]
Table '3671334182 1' 3-max Seat #3 is the button
Seat 1: Mahu2021 (530 in chips) 
Seat 3: cosmichele (970 in chips) 
cosmichele: posts small blind 30
Mahu2021: posts big blind 60
*** HOLE CARDS ***
Dealt to Mahu2021 [8d 3d]
cosmichele: folds 
Uncalled bet (30) returned to Mahu2021
Mahu2021 collected 60 from pot
Mahu2021: doesn't show hand 
*** SUMMARY ***
Total pot 60 | Rake 0 
Seat 1: Mahu2021 (big blind) collected (60)
Seat 3: cosmichele (button) (small blind) folded before Flop



PokerStars Hand #247029399072: Tournament #3671334182, $1.84+$0.16 USD Hold'em No Limit - Level IV (30/60) - 2023/11/10 16:49:27 CET [2023/11/10 10:49:27 ET]
Table '3671334182 1' 3-max Seat #1 is the button
Seat 1: Mahu2021 (560 in chips) 
Seat 3: cosmichele (940 in chips) 
Mahu2021: posts small blind 30
cosmichele: posts big blind 60
*** HOLE CARDS ***
Dealt to Mahu2021 [8h Ks]
Mahu2021: raises 60 to 120
cosmichele: raises 60 to 180
Mahu2021: calls 60
*** FLOP *** [9c 2h 9s]
cosmichele: bets 760 and is all-in
Mahu2021: folds 
Uncalled bet (760) returned to cosmichele
cosmichele collected 360 from pot
*** SUMMARY ***
Total pot 360 | Rake 0 
Board [9c 2h 9s]
Seat 1: Mahu2021 (button) (small blind) folded on the Flop
Seat 3: cosmichele (big blind) collected (360)



PokerStars Hand #247029403616: Tournament #3671334182, $1.84+$0.16 USD Hold'em No Limit - Level IV (30/60) - 2023/11/10 16:49:45 CET [2023/11/10 10:49:45 ET]
Table '3671334182 1' 3-max Seat #3 is the button
Seat 1: Mahu2021 (380 in chips) 
Seat 3: cosmichele (1120 in chips) 
cosmichele: posts small blind 30
Mahu2021: posts big blind 60
*** HOLE CARDS ***
Dealt to Mahu2021 [2s Jc]
cosmichele: calls 30
Mahu2021: checks 
*** FLOP *** [9c 3d 6h]
Mahu2021: checks 
cosmichele: bets 60
Mahu2021: folds 
Uncalled bet (60) returned to cosmichele
cosmichele collected 120 from pot
*** SUMMARY ***
Total pot 120 | Rake 0 
Board [9c 3d 6h]
Seat 1: Mahu2021 (big blind) folded on the Flop
Seat 3: cosmichele (button) (small blind) collected (120)



PokerStars Hand #247029406253: Tournament #3671334182, $1.84+$0.16 USD Hold'em No Limit - Level IV (30/60) - 2023/11/10 16:49:55 CET [2023/11/10 10:49:55 ET]
Table '3671334182 1' 3-max Seat #1 is the button
Seat 1: Mahu2021 (320 in chips) 
Seat 3: cosmichele (1180 in chips) 
Mahu2021: posts small blind 30
cosmichele: posts big blind 60
*** HOLE CARDS ***
Dealt to Mahu2021 [Ac 2c]
Mahu2021: calls 30
cosmichele: checks 
*** FLOP *** [5s As Td]
cosmichele: checks 
Mahu2021: checks 
*** TURN *** [5s As Td] [5d]
cosmichele: checks 
Mahu2021: checks 
*** RIVER *** [5s As Td 5d] [Ts]
cosmichele: checks 
Mahu2021: bets 120
cosmichele: folds 
Uncalled bet (120) returned to Mahu2021
Mahu2021 collected 120 from pot
Mahu2021: doesn't show hand 
*** SUMMARY ***
Total pot 120 | Rake 0 
Board [5s As Td 5d Ts]
Seat 1: Mahu2021 (button) (small blind) collected (120)
Seat 3: cosmichele (big blind) folded on the River



PokerStars Hand #247029410770: Tournament #3671334182, $1.84+$0.16 USD Hold'em No Limit - Level IV (30/60) - 2023/11/10 16:50:12 CET [2023/11/10 10:50:12 ET]
Table '3671334182 1' 3-max Seat #3 is the button
Seat 1: Mahu2021 (380 in chips) 
Seat 3: cosmichele (1120 in chips) 
cosmichele: posts small blind 30
Mahu2021: posts big blind 60
*** HOLE CARDS ***
Dealt to Mahu2021 [7h Jh]
cosmichele: folds 
Uncalled bet (30) returned to Mahu2021
Mahu2021 collected 60 from pot
Mahu2021: doesn't show hand 
*** SUMMARY ***
Total pot 60 | Rake 0 
Seat 1: Mahu2021 (big blind) collected (60)
Seat 3: cosmichele (button) (small blind) folded before Flop



PokerStars Hand #247029413688: Tournament #3671334182, $1.84+$0.16 USD Hold'em No Limit - Level IV (30/60) - 2023/11/10 16:50:24 CET [2023/11/10 10:50:24 ET]
Table '3671334182 1' 3-max Seat #1 is the button
Seat 1: Mahu2021 (410 in chips) 
Seat 3: cosmichele (1090 in chips) 
Mahu2021: posts small blind 30
cosmichele: posts big blind 60
*** HOLE CARDS ***
Dealt to Mahu2021 [Qh 9h]
Mahu2021: raises 60 to 120
cosmichele: folds 
Uncalled bet (60) returned to Mahu2021
Mahu2021 collected 120 from pot
Mahu2021: doesn't show hand 
*** SUMMARY ***
Total pot 120 | Rake 0 
Seat 1: Mahu2021 (button) (small blind) collected (120)
Seat 3: cosmichele (big blind) folded before Flop



PokerStars Hand #247029415496: Tournament #3671334182, $1.84+$0.16 USD Hold'em No Limit - Level IV (30/60) - 2023/11/10 16:50:31 CET [2023/11/10 10:50:31 ET]
Table '3671334182 1' 3-max Seat #3 is the button
Seat 1: Mahu2021 (470 in chips) 
Seat 3: cosmichele (1030 in chips) 
cosmichele: posts small blind 30
Mahu2021: posts big blind 60
*** HOLE CARDS ***
Dealt to Mahu2021 [Qc 4d]
cosmichele: calls 30
Mahu2021: checks 
*** FLOP *** [Js 7c Ts]
Mahu2021: checks 
cosmichele: checks 
*** TURN *** [Js 7c Ts] [9h]
Mahu2021: bets 60
cosmichele: calls 60
*** RIVER *** [Js 7c Ts 9h] [9d]
Mahu2021: checks 
cosmichele: checks 
*** SHOW DOWN ***
Mahu2021: shows [Qc 4d] (a pair of Nines)
cosmichele: shows [6h Ah] (a pair of Nines - Ace kicker)
cosmichele collected 240 from pot
*** SUMMARY ***
Total pot 240 | Rake 0 
Board [Js 7c Ts 9h 9d]
Seat 1: Mahu2021 (big blind) showed [Qc 4d] and lost with a pair of Nines
Seat 3: cosmichele (button) (small blind) showed [6h Ah] and won (240) with a pair of Nines



PokerStars Hand #247029421318: Tournament #3671334182, $1.84+$0.16 USD Hold'em No Limit - Level V (40/80) - 2023/11/10 16:50:53 CET [2023/11/10 10:50:53 ET]
Table '3671334182 1' 3-max Seat #1 is the button
Seat 1: Mahu2021 (350 in chips) 
Seat 3: cosmichele (1150 in chips) 
Mahu2021: posts small blind 40
cosmichele: posts big blind 80
*** HOLE CARDS ***
Dealt to Mahu2021 [Kd Tc]
Mahu2021: raises 270 to 350 and is all-in
cosmichele: folds 
Uncalled bet (270) returned to Mahu2021
Mahu2021 collected 160 from pot
Mahu2021: doesn't show hand 
*** SUMMARY ***
Total pot 160 | Rake 0 
Seat 1: Mahu2021 (button) (small blind) collected (160)
Seat 3: cosmichele (big blind) folded before Flop



PokerStars Hand #247029423527: Tournament #3671334182, $1.84+$0.16 USD Hold'em No Limit - Level V (40/80) - 2023/11/10 16:51:02 CET [2023/11/10 10:51:02 ET]
Table '3671334182 1' 3-max Seat #3 is the button
Seat 1: Mahu2021 (430 in chips) 
Seat 3: cosmichele (1070 in chips) 
cosmichele: posts small blind 40
Mahu2021: posts big blind 80
*** HOLE CARDS ***
Dealt to Mahu2021 [9h Ac]
cosmichele: folds 
Uncalled bet (40) returned to Mahu2021
Mahu2021 collected 80 from pot
Mahu2021: doesn't show hand 
*** SUMMARY ***
Total pot 80 | Rake 0 
Seat 1: Mahu2021 (big blind) collected (80)
Seat 3: cosmichele (button) (small blind) folded before Flop



PokerStars Hand #247029424801: Tournament #3671334182, $1.84+$0.16 USD Hold'em No Limit - Level V (40/80) - 2023/11/10 16:51:06 CET [2023/11/10 10:51:06 ET]
Table '3671334182 1' 3-max Seat #1 is the button
Seat 1: Mahu2021 (470 in chips) 
Seat 3: cosmichele (1030 in chips) 
Mahu2021: posts small blind 40
cosmichele: posts big blind 80
*** HOLE CARDS ***
Dealt to Mahu2021 [3d 9d]
Mahu2021: folds 
Uncalled bet (40) returned to cosmichele
cosmichele collected 80 from pot
*** SUMMARY ***
Total pot 80 | Rake 0 
Seat 1: Mahu2021 (button) (small blind) folded before Flop
Seat 3: cosmichele (big blind) collected (80)



PokerStars Hand #247029425935: Tournament #3671334182, $1.84+$0.16 USD Hold'em No Limit - Level V (40/80) - 2023/11/10 16:51:11 CET [2023/11/10 10:51:11 ET]
Table '3671334182 1' 3-max Seat #3 is the button
Seat 1: Mahu2021 (430 in chips) 
Seat 3: cosmichele (1070 in chips) 
cosmichele: posts small blind 40
Mahu2021: posts big blind 80
*** HOLE CARDS ***
Dealt to Mahu2021 [Th 6s]
cosmichele: raises 80 to 160
Mahu2021: folds 
Uncalled bet (80) returned to cosmichele
cosmichele collected 160 from pot
*** SUMMARY ***
Total pot 160 | Rake 0 
Seat 1: Mahu2021 (big blind) folded before Flop
Seat 3: cosmichele (button) (small blind) collected (160)



PokerStars Hand #247029427672: Tournament #3671334182, $1.84+$0.16 USD Hold'em No Limit - Level V (40/80) - 2023/11/10 16:51:17 CET [2023/11/10 10:51:17 ET]
Table '3671334182 1' 3-max Seat #1 is the button
Seat 1: Mahu2021 (350 in chips) 
Seat 3: cosmichele (1150 in chips) 
Mahu2021: posts small blind 40
cosmichele: posts big blind 80
*** HOLE CARDS ***
Dealt to Mahu2021 [3d 2c]
Mahu2021: folds 
Uncalled bet (40) returned to cosmichele
cosmichele collected 80 from pot
*** SUMMARY ***
Total pot 80 | Rake 0 
Seat 1: Mahu2021 (button) (small blind) folded before Flop
Seat 3: cosmichele (big blind) collected (80)



PokerStars Hand #247029428752: Tournament #3671334182, $1.84+$0.16 USD Hold'em No Limit - Level V (40/80) - 2023/11/10 16:51:22 CET [2023/11/10 10:51:22 ET]
Table '3671334182 1' 3-max Seat #3 is the button
Seat 1: Mahu2021 (310 in chips) 
Seat 3: cosmichele (1190 in chips) 
cosmichele: posts small blind 40
Mahu2021: posts big blind 80
*** HOLE CARDS ***
Dealt to Mahu2021 [5d Td]
cosmichele: calls 40
Mahu2021: checks 
*** FLOP *** [Tc Qd 7d]
Mahu2021: bets 230 and is all-in
cosmichele: calls 230
*** TURN *** [Tc Qd 7d] [5h]
*** RIVER *** [Tc Qd 7d 5h] [4d]
*** SHOW DOWN ***
Mahu2021: shows [5d Td] (a flush, Queen high)
cosmichele: shows [Ts 7s] (two pair, Tens and Sevens)
Mahu2021 collected 620 from pot
*** SUMMARY ***
Total pot 620 | Rake 0 
Board [Tc Qd 7d 5h 4d]
Seat 1: Mahu2021 (big blind) showed [5d Td] and won (620) with a flush, Queen high
Seat 3: cosmichele (button) (small blind) showed [Ts 7s] and lost with two pair, Tens and Sevens



PokerStars Hand #247029433077: Tournament #3671334182, $1.84+$0.16 USD Hold'em No Limit - Level V (40/80) - 2023/11/10 16:51:38 CET [2023/11/10 10:51:38 ET]
Table '3671334182 1' 3-max Seat #1 is the button
Seat 1: Mahu2021 (620 in chips) 
Seat 3: cosmichele (880 in chips) 
Mahu2021: posts small blind 40
cosmichele: posts big blind 80
*** HOLE CARDS ***
Dealt to Mahu2021 [9d As]
Mahu2021: raises 160 to 240
cosmichele: raises 160 to 400
Mahu2021: raises 220 to 620 and is all-in
cosmichele: calls 220
*** FLOP *** [Jh Qs 7d]
*** TURN *** [Jh Qs 7d] [8s]
*** RIVER *** [Jh Qs 7d 8s] [Th]
*** SHOW DOWN ***
cosmichele: shows [5c 5d] (a pair of Fives)
Mahu2021: shows [9d As] (a straight, Eight to Queen)
Mahu2021 collected 1240 from pot
*** SUMMARY ***
Total pot 1240 | Rake 0 
Board [Jh Qs 7d 8s Th]
Seat 1: Mahu2021 (button) (small blind) showed [9d As] and won (1240) with a straight, Eight to Queen
Seat 3: cosmichele (big blind) showed [5c 5d] and lost with a pair of Fives



PokerStars Hand #247029437673: Tournament #3671334182, $1.84+$0.16 USD Hold'em No Limit - Level V (40/80) - 2023/11/10 16:51:57 CET [2023/11/10 10:51:57 ET]
Table '3671334182 1' 3-max Seat #3 is the button
Seat 1: Mahu2021 (1240 in chips) 
Seat 3: cosmichele (260 in chips) 
cosmichele: posts small blind 40
Mahu2021: posts big blind 80
*** HOLE CARDS ***
Dealt to Mahu2021 [As 5d]
cosmichele: folds 
Uncalled bet (40) returned to Mahu2021
Mahu2021 collected 80 from pot
Mahu2021: doesn't show hand 
*** SUMMARY ***
Total pot 80 | Rake 0 
Seat 1: Mahu2021 (big blind) collected (80)
Seat 3: cosmichele (button) (small blind) folded before Flop



PokerStars Hand #247029438855: Tournament #3671334182, $1.84+$0.16 USD Hold'em No Limit - Level V (40/80) - 2023/11/10 16:52:01 CET [2023/11/10 10:52:01 ET]
Table '3671334182 1' 3-max Seat #1 is the button
Seat 1: Mahu2021 (1280 in chips) 
Seat 3: cosmichele (220 in chips) 
Mahu2021: posts small blind 40
cosmichele: posts big blind 80
*** HOLE CARDS ***
Dealt to Mahu2021 [6d 3h]
Mahu2021: folds 
Uncalled bet (40) returned to cosmichele
cosmichele collected 80 from pot
*** SUMMARY ***
Total pot 80 | Rake 0 
Seat 1: Mahu2021 (button) (small blind) folded before Flop
Seat 3: cosmichele (big blind) collected (80)



PokerStars Hand #247029440092: Tournament #3671334182, $1.84+$0.16 USD Hold'em No Limit - Level V (40/80) - 2023/11/10 16:52:06 CET [2023/11/10 10:52:06 ET]
Table '3671334182 1' 3-max Seat #3 is the button
Seat 1: Mahu2021 (1240 in chips) 
Seat 3: cosmichele (260 in chips) 
cosmichele: posts small blind 40
Mahu2021: posts big blind 80
*** HOLE CARDS ***
Dealt to Mahu2021 [Qh 6s]
cosmichele: folds 
Uncalled bet (40) returned to Mahu2021
Mahu2021 collected 80 from pot
Mahu2021: doesn't show hand 
*** SUMMARY ***
Total pot 80 | Rake 0 
Seat 1: Mahu2021 (big blind) collected (80)
Seat 3: cosmichele (button) (small blind) folded before Flop



PokerStars Hand #247029441245: Tournament #3671334182, $1.84+$0.16 USD Hold'em No Limit - Level V (40/80) - 2023/11/10 16:52:10 CET [2023/11/10 10:52:10 ET]
Table '3671334182 1' 3-max Seat #1 is the button
Seat 1: Mahu2021 (1280 in chips) 
Seat 3: cosmichele (220 in chips) 
Mahu2021: posts small blind 40
cosmichele: posts big blind 80
*** HOLE CARDS ***
Dealt to Mahu2021 [2h 3c]
Mahu2021: folds 
Uncalled bet (40) returned to cosmichele
cosmichele collected 80 from pot
*** SUMMARY ***
Total pot 80 | Rake 0 
Seat 1: Mahu2021 (button) (small blind) folded before Flop
Seat 3: cosmichele (big blind) collected (80)



PokerStars Hand #247029442338: Tournament #3671334182, $1.84+$0.16 USD Hold'em No Limit - Level V (40/80) - 2023/11/10 16:52:15 CET [2023/11/10 10:52:15 ET]
Table '3671334182 1' 3-max Seat #3 is the button
Seat 1: Mahu2021 (1240 in chips) 
Seat 3: cosmichele (260 in chips) 
cosmichele: posts small blind 40
Mahu2021: posts big blind 80
*** HOLE CARDS ***
Dealt to Mahu2021 [2s 2h]
cosmichele: calls 40
Mahu2021: raises 240 to 320
cosmichele: calls 180 and is all-in
Uncalled bet (60) returned to Mahu2021
*** FLOP *** [6h Td 8d]
*** TURN *** [6h Td 8d] [4s]
*** RIVER *** [6h Td 8d 4s] [5s]
*** SHOW DOWN ***
Mahu2021: shows [2s 2h] (a pair of Deuces)
cosmichele: shows [Ac 7s] (a straight, Four to Eight)
cosmichele collected 520 from pot
*** SUMMARY ***
Total pot 520 | Rake 0 
Board [6h Td 8d 4s 5s]
Seat 1: Mahu2021 (big blind) showed [2s 2h] and lost with a pair of Deuces
Seat 3: cosmichele (button) (small blind) showed [Ac 7s] and won (520) with a straight, Four to Eight



PokerStars Hand #247029446329: Tournament #3671334182, $1.84+$0.16 USD Hold'em No Limit - Level V (40/80) - 2023/11/10 16:52:30 CET [2023/11/10 10:52:30 ET]
Table '3671334182 1' 3-max Seat #1 is the button
Seat 1: Mahu2021 (980 in chips) 
Seat 3: cosmichele (520 in chips) 
Mahu2021: posts small blind 40
cosmichele: posts big blind 80
*** HOLE CARDS ***
Dealt to Mahu2021 [Jc Qd]
Mahu2021: raises 80 to 160
cosmichele: folds 
Uncalled bet (80) returned to Mahu2021
Mahu2021 collected 160 from pot
Mahu2021: doesn't show hand 
*** SUMMARY ***
Total pot 160 | Rake 0 
Seat 1: Mahu2021 (button) (small blind) collected (160)
Seat 3: cosmichele (big blind) folded before Flop



PokerStars Hand #247029449952: Tournament #3671334182, $1.84+$0.16 USD Hold'em No Limit - Level VI (50/100) - 2023/11/10 16:52:44 CET [2023/11/10 10:52:44 ET]
Table '3671334182 1' 3-max Seat #3 is the button
Seat 1: Mahu2021 (1060 in chips) 
Seat 3: cosmichele (440 in chips) 
cosmichele: posts small blind 50
Mahu2021: posts big blind 100
*** HOLE CARDS ***
Dealt to Mahu2021 [2c 8h]
cosmichele: folds 
Uncalled bet (50) returned to Mahu2021
Mahu2021 collected 100 from pot
Mahu2021: doesn't show hand 
*** SUMMARY ***
Total pot 100 | Rake 0 
Seat 1: Mahu2021 (big blind) collected (100)
Seat 3: cosmichele (button) (small blind) folded before Flop



PokerStars Hand #247029453633: Tournament #3671334182, $1.84+$0.16 USD Hold'em No Limit - Level VI (50/100) - 2023/11/10 16:52:58 CET [2023/11/10 10:52:58 ET]
Table '3671334182 1' 3-max Seat #1 is the button
Seat 1: Mahu2021 (1110 in chips) 
Seat 3: cosmichele (390 in chips) 
Mahu2021: posts small blind 50
cosmichele: posts big blind 100
*** HOLE CARDS ***
Dealt to Mahu2021 [Ks As]
Mahu2021: raises 100 to 200
cosmichele: raises 190 to 390 and is all-in
Mahu2021: calls 190
*** FLOP *** [2h 6s 2c]
*** TURN *** [2h 6s 2c] [5d]
*** RIVER *** [2h 6s 2c 5d] [2d]
*** SHOW DOWN ***
cosmichele: shows [Kd Tc] (three of a kind, Deuces)
Mahu2021: shows [Ks As] (three of a kind, Deuces - Ace kicker)
Mahu2021 collected 780 from pot
cosmichele finished the tournament in 2nd place
Mahu2021 wins the tournament and receives $4.00 - congratulations!
*** SUMMARY ***
Total pot 780 | Rake 0 
Board [2h 6s 2c 5d 2d]
Seat 1: Mahu2021 (button) (small blind) showed [Ks As] and won (780) with three of a kind, Deuces
Seat 3: cosmichele (big blind) showed [Kd Tc] and lost with three of a kind, Deuces



