PokerStars Hand #244140546475: Tournament #3601396908, $0.92+$0.08 USD Hold'em No Limit - Level I (10/20) - 2023/06/07 15:46:59 CET [2023/06/07 9:46:59 ET]
Table '3601396908 1' 3-max Seat #1 is the button
Seat 1: Mahu2021 (500 in chips) 
Seat 2: GPP1978 (500 in chips) 
Seat 3: Samir7 (500 in chips) 
GPP1978: posts small blind 10
Samir7: posts big blind 20
*** HOLE CARDS ***
Dealt to Mahu2021 [7c Td]
Mahu2021: folds 
GPP1978: calls 10
Samir7: checks 
*** FLOP *** [4s 5h Kd]
GPP1978: checks 
Samir7: bets 40
GPP1978: folds 
Uncalled bet (40) returned to Samir7
Samir7 collected 40 from pot
Samir7: doesn't show hand 
*** SUMMARY ***
Total pot 40 | Rake 0 
Board [4s 5h Kd]
Seat 1: Mahu2021 (button) folded before Flop (didn't bet)
Seat 2: GPP1978 (small blind) folded on the Flop
Seat 3: Samir7 (big blind) collected (40)



PokerStars Hand #244140548925: Tournament #3601396908, $0.92+$0.08 USD Hold'em No Limit - Level I (10/20) - 2023/06/07 15:47:11 CET [2023/06/07 9:47:11 ET]
Table '3601396908 1' 3-max Seat #2 is the button
Seat 1: Mahu2021 (500 in chips) 
Seat 2: GPP1978 (480 in chips) 
Seat 3: Samir7 (520 in chips) 
Samir7: posts small blind 10
Mahu2021: posts big blind 20
*** HOLE CARDS ***
Dealt to Mahu2021 [Tc Jc]
GPP1978: folds 
Samir7: calls 10
Mahu2021: checks 
*** FLOP *** [Jd Js As]
Samir7: checks 
Mahu2021: checks 
*** TURN *** [Jd Js As] [Jh]
Samir7: checks 
Mahu2021: checks 
*** RIVER *** [Jd Js As Jh] [8d]
Samir7: checks 
Mahu2021: bets 480 and is all-in
Samir7: folds 
Uncalled bet (480) returned to Mahu2021
Mahu2021 collected 40 from pot
Mahu2021: doesn't show hand 
*** SUMMARY ***
Total pot 40 | Rake 0 
Board [Jd Js As Jh 8d]
Seat 1: Mahu2021 (big blind) collected (40)
Seat 2: GPP1978 (button) folded before Flop (didn't bet)
Seat 3: Samir7 (small blind) folded on the River



PokerStars Hand #244140552467: Tournament #3601396908, $0.92+$0.08 USD Hold'em No Limit - Level I (10/20) - 2023/06/07 15:47:28 CET [2023/06/07 9:47:28 ET]
Table '3601396908 1' 3-max Seat #3 is the button
Seat 1: Mahu2021 (520 in chips) 
Seat 2: GPP1978 (480 in chips) 
Seat 3: Samir7 (500 in chips) 
Mahu2021: posts small blind 10
GPP1978: posts big blind 20
*** HOLE CARDS ***
Dealt to Mahu2021 [3s 9s]
Samir7: raises 40 to 60
Mahu2021: folds 
GPP1978: calls 40
*** FLOP *** [Qc 7d Tc]
GPP1978: bets 65
Samir7: calls 65
*** TURN *** [Qc 7d Tc] [2h]
GPP1978: checks 
Samir7: bets 100
GPP1978: folds 
Uncalled bet (100) returned to Samir7
Samir7 collected 260 from pot
Samir7: doesn't show hand 
*** SUMMARY ***
Total pot 260 | Rake 0 
Board [Qc 7d Tc 2h]
Seat 1: Mahu2021 (small blind) folded before Flop
Seat 2: GPP1978 (big blind) folded on the Turn
Seat 3: Samir7 (button) collected (260)



PokerStars Hand #244140556793: Tournament #3601396908, $0.92+$0.08 USD Hold'em No Limit - Level I (10/20) - 2023/06/07 15:47:49 CET [2023/06/07 9:47:49 ET]
Table '3601396908 1' 3-max Seat #1 is the button
Seat 1: Mahu2021 (510 in chips) 
Seat 2: GPP1978 (355 in chips) 
Seat 3: Samir7 (635 in chips) 
GPP1978: posts small blind 10
Samir7: posts big blind 20
*** HOLE CARDS ***
Dealt to Mahu2021 [7c 8c]
Mahu2021: calls 20
GPP1978: calls 10
Samir7: checks 
*** FLOP *** [Kc Jc 2s]
GPP1978: checks 
Samir7: checks 
Mahu2021: bets 60
GPP1978: folds 
Samir7: folds 
Uncalled bet (60) returned to Mahu2021
Mahu2021 collected 60 from pot
Mahu2021: doesn't show hand 
*** SUMMARY ***
Total pot 60 | Rake 0 
Board [Kc Jc 2s]
Seat 1: Mahu2021 (button) collected (60)
Seat 2: GPP1978 (small blind) folded on the Flop
Seat 3: Samir7 (big blind) folded on the Flop



PokerStars Hand #244140559890: Tournament #3601396908, $0.92+$0.08 USD Hold'em No Limit - Level I (10/20) - 2023/06/07 15:48:05 CET [2023/06/07 9:48:05 ET]
Table '3601396908 1' 3-max Seat #2 is the button
Seat 1: Mahu2021 (550 in chips) 
Seat 2: GPP1978 (335 in chips) 
Seat 3: Samir7 (615 in chips) 
Samir7: posts small blind 10
Mahu2021: posts big blind 20
*** HOLE CARDS ***
Dealt to Mahu2021 [5d 9s]
GPP1978: folds 
Samir7: calls 10
Mahu2021: checks 
*** FLOP *** [3c 8h 6s]
Samir7: checks 
Mahu2021: bets 40
Samir7: folds 
Uncalled bet (40) returned to Mahu2021
Mahu2021 collected 40 from pot
Mahu2021: doesn't show hand 
*** SUMMARY ***
Total pot 40 | Rake 0 
Board [3c 8h 6s]
Seat 1: Mahu2021 (big blind) collected (40)
Seat 2: GPP1978 (button) folded before Flop (didn't bet)
Seat 3: Samir7 (small blind) folded on the Flop



PokerStars Hand #244140563249: Tournament #3601396908, $0.92+$0.08 USD Hold'em No Limit - Level I (10/20) - 2023/06/07 15:48:21 CET [2023/06/07 9:48:21 ET]
Table '3601396908 1' 3-max Seat #3 is the button
Seat 1: Mahu2021 (570 in chips) 
Seat 2: GPP1978 (335 in chips) 
Seat 3: Samir7 (595 in chips) 
Mahu2021: posts small blind 10
GPP1978: posts big blind 20
*** HOLE CARDS ***
Dealt to Mahu2021 [3d Th]
Samir7: calls 20
Mahu2021: folds 
GPP1978: checks 
*** FLOP *** [7s Ad Jc]
GPP1978: checks 
Samir7: checks 
*** TURN *** [7s Ad Jc] [Jh]
GPP1978: checks 
Samir7: checks 
*** RIVER *** [7s Ad Jc Jh] [Ac]
GPP1978: checks 
Samir7: checks 
*** SHOW DOWN ***
GPP1978: shows [5s 4d] (two pair, Aces and Jacks)
Samir7: shows [6s 9d] (two pair, Aces and Jacks - Nine kicker)
Samir7 collected 50 from pot
*** SUMMARY ***
Total pot 50 | Rake 0 
Board [7s Ad Jc Jh Ac]
Seat 1: Mahu2021 (small blind) folded before Flop
Seat 2: GPP1978 (big blind) showed [5s 4d] and lost with two pair, Aces and Jacks
Seat 3: Samir7 (button) showed [6s 9d] and won (50) with two pair, Aces and Jacks



PokerStars Hand #244140567243: Tournament #3601396908, $0.92+$0.08 USD Hold'em No Limit - Level I (10/20) - 2023/06/07 15:48:41 CET [2023/06/07 9:48:41 ET]
Table '3601396908 1' 3-max Seat #1 is the button
Seat 1: Mahu2021 (560 in chips) 
Seat 2: GPP1978 (315 in chips) 
Seat 3: Samir7 (625 in chips) 
GPP1978: posts small blind 10
Samir7: posts big blind 20
*** HOLE CARDS ***
Dealt to Mahu2021 [4c As]
Mahu2021: folds 
GPP1978: calls 10
Samir7: checks 
*** FLOP *** [Kh 8d Ks]
GPP1978: checks 
Samir7: checks 
*** TURN *** [Kh 8d Ks] [5s]
GPP1978: checks 
Samir7: bets 20
GPP1978: calls 20
*** RIVER *** [Kh 8d Ks 5s] [5d]
GPP1978: checks 
Samir7: checks 
*** SHOW DOWN ***
GPP1978: shows [6c Jc] (two pair, Kings and Fives)
Samir7: shows [2s Qc] (two pair, Kings and Fives - Queen kicker)
Samir7 collected 80 from pot
*** SUMMARY ***
Total pot 80 | Rake 0 
Board [Kh 8d Ks 5s 5d]
Seat 1: Mahu2021 (button) folded before Flop (didn't bet)
Seat 2: GPP1978 (small blind) showed [6c Jc] and lost with two pair, Kings and Fives
Seat 3: Samir7 (big blind) showed [2s Qc] and won (80) with two pair, Kings and Fives



PokerStars Hand #244140571882: Tournament #3601396908, $0.92+$0.08 USD Hold'em No Limit - Level II (15/30) - 2023/06/07 15:49:03 CET [2023/06/07 9:49:03 ET]
Table '3601396908 1' 3-max Seat #2 is the button
Seat 1: Mahu2021 (560 in chips) 
Seat 2: GPP1978 (275 in chips) 
Seat 3: Samir7 (665 in chips) 
Samir7: posts small blind 15
Mahu2021: posts big blind 30
*** HOLE CARDS ***
Dealt to Mahu2021 [7h 9s]
GPP1978: raises 245 to 275 and is all-in
Samir7: folds 
Mahu2021: folds 
Uncalled bet (245) returned to GPP1978
GPP1978 collected 75 from pot
*** SUMMARY ***
Total pot 75 | Rake 0 
Seat 1: Mahu2021 (big blind) folded before Flop
Seat 2: GPP1978 (button) collected (75)
Seat 3: Samir7 (small blind) folded before Flop



PokerStars Hand #244140573437: Tournament #3601396908, $0.92+$0.08 USD Hold'em No Limit - Level II (15/30) - 2023/06/07 15:49:11 CET [2023/06/07 9:49:11 ET]
Table '3601396908 1' 3-max Seat #3 is the button
Seat 1: Mahu2021 (530 in chips) 
Seat 2: GPP1978 (320 in chips) 
Seat 3: Samir7 (650 in chips) 
Mahu2021: posts small blind 15
GPP1978: posts big blind 30
*** HOLE CARDS ***
Dealt to Mahu2021 [Qs 2h]
Samir7: calls 30
Mahu2021: folds 
GPP1978: raises 290 to 320 and is all-in
Samir7: folds 
Uncalled bet (290) returned to GPP1978
GPP1978 collected 75 from pot
*** SUMMARY ***
Total pot 75 | Rake 0 
Seat 1: Mahu2021 (small blind) folded before Flop
Seat 2: GPP1978 (big blind) collected (75)
Seat 3: Samir7 (button) folded before Flop



PokerStars Hand #244140575246: Tournament #3601396908, $0.92+$0.08 USD Hold'em No Limit - Level II (15/30) - 2023/06/07 15:49:20 CET [2023/06/07 9:49:20 ET]
Table '3601396908 1' 3-max Seat #1 is the button
Seat 1: Mahu2021 (515 in chips) 
Seat 2: GPP1978 (365 in chips) 
Seat 3: Samir7 (620 in chips) 
GPP1978: posts small blind 15
Samir7: posts big blind 30
*** HOLE CARDS ***
Dealt to Mahu2021 [Qs Td]
Mahu2021: calls 30
GPP1978: calls 15
Samir7: checks 
*** FLOP *** [3h Th Ad]
GPP1978: bets 90
Samir7: folds 
Mahu2021: folds 
Uncalled bet (90) returned to GPP1978
GPP1978 collected 90 from pot
*** SUMMARY ***
Total pot 90 | Rake 0 
Board [3h Th Ad]
Seat 1: Mahu2021 (button) folded on the Flop
Seat 2: GPP1978 (small blind) collected (90)
Seat 3: Samir7 (big blind) folded on the Flop



PokerStars Hand #244140577834: Tournament #3601396908, $0.92+$0.08 USD Hold'em No Limit - Level II (15/30) - 2023/06/07 15:49:33 CET [2023/06/07 9:49:33 ET]
Table '3601396908 1' 3-max Seat #2 is the button
Seat 1: Mahu2021 (485 in chips) 
Seat 2: GPP1978 (425 in chips) 
Seat 3: Samir7 (590 in chips) 
Samir7: posts small blind 15
Mahu2021: posts big blind 30
*** HOLE CARDS ***
Dealt to Mahu2021 [2s Jd]
GPP1978: folds 
Samir7: calls 15
Mahu2021: checks 
*** FLOP *** [6h 2d 7d]
Samir7: checks 
Mahu2021: bets 30
Samir7: calls 30
*** TURN *** [6h 2d 7d] [9s]
Samir7: checks 
Mahu2021: checks 
*** RIVER *** [6h 2d 7d 9s] [4c]
Samir7: bets 90
Mahu2021: folds 
Uncalled bet (90) returned to Samir7
Samir7 collected 120 from pot
Samir7: doesn't show hand 
*** SUMMARY ***
Total pot 120 | Rake 0 
Board [6h 2d 7d 9s 4c]
Seat 1: Mahu2021 (big blind) folded on the River
Seat 2: GPP1978 (button) folded before Flop (didn't bet)
Seat 3: Samir7 (small blind) collected (120)



PokerStars Hand #244140582061: Tournament #3601396908, $0.92+$0.08 USD Hold'em No Limit - Level II (15/30) - 2023/06/07 15:49:54 CET [2023/06/07 9:49:54 ET]
Table '3601396908 1' 3-max Seat #3 is the button
Seat 1: Mahu2021 (425 in chips) 
Seat 2: GPP1978 (425 in chips) 
Seat 3: Samir7 (650 in chips) 
Mahu2021: posts small blind 15
GPP1978: posts big blind 30
*** HOLE CARDS ***
Dealt to Mahu2021 [Qd 7h]
Samir7: calls 30
Mahu2021: calls 15
GPP1978: checks 
*** FLOP *** [2h 8h 4h]
Mahu2021: checks 
GPP1978: checks 
Samir7: bets 90
Mahu2021: folds 
GPP1978: folds 
Uncalled bet (90) returned to Samir7
Samir7 collected 90 from pot
Samir7: doesn't show hand 
*** SUMMARY ***
Total pot 90 | Rake 0 
Board [2h 8h 4h]
Seat 1: Mahu2021 (small blind) folded on the Flop
Seat 2: GPP1978 (big blind) folded on the Flop
Seat 3: Samir7 (button) collected (90)



PokerStars Hand #244140585827: Tournament #3601396908, $0.92+$0.08 USD Hold'em No Limit - Level II (15/30) - 2023/06/07 15:50:12 CET [2023/06/07 9:50:12 ET]
Table '3601396908 1' 3-max Seat #1 is the button
Seat 1: Mahu2021 (395 in chips) 
Seat 2: GPP1978 (395 in chips) 
Seat 3: Samir7 (710 in chips) 
GPP1978: posts small blind 15
Samir7: posts big blind 30
*** HOLE CARDS ***
Dealt to Mahu2021 [9d 7h]
Mahu2021: folds 
GPP1978: calls 15
Samir7: checks 
*** FLOP *** [6s 9s 6h]
GPP1978: checks 
Samir7: checks 
*** TURN *** [6s 9s 6h] [4d]
GPP1978: checks 
Samir7: checks 
*** RIVER *** [6s 9s 6h 4d] [Kd]
GPP1978: checks 
Samir7: checks 
*** SHOW DOWN ***
GPP1978: shows [Td 3c] (a pair of Sixes)
Samir7: shows [Th Jd] (a pair of Sixes - King+Jack kicker)
Samir7 collected 60 from pot
*** SUMMARY ***
Total pot 60 | Rake 0 
Board [6s 9s 6h 4d Kd]
Seat 1: Mahu2021 (button) folded before Flop (didn't bet)
Seat 2: GPP1978 (small blind) showed [Td 3c] and lost with a pair of Sixes
Seat 3: Samir7 (big blind) showed [Th Jd] and won (60) with a pair of Sixes



PokerStars Hand #244140590125: Tournament #3601396908, $0.92+$0.08 USD Hold'em No Limit - Level II (15/30) - 2023/06/07 15:50:33 CET [2023/06/07 9:50:33 ET]
Table '3601396908 1' 3-max Seat #2 is the button
Seat 1: Mahu2021 (395 in chips) 
Seat 2: GPP1978 (365 in chips) 
Seat 3: Samir7 (740 in chips) 
Samir7: posts small blind 15
Mahu2021: posts big blind 30
*** HOLE CARDS ***
Dealt to Mahu2021 [6d As]
GPP1978: folds 
Samir7: calls 15
Mahu2021: checks 
*** FLOP *** [5s Js 4c]
Samir7: checks 
Mahu2021: checks 
*** TURN *** [5s Js 4c] [4d]
Samir7: checks 
Mahu2021: checks 
*** RIVER *** [5s Js 4c 4d] [Ah]
Samir7: bets 180
Mahu2021: calls 180
*** SHOW DOWN ***
Samir7: shows [3c 2c] (a straight, Ace to Five)
Mahu2021: mucks hand 
Samir7 collected 420 from pot
*** SUMMARY ***
Total pot 420 | Rake 0 
Board [5s Js 4c 4d Ah]
Seat 1: Mahu2021 (big blind) mucked [6d As]
Seat 2: GPP1978 (button) folded before Flop (didn't bet)
Seat 3: Samir7 (small blind) showed [3c 2c] and won (420) with a straight, Ace to Five



PokerStars Hand #244140593755: Tournament #3601396908, $0.92+$0.08 USD Hold'em No Limit - Level II (15/30) - 2023/06/07 15:50:50 CET [2023/06/07 9:50:50 ET]
Table '3601396908 1' 3-max Seat #3 is the button
Seat 1: Mahu2021 (185 in chips) 
Seat 2: GPP1978 (365 in chips) 
Seat 3: Samir7 (950 in chips) 
Mahu2021: posts small blind 15
GPP1978: posts big blind 30
*** HOLE CARDS ***
Dealt to Mahu2021 [Jh Qc]
Samir7: calls 30
Mahu2021: raises 155 to 185 and is all-in
GPP1978: folds 
Samir7: folds 
Uncalled bet (155) returned to Mahu2021
Mahu2021 collected 90 from pot
Mahu2021: doesn't show hand 
*** SUMMARY ***
Total pot 90 | Rake 0 
Seat 1: Mahu2021 (small blind) collected (90)
Seat 2: GPP1978 (big blind) folded before Flop
Seat 3: Samir7 (button) folded before Flop



PokerStars Hand #244140595648: Tournament #3601396908, $0.92+$0.08 USD Hold'em No Limit - Level II (15/30) - 2023/06/07 15:51:00 CET [2023/06/07 9:51:00 ET]
Table '3601396908 1' 3-max Seat #1 is the button
Seat 1: Mahu2021 (245 in chips) 
Seat 2: GPP1978 (335 in chips) 
Seat 3: Samir7 (920 in chips) 
GPP1978: posts small blind 15
Samir7: posts big blind 30
*** HOLE CARDS ***
Dealt to Mahu2021 [2s 6s]
Mahu2021: folds 
GPP1978: calls 15
Samir7: checks 
*** FLOP *** [2d Tc 8c]
GPP1978: checks 
Samir7: bets 30
GPP1978: folds 
Uncalled bet (30) returned to Samir7
Samir7 collected 60 from pot
Samir7: doesn't show hand 
*** SUMMARY ***
Total pot 60 | Rake 0 
Board [2d Tc 8c]
Seat 1: Mahu2021 (button) folded before Flop (didn't bet)
Seat 2: GPP1978 (small blind) folded on the Flop
Seat 3: Samir7 (big blind) collected (60)



PokerStars Hand #244140599016: Tournament #3601396908, $0.92+$0.08 USD Hold'em No Limit - Level III (20/40) - 2023/06/07 15:51:16 CET [2023/06/07 9:51:16 ET]
Table '3601396908 1' 3-max Seat #2 is the button
Seat 1: Mahu2021 (245 in chips) 
Seat 2: GPP1978 (305 in chips) 
Seat 3: Samir7 (950 in chips) 
Samir7: posts small blind 20
Mahu2021: posts big blind 40
*** HOLE CARDS ***
Dealt to Mahu2021 [6d 4c]
GPP1978: raises 265 to 305 and is all-in
Samir7: folds 
Mahu2021: folds 
Uncalled bet (265) returned to GPP1978
GPP1978 collected 100 from pot
*** SUMMARY ***
Total pot 100 | Rake 0 
Seat 1: Mahu2021 (big blind) folded before Flop
Seat 2: GPP1978 (button) collected (100)
Seat 3: Samir7 (small blind) folded before Flop



PokerStars Hand #244140601031: Tournament #3601396908, $0.92+$0.08 USD Hold'em No Limit - Level III (20/40) - 2023/06/07 15:51:26 CET [2023/06/07 9:51:26 ET]
Table '3601396908 1' 3-max Seat #3 is the button
Seat 1: Mahu2021 (205 in chips) 
Seat 2: GPP1978 (365 in chips) 
Seat 3: Samir7 (930 in chips) 
Mahu2021: posts small blind 20
GPP1978: posts big blind 40
*** HOLE CARDS ***
Dealt to Mahu2021 [Kc Qs]
Samir7: calls 40
Mahu2021: raises 165 to 205 and is all-in
GPP1978: folds 
Samir7: calls 165
*** FLOP *** [4d Jd Jh]
*** TURN *** [4d Jd Jh] [8h]
*** RIVER *** [4d Jd Jh 8h] [3s]
*** SHOW DOWN ***
Mahu2021: shows [Kc Qs] (a pair of Jacks)
Samir7: shows [9s 9c] (two pair, Jacks and Nines)
Samir7 collected 450 from pot
Mahu2021 finished the tournament in 3rd place
*** SUMMARY ***
Total pot 450 | Rake 0 
Board [4d Jd Jh 8h 3s]
Seat 1: Mahu2021 (small blind) showed [Kc Qs] and lost with a pair of Jacks
Seat 2: GPP1978 (big blind) folded before Flop
Seat 3: Samir7 (button) showed [9s 9c] and won (450) with two pair, Jacks and Nines



