PokerStars Zoom Hand #254445150277:  Hold'em No Limit ($0.05/$0.10) - 2025/01/19 11:42:26 CET [2025/01/19 5:42:26 ET]
Table 'Aludra' 6-max Seat #1 is the button
Seat 1: alex1winer ($9.29 in chips) 
Seat 2: PiNe4ppLe ($13.57 in chips) 
Seat 3: Mahu2021 ($10 in chips) 
Seat 4: DirtyShot ($1.40 in chips) 
Seat 5: gogogo711 ($23.17 in chips) 
Seat 6: Jajje7 ($10.13 in chips) 
PiNe4ppLe: posts small blind $0.05
Mahu2021: posts big blind $0.10
*** HOLE CARDS ***
Dealt to Mahu2021 [5h 6c]
DirtyShot: raises $1.30 to $1.40 and is all-in
gogogo711: calls $1.40
Jajje7: folds 
alex1winer: folds 
PiNe4ppLe: folds 
Mahu2021: folds 
*** FIRST FLOP *** [3s 4c 9h]
*** FIRST TURN *** [3s 4c 9h] [4s]
*** FIRST RIVER *** [3s 4c 9h 4s] [3h]
*** SECOND FLOP *** [3d 9c Qd]
*** SECOND TURN *** [3d 9c Qd] [7c]
*** SECOND RIVER *** [3d 9c Qd 7c] [Kd]
*** FIRST SHOW DOWN ***
DirtyShot: shows [Ks Kh] (two pair, Kings and Fours)
gogogo711: shows [Ah Qc] (two pair, Fours and Threes)
DirtyShot collected $1.41 from pot
*** SECOND SHOW DOWN ***
DirtyShot: shows [Ks Kh] (three of a kind, Kings)
gogogo711: shows [Ah Qc] (a pair of Queens)
DirtyShot collected $1.41 from pot
*** SUMMARY ***
Total pot $2.95 | Rake $0.13 
Hand was run twice
FIRST Board [3s 4c 9h 4s 3h]
SECOND Board [3d 9c Qd 7c Kd]
Seat 1: alex1winer (button) folded before Flop (didn't bet)
Seat 2: PiNe4ppLe (small blind) folded before Flop
Seat 3: Mahu2021 (big blind) folded before Flop
Seat 4: DirtyShot showed [Ks Kh] and won ($1.41) with two pair, Kings and Fours, and won ($1.41) with three of a kind, Kings
Seat 5: gogogo711 showed [Ah Qc] and lost with two pair, Fours and Threes, and lost with a pair of Queens
Seat 6: Jajje7 folded before Flop (didn't bet)



PokerStars Zoom Hand #254445151341:  Hold'em No Limit ($0.05/$0.10) - 2025/01/19 11:42:34 CET [2025/01/19 5:42:34 ET]
Table 'Aludra' 6-max Seat #1 is the button
Seat 1: Mahu2021 ($9.90 in chips) 
Seat 2: PiNe4ppLe ($11.35 in chips) 
Seat 3: merlinSmile ($13.41 in chips) 
Seat 4: lost chans ($13.56 in chips) 
Seat 5: kiks220272 ($10.75 in chips) 
Seat 6: hawkwind221 ($4.85 in chips) 
PiNe4ppLe: posts small blind $0.05
merlinSmile: posts big blind $0.10
*** HOLE CARDS ***
Dealt to Mahu2021 [9c 8d]
lost chans: raises $0.10 to $0.20
kiks220272: folds 
hawkwind221: calls $0.20
Mahu2021: folds 
PiNe4ppLe: folds 
merlinSmile: folds 
*** FLOP *** [9d Kd 3s]
lost chans: checks 
hawkwind221: bets $0.27
lost chans: calls $0.27
*** TURN *** [9d Kd 3s] [5c]
lost chans: checks 
hawkwind221: bets $0.30
lost chans: calls $0.30
*** RIVER *** [9d Kd 3s 5c] [4c]
lost chans: checks 
hawkwind221: checks 
*** SHOW DOWN ***
lost chans: shows [Ks Kh] (three of a kind, Kings)
hawkwind221: mucks hand 
lost chans collected $1.61 from pot
*** SUMMARY ***
Total pot $1.69 | Rake $0.08 
Board [9d Kd 3s 5c 4c]
Seat 1: Mahu2021 (button) folded before Flop (didn't bet)
Seat 2: PiNe4ppLe (small blind) folded before Flop
Seat 3: merlinSmile (big blind) folded before Flop
Seat 4: lost chans showed [Ks Kh] and won ($1.61) with three of a kind, Kings
Seat 5: kiks220272 folded before Flop (didn't bet)
Seat 6: hawkwind221 mucked [Ad 6d]



PokerStars Zoom Hand #254445151825:  Hold'em No Limit ($0.05/$0.10) - 2025/01/19 11:42:38 CET [2025/01/19 5:42:38 ET]
Table 'Aludra' 6-max Seat #1 is the button
Seat 1: yanailove ($10.63 in chips) 
Seat 2: Mahu2021 ($9.90 in chips) 
Seat 3: DirtyJed ($10.15 in chips) 
Seat 4: Carlos Ne258 ($1.77 in chips) 
Seat 5: johnyboyjnr ($17.98 in chips) 
Seat 6: allrauneR ($4.21 in chips) 
Mahu2021: posts small blind $0.05
DirtyJed: posts big blind $0.10
*** HOLE CARDS ***
Dealt to Mahu2021 [5h 7h]
Carlos Ne258: folds 
johnyboyjnr: folds 
allrauneR: calls $0.10
yanailove: raises $0.20 to $0.30
Mahu2021: folds 
DirtyJed: folds 
allrauneR: calls $0.20
*** FLOP *** [9s 6c Kc]
allrauneR: checks 
yanailove: checks 
*** TURN *** [9s 6c Kc] [Jh]
allrauneR: bets $1.80
yanailove: folds 
Uncalled bet ($1.80) returned to allrauneR
allrauneR collected $0.71 from pot
allrauneR: doesn't show hand 
*** SUMMARY ***
Total pot $0.75 | Rake $0.04 
Board [9s 6c Kc Jh]
Seat 1: yanailove (button) folded on the Turn
Seat 2: Mahu2021 (small blind) folded before Flop
Seat 3: DirtyJed (big blind) folded before Flop
Seat 4: Carlos Ne258 folded before Flop (didn't bet)
Seat 5: johnyboyjnr folded before Flop (didn't bet)
Seat 6: allrauneR collected ($0.71)



PokerStars Zoom Hand #254445153617:  Hold'em No Limit ($0.05/$0.10) - 2025/01/19 11:42:52 CET [2025/01/19 5:42:52 ET]
Table 'Aludra' 6-max Seat #1 is the button
Seat 1: yanailove ($25.89 in chips) 
Seat 2: diesel bxl ($7.28 in chips) 
Seat 3: T0QOCR ($10 in chips) 
Seat 4: Carlos Ne258 ($1.77 in chips) 
Seat 5: pokerfaceIRL ($33.20 in chips) 
Seat 6: Mahu2021 ($9.85 in chips) 
diesel bxl: posts small blind $0.05
T0QOCR: posts big blind $0.10
*** HOLE CARDS ***
Dealt to Mahu2021 [2h 5c]
Carlos Ne258: folds 
pokerfaceIRL: folds 
Mahu2021: folds 
yanailove: folds 
diesel bxl: raises $0.10 to $0.20
T0QOCR: calls $0.10
*** FLOP *** [6s 2s 4d]
diesel bxl: bets $0.30
T0QOCR: folds 
Uncalled bet ($0.30) returned to diesel bxl
diesel bxl collected $0.38 from pot
diesel bxl: doesn't show hand 
*** SUMMARY ***
Total pot $0.40 | Rake $0.02 
Board [6s 2s 4d]
Seat 1: yanailove (button) folded before Flop (didn't bet)
Seat 2: diesel bxl (small blind) collected ($0.38)
Seat 3: T0QOCR (big blind) folded on the Flop
Seat 4: Carlos Ne258 folded before Flop (didn't bet)
Seat 5: pokerfaceIRL folded before Flop (didn't bet)
Seat 6: Mahu2021 folded before Flop (didn't bet)



PokerStars Zoom Hand #254445154149:  Hold'em No Limit ($0.05/$0.10) - 2025/01/19 11:42:56 CET [2025/01/19 5:42:56 ET]
Table 'Aludra' 6-max Seat #1 is the button
Seat 1: gogogo711 ($13.19 in chips) 
Seat 2: ruffhund1 ($10.20 in chips) 
Seat 3: pokerfaceIRL ($33.20 in chips) 
Seat 4: johnyboyjnr ($18.08 in chips) 
Seat 5: Mahu2021 ($9.85 in chips) 
Seat 6: hugh_sx ($7.04 in chips) 
ruffhund1: posts small blind $0.05
pokerfaceIRL: posts big blind $0.10
*** HOLE CARDS ***
Dealt to Mahu2021 [5h 9s]
johnyboyjnr: folds 
Mahu2021: folds 
hugh_sx: raises $0.10 to $0.20
gogogo711: folds 
ruffhund1: folds 
pokerfaceIRL: calls $0.10
*** FLOP *** [6c Qs 7c]
pokerfaceIRL: checks 
hugh_sx: bets $0.20
pokerfaceIRL: raises $0.83 to $1.03
hugh_sx: calls $0.83
*** TURN *** [6c Qs 7c] [8d]
pokerfaceIRL: bets $2.40
hugh_sx: folds 
Uncalled bet ($2.40) returned to pokerfaceIRL
pokerfaceIRL collected $2.40 from pot
pokerfaceIRL: doesn't show hand 
*** SUMMARY ***
Total pot $2.51 | Rake $0.11 
Board [6c Qs 7c 8d]
Seat 1: gogogo711 (button) folded before Flop (didn't bet)
Seat 2: ruffhund1 (small blind) folded before Flop
Seat 3: pokerfaceIRL (big blind) collected ($2.40)
Seat 4: johnyboyjnr folded before Flop (didn't bet)
Seat 5: Mahu2021 folded before Flop (didn't bet)
Seat 6: hugh_sx folded on the Turn



PokerStars Zoom Hand #254445154795:  Hold'em No Limit ($0.05/$0.10) - 2025/01/19 11:43:01 CET [2025/01/19 5:43:01 ET]
Table 'Aludra' 6-max Seat #1 is the button
Seat 1: PiNe4ppLe ($15.09 in chips) 
Seat 2: alex1winer ($10.05 in chips) 
Seat 3: johnyboyjnr ($18.08 in chips) 
Seat 4: Nighty1988 ($12.33 in chips) 
Seat 5: Mahu2021 ($9.85 in chips) 
Seat 6: gogogo711 ($13.19 in chips) 
alex1winer: posts small blind $0.05
johnyboyjnr: posts big blind $0.10
*** HOLE CARDS ***
Dealt to Mahu2021 [Ac 8d]
Nighty1988: folds 
Mahu2021: folds 
gogogo711: raises $0.15 to $0.25
PiNe4ppLe: raises $0.50 to $0.75
alex1winer: folds 
johnyboyjnr: folds 
gogogo711: folds 
Uncalled bet ($0.50) returned to PiNe4ppLe
PiNe4ppLe collected $0.65 from pot
PiNe4ppLe: doesn't show hand 
*** SUMMARY ***
Total pot $0.65 | Rake $0 
Seat 1: PiNe4ppLe (button) collected ($0.65)
Seat 2: alex1winer (small blind) folded before Flop
Seat 3: johnyboyjnr (big blind) folded before Flop
Seat 4: Nighty1988 folded before Flop (didn't bet)
Seat 5: Mahu2021 folded before Flop (didn't bet)
Seat 6: gogogo711 folded before Flop



PokerStars Zoom Hand #254445155199:  Hold'em No Limit ($0.05/$0.10) - 2025/01/19 11:43:04 CET [2025/01/19 5:43:04 ET]
Table 'Aludra' 6-max Seat #1 is the button
Seat 1: DirtyShot ($2.82 in chips) 
Seat 2: Mahu2021 ($9.85 in chips) 
Seat 3: Nighty1988 ($12.33 in chips) 
Seat 4: alex1winer ($10 in chips) 
Seat 5: hawkwind221 ($4.08 in chips) 
Seat 6: DirtyJed ($10.15 in chips) 
Mahu2021: posts small blind $0.05
Nighty1988: posts big blind $0.10
*** HOLE CARDS ***
Dealt to Mahu2021 [Qc Kh]
alex1winer: raises $0.25 to $0.35
hawkwind221: calls $0.35
DirtyJed: folds 
DirtyShot: folds 
Mahu2021: calls $0.30
Nighty1988: folds 
*** FLOP *** [4c As Th]
Mahu2021: checks 
alex1winer: bets $0.55
hawkwind221: calls $0.55
Mahu2021: folds 
*** TURN *** [4c As Th] [8c]
alex1winer: checks 
hawkwind221: bets $0.90
alex1winer: calls $0.90
*** RIVER *** [4c As Th 8c] [2c]
alex1winer: checks 
hawkwind221: checks 
*** SHOW DOWN ***
alex1winer: shows [3c Ac] (a flush, Ace high)
hawkwind221: mucks hand 
alex1winer collected $3.87 from pot
*** SUMMARY ***
Total pot $4.05 | Rake $0.18 
Board [4c As Th 8c 2c]
Seat 1: DirtyShot (button) folded before Flop (didn't bet)
Seat 2: Mahu2021 (small blind) folded on the Flop
Seat 3: Nighty1988 (big blind) folded before Flop
Seat 4: alex1winer showed [3c Ac] and won ($3.87) with a flush, Ace high
Seat 5: hawkwind221 mucked [Ah Jc]
Seat 6: DirtyJed folded before Flop (didn't bet)



PokerStars Zoom Hand #254445157482:  Hold'em No Limit ($0.05/$0.10) - 2025/01/19 11:43:22 CET [2025/01/19 5:43:22 ET]
Table 'Aludra' 6-max Seat #1 is the button
Seat 1: Nighty1988 ($12.18 in chips) 
Seat 2: DirtyJed ($10.15 in chips) 
Seat 3: Mahu2021 ($9.50 in chips) 
Seat 4: kiks220272 ($10.75 in chips) 
Seat 5: hugh_sx ($5.81 in chips) 
Seat 6: 77irek ($10 in chips) 
DirtyJed: posts small blind $0.05
Mahu2021: posts big blind $0.10
*** HOLE CARDS ***
Dealt to Mahu2021 [8s 2d]
kiks220272: folds 
hugh_sx: calls $0.10
77irek: folds 
Nighty1988: folds 
DirtyJed: folds 
Mahu2021: checks 
*** FLOP *** [7s Th Ac]
Mahu2021: checks 
hugh_sx: checks 
*** TURN *** [7s Th Ac] [Js]
Mahu2021: checks 
hugh_sx: checks 
*** RIVER *** [7s Th Ac Js] [4c]
Mahu2021: checks 
hugh_sx: checks 
*** SHOW DOWN ***
Mahu2021: shows [8s 2d] (high card Ace)
hugh_sx: shows [8c Qs] (high card Ace - Queen kicker)
hugh_sx collected $0.24 from pot
*** SUMMARY ***
Total pot $0.25 | Rake $0.01 
Board [7s Th Ac Js 4c]
Seat 1: Nighty1988 (button) folded before Flop (didn't bet)
Seat 2: DirtyJed (small blind) folded before Flop
Seat 3: Mahu2021 (big blind) showed [8s 2d] and lost with high card Ace
Seat 4: kiks220272 folded before Flop (didn't bet)
Seat 5: hugh_sx showed [8c Qs] and won ($0.24) with high card Ace
Seat 6: 77irek folded before Flop (didn't bet)



PokerStars Zoom Hand #254445159683:  Hold'em No Limit ($0.05/$0.10) - 2025/01/19 11:43:40 CET [2025/01/19 5:43:40 ET]
Table 'Aludra' 6-max Seat #1 is the button
Seat 1: Mahu2021 ($9.40 in chips) 
Seat 2: Jajje7 ($26.79 in chips) 
Seat 3: Gapcia777 ($7.35 in chips) 
Seat 4: DecentPlayer777 ($9.96 in chips) 
Seat 5: PiNe4ppLe ($10 in chips) 
Seat 6: hugh_sx ($5.95 in chips) 
Jajje7: posts small blind $0.05
Gapcia777: posts big blind $0.10
*** HOLE CARDS ***
Dealt to Mahu2021 [Kc Qs]
DecentPlayer777: raises $0.10 to $0.20
PiNe4ppLe: folds 
hugh_sx: folds 
Mahu2021: calls $0.20
Jajje7: folds 
Gapcia777: calls $0.10
*** FLOP *** [Ah Kd As]
Gapcia777: checks 
DecentPlayer777: checks 
Mahu2021: bets $0.20
Gapcia777: folds 
DecentPlayer777: folds 
Uncalled bet ($0.20) returned to Mahu2021
Mahu2021 collected $0.62 from pot
Mahu2021: doesn't show hand 
*** SUMMARY ***
Total pot $0.65 | Rake $0.03 
Board [Ah Kd As]
Seat 1: Mahu2021 (button) collected ($0.62)
Seat 2: Jajje7 (small blind) folded before Flop
Seat 3: Gapcia777 (big blind) folded on the Flop
Seat 4: DecentPlayer777 folded on the Flop
Seat 5: PiNe4ppLe folded before Flop (didn't bet)
Seat 6: hugh_sx folded before Flop (didn't bet)



PokerStars Zoom Hand #254445164767:  Hold'em No Limit ($0.05/$0.10) - 2025/01/19 11:44:18 CET [2025/01/19 5:44:18 ET]
Table 'Aludra' 6-max Seat #1 is the button
Seat 1: johnyboyjnr ($17.83 in chips) 
Seat 2: 77irek ($9.60 in chips) 
Seat 3: Jajje7 ($13.77 in chips) 
Seat 4: hugh_sx ($5.90 in chips) 
Seat 5: yanailove ($10 in chips) 
Seat 6: Mahu2021 ($9.82 in chips) 
77irek: posts small blind $0.05
Jajje7: posts big blind $0.10
*** HOLE CARDS ***
Dealt to Mahu2021 [Kd Jh]
hugh_sx: raises $0.10 to $0.20
yanailove: folds 
Mahu2021: calls $0.20
johnyboyjnr: folds 
77irek: folds 
Jajje7: folds 
*** FLOP *** [Qs 5h 6s]
hugh_sx: checks 
Mahu2021: checks 
*** TURN *** [Qs 5h 6s] [Kh]
hugh_sx: checks 
Mahu2021: bets $0.53
hugh_sx: calls $0.53
*** RIVER *** [Qs 5h 6s Kh] [4s]
hugh_sx: checks 
Mahu2021: checks 
*** SHOW DOWN ***
hugh_sx: shows [Ac Jd] (high card Ace)
Mahu2021: shows [Kd Jh] (a pair of Kings)
Mahu2021 collected $1.54 from pot
*** SUMMARY ***
Total pot $1.61 | Rake $0.07 
Board [Qs 5h 6s Kh 4s]
Seat 1: johnyboyjnr (button) folded before Flop (didn't bet)
Seat 2: 77irek (small blind) folded before Flop
Seat 3: Jajje7 (big blind) folded before Flop
Seat 4: hugh_sx showed [Ac Jd] and lost with high card Ace
Seat 5: yanailove folded before Flop (didn't bet)
Seat 6: Mahu2021 showed [Kd Jh] and won ($1.54) with a pair of Kings



PokerStars Zoom Hand #254445169556:  Hold'em No Limit ($0.05/$0.10) - 2025/01/19 11:44:56 CET [2025/01/19 5:44:56 ET]
Table 'Aludra' 6-max Seat #1 is the button
Seat 1: Fabidro383 ($13.07 in chips) 
Seat 2: papargy ($13.27 in chips) 
Seat 3: 77irek ($10.11 in chips) 
Seat 4: hugh_sx ($5.17 in chips) 
Seat 5: Mahu2021 ($10.63 in chips) 
Seat 6: Jajje7 ($10 in chips) 
papargy: posts small blind $0.05
77irek: posts big blind $0.10
*** HOLE CARDS ***
Dealt to Mahu2021 [9c Tc]
hugh_sx: folds 
Mahu2021: raises $0.14 to $0.24
Jajje7: folds 
Fabidro383: calls $0.24
papargy: folds 
77irek: calls $0.14
*** FLOP *** [8d 8h 3c]
77irek: checks 
Mahu2021: checks 
Fabidro383: checks 
*** TURN *** [8d 8h 3c] [Th]
77irek: checks 
Mahu2021: bets $0.20
Fabidro383: folds 
77irek: folds 
Uncalled bet ($0.20) returned to Mahu2021
Mahu2021 collected $0.74 from pot
Mahu2021: doesn't show hand 
*** SUMMARY ***
Total pot $0.77 | Rake $0.03 
Board [8d 8h 3c Th]
Seat 1: Fabidro383 (button) folded on the Turn
Seat 2: papargy (small blind) folded before Flop
Seat 3: 77irek (big blind) folded on the Turn
Seat 4: hugh_sx folded before Flop (didn't bet)
Seat 5: Mahu2021 collected ($0.74)
Seat 6: Jajje7 folded before Flop (didn't bet)



PokerStars Zoom Hand #254445168825:  Hold'em No Limit ($0.05/$0.10) - 2025/01/19 11:44:51 CET [2025/01/19 5:44:51 ET]
Table 'Aludra' 6-max Seat #1 is the button
Seat 1: looser00091 ($12.52 in chips) 
Seat 2: MMKing19880903 ($8.30 in chips) 
Seat 3: DirtyJed ($10 in chips) 
Seat 4: Mahu2021 ($10.63 in chips) 
Seat 5: Gapcia777 ($7.29 in chips) 
Seat 6: Jajje7 ($13.62 in chips) 
MMKing19880903: posts small blind $0.05
DirtyJed: posts big blind $0.10
*** HOLE CARDS ***
Dealt to Mahu2021 [2d Kc]
Mahu2021: folds 
Gapcia777: calls $0.10
Jajje7: folds 
looser00091: folds 
MMKing19880903: calls $0.05
DirtyJed: raises $0.30 to $0.40
Gapcia777: calls $0.30
MMKing19880903: calls $0.30
*** FLOP *** [9h 2c 2h]
MMKing19880903: checks 
DirtyJed: bets $0.38
Gapcia777: calls $0.38
MMKing19880903: calls $0.38
*** TURN *** [9h 2c 2h] [7d]
MMKing19880903: checks 
DirtyJed: checks 
Gapcia777: checks 
*** RIVER *** [9h 2c 2h 7d] [Jc]
MMKing19880903: bets $0.10
DirtyJed: raises $1.30 to $1.40
Gapcia777: calls $1.40
MMKing19880903: folds 
*** SHOW DOWN ***
DirtyJed: shows [As Jd] (two pair, Jacks and Deuces)
Gapcia777: mucks hand 
DirtyJed collected $5 from pot
*** SUMMARY ***
Total pot $5.24 | Rake $0.24 
Board [9h 2c 2h 7d Jc]
Seat 1: looser00091 (button) folded before Flop (didn't bet)
Seat 2: MMKing19880903 (small blind) folded on the River
Seat 3: DirtyJed (big blind) showed [As Jd] and won ($5) with two pair, Jacks and Deuces
Seat 4: Mahu2021 folded before Flop (didn't bet)
Seat 5: Gapcia777 mucked [4h 5h]
Seat 6: Jajje7 folded before Flop (didn't bet)



PokerStars Zoom Hand #254445172823:  Hold'em No Limit ($0.05/$0.10) - 2025/01/19 11:45:21 CET [2025/01/19 5:45:21 ET]
Table 'Aludra' 6-max Seat #1 is the button
Seat 1: DJ JORDAN G. ($9.85 in chips) 
Seat 2: Mahu2021 ($11.13 in chips) 
Seat 3: bombayXIII ($6.54 in chips) 
Seat 4: DirtyShot ($4.95 in chips) 
Seat 5: 77irek ($10.61 in chips) 
Seat 6: banamichi809 ($12.51 in chips) 
Mahu2021: posts small blind $0.05
bombayXIII: posts big blind $0.10
*** HOLE CARDS ***
Dealt to Mahu2021 [5s 4d]
DirtyShot: folds 
77irek: folds 
banamichi809: raises $0.15 to $0.25
DJ JORDAN G.: folds 
Mahu2021: folds 
bombayXIII: calls $0.15
*** FLOP *** [6c 4h Ts]
bombayXIII: checks 
banamichi809: checks 
*** TURN *** [6c 4h Ts] [6d]
bombayXIII: checks 
banamichi809: checks 
*** RIVER *** [6c 4h Ts 6d] [2s]
bombayXIII: checks 
banamichi809: checks 
*** SHOW DOWN ***
bombayXIII: shows [Ah 8d] (a pair of Sixes)
banamichi809: mucks hand 
bombayXIII collected $0.53 from pot
*** SUMMARY ***
Total pot $0.55 | Rake $0.02 
Board [6c 4h Ts 6d 2s]
Seat 1: DJ JORDAN G. (button) folded before Flop (didn't bet)
Seat 2: Mahu2021 (small blind) folded before Flop
Seat 3: bombayXIII (big blind) showed [Ah 8d] and won ($0.53) with a pair of Sixes
Seat 4: DirtyShot folded before Flop (didn't bet)
Seat 5: 77irek folded before Flop (didn't bet)
Seat 6: banamichi809 mucked [Kd Jh]



PokerStars Zoom Hand #254445173363:  Hold'em No Limit ($0.05/$0.10) - 2025/01/19 11:45:26 CET [2025/01/19 5:45:26 ET]
Table 'Aludra' 6-max Seat #1 is the button
Seat 1: Mahu2021 ($11.08 in chips) 
Seat 2: DirtyShot ($4.95 in chips) 
Seat 3: johnyboyjnr ($17.38 in chips) 
Seat 4: hawkwind221 ($1.91 in chips) 
Seat 5: shortstackpro ($5.35 in chips) 
Seat 6: DJ JORDAN G. ($9.85 in chips) 
DirtyShot: posts small blind $0.05
johnyboyjnr: posts big blind $0.10
*** HOLE CARDS ***
Dealt to Mahu2021 [Kh Qc]
hawkwind221: raises $0.10 to $0.20
shortstackpro: folds 
DJ JORDAN G.: folds 
Mahu2021: calls $0.20
DirtyShot: raises $0.20 to $0.40
johnyboyjnr: calls $0.30
hawkwind221: calls $0.20
Mahu2021: calls $0.20
*** FLOP *** [7s 8s 6h]
DirtyShot: checks 
johnyboyjnr: checks 
hawkwind221: bets $1.51 and is all-in
Mahu2021: folds 
DirtyShot: folds 
johnyboyjnr: calls $1.51
*** TURN *** [7s 8s 6h] [3c]
*** RIVER *** [7s 8s 6h 3c] [Qh]
*** SHOW DOWN ***
johnyboyjnr: shows [7d Ah] (a pair of Sevens)
hawkwind221: shows [8h 7h] (two pair, Eights and Sevens)
hawkwind221 collected $4.41 from pot
*** SUMMARY ***
Total pot $4.62 | Rake $0.21 
Board [7s 8s 6h 3c Qh]
Seat 1: Mahu2021 (button) folded on the Flop
Seat 2: DirtyShot (small blind) folded on the Flop
Seat 3: johnyboyjnr (big blind) showed [7d Ah] and lost with a pair of Sevens
Seat 4: hawkwind221 showed [8h 7h] and won ($4.41) with two pair, Eights and Sevens
Seat 5: shortstackpro folded before Flop (didn't bet)
Seat 6: DJ JORDAN G. folded before Flop (didn't bet)



PokerStars Zoom Hand #254445178260:  Hold'em No Limit ($0.05/$0.10) - 2025/01/19 11:46:04 CET [2025/01/19 5:46:04 ET]
Table 'Aludra' 6-max Seat #1 is the button
Seat 1: PiNe4ppLe ($12.29 in chips) 
Seat 2: Jajje7 ($14.92 in chips) 
Seat 3: MMKing19880903 ($7.42 in chips) 
Seat 4: merlinSmile ($16.13 in chips) 
Seat 5: Mahu2021 ($10.58 in chips) 
Seat 6: godgift1980 ($16.94 in chips) 
Jajje7: posts small blind $0.05
MMKing19880903: posts big blind $0.10
*** HOLE CARDS ***
Dealt to Mahu2021 [6c 4h]
merlinSmile: folds 
Mahu2021: folds 
godgift1980: folds 
PiNe4ppLe: folds 
Jajje7: folds 
Uncalled bet ($0.05) returned to MMKing19880903
MMKing19880903 collected $0.10 from pot
MMKing19880903: doesn't show hand 
*** SUMMARY ***
Total pot $0.10 | Rake $0 
Seat 1: PiNe4ppLe (button) folded before Flop (didn't bet)
Seat 2: Jajje7 (small blind) folded before Flop
Seat 3: MMKing19880903 (big blind) collected ($0.10)
Seat 4: merlinSmile folded before Flop (didn't bet)
Seat 5: Mahu2021 folded before Flop (didn't bet)
Seat 6: godgift1980 folded before Flop (didn't bet)



PokerStars Zoom Hand #254445178972:  Hold'em No Limit ($0.05/$0.10) - 2025/01/19 11:46:10 CET [2025/01/19 5:46:10 ET]
Table 'Aludra' 6-max Seat #1 is the button
Seat 1: Mahu2021 ($10.58 in chips) 
Seat 2: gogogo711 ($11.98 in chips) 
Seat 3: smifferific ($10.68 in chips) 
Seat 4: merlinSmile ($16.13 in chips) 
Seat 5: godgift1980 ($16.94 in chips) 
Seat 6: D.shadoww ($10 in chips) 
gogogo711: posts small blind $0.05
smifferific: posts big blind $0.10
*** HOLE CARDS ***
Dealt to Mahu2021 [4h Qh]
merlinSmile: folds 
godgift1980: folds 
D.shadoww: raises $0.10 to $0.20
Mahu2021: calls $0.20
gogogo711: raises $0.80 to $1
smifferific: folds 
D.shadoww: folds 
Mahu2021: folds 
Uncalled bet ($0.80) returned to gogogo711
gogogo711 collected $0.70 from pot
gogogo711: doesn't show hand 
*** SUMMARY ***
Total pot $0.70 | Rake $0 
Seat 1: Mahu2021 (button) folded before Flop
Seat 2: gogogo711 (small blind) collected ($0.70)
Seat 3: smifferific (big blind) folded before Flop
Seat 4: merlinSmile folded before Flop (didn't bet)
Seat 5: godgift1980 folded before Flop (didn't bet)
Seat 6: D.shadoww folded before Flop



PokerStars Zoom Hand #254445177713:  Hold'em No Limit ($0.05/$0.10) - 2025/01/19 11:46:00 CET [2025/01/19 5:46:00 ET]
Table 'Aludra' 6-max Seat #1 is the button
Seat 1: D.shadoww ($10 in chips) 
Seat 2: Pinkmnn ($23.63 in chips) 
Seat 3: standc ($9.75 in chips) 
Seat 4: DirtyJed ($12.82 in chips) 
Seat 5: 77irek ($9.25 in chips) 
Seat 6: Mahu2021 ($10.58 in chips) 
Pinkmnn: posts small blind $0.05
standc: posts big blind $0.10
*** HOLE CARDS ***
Dealt to Mahu2021 [Jh 4c]
DirtyJed: raises $0.15 to $0.25
77irek: folds 
Mahu2021: folds 
D.shadoww: raises $0.45 to $0.70
Pinkmnn: folds 
standc: folds 
DirtyJed: calls $0.45
*** FLOP *** [Tc Ks Qs]
DirtyJed: checks 
D.shadoww: checks 
*** TURN *** [Tc Ks Qs] [Kc]
DirtyJed: checks 
D.shadoww: bets $0.50
DirtyJed: calls $0.50
*** RIVER *** [Tc Ks Qs Kc] [Ts]
DirtyJed: bets $3.20
D.shadoww: folds 
Uncalled bet ($3.20) returned to DirtyJed
DirtyJed collected $2.44 from pot
DirtyJed: doesn't show hand 
*** SUMMARY ***
Total pot $2.55 | Rake $0.11 
Board [Tc Ks Qs Kc Ts]
Seat 1: D.shadoww (button) folded on the River
Seat 2: Pinkmnn (small blind) folded before Flop
Seat 3: standc (big blind) folded before Flop
Seat 4: DirtyJed collected ($2.44)
Seat 5: 77irek folded before Flop (didn't bet)
Seat 6: Mahu2021 folded before Flop (didn't bet)



PokerStars Zoom Hand #254445176961:  Hold'em No Limit ($0.05/$0.10) - 2025/01/19 11:45:54 CET [2025/01/19 5:45:54 ET]
Table 'Aludra' 6-max Seat #1 is the button
Seat 1: Pinkmnn ($23.63 in chips) 
Seat 2: pokerfaceIRL ($33.17 in chips) 
Seat 3: Mahu2021 ($10.68 in chips) 
Seat 4: IEVAL ($11.48 in chips) 
Seat 5: papargy ($10.25 in chips) 
Seat 6: kiks220272 ($12.06 in chips) 
pokerfaceIRL: posts small blind $0.05
Mahu2021: posts big blind $0.10
*** HOLE CARDS ***
Dealt to Mahu2021 [2s 3h]
IEVAL: folds 
papargy: raises $0.11 to $0.21
kiks220272: raises $0.57 to $0.78
Pinkmnn: folds 
pokerfaceIRL: folds 
Mahu2021: folds 
papargy: raises $1.22 to $2
kiks220272: calls $1.22
*** FLOP *** [6d Qh 4s]
papargy: bets $1.31
kiks220272: calls $1.31
*** TURN *** [6d Qh 4s] [Ad]
papargy: bets $3.11
kiks220272: folds 
Uncalled bet ($3.11) returned to papargy
papargy collected $6.47 from pot
papargy: doesn't show hand 
*** SUMMARY ***
Total pot $6.77 | Rake $0.30 
Board [6d Qh 4s Ad]
Seat 1: Pinkmnn (button) folded before Flop (didn't bet)
Seat 2: pokerfaceIRL (small blind) folded before Flop
Seat 3: Mahu2021 (big blind) folded before Flop
Seat 4: IEVAL folded before Flop (didn't bet)
Seat 5: papargy collected ($6.47)
Seat 6: kiks220272 folded on the Turn



PokerStars Zoom Hand #254445182181:  Hold'em No Limit ($0.05/$0.10) - 2025/01/19 11:46:35 CET [2025/01/19 5:46:35 ET]
Table 'Aludra' 6-max Seat #1 is the button
Seat 1: smifferific ($10.58 in chips) 
Seat 2: Mahu2021 ($10.38 in chips) 
Seat 3: HaRdd___TRy ($9.51 in chips) 
Seat 4: Thomasfl62 ($10.08 in chips) 
Seat 5: IEVAL ($10.93 in chips) 
Seat 6: PiNe4ppLe ($10.08 in chips) 
Mahu2021: posts small blind $0.05
HaRdd___TRy: posts big blind $0.10
*** HOLE CARDS ***
Dealt to Mahu2021 [Ac 2s]
Thomasfl62: raises $0.10 to $0.20
IEVAL: folds 
PiNe4ppLe: folds 
smifferific: folds 
Mahu2021: calls $0.15
HaRdd___TRy: calls $0.10
*** FLOP *** [Tc 4d 5h]
Mahu2021: checks 
HaRdd___TRy: checks 
Thomasfl62: checks 
*** TURN *** [Tc 4d 5h] [4h]
Mahu2021: checks 
HaRdd___TRy: bets $0.27
Thomasfl62: raises $0.27 to $0.54
Mahu2021: folds 
HaRdd___TRy: calls $0.27
*** RIVER *** [Tc 4d 5h 4h] [7c]
HaRdd___TRy: checks 
Thomasfl62: bets $1.60
HaRdd___TRy: folds 
Uncalled bet ($1.60) returned to Thomasfl62
Thomasfl62 collected $1.60 from pot
Thomasfl62: doesn't show hand 
*** SUMMARY ***
Total pot $1.68 | Rake $0.08 
Board [Tc 4d 5h 4h 7c]
Seat 1: smifferific (button) folded before Flop (didn't bet)
Seat 2: Mahu2021 (small blind) folded on the Turn
Seat 3: HaRdd___TRy (big blind) folded on the River
Seat 4: Thomasfl62 collected ($1.60)
Seat 5: IEVAL folded before Flop (didn't bet)
Seat 6: PiNe4ppLe folded before Flop (didn't bet)



PokerStars Zoom Hand #254445186217:  Hold'em No Limit ($0.05/$0.10) - 2025/01/19 11:47:06 CET [2025/01/19 5:47:06 ET]
Table 'Aludra' 6-max Seat #1 is the button
Seat 1: DJ JORDAN G. ($10.29 in chips) 
Seat 2: papargy ($13.41 in chips) 
Seat 3: standc ($9.98 in chips) 
Seat 4: kiks220272 ($10 in chips) 
Seat 5: ruffhund1 ($10 in chips) 
Seat 6: Mahu2021 ($10.08 in chips) 
papargy: posts small blind $0.05
standc: posts big blind $0.10
*** HOLE CARDS ***
Dealt to Mahu2021 [7c 2d]
kiks220272: folds 
ruffhund1: folds 
Mahu2021: folds 
DJ JORDAN G.: folds 
papargy: folds 
Uncalled bet ($0.05) returned to standc
standc collected $0.10 from pot
standc: doesn't show hand 
*** SUMMARY ***
Total pot $0.10 | Rake $0 
Seat 1: DJ JORDAN G. (button) folded before Flop (didn't bet)
Seat 2: papargy (small blind) folded before Flop
Seat 3: standc (big blind) collected ($0.10)
Seat 4: kiks220272 folded before Flop (didn't bet)
Seat 5: ruffhund1 folded before Flop (didn't bet)
Seat 6: Mahu2021 folded before Flop (didn't bet)



PokerStars Zoom Hand #254445185532:  Hold'em No Limit ($0.05/$0.10) - 2025/01/19 11:47:01 CET [2025/01/19 5:47:01 ET]
Table 'Aludra' 6-max Seat #1 is the button
Seat 1: R4FuN.II ($10 in chips) 
Seat 2: Jajje7 ($10.77 in chips) 
Seat 3: Mahu2021 ($10.18 in chips) 
Seat 4: yanailove ($25.09 in chips) 
Seat 5: 77irek ($10.46 in chips) 
Seat 6: sakaryo2140 ($18.90 in chips) 
Jajje7: posts small blind $0.05
Mahu2021: posts big blind $0.10
*** HOLE CARDS ***
Dealt to Mahu2021 [7h 9s]
yanailove: folds 
77irek: folds 
sakaryo2140: raises $0.14 to $0.24
R4FuN.II: raises $0.51 to $0.75
Jajje7: folds 
Mahu2021: folds 
sakaryo2140: calls $0.51
*** FLOP *** [Tc Qc 8s]
sakaryo2140: checks 
R4FuN.II: bets $0.79
sakaryo2140: calls $0.79
*** TURN *** [Tc Qc 8s] [9h]
sakaryo2140: bets $1.70
R4FuN.II: folds 
Uncalled bet ($1.70) returned to sakaryo2140
sakaryo2140 collected $3.08 from pot
sakaryo2140: doesn't show hand 
*** SUMMARY ***
Total pot $3.23 | Rake $0.15 
Board [Tc Qc 8s 9h]
Seat 1: R4FuN.II (button) folded on the Turn
Seat 2: Jajje7 (small blind) folded before Flop
Seat 3: Mahu2021 (big blind) folded before Flop
Seat 4: yanailove folded before Flop (didn't bet)
Seat 5: 77irek folded before Flop (didn't bet)
Seat 6: sakaryo2140 collected ($3.08)



PokerStars Zoom Hand #254445187080:  Hold'em No Limit ($0.05/$0.10) - 2025/01/19 11:47:13 CET [2025/01/19 5:47:13 ET]
Table 'Aludra' 6-max Seat #1 is the button
Seat 1: isieisli ($10.32 in chips) 
Seat 2: HaRdd___TRy ($8.77 in chips) 
Seat 3: ruffhund1 ($10 in chips) 
Seat 4: Mahu2021 ($10.08 in chips) 
Seat 5: papargy ($14.01 in chips) 
Seat 6: merlinSmile ($12.96 in chips) 
HaRdd___TRy: posts small blind $0.05
ruffhund1: posts big blind $0.10
*** HOLE CARDS ***
Dealt to Mahu2021 [Ks Kd]
Mahu2021: raises $0.20 to $0.30
papargy: folds 
merlinSmile: folds 
isieisli: calls $0.30
HaRdd___TRy: folds 
ruffhund1: folds 
*** FLOP *** [2h 4d Jh]
Mahu2021: bets $0.72
isieisli: calls $0.72
*** TURN *** [2h 4d Jh] [2s]
Mahu2021: checks 
isieisli: checks 
*** RIVER *** [2h 4d Jh 2s] [3h]
Mahu2021: bets $2.09
isieisli: folds 
Uncalled bet ($2.09) returned to Mahu2021
Mahu2021 collected $2.09 from pot
Mahu2021: doesn't show hand 
*** SUMMARY ***
Total pot $2.19 | Rake $0.10 
Board [2h 4d Jh 2s 3h]
Seat 1: isieisli (button) folded on the River
Seat 2: HaRdd___TRy (small blind) folded before Flop
Seat 3: ruffhund1 (big blind) folded before Flop
Seat 4: Mahu2021 collected ($2.09)
Seat 5: papargy folded before Flop (didn't bet)
Seat 6: merlinSmile folded before Flop (didn't bet)



PokerStars Zoom Hand #254445193064:  Hold'em No Limit ($0.05/$0.10) - 2025/01/19 11:48:00 CET [2025/01/19 5:48:00 ET]
Table 'Aludra' 6-max Seat #1 is the button
Seat 1: Ironhelt ($22.02 in chips) 
Seat 2: shortstackpro ($5.54 in chips) 
Seat 3: yakkai ($10 in chips) 
Seat 4: ruffhund1 ($13.21 in chips) 
Seat 5: Mahu2021 ($11.15 in chips) 
Seat 6: 77irek ($10.16 in chips) 
shortstackpro: posts small blind $0.05
yakkai: posts big blind $0.10
*** HOLE CARDS ***
Dealt to Mahu2021 [7h 8s]
ruffhund1: folds 
Mahu2021: folds 
77irek: folds 
Ironhelt: raises $0.15 to $0.25
shortstackpro: folds 
yakkai: folds 
Uncalled bet ($0.15) returned to Ironhelt
Ironhelt collected $0.25 from pot
Ironhelt: doesn't show hand 
*** SUMMARY ***
Total pot $0.25 | Rake $0 
Seat 1: Ironhelt (button) collected ($0.25)
Seat 2: shortstackpro (small blind) folded before Flop
Seat 3: yakkai (big blind) folded before Flop
Seat 4: ruffhund1 folded before Flop (didn't bet)
Seat 5: Mahu2021 folded before Flop (didn't bet)
Seat 6: 77irek folded before Flop (didn't bet)



PokerStars Zoom Hand #254445193450:  Hold'em No Limit ($0.05/$0.10) - 2025/01/19 11:48:03 CET [2025/01/19 5:48:03 ET]
Table 'Aludra' 6-max Seat #1 is the button
Seat 1: HaRdd___TRy ($9.03 in chips) 
Seat 2: lost chans ($13.23 in chips) 
Seat 3: V3n!nm4n ($10 in chips) 
Seat 4: Mahu2021 ($11.15 in chips) 
Seat 5: MMKing19880903 ($7.17 in chips) 
Seat 6: merlinSmile ($17.48 in chips) 
lost chans: posts small blind $0.05
V3n!nm4n: posts big blind $0.10
*** HOLE CARDS ***
Dealt to Mahu2021 [Jh Tc]
Mahu2021: folds 
MMKing19880903: folds 
merlinSmile: folds 
HaRdd___TRy: folds 
lost chans: folds 
Uncalled bet ($0.05) returned to V3n!nm4n
V3n!nm4n collected $0.10 from pot
V3n!nm4n: doesn't show hand 
*** SUMMARY ***
Total pot $0.10 | Rake $0 
Seat 1: HaRdd___TRy (button) folded before Flop (didn't bet)
Seat 2: lost chans (small blind) folded before Flop
Seat 3: V3n!nm4n (big blind) collected ($0.10)
Seat 4: Mahu2021 folded before Flop (didn't bet)
Seat 5: MMKing19880903 folded before Flop (didn't bet)
Seat 6: merlinSmile folded before Flop (didn't bet)



PokerStars Zoom Hand #254445194161:  Hold'em No Limit ($0.05/$0.10) - 2025/01/19 11:48:09 CET [2025/01/19 5:48:09 ET]
Table 'Aludra' 6-max Seat #1 is the button
Seat 1: ChoboPower ($9.81 in chips) 
Seat 2: Mahu2021 ($11.15 in chips) 
Seat 3: seonghwee ($21.81 in chips) 
Seat 4: 77irek ($9.13 in chips) 
Seat 5: DJ JORDAN G. ($9.99 in chips) 
Seat 6: HaRdd___TRy ($9.03 in chips) 
Mahu2021: posts small blind $0.05
seonghwee: posts big blind $0.10
*** HOLE CARDS ***
Dealt to Mahu2021 [Tc 6s]
77irek: raises $0.14 to $0.24
DJ JORDAN G.: folds 
HaRdd___TRy: calls $0.24
ChoboPower: raises $1 to $1.24
Mahu2021: folds 
seonghwee: folds 
77irek: raises $2.87 to $4.11
HaRdd___TRy: folds 
ChoboPower: folds 
Uncalled bet ($2.87) returned to 77irek
77irek collected $2.87 from pot
77irek: doesn't show hand 
*** SUMMARY ***
Total pot $2.87 | Rake $0 
Seat 1: ChoboPower (button) folded before Flop
Seat 2: Mahu2021 (small blind) folded before Flop
Seat 3: seonghwee (big blind) folded before Flop
Seat 4: 77irek collected ($2.87)
Seat 5: DJ JORDAN G. folded before Flop (didn't bet)
Seat 6: HaRdd___TRy folded before Flop



PokerStars Zoom Hand #254445196702:  Hold'em No Limit ($0.05/$0.10) - 2025/01/19 11:48:28 CET [2025/01/19 5:48:28 ET]
Table 'Aludra' 6-max Seat #1 is the button
Seat 1: ruffhund1 ($13.21 in chips) 
Seat 2: bombayXIII ($4.84 in chips) 
Seat 3: Mahu2021 ($10.90 in chips) 
Seat 4: DJ JORDAN G. ($9.94 in chips) 
Seat 5: lost chans ($13.33 in chips) 
Seat 6: yanailove ($25.54 in chips) 
bombayXIII: posts small blind $0.05
Mahu2021: posts big blind $0.10
*** HOLE CARDS ***
Dealt to Mahu2021 [3c 2s]
DJ JORDAN G.: folds 
lost chans: raises $0.10 to $0.20
yanailove: folds 
ruffhund1: folds 
bombayXIII: raises $0.50 to $0.70
Mahu2021: folds 
lost chans: folds 
Uncalled bet ($0.50) returned to bombayXIII
bombayXIII collected $0.50 from pot
bombayXIII: doesn't show hand 
*** SUMMARY ***
Total pot $0.50 | Rake $0 
Seat 1: ruffhund1 (button) folded before Flop (didn't bet)
Seat 2: bombayXIII (small blind) collected ($0.50)
Seat 3: Mahu2021 (big blind) folded before Flop
Seat 4: DJ JORDAN G. folded before Flop (didn't bet)
Seat 5: lost chans folded before Flop
Seat 6: yanailove folded before Flop (didn't bet)



PokerStars Zoom Hand #254445197670:  Hold'em No Limit ($0.05/$0.10) - 2025/01/19 11:48:36 CET [2025/01/19 5:48:36 ET]
Table 'Aludra' 6-max Seat #1 is the button
Seat 1: Mahu2021 ($10.80 in chips) 
Seat 2: yanailove ($10 in chips) 
Seat 3: ruffhund1 ($13.21 in chips) 
Seat 4: Jajje7 ($14.90 in chips) 
Seat 5: merlinSmile ($27.01 in chips) 
Seat 6: yakkai ($10 in chips) 
yanailove: posts small blind $0.05
ruffhund1: posts big blind $0.10
*** HOLE CARDS ***
Dealt to Mahu2021 [Th Ac]
Jajje7: folds 
merlinSmile: folds 
yakkai: folds 
Mahu2021: raises $0.20 to $0.30
yanailove: raises $0.70 to $1
ruffhund1: folds 
Mahu2021: folds 
Uncalled bet ($0.70) returned to yanailove
yanailove collected $0.70 from pot
yanailove: doesn't show hand 
*** SUMMARY ***
Total pot $0.70 | Rake $0 
Seat 1: Mahu2021 (button) folded before Flop
Seat 2: yanailove (small blind) collected ($0.70)
Seat 3: ruffhund1 (big blind) folded before Flop
Seat 4: Jajje7 folded before Flop (didn't bet)
Seat 5: merlinSmile folded before Flop (didn't bet)
Seat 6: yakkai folded before Flop (didn't bet)



PokerStars Zoom Hand #254445194951:  Hold'em No Limit ($0.05/$0.10) - 2025/01/19 11:48:15 CET [2025/01/19 5:48:15 ET]
Table 'Aludra' 6-max Seat #1 is the button
Seat 1: Mahu2021 ($11.10 in chips) 
Seat 2: DecentPlayer777 ($9.90 in chips) 
Seat 3: seonghwee ($10.02 in chips) 
Seat 4: Jajje7 ($10.57 in chips) 
Seat 5: Ironhelt ($14.95 in chips) 
Seat 6: looser00091 ($17.19 in chips) 
DecentPlayer777: posts small blind $0.05
seonghwee: posts big blind $0.10
*** HOLE CARDS ***
Dealt to Mahu2021 [Qh 6h]
Jajje7: folds 
Ironhelt: raises $0.10 to $0.20
looser00091: folds 
Mahu2021: calls $0.20
DecentPlayer777: folds 
seonghwee: calls $0.10
*** FLOP *** [9h 7s Jc]
seonghwee: checks 
Ironhelt: bets $0.20
Mahu2021: folds 
seonghwee: calls $0.20
*** TURN *** [9h 7s Jc] [7d]
seonghwee: checks 
Ironhelt: bets $0.50
seonghwee: raises $1.10 to $1.60
Ironhelt: calls $1.10
*** RIVER *** [9h 7s Jc 7d] [Ks]
seonghwee: bets $3.05
Ironhelt: raises $9.90 to $12.95 and is all-in
seonghwee: calls $4.97 and is all-in
Uncalled bet ($4.93) returned to Ironhelt
*** SHOW DOWN ***
Ironhelt: shows [9c 7c] (a full house, Sevens full of Nines)
seonghwee: shows [Ad 7h] (three of a kind, Sevens)
Ironhelt collected $19.15 from pot
*** SUMMARY ***
Total pot $20.29 | Rake $1.14 
Board [9h 7s Jc 7d Ks]
Seat 1: Mahu2021 (button) folded on the Flop
Seat 2: DecentPlayer777 (small blind) folded before Flop
Seat 3: seonghwee (big blind) showed [Ad 7h] and lost with three of a kind, Sevens
Seat 4: Jajje7 folded before Flop (didn't bet)
Seat 5: Ironhelt showed [9c 7c] and won ($19.15) with a full house, Sevens full of Nines
Seat 6: looser00091 folded before Flop (didn't bet)



PokerStars Zoom Hand #254445201013:  Hold'em No Limit ($0.05/$0.10) - 2025/01/19 11:49:02 CET [2025/01/19 5:49:02 ET]
Table 'Aludra' 6-max Seat #1 is the button
Seat 1: Ironhelt ($22.17 in chips) 
Seat 2: shortstackpro ($5.69 in chips) 
Seat 3: D.shadoww ($10.10 in chips) 
Seat 4: Mahu2021 ($10.50 in chips) 
Seat 5: R4FuN.II ($10.27 in chips) 
Seat 6: Jajje7 ($16.59 in chips) 
shortstackpro: posts small blind $0.05
D.shadoww: posts big blind $0.10
*** HOLE CARDS ***
Dealt to Mahu2021 [5d Ad]
Mahu2021: raises $0.14 to $0.24
R4FuN.II: folds 
Jajje7: folds 
Ironhelt: folds 
shortstackpro: folds 
D.shadoww: calls $0.14
*** FLOP *** [8d Qd 4c]
D.shadoww: checks 
Mahu2021: bets $0.20
D.shadoww: folds 
Uncalled bet ($0.20) returned to Mahu2021
Mahu2021 collected $0.51 from pot
Mahu2021: doesn't show hand 
*** SUMMARY ***
Total pot $0.53 | Rake $0.02 
Board [8d Qd 4c]
Seat 1: Ironhelt (button) folded before Flop (didn't bet)
Seat 2: shortstackpro (small blind) folded before Flop
Seat 3: D.shadoww (big blind) folded on the Flop
Seat 4: Mahu2021 collected ($0.51)
Seat 5: R4FuN.II folded before Flop (didn't bet)
Seat 6: Jajje7 folded before Flop (didn't bet)



PokerStars Zoom Hand #254445208138:  Hold'em No Limit ($0.05/$0.10) - 2025/01/19 11:49:57 CET [2025/01/19 5:49:57 ET]
Table 'Aludra' 6-max Seat #1 is the button
Seat 1: DirtyShot ($4.87 in chips) 
Seat 2: seonghwee ($17.22 in chips) 
Seat 3: R4FuN.II ($10.27 in chips) 
Seat 4: UNKNOWN_x_13 ($8.48 in chips) 
Seat 5: Mahu2021 ($10.47 in chips) 
Seat 6: 77irek ($11.50 in chips) 
seonghwee: posts small blind $0.05
R4FuN.II: posts big blind $0.10
*** HOLE CARDS ***
Dealt to Mahu2021 [8c 2h]
UNKNOWN_x_13: folds 
Mahu2021: folds 
77irek: raises $0.14 to $0.24
DirtyShot: folds 
seonghwee: folds 
R4FuN.II: folds 
Uncalled bet ($0.14) returned to 77irek
77irek collected $0.25 from pot
77irek: doesn't show hand 
*** SUMMARY ***
Total pot $0.25 | Rake $0 
Seat 1: DirtyShot (button) folded before Flop (didn't bet)
Seat 2: seonghwee (small blind) folded before Flop
Seat 3: R4FuN.II (big blind) folded before Flop
Seat 4: UNKNOWN_x_13 folded before Flop (didn't bet)
Seat 5: Mahu2021 folded before Flop (didn't bet)
Seat 6: 77irek collected ($0.25)



PokerStars Zoom Hand #254445208535:  Hold'em No Limit ($0.05/$0.10) - 2025/01/19 11:50:00 CET [2025/01/19 5:50:00 ET]
Table 'Aludra' 6-max Seat #1 is the button
Seat 1: DirtyShot ($4.87 in chips) 
Seat 2: ruffhund1 ($12.96 in chips) 
Seat 3: PiNe4ppLe ($10.37 in chips) 
Seat 4: Mahu2021 ($10.47 in chips) 
Seat 5: kiks220272 ($10.23 in chips) 
Seat 6: shortstackpro ($5.44 in chips) 
ruffhund1: posts small blind $0.05
PiNe4ppLe: posts big blind $0.10
*** HOLE CARDS ***
Dealt to Mahu2021 [8c 3c]
Mahu2021: folds 
kiks220272: folds 
shortstackpro: folds 
DirtyShot: folds 
ruffhund1: folds 
Uncalled bet ($0.05) returned to PiNe4ppLe
PiNe4ppLe collected $0.10 from pot
PiNe4ppLe: doesn't show hand 
*** SUMMARY ***
Total pot $0.10 | Rake $0 
Seat 1: DirtyShot (button) folded before Flop (didn't bet)
Seat 2: ruffhund1 (small blind) folded before Flop
Seat 3: PiNe4ppLe (big blind) collected ($0.10)
Seat 4: Mahu2021 folded before Flop (didn't bet)
Seat 5: kiks220272 folded before Flop (didn't bet)
Seat 6: shortstackpro folded before Flop (didn't bet)



PokerStars Zoom Hand #254445204340:  Hold'em No Limit ($0.05/$0.10) - 2025/01/19 11:49:28 CET [2025/01/19 5:49:28 ET]
Table 'Aludra' 6-max Seat #1 is the button
Seat 1: Jajje7 ($28.61 in chips) 
Seat 2: D.shadoww ($10.05 in chips) 
Seat 3: Gapcia777 ($7.03 in chips) 
Seat 4: gizmo666115 ($4.45 in chips) 
Seat 5: abelll115 ($9.36 in chips) 
Seat 6: Mahu2021 ($10.77 in chips) 
D.shadoww: posts small blind $0.05
Gapcia777: posts big blind $0.10
*** HOLE CARDS ***
Dealt to Mahu2021 [7s 6s]
gizmo666115: raises $0.10 to $0.20
abelll115: folds 
Mahu2021: calls $0.20
Jajje7: folds 
D.shadoww: calls $0.15
Gapcia777: raises $0.10 to $0.30
gizmo666115: calls $0.10
Mahu2021: calls $0.10
D.shadoww: calls $0.10
*** FLOP *** [3s Qd 3d]
D.shadoww: checks 
Gapcia777: bets $0.10
gizmo666115: raises $4.05 to $4.15 and is all-in
Mahu2021: folds 
D.shadoww: calls $4.15
Gapcia777: calls $4.05
*** TURN *** [3s Qd 3d] [7h]
D.shadoww: checks 
Gapcia777: checks 
*** RIVER *** [3s Qd 3d 7h] [9s]
D.shadoww: bets $5.60 and is all-in
Gapcia777: calls $2.58 and is all-in
Uncalled bet ($3.02) returned to D.shadoww
*** SHOW DOWN ***
D.shadoww: shows [3h 5h] (three of a kind, Threes)
Gapcia777: shows [4d 4s] (two pair, Fours and Threes)
D.shadoww collected $4.92 from side pot
gizmo666115: shows [Kd Qh] (two pair, Queens and Threes)
D.shadoww collected $13.04 from main pot
*** SUMMARY ***
Total pot $18.81 Main pot $13.04. Side pot $4.92. | Rake $0.85 
Board [3s Qd 3d 7h 9s]
Seat 1: Jajje7 (button) folded before Flop (didn't bet)
Seat 2: D.shadoww (small blind) showed [3h 5h] and won ($17.96) with three of a kind, Threes
Seat 3: Gapcia777 (big blind) showed [4d 4s] and lost with two pair, Fours and Threes
Seat 4: gizmo666115 showed [Kd Qh] and lost with two pair, Queens and Threes
Seat 5: abelll115 folded before Flop (didn't bet)
Seat 6: Mahu2021 folded on the Flop



PokerStars Zoom Hand #254445210826:  Hold'em No Limit ($0.05/$0.10) - 2025/01/19 11:50:18 CET [2025/01/19 5:50:18 ET]
Table 'Aludra' 6-max Seat #1 is the button
Seat 1: seonghwee ($10.35 in chips) 
Seat 2: merlinSmile ($16.69 in chips) 
Seat 3: 77irek ($11.65 in chips) 
Seat 4: Mahu2021 ($10.32 in chips) 
Seat 5: isieisli ($10 in chips) 
Seat 6: gogogo711 ($14.86 in chips) 
merlinSmile: posts small blind $0.05
77irek: posts big blind $0.10
*** HOLE CARDS ***
Dealt to Mahu2021 [Ah 8c]
Mahu2021: folds 
isieisli: folds 
gogogo711: folds 
seonghwee: raises $0.15 to $0.25
merlinSmile: folds 
77irek: folds 
Uncalled bet ($0.15) returned to seonghwee
seonghwee collected $0.25 from pot
seonghwee: doesn't show hand 
*** SUMMARY ***
Total pot $0.25 | Rake $0 
Seat 1: seonghwee (button) collected ($0.25)
Seat 2: merlinSmile (small blind) folded before Flop
Seat 3: 77irek (big blind) folded before Flop
Seat 4: Mahu2021 folded before Flop (didn't bet)
Seat 5: isieisli folded before Flop (didn't bet)
Seat 6: gogogo711 folded before Flop (didn't bet)



PokerStars Zoom Hand #254445210398:  Hold'em No Limit ($0.05/$0.10) - 2025/01/19 11:50:15 CET [2025/01/19 5:50:15 ET]
Table 'Aludra' 6-max Seat #1 is the button
Seat 1: HyperBete ($8.77 in chips) 
Seat 2: Mahu2021 ($10.37 in chips) 
Seat 3: DirtyShot ($4.87 in chips) 
Seat 4: HaRdd___TRy ($10.29 in chips) 
Seat 5: kiks220272 ($10.23 in chips) 
Seat 6: ruffhund1 ($12.91 in chips) 
Mahu2021: posts small blind $0.05
DirtyShot: posts big blind $0.10
*** HOLE CARDS ***
Dealt to Mahu2021 [Kc 2d]
HaRdd___TRy: folds 
kiks220272: folds 
ruffhund1: raises $0.12 to $0.22
HyperBete: folds 
Mahu2021: folds 
DirtyShot: calls $0.12
*** FLOP *** [Ts As Jh]
DirtyShot: checks 
ruffhund1: bets $0.12
DirtyShot: folds 
Uncalled bet ($0.12) returned to ruffhund1
ruffhund1 collected $0.47 from pot
ruffhund1: doesn't show hand 
*** SUMMARY ***
Total pot $0.49 | Rake $0.02 
Board [Ts As Jh]
Seat 1: HyperBete (button) folded before Flop (didn't bet)
Seat 2: Mahu2021 (small blind) folded before Flop
Seat 3: DirtyShot (big blind) folded on the Flop
Seat 4: HaRdd___TRy folded before Flop (didn't bet)
Seat 5: kiks220272 folded before Flop (didn't bet)
Seat 6: ruffhund1 collected ($0.47)



PokerStars Zoom Hand #254445211468:  Hold'em No Limit ($0.05/$0.10) - 2025/01/19 11:50:23 CET [2025/01/19 5:50:23 ET]
Table 'Aludra' 6-max Seat #1 is the button
Seat 1: D.shadoww ($10 in chips) 
Seat 2: gogogo711 ($14.86 in chips) 
Seat 3: PiNe4ppLe ($10 in chips) 
Seat 4: Jajje7 ($28.46 in chips) 
Seat 5: R4FuN.II ($10.17 in chips) 
Seat 6: Mahu2021 ($10.32 in chips) 
gogogo711: posts small blind $0.05
PiNe4ppLe: posts big blind $0.10
*** HOLE CARDS ***
Dealt to Mahu2021 [5c 9s]
Jajje7: folds 
R4FuN.II: folds 
Mahu2021: folds 
D.shadoww: raises $0.14 to $0.24
gogogo711: folds 
PiNe4ppLe: folds 
Uncalled bet ($0.14) returned to D.shadoww
D.shadoww collected $0.25 from pot
D.shadoww: doesn't show hand 
*** SUMMARY ***
Total pot $0.25 | Rake $0 
Seat 1: D.shadoww (button) collected ($0.25)
Seat 2: gogogo711 (small blind) folded before Flop
Seat 3: PiNe4ppLe (big blind) folded before Flop
Seat 4: Jajje7 folded before Flop (didn't bet)
Seat 5: R4FuN.II folded before Flop (didn't bet)
Seat 6: Mahu2021 folded before Flop (didn't bet)



PokerStars Zoom Hand #254445209313:  Hold'em No Limit ($0.05/$0.10) - 2025/01/19 11:50:07 CET [2025/01/19 5:50:07 ET]
Table 'Aludra' 6-max Seat #1 is the button
Seat 1: UNKNOWN_x_13 ($5.05 in chips) 
Seat 2: merlinSmile ($30.65 in chips) 
Seat 3: Mahu2021 ($10.47 in chips) 
Seat 4: PiNe4ppLe ($10 in chips) 
Seat 5: Ironhelt ($23.93 in chips) 
Seat 6: standc ($11.17 in chips) 
merlinSmile: posts small blind $0.05
Mahu2021: posts big blind $0.10
*** HOLE CARDS ***
Dealt to Mahu2021 [2h Tc]
PiNe4ppLe: folds 
Ironhelt: raises $0.15 to $0.25
standc: folds 
UNKNOWN_x_13: raises $0.65 to $0.90
merlinSmile: folds 
Mahu2021: folds 
Ironhelt: raises $23.03 to $23.93 and is all-in
UNKNOWN_x_13: folds 
Uncalled bet ($23.03) returned to Ironhelt
Ironhelt collected $1.95 from pot
Ironhelt: doesn't show hand 
*** SUMMARY ***
Total pot $1.95 | Rake $0 
Seat 1: UNKNOWN_x_13 (button) folded before Flop
Seat 2: merlinSmile (small blind) folded before Flop
Seat 3: Mahu2021 (big blind) folded before Flop
Seat 4: PiNe4ppLe folded before Flop (didn't bet)
Seat 5: Ironhelt collected ($1.95)
Seat 6: standc folded before Flop (didn't bet)



PokerStars Zoom Hand #254445212008:  Hold'em No Limit ($0.05/$0.10) - 2025/01/19 11:50:27 CET [2025/01/19 5:50:27 ET]
Table 'Aludra' 6-max Seat #1 is the button
Seat 1: merlinSmile ($16.64 in chips) 
Seat 2: kyus83 ($10 in chips) 
Seat 3: Jajje7 ($10.88 in chips) 
Seat 4: godgift1980 ($17.06 in chips) 
Seat 5: Mahu2021 ($10.32 in chips) 
Seat 6: gizmo666115 ($5 in chips) 
kyus83: posts small blind $0.05
Jajje7: posts big blind $0.10
*** HOLE CARDS ***
Dealt to Mahu2021 [Ac Qh]
godgift1980: raises $0.10 to $0.20
Mahu2021: calls $0.20
gizmo666115: folds 
merlinSmile: folds 
kyus83: folds 
Jajje7: folds 
*** FLOP *** [5h Jc 5c]
godgift1980: bets $0.27
Mahu2021: calls $0.27
*** TURN *** [5h Jc 5c] [7d]
godgift1980: bets $0.62
Mahu2021: calls $0.62
*** RIVER *** [5h Jc 5c 7d] [Ts]
godgift1980: checks 
Mahu2021: bets $2.23
godgift1980: calls $2.23
*** SHOW DOWN ***
Mahu2021: shows [Ac Qh] (a pair of Fives)
godgift1980: shows [Ks Jd] (two pair, Jacks and Fives)
godgift1980 collected $6.48 from pot
*** SUMMARY ***
Total pot $6.79 | Rake $0.31 
Board [5h Jc 5c 7d Ts]
Seat 1: merlinSmile (button) folded before Flop (didn't bet)
Seat 2: kyus83 (small blind) folded before Flop
Seat 3: Jajje7 (big blind) folded before Flop
Seat 4: godgift1980 showed [Ks Jd] and won ($6.48) with two pair, Jacks and Fives
Seat 5: Mahu2021 showed [Ac Qh] and lost with a pair of Fives
Seat 6: gizmo666115 folded before Flop (didn't bet)



PokerStars Zoom Hand #254445218359:  Hold'em No Limit ($0.05/$0.10) - 2025/01/19 11:51:16 CET [2025/01/19 5:51:16 ET]
Table 'Aludra' 6-max Seat #1 is the button
Seat 1: 77irek ($11.20 in chips) 
Seat 2: diesel bxl ($1.41 in chips) 
Seat 3: merlinSmile ($30.45 in chips) 
Seat 4: Mahu2021 ($7 in chips) 
Seat 5: BReDnaya89 ($15.58 in chips) 
Seat 6: shortstackpro ($5.59 in chips) 
diesel bxl: posts small blind $0.05
merlinSmile: posts big blind $0.10
*** HOLE CARDS ***
Dealt to Mahu2021 [9d 5d]
Mahu2021: folds 
BReDnaya89: raises $0.20 to $0.30
shortstackpro: folds 
77irek: folds 
diesel bxl: folds 
merlinSmile: folds 
Uncalled bet ($0.20) returned to BReDnaya89
BReDnaya89 collected $0.25 from pot
BReDnaya89: doesn't show hand 
*** SUMMARY ***
Total pot $0.25 | Rake $0 
Seat 1: 77irek (button) folded before Flop (didn't bet)
Seat 2: diesel bxl (small blind) folded before Flop
Seat 3: merlinSmile (big blind) folded before Flop
Seat 4: Mahu2021 folded before Flop (didn't bet)
Seat 5: BReDnaya89 collected ($0.25)
Seat 6: shortstackpro folded before Flop (didn't bet)



PokerStars Zoom Hand #254445217749:  Hold'em No Limit ($0.05/$0.10) - 2025/01/19 11:51:12 CET [2025/01/19 5:51:12 ET]
Table 'Aludra' 6-max Seat #1 is the button
Seat 1: Mahu2021 ($7 in chips) 
Seat 2: 77irek ($11.25 in chips) 
Seat 3: ChoboPower ($9.12 in chips) 
Seat 4: PiNe4ppLe ($16.98 in chips) 
Seat 5: yakkai ($11.99 in chips) 
Seat 6: Jajje7 ($13.60 in chips) 
77irek: posts small blind $0.05
ChoboPower: posts big blind $0.10
*** HOLE CARDS ***
Dealt to Mahu2021 [5c 2c]
PiNe4ppLe: folds 
yakkai: folds 
Jajje7: raises $0.15 to $0.25
Mahu2021: folds 
77irek: folds 
ChoboPower: calls $0.15
*** FLOP *** [5h Jd 8c]
ChoboPower: checks 
Jajje7: bets $0.16
ChoboPower: calls $0.16
*** TURN *** [5h Jd 8c] [9h]
ChoboPower: checks 
Jajje7: checks 
*** RIVER *** [5h Jd 8c 9h] [8s]
ChoboPower: bets $1.20
Jajje7: calls $1.20
*** SHOW DOWN ***
ChoboPower: shows [Qd 5d] (two pair, Eights and Fives)
Jajje7: shows [Ah Ad] (two pair, Aces and Eights)
Jajje7 collected $3.12 from pot
*** SUMMARY ***
Total pot $3.27 | Rake $0.15 
Board [5h Jd 8c 9h 8s]
Seat 1: Mahu2021 (button) folded before Flop (didn't bet)
Seat 2: 77irek (small blind) folded before Flop
Seat 3: ChoboPower (big blind) showed [Qd 5d] and lost with two pair, Eights and Fives
Seat 4: PiNe4ppLe folded before Flop (didn't bet)
Seat 5: yakkai folded before Flop (didn't bet)
Seat 6: Jajje7 showed [Ah Ad] and won ($3.12) with two pair, Aces and Eights



PokerStars Zoom Hand #254445218786:  Hold'em No Limit ($0.05/$0.10) - 2025/01/19 11:51:20 CET [2025/01/19 5:51:20 ET]
Table 'Aludra' 6-max Seat #1 is the button
Seat 1: PiNe4ppLe ($10.15 in chips) 
Seat 2: takusun ($10 in chips) 
Seat 3: Mahu2021 ($7 in chips) 
Seat 4: ruffhund1 ($14.45 in chips) 
Seat 5: 77irek ($9.78 in chips) 
Seat 6: sakaryo2140 ($23.17 in chips) 
takusun: posts small blind $0.05
Mahu2021: posts big blind $0.10
*** HOLE CARDS ***
Dealt to Mahu2021 [2c Ac]
ruffhund1: folds 
77irek: raises $0.14 to $0.24
sakaryo2140: folds 
PiNe4ppLe: folds 
takusun: folds 
Mahu2021: calls $0.14
*** FLOP *** [4d Tc 5c]
Mahu2021: checks 
77irek: bets $0.34
Mahu2021: calls $0.34
*** TURN *** [4d Tc 5c] [6d]
Mahu2021: checks 
77irek: checks 
*** RIVER *** [4d Tc 5c 6d] [Kh]
Mahu2021: checks 
77irek: checks 
*** SHOW DOWN ***
Mahu2021: shows [2c Ac] (high card Ace)
77irek: shows [8h 8s] (a pair of Eights)
77irek collected $1.16 from pot
*** SUMMARY ***
Total pot $1.21 | Rake $0.05 
Board [4d Tc 5c 6d Kh]
Seat 1: PiNe4ppLe (button) folded before Flop (didn't bet)
Seat 2: takusun (small blind) folded before Flop
Seat 3: Mahu2021 (big blind) showed [2c Ac] and lost with high card Ace
Seat 4: ruffhund1 folded before Flop (didn't bet)
Seat 5: 77irek showed [8h 8s] and won ($1.16) with a pair of Eights
Seat 6: sakaryo2140 folded before Flop (didn't bet)



PokerStars Zoom Hand #254445222747:  Hold'em No Limit ($0.05/$0.10) - 2025/01/19 11:51:50 CET [2025/01/19 5:51:50 ET]
Table 'Aludra' 6-max Seat #1 is the button
Seat 1: Jajje7 ($15.11 in chips) 
Seat 2: Mahu2021 ($6.42 in chips) 
Seat 3: 77irek ($10.36 in chips) 
Seat 4: pokerfaceIRL ($33.01 in chips) 
Seat 5: UNKNOWN_x_13 ($4.45 in chips) 
Seat 6: BReDnaya89 ($15.63 in chips) 
Mahu2021: posts small blind $0.05
77irek: posts big blind $0.10
*** HOLE CARDS ***
Dealt to Mahu2021 [9d Qh]
pokerfaceIRL: raises $0.25 to $0.35
UNKNOWN_x_13: folds 
BReDnaya89: folds 
Jajje7: folds 
Mahu2021: folds 
77irek: folds 
Uncalled bet ($0.25) returned to pokerfaceIRL
pokerfaceIRL collected $0.25 from pot
pokerfaceIRL: doesn't show hand 
*** SUMMARY ***
Total pot $0.25 | Rake $0 
Seat 1: Jajje7 (button) folded before Flop (didn't bet)
Seat 2: Mahu2021 (small blind) folded before Flop
Seat 3: 77irek (big blind) folded before Flop
Seat 4: pokerfaceIRL collected ($0.25)
Seat 5: UNKNOWN_x_13 folded before Flop (didn't bet)
Seat 6: BReDnaya89 folded before Flop (didn't bet)



PokerStars Zoom Hand #254445224972:  Hold'em No Limit ($0.05/$0.10) - 2025/01/19 11:52:07 CET [2025/01/19 5:52:07 ET]
Table 'Aludra' 6-max Seat #1 is the button
Seat 1: Fabidro383 ($11.04 in chips) 
Seat 2: 77irek ($10.26 in chips) 
Seat 3: Mahu2021 ($6.37 in chips) 
Seat 4: PiNe4ppLe ($15.52 in chips) 
Seat 5: Jajje7 ($15.70 in chips) 
Seat 6: Diede777 ($1.37 in chips) 
77irek: posts small blind $0.05
Mahu2021: posts big blind $0.10
*** HOLE CARDS ***
Dealt to Mahu2021 [8d 5s]
PiNe4ppLe: folds 
Jajje7: folds 
Diede777: folds 
Fabidro383: folds 
77irek: raises $0.20 to $0.30
Mahu2021: folds 
Uncalled bet ($0.20) returned to 77irek
77irek collected $0.20 from pot
77irek: doesn't show hand 
*** SUMMARY ***
Total pot $0.20 | Rake $0 
Seat 1: Fabidro383 (button) folded before Flop (didn't bet)
Seat 2: 77irek (small blind) collected ($0.20)
Seat 3: Mahu2021 (big blind) folded before Flop
Seat 4: PiNe4ppLe folded before Flop (didn't bet)
Seat 5: Jajje7 folded before Flop (didn't bet)
Seat 6: Diede777 folded before Flop (didn't bet)



PokerStars Zoom Hand #254445223613:  Hold'em No Limit ($0.05/$0.10) - 2025/01/19 11:51:57 CET [2025/01/19 5:51:57 ET]
Table 'Aludra' 6-max Seat #1 is the button
Seat 1: Mahu2021 ($6.37 in chips) 
Seat 2: BReDnaya89 ($15.63 in chips) 
Seat 3: lost chans ($23.15 in chips) 
Seat 4: gogogo711 ($14.21 in chips) 
Seat 5: Jajje7 ($10.58 in chips) 
Seat 6: merlinSmile ($15.84 in chips) 
BReDnaya89: posts small blind $0.05
lost chans: posts big blind $0.10
*** HOLE CARDS ***
Dealt to Mahu2021 [8d 2s]
gogogo711: raises $0.15 to $0.25
Jajje7: folds 
merlinSmile: raises $0.50 to $0.75
Mahu2021: folds 
BReDnaya89: folds 
lost chans: folds 
gogogo711: folds 
Uncalled bet ($0.50) returned to merlinSmile
merlinSmile collected $0.65 from pot
merlinSmile: doesn't show hand 
*** SUMMARY ***
Total pot $0.65 | Rake $0 
Seat 1: Mahu2021 (button) folded before Flop (didn't bet)
Seat 2: BReDnaya89 (small blind) folded before Flop
Seat 3: lost chans (big blind) folded before Flop
Seat 4: gogogo711 folded before Flop
Seat 5: Jajje7 folded before Flop (didn't bet)
Seat 6: merlinSmile collected ($0.65)



PokerStars Zoom Hand #254445224560:  Hold'em No Limit ($0.05/$0.10) - 2025/01/19 11:52:04 CET [2025/01/19 5:52:04 ET]
Table 'Aludra' 6-max Seat #1 is the button
Seat 1: Ironhelt ($24.58 in chips) 
Seat 2: seonghwee ($10.85 in chips) 
Seat 3: 77irek ($10.10 in chips) 
Seat 4: Diede777 ($1.37 in chips) 
Seat 5: Mahu2021 ($6.37 in chips) 
Seat 6: lost chans ($23.05 in chips) 
seonghwee: posts small blind $0.05
77irek: posts big blind $0.10
*** HOLE CARDS ***
Dealt to Mahu2021 [Jh 7c]
Diede777: folds 
Mahu2021: folds 
lost chans has timed out
lost chans: folds 
Ironhelt: folds 
seonghwee: folds 
Uncalled bet ($0.05) returned to 77irek
77irek collected $0.10 from pot
77irek: doesn't show hand 
*** SUMMARY ***
Total pot $0.10 | Rake $0 
Seat 1: Ironhelt (button) folded before Flop (didn't bet)
Seat 2: seonghwee (small blind) folded before Flop
Seat 3: 77irek (big blind) collected ($0.10)
Seat 4: Diede777 folded before Flop (didn't bet)
Seat 5: Mahu2021 folded before Flop (didn't bet)
Seat 6: lost chans folded before Flop (didn't bet)



PokerStars Zoom Hand #254445226455:  Hold'em No Limit ($0.05/$0.10) - 2025/01/19 11:52:19 CET [2025/01/19 5:52:19 ET]
Table 'Aludra' 6-max Seat #1 is the button
Seat 1: 77irek ($10.36 in chips) 
Seat 2: takusun ($10.05 in chips) 
Seat 3: standc ($10.82 in chips) 
Seat 4: PiNe4ppLe ($15.97 in chips) 
Seat 5: Jajje7 ($15.01 in chips) 
Seat 6: Mahu2021 ($6.27 in chips) 
takusun: posts small blind $0.05
standc: posts big blind $0.10
*** HOLE CARDS ***
Dealt to Mahu2021 [6d 9s]
PiNe4ppLe: folds 
Jajje7: folds 
Mahu2021: folds 
77irek: folds 
takusun: folds 
Uncalled bet ($0.05) returned to standc
standc collected $0.10 from pot
standc: doesn't show hand 
*** SUMMARY ***
Total pot $0.10 | Rake $0 
Seat 1: 77irek (button) folded before Flop (didn't bet)
Seat 2: takusun (small blind) folded before Flop
Seat 3: standc (big blind) collected ($0.10)
Seat 4: PiNe4ppLe folded before Flop (didn't bet)
Seat 5: Jajje7 folded before Flop (didn't bet)
Seat 6: Mahu2021 folded before Flop (didn't bet)



PokerStars Zoom Hand #254445228628:  Hold'em No Limit ($0.05/$0.10) - 2025/01/19 11:52:35 CET [2025/01/19 5:52:35 ET]
Table 'Aludra' 6-max Seat #1 is the button
Seat 1: 77irek ($10.95 in chips) 
Seat 2: ValenFer777 ($10.05 in chips) 
Seat 3: Jajje7 ($15.65 in chips) 
Seat 4: diesel bxl ($2.60 in chips) 
Seat 5: allrauneR ($9.80 in chips) 
Seat 6: Mahu2021 ($6.22 in chips) 
ValenFer777: posts small blind $0.05
Jajje7: posts big blind $0.10
*** HOLE CARDS ***
Dealt to Mahu2021 [7c Th]
diesel bxl: folds 
allrauneR: raises $0.25 to $0.35
Mahu2021: folds 
77irek: folds 
ValenFer777: folds 
Jajje7: folds 
Uncalled bet ($0.25) returned to allrauneR
allrauneR collected $0.25 from pot
allrauneR: doesn't show hand 
*** SUMMARY ***
Total pot $0.25 | Rake $0 
Seat 1: 77irek (button) folded before Flop (didn't bet)
Seat 2: ValenFer777 (small blind) folded before Flop
Seat 3: Jajje7 (big blind) folded before Flop
Seat 4: diesel bxl folded before Flop (didn't bet)
Seat 5: allrauneR collected ($0.25)
Seat 6: Mahu2021 folded before Flop (didn't bet)



PokerStars Zoom Hand #254445227838:  Hold'em No Limit ($0.05/$0.10) - 2025/01/19 11:52:29 CET [2025/01/19 5:52:29 ET]
Table 'Aludra' 6-max Seat #1 is the button
Seat 1: Mahu2021 ($6.22 in chips) 
Seat 2: seonghwee ($23 in chips) 
Seat 3: kyus83 ($10.34 in chips) 
Seat 4: 77irek ($10.36 in chips) 
Seat 5: Jajje7 ($15.65 in chips) 
Seat 6: UNKNOWN_x_13 ($8.34 in chips) 
seonghwee: posts small blind $0.05
kyus83: posts big blind $0.10
*** HOLE CARDS ***
Dealt to Mahu2021 [5s 3d]
77irek: raises $0.20 to $0.30
Jajje7: folds 
UNKNOWN_x_13: folds 
Mahu2021: folds 
seonghwee: raises $0.85 to $1.15
kyus83: folds 
77irek: calls $0.85
*** FLOP *** [6d 6s 5d]
seonghwee: checks 
77irek: bets $1.51
seonghwee: calls $1.51
*** TURN *** [6d 6s 5d] [2c]
seonghwee: checks 
77irek: checks 
*** RIVER *** [6d 6s 5d 2c] [6c]
seonghwee: bets $3.45
77irek: calls $3.45
*** SHOW DOWN ***
seonghwee: shows [Th Td] (a full house, Sixes full of Tens)
77irek: mucks hand 
seonghwee collected $11.77 from pot
*** SUMMARY ***
Total pot $12.32 | Rake $0.55 
Board [6d 6s 5d 2c 6c]
Seat 1: Mahu2021 (button) folded before Flop (didn't bet)
Seat 2: seonghwee (small blind) showed [Th Td] and won ($11.77) with a full house, Sixes full of Tens
Seat 3: kyus83 (big blind) folded before Flop
Seat 4: 77irek mucked [7c 7s]
Seat 5: Jajje7 folded before Flop (didn't bet)
Seat 6: UNKNOWN_x_13 folded before Flop (didn't bet)



PokerStars Zoom Hand #254445227106:  Hold'em No Limit ($0.05/$0.10) - 2025/01/19 11:52:24 CET [2025/01/19 5:52:24 ET]
Table 'Aludra' 6-max Seat #1 is the button
Seat 1: kiks220272 ($10 in chips) 
Seat 2: Mahu2021 ($6.27 in chips) 
Seat 3: D.shadoww ($21.65 in chips) 
Seat 4: 77irek ($10.36 in chips) 
Seat 5: Ironhelt ($16.68 in chips) 
Seat 6: takusun ($10 in chips) 
Mahu2021: posts small blind $0.05
D.shadoww: posts big blind $0.10
*** HOLE CARDS ***
Dealt to Mahu2021 [4h 6c]
77irek: folds 
Ironhelt: folds 
takusun: raises $0.20 to $0.30
kiks220272: calls $0.30
Mahu2021: folds 
D.shadoww: folds 
*** FLOP *** [7h 7s 7d]
takusun: checks 
kiks220272: checks 
*** TURN *** [7h 7s 7d] [5h]
takusun: checks 
kiks220272: checks 
*** RIVER *** [7h 7s 7d 5h] [Kh]
takusun: checks 
kiks220272: bets $0.54
takusun: folds 
Uncalled bet ($0.54) returned to kiks220272
kiks220272 collected $0.72 from pot
kiks220272: doesn't show hand 
*** SUMMARY ***
Total pot $0.75 | Rake $0.03 
Board [7h 7s 7d 5h Kh]
Seat 1: kiks220272 (button) collected ($0.72)
Seat 2: Mahu2021 (small blind) folded before Flop
Seat 3: D.shadoww (big blind) folded before Flop
Seat 4: 77irek folded before Flop (didn't bet)
Seat 5: Ironhelt folded before Flop (didn't bet)
Seat 6: takusun folded on the River



PokerStars Zoom Hand #254445229211:  Hold'em No Limit ($0.05/$0.10) - 2025/01/19 11:52:39 CET [2025/01/19 5:52:39 ET]
Table 'Aludra' 6-max Seat #1 is the button
Seat 1: sakaryo2140 ($21.88 in chips) 
Seat 2: kyus83 ($10.24 in chips) 
Seat 3: PiNe4ppLe ($15.67 in chips) 
Seat 4: Mahu2021 ($6.22 in chips) 
Seat 5: shortstackpro ($5.44 in chips) 
Seat 6: merlinSmile ($14.83 in chips) 
kyus83: posts small blind $0.05
PiNe4ppLe: posts big blind $0.10
*** HOLE CARDS ***
Dealt to Mahu2021 [As Th]
Mahu2021: raises $0.14 to $0.24
shortstackpro: calls $0.24
merlinSmile: folds 
sakaryo2140: folds 
kyus83: calls $0.19
PiNe4ppLe: calls $0.14
*** FLOP *** [8s Kd 9s]
kyus83: checks 
PiNe4ppLe: checks 
Mahu2021: checks 
shortstackpro: bets $0.46
kyus83: folds 
PiNe4ppLe: folds 
Mahu2021: folds 
Uncalled bet ($0.46) returned to shortstackpro
shortstackpro collected $0.92 from pot
shortstackpro: doesn't show hand 
*** SUMMARY ***
Total pot $0.96 | Rake $0.04 
Board [8s Kd 9s]
Seat 1: sakaryo2140 (button) folded before Flop (didn't bet)
Seat 2: kyus83 (small blind) folded on the Flop
Seat 3: PiNe4ppLe (big blind) folded on the Flop
Seat 4: Mahu2021 folded on the Flop
Seat 5: shortstackpro collected ($0.92)
Seat 6: merlinSmile folded before Flop (didn't bet)



PokerStars Zoom Hand #254445232399:  Hold'em No Limit ($0.05/$0.10) - 2025/01/19 11:53:03 CET [2025/01/19 5:53:03 ET]
Table 'Aludra' 6-max Seat #1 is the button
Seat 1: PiNe4ppLe ($15.43 in chips) 
Seat 2: Fabidro383 ($11.99 in chips) 
Seat 3: diesel bxl ($2.55 in chips) 
Seat 4: UNKNOWN_x_13 ($4.45 in chips) 
Seat 5: Mahu2021 ($5.98 in chips) 
Seat 6: kiks220272 ($10.42 in chips) 
Fabidro383: posts small blind $0.05
diesel bxl: posts big blind $0.10
*** HOLE CARDS ***
Dealt to Mahu2021 [Ad Js]
UNKNOWN_x_13: folds 
Mahu2021: raises $0.20 to $0.30
kiks220272: folds 
PiNe4ppLe: folds 
Fabidro383: folds 
diesel bxl: calls $0.20
*** FLOP *** [6s 5c 5d]
diesel bxl: bets $2.25 and is all-in
Mahu2021: folds 
Uncalled bet ($2.25) returned to diesel bxl
diesel bxl collected $0.62 from pot
diesel bxl: doesn't show hand 
*** SUMMARY ***
Total pot $0.65 | Rake $0.03 
Board [6s 5c 5d]
Seat 1: PiNe4ppLe (button) folded before Flop (didn't bet)
Seat 2: Fabidro383 (small blind) folded before Flop
Seat 3: diesel bxl (big blind) collected ($0.62)
Seat 4: UNKNOWN_x_13 folded before Flop (didn't bet)
Seat 5: Mahu2021 folded on the Flop
Seat 6: kiks220272 folded before Flop (didn't bet)



PokerStars Zoom Hand #254445236566:  Hold'em No Limit ($0.05/$0.10) - 2025/01/19 11:53:35 CET [2025/01/19 5:53:35 ET]
Table 'Aludra' 6-max Seat #1 is the button
Seat 1: merlinSmile ($10 in chips) 
Seat 2: takusun ($10.20 in chips) 
Seat 3: Mahu2021 ($5.68 in chips) 
Seat 4: UNKNOWN_x_13 ($6.43 in chips) 
Seat 5: kyus83 ($10.15 in chips) 
Seat 6: Ironhelt ($16.78 in chips) 
takusun: posts small blind $0.05
Mahu2021: posts big blind $0.10
*** HOLE CARDS ***
Dealt to Mahu2021 [7c 9d]
UNKNOWN_x_13: folds 
kyus83: folds 
Ironhelt: folds 
merlinSmile: folds 
takusun: folds 
Uncalled bet ($0.05) returned to Mahu2021
Mahu2021 collected $0.10 from pot
Mahu2021: doesn't show hand 
*** SUMMARY ***
Total pot $0.10 | Rake $0 
Seat 1: merlinSmile (button) folded before Flop (didn't bet)
Seat 2: takusun (small blind) folded before Flop
Seat 3: Mahu2021 (big blind) collected ($0.10)
Seat 4: UNKNOWN_x_13 folded before Flop (didn't bet)
Seat 5: kyus83 folded before Flop (didn't bet)
Seat 6: Ironhelt folded before Flop (didn't bet)



PokerStars Zoom Hand #254445235894:  Hold'em No Limit ($0.05/$0.10) - 2025/01/19 11:53:30 CET [2025/01/19 5:53:30 ET]
Table 'Aludra' 6-max Seat #1 is the button
Seat 1: Ironhelt ($24.23 in chips) 
Seat 2: UNKNOWN_x_13 ($7.84 in chips) 
Seat 3: seonghwee ($28.66 in chips) 
Seat 4: Mahu2021 ($5.68 in chips) 
Seat 5: D.shadoww ($21.50 in chips) 
Seat 6: PiNe4ppLe ($10 in chips) 
UNKNOWN_x_13: posts small blind $0.05
seonghwee: posts big blind $0.10
*** HOLE CARDS ***
Dealt to Mahu2021 [5c Qh]
Mahu2021: folds 
D.shadoww: raises $0.10 to $0.20
PiNe4ppLe: folds 
Ironhelt: folds 
UNKNOWN_x_13: folds 
seonghwee: folds 
Uncalled bet ($0.10) returned to D.shadoww
D.shadoww collected $0.25 from pot
D.shadoww: doesn't show hand 
*** SUMMARY ***
Total pot $0.25 | Rake $0 
Seat 1: Ironhelt (button) folded before Flop (didn't bet)
Seat 2: UNKNOWN_x_13 (small blind) folded before Flop
Seat 3: seonghwee (big blind) folded before Flop
Seat 4: Mahu2021 folded before Flop (didn't bet)
Seat 5: D.shadoww collected ($0.25)
Seat 6: PiNe4ppLe folded before Flop (didn't bet)



PokerStars Zoom Hand #254445237843:  Hold'em No Limit ($0.05/$0.10) - 2025/01/19 11:53:45 CET [2025/01/19 5:53:45 ET]
Table 'Aludra' 6-max Seat #1 is the button
Seat 1: HaRdd___TRy ($29.27 in chips) 
Seat 2: Mahu2021 ($5.73 in chips) 
Seat 3: Jajje7 ($14.33 in chips) 
Seat 4: seonghwee ($28.56 in chips) 
Seat 5: Fabidro383 ($11.84 in chips) 
Seat 6: UNKNOWN_x_13 ($7.79 in chips) 
Mahu2021: posts small blind $0.05
Jajje7: posts big blind $0.10
*** HOLE CARDS ***
Dealt to Mahu2021 [8h Jh]
seonghwee: raises $0.15 to $0.25
Fabidro383: calls $0.25
UNKNOWN_x_13: folds 
HaRdd___TRy: folds 
Mahu2021: calls $0.20
Jajje7: folds 
*** FLOP *** [Js 4c 2h]
Mahu2021: bets $0.81
seonghwee: folds 
Fabidro383: folds 
Uncalled bet ($0.81) returned to Mahu2021
Mahu2021 collected $0.81 from pot
Mahu2021: doesn't show hand 
*** SUMMARY ***
Total pot $0.85 | Rake $0.04 
Board [Js 4c 2h]
Seat 1: HaRdd___TRy (button) folded before Flop (didn't bet)
Seat 2: Mahu2021 (small blind) collected ($0.81)
Seat 3: Jajje7 (big blind) folded before Flop
Seat 4: seonghwee folded on the Flop
Seat 5: Fabidro383 folded on the Flop
Seat 6: UNKNOWN_x_13 folded before Flop (didn't bet)



PokerStars Zoom Hand #254445241867:  Hold'em No Limit ($0.05/$0.10) - 2025/01/19 11:54:16 CET [2025/01/19 5:54:16 ET]
Table 'Aludra' 6-max Seat #1 is the button
Seat 1: abelll115 ($8.06 in chips) 
Seat 2: takusun ($10.05 in chips) 
Seat 3: ValenFer777 ($8.99 in chips) 
Seat 4: kiks220272 ($11.39 in chips) 
Seat 5: PiNe4ppLe ($17.11 in chips) 
Seat 6: Mahu2021 ($6.29 in chips) 
takusun: posts small blind $0.05
ValenFer777: posts big blind $0.10
*** HOLE CARDS ***
Dealt to Mahu2021 [5c 4d]
kiks220272: folds 
PiNe4ppLe: folds 
Mahu2021: folds 
abelll115: folds 
takusun: folds 
Uncalled bet ($0.05) returned to ValenFer777
ValenFer777 collected $0.10 from pot
ValenFer777: doesn't show hand 
*** SUMMARY ***
Total pot $0.10 | Rake $0 
Seat 1: abelll115 (button) folded before Flop (didn't bet)
Seat 2: takusun (small blind) folded before Flop
Seat 3: ValenFer777 (big blind) collected ($0.10)
Seat 4: kiks220272 folded before Flop (didn't bet)
Seat 5: PiNe4ppLe folded before Flop (didn't bet)
Seat 6: Mahu2021 folded before Flop (didn't bet)



PokerStars Zoom Hand #254445242355:  Hold'em No Limit ($0.05/$0.10) - 2025/01/19 11:54:20 CET [2025/01/19 5:54:20 ET]
Table 'Aludra' 6-max Seat #1 is the button
Seat 1: merlinSmile ($31.51 in chips) 
Seat 2: seonghwee ($28.31 in chips) 
Seat 3: gogogo711 ($13.46 in chips) 
Seat 4: 77irek ($10.07 in chips) 
Seat 5: Mahu2021 ($6.29 in chips) 
Seat 6: standc ($12.05 in chips) 
seonghwee: posts small blind $0.05
gogogo711: posts big blind $0.10
*** HOLE CARDS ***
Dealt to Mahu2021 [Tc Kd]
77irek: folds 
Mahu2021: folds 
standc: folds 
merlinSmile: folds 
seonghwee: folds 
Uncalled bet ($0.05) returned to gogogo711
gogogo711 collected $0.10 from pot
gogogo711: doesn't show hand 
*** SUMMARY ***
Total pot $0.10 | Rake $0 
Seat 1: merlinSmile (button) folded before Flop (didn't bet)
Seat 2: seonghwee (small blind) folded before Flop
Seat 3: gogogo711 (big blind) collected ($0.10)
Seat 4: 77irek folded before Flop (didn't bet)
Seat 5: Mahu2021 folded before Flop (didn't bet)
Seat 6: standc folded before Flop (didn't bet)



PokerStars Zoom Hand #254445242968:  Hold'em No Limit ($0.05/$0.10) - 2025/01/19 11:54:25 CET [2025/01/19 5:54:25 ET]
Table 'Aludra' 6-max Seat #1 is the button
Seat 1: takusun ($12.46 in chips) 
Seat 2: standc ($12.05 in chips) 
Seat 3: kyus83 ($10.10 in chips) 
Seat 4: Mahu2021 ($6.29 in chips) 
Seat 5: merlinSmile ($31.51 in chips) 
Seat 6: kiks220272 ($10 in chips) 
standc: posts small blind $0.05
kyus83: posts big blind $0.10
*** HOLE CARDS ***
Dealt to Mahu2021 [8h 9d]
Mahu2021: folds 
merlinSmile: folds 
kiks220272: folds 
takusun: folds 
standc: folds 
Uncalled bet ($0.05) returned to kyus83
kyus83 collected $0.10 from pot
kyus83: doesn't show hand 
*** SUMMARY ***
Total pot $0.10 | Rake $0 
Seat 1: takusun (button) folded before Flop (didn't bet)
Seat 2: standc (small blind) folded before Flop
Seat 3: kyus83 (big blind) collected ($0.10)
Seat 4: Mahu2021 folded before Flop (didn't bet)
Seat 5: merlinSmile folded before Flop (didn't bet)
Seat 6: kiks220272 folded before Flop (didn't bet)



PokerStars Zoom Hand #254445244160:  Hold'em No Limit ($0.05/$0.10) - 2025/01/19 11:54:34 CET [2025/01/19 5:54:34 ET]
Table 'Aludra' 6-max Seat #1 is the button
Seat 1: paulorudes ($6.38 in chips) 
Seat 2: Ironhelt ($24.28 in chips) 
Seat 3: Mahu2021 ($6.24 in chips) 
Seat 4: seonghwee ($28.26 in chips) 
Seat 5: shortstackpro ($7.55 in chips) 
Seat 6: merlinSmile ($31.51 in chips) 
Ironhelt: posts small blind $0.05
Mahu2021: posts big blind $0.10
*** HOLE CARDS ***
Dealt to Mahu2021 [3s 6c]
seonghwee: folds 
shortstackpro: folds 
merlinSmile: folds 
paulorudes: folds 
Ironhelt: raises $0.20 to $0.30
Mahu2021: folds 
Uncalled bet ($0.20) returned to Ironhelt
Ironhelt collected $0.20 from pot
Ironhelt: doesn't show hand 
*** SUMMARY ***
Total pot $0.20 | Rake $0 
Seat 1: paulorudes (button) folded before Flop (didn't bet)
Seat 2: Ironhelt (small blind) collected ($0.20)
Seat 3: Mahu2021 (big blind) folded before Flop
Seat 4: seonghwee folded before Flop (didn't bet)
Seat 5: shortstackpro folded before Flop (didn't bet)
Seat 6: merlinSmile folded before Flop (didn't bet)



PokerStars Zoom Hand #254445241198:  Hold'em No Limit ($0.05/$0.10) - 2025/01/19 11:54:11 CET [2025/01/19 5:54:11 ET]
Table 'Aludra' 6-max Seat #1 is the button
Seat 1: Mahu2021 ($6.29 in chips) 
Seat 2: D.shadoww ($21.94 in chips) 
Seat 3: steveisaak ($10.66 in chips) 
Seat 4: godgift1980 ($20.83 in chips) 
Seat 5: ValenFer777 ($8.99 in chips) 
Seat 6: 77irek ($10.07 in chips) 
D.shadoww: posts small blind $0.05
steveisaak: posts big blind $0.10
*** HOLE CARDS ***
Dealt to Mahu2021 [9h Qd]
godgift1980: raises $0.20 to $0.30
ValenFer777: folds 
77irek: folds 
Mahu2021: folds 
D.shadoww: raises $0.90 to $1.20
steveisaak: folds 
godgift1980: raises $19.63 to $20.83 and is all-in
D.shadoww: calls $19.63
*** FLOP *** [5s 3c 3s]
*** TURN *** [5s 3c 3s] [Th]
*** RIVER *** [5s 3c 3s Th] [Ks]
*** SHOW DOWN ***
D.shadoww: shows [Ad Kd] (two pair, Kings and Threes)
godgift1980: shows [Ac Ah] (two pair, Aces and Threes)
godgift1980 collected $40.26 from pot
*** SUMMARY ***
Total pot $41.76 | Rake $1.50 
Board [5s 3c 3s Th Ks]
Seat 1: Mahu2021 (button) folded before Flop (didn't bet)
Seat 2: D.shadoww (small blind) showed [Ad Kd] and lost with two pair, Kings and Threes
Seat 3: steveisaak (big blind) folded before Flop
Seat 4: godgift1980 showed [Ac Ah] and won ($40.26) with two pair, Aces and Threes
Seat 5: ValenFer777 folded before Flop (didn't bet)
Seat 6: 77irek folded before Flop (didn't bet)



PokerStars Zoom Hand #254445243522:  Hold'em No Limit ($0.05/$0.10) - 2025/01/19 11:54:29 CET [2025/01/19 5:54:29 ET]
Table 'Aludra' 6-max Seat #1 is the button
Seat 1: gogogo711 ($13.51 in chips) 
Seat 2: Mahu2021 ($6.29 in chips) 
Seat 3: 777aprilia ($5 in chips) 
Seat 4: standc ($12 in chips) 
Seat 5: takusun ($12.46 in chips) 
Seat 6: shortstackpro ($7.55 in chips) 
Mahu2021: posts small blind $0.05
777aprilia: posts big blind $0.10
*** HOLE CARDS ***
Dealt to Mahu2021 [6d 2s]
standc: raises $0.10 to $0.20
takusun: folds 
shortstackpro: folds 
gogogo711: calls $0.20
Mahu2021: folds 
777aprilia: calls $0.10
*** FLOP *** [2h 3c 2c]
777aprilia: checks 
standc: bets $0.31
gogogo711: folds 
777aprilia: folds 
Uncalled bet ($0.31) returned to standc
standc collected $0.62 from pot
standc: doesn't show hand 
*** SUMMARY ***
Total pot $0.65 | Rake $0.03 
Board [2h 3c 2c]
Seat 1: gogogo711 (button) folded on the Flop
Seat 2: Mahu2021 (small blind) folded before Flop
Seat 3: 777aprilia (big blind) folded on the Flop
Seat 4: standc collected ($0.62)
Seat 5: takusun folded before Flop (didn't bet)
Seat 6: shortstackpro folded before Flop (didn't bet)



PokerStars Zoom Hand #254445245323:  Hold'em No Limit ($0.05/$0.10) - 2025/01/19 11:54:43 CET [2025/01/19 5:54:43 ET]
Table 'Aludra' 6-max Seat #1 is the button
Seat 1: Mahu2021 ($6.14 in chips) 
Seat 2: allrauneR ($10.48 in chips) 
Seat 3: 777aprilia ($5 in chips) 
Seat 4: BReDnaya89 ($15.45 in chips) 
Seat 5: KandiKid1 ($9.44 in chips) 
Seat 6: sakaryo2140 ($20.64 in chips) 
allrauneR: posts small blind $0.05
777aprilia: posts big blind $0.10
*** HOLE CARDS ***
Dealt to Mahu2021 [Kd Jd]
BReDnaya89: folds 
KandiKid1: raises $0.20 to $0.30
sakaryo2140: folds 
Mahu2021: calls $0.30
allrauneR: folds 
777aprilia: raises $4.70 to $5 and is all-in
KandiKid1: calls $4.70
Mahu2021: folds 
*** FLOP *** [Qd 5c 6d]
*** TURN *** [Qd 5c 6d] [8c]
*** RIVER *** [Qd 5c 6d 8c] [5h]
*** SHOW DOWN ***
777aprilia: shows [As Kc] (a pair of Fives)
KandiKid1: shows [Ad Jc] (a pair of Fives - lower kicker)
777aprilia cashed out the hand for $7.20 | Cash Out Fee $0.15
*** SUMMARY ***
Total pot $10.35 | Rake $0.47 
Board [Qd 5c 6d 8c 5h]
Seat 1: Mahu2021 (button) folded before Flop
Seat 2: allrauneR (small blind) folded before Flop
Seat 3: 777aprilia (big blind) showed [As Kc] and won ($9.88) with a pair of Fives (pot not awarded as player cashed out)
Seat 4: BReDnaya89 folded before Flop (didn't bet)
Seat 5: KandiKid1 showed [Ad Jc] and lost with a pair of Fives
Seat 6: sakaryo2140 folded before Flop (didn't bet)



PokerStars Zoom Hand #254445246983:  Hold'em No Limit ($0.05/$0.10) - 2025/01/19 11:54:56 CET [2025/01/19 5:54:56 ET]
Table 'Aludra' 6-max Seat #1 is the button
Seat 1: Fabidro383 ($11.59 in chips) 
Seat 2: paulorudes ($6.43 in chips) 
Seat 3: merlinSmile ($31.46 in chips) 
Seat 4: PiNe4ppLe ($11.27 in chips) 
Seat 5: Diede777 ($1.43 in chips) 
Seat 6: Mahu2021 ($5.84 in chips) 
paulorudes: posts small blind $0.05
merlinSmile: posts big blind $0.10
*** HOLE CARDS ***
Dealt to Mahu2021 [5s 3c]
PiNe4ppLe: folds 
Diede777: calls $0.10
Mahu2021: folds 
Fabidro383: folds 
paulorudes: folds 
merlinSmile: raises $0.40 to $0.50
Diede777: calls $0.40
*** FLOP *** [Th Qd 3d]
merlinSmile: bets $0.35
Diede777: raises $0.58 to $0.93 and is all-in
merlinSmile: calls $0.58
*** TURN *** [Th Qd 3d] [8d]
*** RIVER *** [Th Qd 3d 8d] [6s]
*** SHOW DOWN ***
merlinSmile: shows [Tc As] (a pair of Tens)
Diede777: shows [7h 7c] (a pair of Sevens)
merlinSmile cashed out the hand for $2.49 | Cash Out Fee $0.05
*** SUMMARY ***
Total pot $2.91 | Rake $0.13 
Board [Th Qd 3d 8d 6s]
Seat 1: Fabidro383 (button) folded before Flop (didn't bet)
Seat 2: paulorudes (small blind) folded before Flop
Seat 3: merlinSmile (big blind) showed [Tc As] and won ($2.78) with a pair of Tens (pot not awarded as player cashed out)
Seat 4: PiNe4ppLe folded before Flop (didn't bet)
Seat 5: Diede777 showed [7h 7c] and lost with a pair of Sevens
Seat 6: Mahu2021 folded before Flop (didn't bet)



PokerStars Zoom Hand #254445247522:  Hold'em No Limit ($0.05/$0.10) - 2025/01/19 11:55:00 CET [2025/01/19 5:55:00 ET]
Table 'Aludra' 6-max Seat #1 is the button
Seat 1: Jajje7 ($14.27 in chips) 
Seat 2: Mahu2021 ($5.84 in chips) 
Seat 3: Fabidro383 ($11.59 in chips) 
Seat 4: godgift1980 ($40.26 in chips) 
Seat 5: paulorudes ($6.38 in chips) 
Seat 6: 77irek ($10.74 in chips) 
Mahu2021: posts small blind $0.05
Fabidro383: posts big blind $0.10
*** HOLE CARDS ***
Dealt to Mahu2021 [3d Ac]
godgift1980: folds 
paulorudes: folds 
77irek: folds 
Jajje7: raises $0.15 to $0.25
Mahu2021: calls $0.20
Fabidro383: folds 
*** FLOP *** [4c 5c 8s]
Mahu2021: checks 
Jajje7: checks 
*** TURN *** [4c 5c 8s] [Td]
Mahu2021: checks 
Jajje7: checks 
*** RIVER *** [4c 5c 8s Td] [7h]
Mahu2021: bets $0.20
Jajje7: folds 
Uncalled bet ($0.20) returned to Mahu2021
Mahu2021 collected $0.57 from pot
Mahu2021: doesn't show hand 
*** SUMMARY ***
Total pot $0.60 | Rake $0.03 
Board [4c 5c 8s Td 7h]
Seat 1: Jajje7 (button) folded on the River
Seat 2: Mahu2021 (small blind) collected ($0.57)
Seat 3: Fabidro383 (big blind) folded before Flop
Seat 4: godgift1980 folded before Flop (didn't bet)
Seat 5: paulorudes folded before Flop (didn't bet)
Seat 6: 77irek folded before Flop (didn't bet)



PokerStars Zoom Hand #254445251048:  Hold'em No Limit ($0.05/$0.10) - 2025/01/19 11:55:32 CET [2025/01/19 5:55:32 ET]
Table 'Aludra' 6-max Seat #1 is the button
Seat 1: Jajje7 ($10 in chips) 
Seat 2: allrauneR ($10.25 in chips) 
Seat 3: Mahu2021 ($6.16 in chips) 
Seat 4: 77irek ($11.64 in chips) 
Seat 5: gogogo711 ($13.16 in chips) 
Seat 6: gizmo666115 ($5.89 in chips) 
allrauneR: posts small blind $0.05
Mahu2021: posts big blind $0.10
*** HOLE CARDS ***
Dealt to Mahu2021 [Qd 6c]
77irek: folds 
gogogo711: raises $0.15 to $0.25
gizmo666115: folds 
Jajje7: folds 
allrauneR: folds 
Mahu2021: folds 
Uncalled bet ($0.15) returned to gogogo711
gogogo711 collected $0.25 from pot
gogogo711: doesn't show hand 
*** SUMMARY ***
Total pot $0.25 | Rake $0 
Seat 1: Jajje7 (button) folded before Flop (didn't bet)
Seat 2: allrauneR (small blind) folded before Flop
Seat 3: Mahu2021 (big blind) folded before Flop
Seat 4: 77irek folded before Flop (didn't bet)
Seat 5: gogogo711 collected ($0.25)
Seat 6: gizmo666115 folded before Flop (didn't bet)



PokerStars Zoom Hand #254445250676:  Hold'em No Limit ($0.05/$0.10) - 2025/01/19 11:55:29 CET [2025/01/19 5:55:29 ET]
Table 'Aludra' 6-max Seat #1 is the button
Seat 1: 77irek ($18.97 in chips) 
Seat 2: merlinSmile ($13.28 in chips) 
Seat 3: SolitaryDan ($16.54 in chips) 
Seat 4: gizmo666115 ($5.89 in chips) 
Seat 5: Mahu2021 ($6.16 in chips) 
Seat 6: Jajje7 ($13.36 in chips) 
merlinSmile: posts small blind $0.05
SolitaryDan: posts big blind $0.10
*** HOLE CARDS ***
Dealt to Mahu2021 [7c 5d]
gizmo666115: folds 
Mahu2021: folds 
Jajje7: folds 
77irek: folds 
merlinSmile: raises $0.15 to $0.25
SolitaryDan: calls $0.15
*** FLOP *** [Jc 6c As]
merlinSmile: bets $0.24
SolitaryDan: folds 
Uncalled bet ($0.24) returned to merlinSmile
merlinSmile collected $0.48 from pot
merlinSmile: doesn't show hand 
*** SUMMARY ***
Total pot $0.50 | Rake $0.02 
Board [Jc 6c As]
Seat 1: 77irek (button) folded before Flop (didn't bet)
Seat 2: merlinSmile (small blind) collected ($0.48)
Seat 3: SolitaryDan (big blind) folded on the Flop
Seat 4: gizmo666115 folded before Flop (didn't bet)
Seat 5: Mahu2021 folded before Flop (didn't bet)
Seat 6: Jajje7 folded before Flop (didn't bet)



PokerStars Zoom Hand #254445253216:  Hold'em No Limit ($0.05/$0.10) - 2025/01/19 11:55:52 CET [2025/01/19 5:55:52 ET]
Table 'Aludra' 6-max Seat #1 is the button
Seat 1: PiNe4ppLe ($15.43 in chips) 
Seat 2: D.shadoww ($10.49 in chips) 
Seat 3: Ironhelt ($16.76 in chips) 
Seat 4: looser00091 ($17.19 in chips) 
Seat 5: Mahu2021 ($6.06 in chips) 
Seat 6: schmitinho ($9.99 in chips) 
D.shadoww: posts small blind $0.05
Ironhelt: posts big blind $0.10
*** HOLE CARDS ***
Dealt to Mahu2021 [Jd Ad]
looser00091: folds 
Mahu2021: raises $0.20 to $0.30
schmitinho: folds 
PiNe4ppLe: folds 
D.shadoww: folds 
Ironhelt: folds 
Uncalled bet ($0.20) returned to Mahu2021
Mahu2021 collected $0.25 from pot
Mahu2021: doesn't show hand 
*** SUMMARY ***
Total pot $0.25 | Rake $0 
Seat 1: PiNe4ppLe (button) folded before Flop (didn't bet)
Seat 2: D.shadoww (small blind) folded before Flop
Seat 3: Ironhelt (big blind) folded before Flop
Seat 4: looser00091 folded before Flop (didn't bet)
Seat 5: Mahu2021 collected ($0.25)
Seat 6: schmitinho folded before Flop (didn't bet)



PokerStars Zoom Hand #254445252812:  Hold'em No Limit ($0.05/$0.10) - 2025/01/19 11:55:49 CET [2025/01/19 5:55:49 ET]
Table 'Aludra' 6-max Seat #1 is the button
Seat 1: abelll115 ($8.33 in chips) 
Seat 2: ValenFer777 ($7.32 in chips) 
Seat 3: steveisaak ($10.36 in chips) 
Seat 4: georgerzs13 ($9.31 in chips) 
Seat 5: Mahu2021 ($6.06 in chips) 
Seat 6: 77irek ($19.02 in chips) 
ValenFer777: posts small blind $0.05
steveisaak: posts big blind $0.10
*** HOLE CARDS ***
Dealt to Mahu2021 [Jc 5c]
georgerzs13: calls $0.10
Mahu2021: folds 
77irek: folds 
abelll115: folds 
ValenFer777: raises $0.20 to $0.30
steveisaak: calls $0.20
georgerzs13: calls $0.20
*** FLOP *** [Jd 6s Ts]
ValenFer777: bets $0.27
steveisaak: folds 
georgerzs13: calls $0.27
*** TURN *** [Jd 6s Ts] [Td]
ValenFer777: checks 
georgerzs13: checks 
*** RIVER *** [Jd 6s Ts Td] [8h]
ValenFer777: checks 
georgerzs13: bets $0.50
ValenFer777: calls $0.50
*** SHOW DOWN ***
georgerzs13: shows [Kh Tc] (three of a kind, Tens)
ValenFer777: mucks hand 
georgerzs13 collected $2.33 from pot
*** SUMMARY ***
Total pot $2.44 | Rake $0.11 
Board [Jd 6s Ts Td 8h]
Seat 1: abelll115 (button) folded before Flop (didn't bet)
Seat 2: ValenFer777 (small blind) mucked [9s Js]
Seat 3: steveisaak (big blind) folded on the Flop
Seat 4: georgerzs13 showed [Kh Tc] and won ($2.33) with three of a kind, Tens
Seat 5: Mahu2021 folded before Flop (didn't bet)
Seat 6: 77irek folded before Flop (didn't bet)



PokerStars Zoom Hand #254445254281:  Hold'em No Limit ($0.05/$0.10) - 2025/01/19 11:56:02 CET [2025/01/19 5:56:02 ET]
Table 'Aludra' 6-max Seat #1 is the button
Seat 1: Mahu2021 ($6.21 in chips) 
Seat 2: PiNe4ppLe ($15.43 in chips) 
Seat 3: R4FuN.II ($10 in chips) 
Seat 4: bombayXIII ($7.49 in chips) 
Seat 5: merlinSmile ($13.51 in chips) 
Seat 6: D.shadoww ($10.44 in chips) 
PiNe4ppLe: posts small blind $0.05
R4FuN.II: posts big blind $0.10
*** HOLE CARDS ***
Dealt to Mahu2021 [2d 2c]
bombayXIII: folds 
merlinSmile: folds 
D.shadoww: folds 
Mahu2021: raises $0.10 to $0.20
PiNe4ppLe: raises $0.60 to $0.80
R4FuN.II: folds 
Mahu2021: raises $5.41 to $6.21 and is all-in
PiNe4ppLe: folds 
Uncalled bet ($5.41) returned to Mahu2021
Mahu2021 collected $1.70 from pot
Mahu2021: doesn't show hand 
*** SUMMARY ***
Total pot $1.70 | Rake $0 
Seat 1: Mahu2021 (button) collected ($1.70)
Seat 2: PiNe4ppLe (small blind) folded before Flop
Seat 3: R4FuN.II (big blind) folded before Flop
Seat 4: bombayXIII folded before Flop (didn't bet)
Seat 5: merlinSmile folded before Flop (didn't bet)
Seat 6: D.shadoww folded before Flop (didn't bet)



PokerStars Zoom Hand #254445256397:  Hold'em No Limit ($0.05/$0.10) - 2025/01/19 11:56:22 CET [2025/01/19 5:56:22 ET]
Table 'Aludra' 6-max Seat #1 is the button
Seat 1: 77irek ($19.12 in chips) 
Seat 2: SolitaryDan ($16.04 in chips) 
Seat 3: PiNe4ppLe ($14.63 in chips) 
Seat 4: merlinSmile ($13.41 in chips) 
Seat 5: kiks220272 ($11.03 in chips) 
Seat 6: Mahu2021 ($7.11 in chips) 
SolitaryDan: posts small blind $0.05
PiNe4ppLe: posts big blind $0.10
*** HOLE CARDS ***
Dealt to Mahu2021 [Qc Ah]
merlinSmile: folds 
kiks220272: folds 
Mahu2021: raises $0.20 to $0.30
77irek: folds 
SolitaryDan: folds 
PiNe4ppLe: folds 
Uncalled bet ($0.20) returned to Mahu2021
Mahu2021 collected $0.25 from pot
Mahu2021: doesn't show hand 
*** SUMMARY ***
Total pot $0.25 | Rake $0 
Seat 1: 77irek (button) folded before Flop (didn't bet)
Seat 2: SolitaryDan (small blind) folded before Flop
Seat 3: PiNe4ppLe (big blind) folded before Flop
Seat 4: merlinSmile folded before Flop (didn't bet)
Seat 5: kiks220272 folded before Flop (didn't bet)
Seat 6: Mahu2021 collected ($0.25)



PokerStars Zoom Hand #254445258335:  Hold'em No Limit ($0.05/$0.10) - 2025/01/19 11:56:40 CET [2025/01/19 5:56:40 ET]
Table 'Aludra' 6-max Seat #1 is the button
Seat 1: kiks220272 ($10.98 in chips) 
Seat 2: looser00091 ($11.98 in chips) 
Seat 3: BReDnaya89 ($16.47 in chips) 
Seat 4: Mahu2021 ($7.26 in chips) 
Seat 5: Ironhelt ($16.36 in chips) 
Seat 6: takusun ($13.02 in chips) 
looser00091: posts small blind $0.05
BReDnaya89: posts big blind $0.10
*** HOLE CARDS ***
Dealt to Mahu2021 [5h 9h]
Mahu2021: folds 
Ironhelt: folds 
takusun: raises $0.20 to $0.30
kiks220272: folds 
looser00091: folds 
BReDnaya89: folds 
Uncalled bet ($0.20) returned to takusun
takusun collected $0.25 from pot
takusun: doesn't show hand 
*** SUMMARY ***
Total pot $0.25 | Rake $0 
Seat 1: kiks220272 (button) folded before Flop (didn't bet)
Seat 2: looser00091 (small blind) folded before Flop
Seat 3: BReDnaya89 (big blind) folded before Flop
Seat 4: Mahu2021 folded before Flop (didn't bet)
Seat 5: Ironhelt folded before Flop (didn't bet)
Seat 6: takusun collected ($0.25)



PokerStars Zoom Hand #254445258808:  Hold'em No Limit ($0.05/$0.10) - 2025/01/19 11:56:44 CET [2025/01/19 5:56:44 ET]
Table 'Aludra' 6-max Seat #1 is the button
Seat 1: PiNe4ppLe ($14.53 in chips) 
Seat 2: merlinSmile ($13.41 in chips) 
Seat 3: BankerBob ($10 in chips) 
Seat 4: Mahu2021 ($7.26 in chips) 
Seat 5: lost chans ($26.29 in chips) 
Seat 6: R4FuN.II ($10.15 in chips) 
merlinSmile: posts small blind $0.05
BankerBob: posts big blind $0.10
*** HOLE CARDS ***
Dealt to Mahu2021 [Ac As]
Mahu2021: raises $0.20 to $0.30
lost chans: folds 
R4FuN.II: folds 
PiNe4ppLe: folds 
merlinSmile: folds 
BankerBob: folds 
Uncalled bet ($0.20) returned to Mahu2021
Mahu2021 collected $0.25 from pot
Mahu2021: doesn't show hand 
*** SUMMARY ***
Total pot $0.25 | Rake $0 
Seat 1: PiNe4ppLe (button) folded before Flop (didn't bet)
Seat 2: merlinSmile (small blind) folded before Flop
Seat 3: BankerBob (big blind) folded before Flop
Seat 4: Mahu2021 collected ($0.25)
Seat 5: lost chans folded before Flop (didn't bet)
Seat 6: R4FuN.II folded before Flop (didn't bet)



PokerStars Zoom Hand #254445260610:  Hold'em No Limit ($0.05/$0.10) - 2025/01/19 11:57:01 CET [2025/01/19 5:57:01 ET]
Table 'Aludra' 6-max Seat #1 is the button
Seat 1: PiNe4ppLe ($16.81 in chips) 
Seat 2: merlinSmile ($11.54 in chips) 
Seat 3: Mahu2021 ($7.41 in chips) 
Seat 4: gogogo711 ($13.11 in chips) 
Seat 5: 777aprilia ($3.85 in chips) 
Seat 6: takusun ($12.99 in chips) 
merlinSmile: posts small blind $0.05
Mahu2021: posts big blind $0.10
*** HOLE CARDS ***
Dealt to Mahu2021 [As Qs]
gogogo711: folds 
777aprilia: folds 
takusun: raises $0.20 to $0.30
PiNe4ppLe: folds 
merlinSmile: folds 
Mahu2021: calls $0.20
*** FLOP *** [6h 6d Th]
Mahu2021: checks 
takusun: bets $0.21
Mahu2021: calls $0.21
*** TURN *** [6h 6d Th] [5h]
Mahu2021: checks 
takusun: checks 
*** RIVER *** [6h 6d Th 5h] [4d]
Mahu2021: checks 
takusun: checks 
*** SHOW DOWN ***
Mahu2021: shows [As Qs] (a pair of Sixes)
takusun: shows [Kd Ac] (a pair of Sixes - Ace+King kicker)
takusun collected $1.02 from pot
*** SUMMARY ***
Total pot $1.07 | Rake $0.05 
Board [6h 6d Th 5h 4d]
Seat 1: PiNe4ppLe (button) folded before Flop (didn't bet)
Seat 2: merlinSmile (small blind) folded before Flop
Seat 3: Mahu2021 (big blind) showed [As Qs] and lost with a pair of Sixes
Seat 4: gogogo711 folded before Flop (didn't bet)
Seat 5: 777aprilia folded before Flop (didn't bet)
Seat 6: takusun showed [Kd Ac] and won ($1.02) with a pair of Sixes



PokerStars Zoom Hand #254445263734:  Hold'em No Limit ($0.05/$0.10) - 2025/01/19 11:57:30 CET [2025/01/19 5:57:30 ET]
Table 'Aludra' 6-max Seat #1 is the button
Seat 1: kyus83 ($11.01 in chips) 
Seat 2: Mahu2021 ($6.90 in chips) 
Seat 3: PiNe4ppLe ($16.81 in chips) 
Seat 4: D.shadoww ($17.55 in chips) 
Seat 5: gogogo711 ($12.96 in chips) 
Seat 6: schmitinho ($9.14 in chips) 
Mahu2021: posts small blind $0.05
PiNe4ppLe: posts big blind $0.10
*** HOLE CARDS ***
Dealt to Mahu2021 [6d 2h]
D.shadoww: folds 
gogogo711: raises $0.15 to $0.25
schmitinho: folds 
kyus83: folds 
Mahu2021: folds 
PiNe4ppLe: folds 
Uncalled bet ($0.15) returned to gogogo711
gogogo711 collected $0.25 from pot
gogogo711: doesn't show hand 
*** SUMMARY ***
Total pot $0.25 | Rake $0 
Seat 1: kyus83 (button) folded before Flop (didn't bet)
Seat 2: Mahu2021 (small blind) folded before Flop
Seat 3: PiNe4ppLe (big blind) folded before Flop
Seat 4: D.shadoww folded before Flop (didn't bet)
Seat 5: gogogo711 collected ($0.25)
Seat 6: schmitinho folded before Flop (didn't bet)



PokerStars Zoom Hand #254445264414:  Hold'em No Limit ($0.05/$0.10) - 2025/01/19 11:57:36 CET [2025/01/19 5:57:36 ET]
Table 'Aludra' 6-max Seat #1 is the button
Seat 1: Mahu2021 ($6.85 in chips) 
Seat 2: abelll115 ($7.86 in chips) 
Seat 3: PiNe4ppLe ($12.05 in chips) 
Seat 4: 777aprilia ($6.58 in chips) 
Seat 5: schmitinho ($9.14 in chips) 
Seat 6: looser00091 ($17.39 in chips) 
abelll115: posts small blind $0.05
PiNe4ppLe: posts big blind $0.10
*** HOLE CARDS ***
Dealt to Mahu2021 [4d 4s]
777aprilia: folds 
schmitinho: folds 
looser00091: folds 
Mahu2021: raises $0.20 to $0.30
abelll115: folds 
PiNe4ppLe: raises $0.60 to $0.90
Mahu2021: calls $0.60
*** FLOP *** [Ts 3c 6h]
PiNe4ppLe: bets $0.53
Mahu2021: calls $0.53
*** TURN *** [Ts 3c 6h] [6d]
PiNe4ppLe: checks 
Mahu2021: bets $5.42 and is all-in
PiNe4ppLe: folds 
Uncalled bet ($5.42) returned to Mahu2021
Mahu2021 collected $2.78 from pot
Mahu2021: doesn't show hand 
*** SUMMARY ***
Total pot $2.91 | Rake $0.13 
Board [Ts 3c 6h 6d]
Seat 1: Mahu2021 (button) collected ($2.78)
Seat 2: abelll115 (small blind) folded before Flop
Seat 3: PiNe4ppLe (big blind) folded on the Turn
Seat 4: 777aprilia folded before Flop (didn't bet)
Seat 5: schmitinho folded before Flop (didn't bet)
Seat 6: looser00091 folded before Flop (didn't bet)



PokerStars Zoom Hand #254445274494:  Hold'em No Limit ($0.05/$0.10) - 2025/01/19 11:59:07 CET [2025/01/19 5:59:07 ET]
Table 'Aludra' 6-max Seat #1 is the button
Seat 1: steveisaak ($10 in chips) 
Seat 2: looser00091 ($17.29 in chips) 
Seat 3: Panda_Pooh_od ($10 in chips) 
Seat 4: Mahu2021 ($8.20 in chips) 
Seat 5: kyus83 ($11.48 in chips) 
Seat 6: 777aprilia ($3.95 in chips) 
looser00091: posts small blind $0.05
Panda_Pooh_od: posts big blind $0.10
*** HOLE CARDS ***
Dealt to Mahu2021 [7h As]
Mahu2021: folds 
kyus83: folds 
777aprilia: folds 
steveisaak: folds 
looser00091: folds 
Uncalled bet ($0.05) returned to Panda_Pooh_od
Panda_Pooh_od collected $0.10 from pot
Panda_Pooh_od: doesn't show hand 
*** SUMMARY ***
Total pot $0.10 | Rake $0 
Seat 1: steveisaak (button) folded before Flop (didn't bet)
Seat 2: looser00091 (small blind) folded before Flop
Seat 3: Panda_Pooh_od (big blind) collected ($0.10)
Seat 4: Mahu2021 folded before Flop (didn't bet)
Seat 5: kyus83 folded before Flop (didn't bet)
Seat 6: 777aprilia folded before Flop (didn't bet)



PokerStars Zoom Hand #254445274983:  Hold'em No Limit ($0.05/$0.10) - 2025/01/19 11:59:11 CET [2025/01/19 5:59:11 ET]
Table 'Aludra' 6-max Seat #1 is the button
Seat 1: PiNe4ppLe ($17.06 in chips) 
Seat 2: kyus83 ($11.48 in chips) 
Seat 3: R4FuN.II ($10.28 in chips) 
Seat 4: seonghwee ($14.85 in chips) 
Seat 5: SolitaryDan ($17.90 in chips) 
Seat 6: Mahu2021 ($8.20 in chips) 
kyus83: posts small blind $0.05
R4FuN.II: posts big blind $0.10
*** HOLE CARDS ***
Dealt to Mahu2021 [8s 5c]
seonghwee: folds 
SolitaryDan: raises $0.15 to $0.25
Mahu2021: folds 
PiNe4ppLe: folds 
kyus83: folds 
R4FuN.II: folds 
Uncalled bet ($0.15) returned to SolitaryDan
SolitaryDan collected $0.25 from pot
SolitaryDan: doesn't show hand 
*** SUMMARY ***
Total pot $0.25 | Rake $0 
Seat 1: PiNe4ppLe (button) folded before Flop (didn't bet)
Seat 2: kyus83 (small blind) folded before Flop
Seat 3: R4FuN.II (big blind) folded before Flop
Seat 4: seonghwee folded before Flop (didn't bet)
Seat 5: SolitaryDan collected ($0.25)
Seat 6: Mahu2021 folded before Flop (didn't bet)



PokerStars Zoom Hand #254445273822:  Hold'em No Limit ($0.05/$0.10) - 2025/01/19 11:59:01 CET [2025/01/19 5:59:01 ET]
Table 'Aludra' 6-max Seat #1 is the button
Seat 1: kyus83 ($11.48 in chips) 
Seat 2: gogogo711 ($13.85 in chips) 
Seat 3: Ironhelt ($10 in chips) 
Seat 4: allrauneR ($9.95 in chips) 
Seat 5: shortstackpro ($5.73 in chips) 
Seat 6: Mahu2021 ($8.20 in chips) 
gogogo711: posts small blind $0.05
Ironhelt: posts big blind $0.10
*** HOLE CARDS ***
Dealt to Mahu2021 [4d Ah]
allrauneR: folds 
shortstackpro: raises $0.10 to $0.20
Mahu2021: folds 
kyus83: folds 
gogogo711: folds 
Ironhelt: calls $0.10
*** FLOP *** [Qc 8d 2h]
Ironhelt: checks 
shortstackpro: bets $0.43
Ironhelt: folds 
Uncalled bet ($0.43) returned to shortstackpro
shortstackpro collected $0.43 from pot
shortstackpro: doesn't show hand 
*** SUMMARY ***
Total pot $0.45 | Rake $0.02 
Board [Qc 8d 2h]
Seat 1: kyus83 (button) folded before Flop (didn't bet)
Seat 2: gogogo711 (small blind) folded before Flop
Seat 3: Ironhelt (big blind) folded on the Flop
Seat 4: allrauneR folded before Flop (didn't bet)
Seat 5: shortstackpro collected ($0.43)
Seat 6: Mahu2021 folded before Flop (didn't bet)



PokerStars Zoom Hand #254445275457:  Hold'em No Limit ($0.05/$0.10) - 2025/01/19 11:59:15 CET [2025/01/19 5:59:15 ET]
Table 'Aludra' 6-max Seat #1 is the button
Seat 1: allrauneR ($9.95 in chips) 
Seat 2: seonghwee ($14.85 in chips) 
Seat 3: ChoboPower ($24.62 in chips) 
Seat 4: Mahu2021 ($8.20 in chips) 
Seat 5: Gapcia777 ($9.75 in chips) 
Seat 6: schmitinho ($9.19 in chips) 
seonghwee: posts small blind $0.05
ChoboPower: posts big blind $0.10
*** HOLE CARDS ***
Dealt to Mahu2021 [Ks Jh]
Mahu2021: folds 
Gapcia777: folds 
schmitinho: folds 
allrauneR: raises $0.10 to $0.20
seonghwee: folds 
ChoboPower: calls $0.10
*** FLOP *** [3h Th Ah]
ChoboPower: checks 
allrauneR: bets $0.43
ChoboPower: folds 
Uncalled bet ($0.43) returned to allrauneR
allrauneR collected $0.43 from pot
allrauneR: doesn't show hand 
*** SUMMARY ***
Total pot $0.45 | Rake $0.02 
Board [3h Th Ah]
Seat 1: allrauneR (button) collected ($0.43)
Seat 2: seonghwee (small blind) folded before Flop
Seat 3: ChoboPower (big blind) folded on the Flop
Seat 4: Mahu2021 folded before Flop (didn't bet)
Seat 5: Gapcia777 folded before Flop (didn't bet)
Seat 6: schmitinho folded before Flop (didn't bet)



PokerStars Zoom Hand #254445275933:  Hold'em No Limit ($0.05/$0.10) - 2025/01/19 11:59:19 CET [2025/01/19 5:59:19 ET]
Table 'Aludra' 6-max Seat #1 is the button
Seat 1: gogogo711 ($13.80 in chips) 
Seat 2: Gapcia777 ($9.75 in chips) 
Seat 3: Mahu2021 ($8.20 in chips) 
Seat 4: ValenFer777 ($7.57 in chips) 
Seat 5: gizmo666115 ($6.29 in chips) 
Seat 6: lost chans ($26.88 in chips) 
Gapcia777: posts small blind $0.05
Mahu2021: posts big blind $0.10
*** HOLE CARDS ***
Dealt to Mahu2021 [9h 6c]
ValenFer777: folds 
gizmo666115: calls $0.10
lost chans: folds 
gogogo711: folds 
Gapcia777: calls $0.05
Mahu2021: checks 
*** FLOP *** [4c 4h 8c]
Gapcia777: checks 
Mahu2021: checks 
gizmo666115: checks 
*** TURN *** [4c 4h 8c] [7h]
Gapcia777: checks 
Mahu2021: checks 
gizmo666115: bets $0.10
Gapcia777: calls $0.10
Mahu2021: calls $0.10
*** RIVER *** [4c 4h 8c 7h] [Ac]
Gapcia777: checks 
Mahu2021: checks 
gizmo666115: bets $0.10
Gapcia777: folds 
Mahu2021: folds 
Uncalled bet ($0.10) returned to gizmo666115
gizmo666115 collected $0.57 from pot
gizmo666115: doesn't show hand 
*** SUMMARY ***
Total pot $0.60 | Rake $0.03 
Board [4c 4h 8c 7h Ac]
Seat 1: gogogo711 (button) folded before Flop (didn't bet)
Seat 2: Gapcia777 (small blind) folded on the River
Seat 3: Mahu2021 (big blind) folded on the River
Seat 4: ValenFer777 folded before Flop (didn't bet)
Seat 5: gizmo666115 collected ($0.57)
Seat 6: lost chans folded before Flop (didn't bet)



PokerStars Zoom Hand #254445279099:  Hold'em No Limit ($0.05/$0.10) - 2025/01/19 11:59:47 CET [2025/01/19 5:59:47 ET]
Table 'Aludra' 6-max Seat #1 is the button
Seat 1: PiNe4ppLe ($11.73 in chips) 
Seat 2: Mahu2021 ($8 in chips) 
Seat 3: schmitinho ($9.14 in chips) 
Seat 4: gogogo711 ($31.19 in chips) 
Seat 5: ValenFer777 ($4.55 in chips) 
Seat 6: looser00091 ($14.87 in chips) 
Mahu2021: posts small blind $0.05
schmitinho: posts big blind $0.10
*** HOLE CARDS ***
Dealt to Mahu2021 [9c 4d]
gogogo711: folds 
ValenFer777: folds 
looser00091: folds 
PiNe4ppLe: raises $0.15 to $0.25
Mahu2021: folds 
schmitinho: folds 
Uncalled bet ($0.15) returned to PiNe4ppLe
PiNe4ppLe collected $0.25 from pot
PiNe4ppLe: doesn't show hand 
*** SUMMARY ***
Total pot $0.25 | Rake $0 
Seat 1: PiNe4ppLe (button) collected ($0.25)
Seat 2: Mahu2021 (small blind) folded before Flop
Seat 3: schmitinho (big blind) folded before Flop
Seat 4: gogogo711 folded before Flop (didn't bet)
Seat 5: ValenFer777 folded before Flop (didn't bet)
Seat 6: looser00091 folded before Flop (didn't bet)



PokerStars Zoom Hand #254445280003:  Hold'em No Limit ($0.05/$0.10) - 2025/01/19 11:59:55 CET [2025/01/19 5:59:55 ET]
Table 'Aludra' 6-max Seat #1 is the button
Seat 1: Mahu2021 ($7.95 in chips) 
Seat 2: kyus83 ($11.33 in chips) 
Seat 3: totway ($10 in chips) 
Seat 4: gizmo666115 ($6.66 in chips) 
Seat 5: shortstackpro ($5.86 in chips) 
Seat 6: seonghwee ($13.69 in chips) 
kyus83: posts small blind $0.05
totway: posts big blind $0.10
*** HOLE CARDS ***
Dealt to Mahu2021 [Kh Td]
gizmo666115: calls $0.10
shortstackpro: folds 
seonghwee: folds 
Mahu2021: raises $0.20 to $0.30
kyus83: folds 
totway: calls $0.20
gizmo666115: calls $0.20
*** FLOP *** [Jc 3c 7c]
totway: checks 
gizmo666115: checks 
Mahu2021: checks 
*** TURN *** [Jc 3c 7c] [9h]
totway: checks 
gizmo666115: bets $0.91
Mahu2021: folds 
totway: folds 
Uncalled bet ($0.91) returned to gizmo666115
gizmo666115 collected $0.91 from pot
gizmo666115: doesn't show hand 
*** SUMMARY ***
Total pot $0.95 | Rake $0.04 
Board [Jc 3c 7c 9h]
Seat 1: Mahu2021 (button) folded on the Turn
Seat 2: kyus83 (small blind) folded before Flop
Seat 3: totway (big blind) folded on the Turn
Seat 4: gizmo666115 collected ($0.91)
Seat 5: shortstackpro folded before Flop (didn't bet)
Seat 6: seonghwee folded before Flop (didn't bet)



PokerStars Zoom Hand #254445284331:  Hold'em No Limit ($0.05/$0.10) - 2025/01/19 12:00:32 CET [2025/01/19 6:00:32 ET]
Table 'Aludra' 6-max Seat #1 is the button
Seat 1: steveisaak ($22.68 in chips) 
Seat 2: thedude1320 ($10 in chips) 
Seat 3: seonghwee ($27.12 in chips) 
Seat 4: D.shadoww ($10 in chips) 
Seat 5: paulorudes ($3.76 in chips) 
Seat 6: Mahu2021 ($7.65 in chips) 
thedude1320: posts small blind $0.05
seonghwee: posts big blind $0.10
*** HOLE CARDS ***
Dealt to Mahu2021 [4h Jc]
D.shadoww: folds 
paulorudes: raises $0.10 to $0.20
Mahu2021: folds 
steveisaak: calls $0.20
thedude1320: folds 
seonghwee: folds 
*** FLOP *** [Ts As 9d]
paulorudes: checks 
steveisaak: checks 
*** TURN *** [Ts As 9d] [4s]
paulorudes: checks 
steveisaak: checks 
*** RIVER *** [Ts As 9d 4s] [3h]
paulorudes: bets $0.53
steveisaak: folds 
Uncalled bet ($0.53) returned to paulorudes
paulorudes collected $0.53 from pot
paulorudes: doesn't show hand 
*** SUMMARY ***
Total pot $0.55 | Rake $0.02 
Board [Ts As 9d 4s 3h]
Seat 1: steveisaak (button) folded on the River
Seat 2: thedude1320 (small blind) folded before Flop
Seat 3: seonghwee (big blind) folded before Flop
Seat 4: D.shadoww folded before Flop (didn't bet)
Seat 5: paulorudes collected ($0.53)
Seat 6: Mahu2021 folded before Flop (didn't bet)



PokerStars Zoom Hand #254445285056:  Hold'em No Limit ($0.05/$0.10) - 2025/01/19 12:00:38 CET [2025/01/19 6:00:38 ET]
Table 'Aludra' 6-max Seat #1 is the button
Seat 1: royacht ($9.85 in chips) 
Seat 2: 777aprilia ($5.81 in chips) 
Seat 3: me have it ($10 in chips) 
Seat 4: shortstackpro ($5.81 in chips) 
Seat 5: Mahu2021 ($7.65 in chips) 
Seat 6: isieisli ($40.98 in chips) 
777aprilia: posts small blind $0.05
me have it: posts big blind $0.10
*** HOLE CARDS ***
Dealt to Mahu2021 [Ad 4d]
shortstackpro: folds 
Mahu2021: raises $0.14 to $0.24
isieisli: calls $0.24
royacht: folds 
777aprilia: folds 
me have it: folds 
*** FLOP *** [As 8s 4s]
Mahu2021: bets $0.20
isieisli: calls $0.20
*** TURN *** [As 8s 4s] [4h]
Mahu2021: bets $0.20
isieisli: raises $0.40 to $0.60
Mahu2021: raises $0.70 to $1.30
isieisli: calls $0.70
*** RIVER *** [As 8s 4s 4h] [5s]
Mahu2021: bets $0.90
isieisli: raises $0.90 to $1.80
Mahu2021: raises $4.11 to $5.91 and is all-in
isieisli: calls $4.11
*** SHOW DOWN ***
Mahu2021: shows [Ad 4d] (a full house, Fours full of Aces)
isieisli: shows [Ts Ks] (a flush, Ace high)
Mahu2021 collected $14.75 from pot
*** SUMMARY ***
Total pot $15.45 | Rake $0.70 
Board [As 8s 4s 4h 5s]
Seat 1: royacht (button) folded before Flop (didn't bet)
Seat 2: 777aprilia (small blind) folded before Flop
Seat 3: me have it (big blind) folded before Flop
Seat 4: shortstackpro folded before Flop (didn't bet)
Seat 5: Mahu2021 showed [Ad 4d] and won ($14.75) with a full house, Fours full of Aces
Seat 6: isieisli showed [Ts Ks] and lost with a flush, Ace high



