PokerStars Hand #248949669442: Tournament #3717403965, $1.84+$0.16 USD Hold'em No Limit - Level I (10/20) - 2024/02/18 14:36:26 CET [2024/02/18 8:36:26 ET]
Table '3717403965 1' 3-max Seat #1 is the button
Seat 1: ralu31 (500 in chips) 
Seat 2: Mahu2021 (500 in chips) 
Seat 3: Praenomen S (500 in chips) 
Mahu2021: posts small blind 10
Praenomen S: posts big blind 20
*** HOLE CARDS ***
Dealt to Mahu2021 [9h Th]
ralu31: raises 480 to 500 and is all-in
Mahu2021: folds 
Praenomen S: folds 
Uncalled bet (480) returned to ralu31
ralu31 collected 50 from pot
*** SUMMARY ***
Total pot 50 | Rake 0 
Seat 1: ralu31 (button) collected (50)
Seat 2: Mahu2021 (small blind) folded before Flop
Seat 3: Praenomen S (big blind) folded before Flop



PokerStars Hand #248949671507: Tournament #3717403965, $1.84+$0.16 USD Hold'em No Limit - Level I (10/20) - 2024/02/18 14:36:36 CET [2024/02/18 8:36:36 ET]
Table '3717403965 1' 3-max Seat #2 is the button
Seat 1: ralu31 (530 in chips) 
Seat 2: Mahu2021 (490 in chips) 
Seat 3: Praenomen S (480 in chips) 
Praenomen S: posts small blind 10
ralu31: posts big blind 20
*** HOLE CARDS ***
Dealt to Mahu2021 [4d 6s]
Mahu2021: folds 
Praenomen S: folds 
Uncalled bet (10) returned to ralu31
ralu31 collected 20 from pot
*** SUMMARY ***
Total pot 20 | Rake 0 
Seat 1: ralu31 (big blind) collected (20)
Seat 2: Mahu2021 (button) folded before Flop (didn't bet)
Seat 3: Praenomen S (small blind) folded before Flop



PokerStars Hand #248949672554: Tournament #3717403965, $1.84+$0.16 USD Hold'em No Limit - Level I (10/20) - 2024/02/18 14:36:41 CET [2024/02/18 8:36:41 ET]
Table '3717403965 1' 3-max Seat #3 is the button
Seat 1: ralu31 (540 in chips) 
Seat 2: Mahu2021 (490 in chips) 
Seat 3: Praenomen S (470 in chips) 
ralu31: posts small blind 10
Mahu2021: posts big blind 20
*** HOLE CARDS ***
Dealt to Mahu2021 [Qs 9h]
Praenomen S: folds 
ralu31: folds 
Uncalled bet (10) returned to Mahu2021
Mahu2021 collected 20 from pot
Mahu2021: doesn't show hand 
*** SUMMARY ***
Total pot 20 | Rake 0 
Seat 1: ralu31 (small blind) folded before Flop
Seat 2: Mahu2021 (big blind) collected (20)
Seat 3: Praenomen S (button) folded before Flop (didn't bet)



PokerStars Hand #248949673580: Tournament #3717403965, $1.84+$0.16 USD Hold'em No Limit - Level I (10/20) - 2024/02/18 14:36:45 CET [2024/02/18 8:36:45 ET]
Table '3717403965 1' 3-max Seat #1 is the button
Seat 1: ralu31 (530 in chips) 
Seat 2: Mahu2021 (500 in chips) 
Seat 3: Praenomen S (470 in chips) 
Mahu2021: posts small blind 10
Praenomen S: posts big blind 20
*** HOLE CARDS ***
Dealt to Mahu2021 [2d 7h]
ralu31: folds 
Mahu2021: folds 
Uncalled bet (10) returned to Praenomen S
Praenomen S collected 20 from pot
Praenomen S: doesn't show hand 
*** SUMMARY ***
Total pot 20 | Rake 0 
Seat 1: ralu31 (button) folded before Flop (didn't bet)
Seat 2: Mahu2021 (small blind) folded before Flop
Seat 3: Praenomen S (big blind) collected (20)



PokerStars Hand #248949674530: Tournament #3717403965, $1.84+$0.16 USD Hold'em No Limit - Level I (10/20) - 2024/02/18 14:36:50 CET [2024/02/18 8:36:50 ET]
Table '3717403965 1' 3-max Seat #2 is the button
Seat 1: ralu31 (530 in chips) 
Seat 2: Mahu2021 (490 in chips) 
Seat 3: Praenomen S (480 in chips) 
Praenomen S: posts small blind 10
ralu31: posts big blind 20
*** HOLE CARDS ***
Dealt to Mahu2021 [4h Kh]
Mahu2021: raises 20 to 40
Praenomen S: calls 30
ralu31: calls 20
*** FLOP *** [5c 8h Kd]
Praenomen S: checks 
ralu31: checks 
Mahu2021: bets 40
Praenomen S: folds 
ralu31: calls 40
*** TURN *** [5c 8h Kd] [4d]
ralu31: bets 20
Mahu2021: raises 80 to 100
ralu31: calls 80
*** RIVER *** [5c 8h Kd 4d] [7c]
ralu31: checks 
Mahu2021: checks 
*** SHOW DOWN ***
ralu31: shows [Td Jd] (high card King)
Mahu2021: shows [4h Kh] (two pair, Kings and Fours)
Mahu2021 collected 400 from pot
*** SUMMARY ***
Total pot 400 | Rake 0 
Board [5c 8h Kd 4d 7c]
Seat 1: ralu31 (big blind) showed [Td Jd] and lost with high card King
Seat 2: Mahu2021 (button) showed [4h Kh] and won (400) with two pair, Kings and Fours
Seat 3: Praenomen S (small blind) folded on the Flop



PokerStars Hand #248949681856: Tournament #3717403965, $1.84+$0.16 USD Hold'em No Limit - Level I (10/20) - 2024/02/18 14:37:23 CET [2024/02/18 8:37:23 ET]
Table '3717403965 1' 3-max Seat #3 is the button
Seat 1: ralu31 (350 in chips) 
Seat 2: Mahu2021 (710 in chips) 
Seat 3: Praenomen S (440 in chips) 
ralu31: posts small blind 10
Mahu2021: posts big blind 20
*** HOLE CARDS ***
Dealt to Mahu2021 [2s 4s]
Praenomen S: folds 
ralu31: raises 330 to 350 and is all-in
Mahu2021: folds 
Uncalled bet (330) returned to ralu31
ralu31 collected 40 from pot
*** SUMMARY ***
Total pot 40 | Rake 0 
Seat 1: ralu31 (small blind) collected (40)
Seat 2: Mahu2021 (big blind) folded before Flop
Seat 3: Praenomen S (button) folded before Flop (didn't bet)



PokerStars Hand #248949683242: Tournament #3717403965, $1.84+$0.16 USD Hold'em No Limit - Level I (10/20) - 2024/02/18 14:37:30 CET [2024/02/18 8:37:30 ET]
Table '3717403965 1' 3-max Seat #1 is the button
Seat 1: ralu31 (370 in chips) 
Seat 2: Mahu2021 (690 in chips) 
Seat 3: Praenomen S (440 in chips) 
Mahu2021: posts small blind 10
Praenomen S: posts big blind 20
*** HOLE CARDS ***
Dealt to Mahu2021 [2c Ks]
ralu31: raises 20 to 40
Mahu2021: folds 
Praenomen S: folds 
Uncalled bet (20) returned to ralu31
ralu31 collected 50 from pot
*** SUMMARY ***
Total pot 50 | Rake 0 
Seat 1: ralu31 (button) collected (50)
Seat 2: Mahu2021 (small blind) folded before Flop
Seat 3: Praenomen S (big blind) folded before Flop



PokerStars Hand #248949684575: Tournament #3717403965, $1.84+$0.16 USD Hold'em No Limit - Level I (10/20) - 2024/02/18 14:37:36 CET [2024/02/18 8:37:36 ET]
Table '3717403965 1' 3-max Seat #2 is the button
Seat 1: ralu31 (400 in chips) 
Seat 2: Mahu2021 (680 in chips) 
Seat 3: Praenomen S (420 in chips) 
Praenomen S: posts small blind 10
ralu31: posts big blind 20
*** HOLE CARDS ***
Dealt to Mahu2021 [3c 9c]
Mahu2021: folds 
Praenomen S: folds 
Uncalled bet (10) returned to ralu31
ralu31 collected 20 from pot
*** SUMMARY ***
Total pot 20 | Rake 0 
Seat 1: ralu31 (big blind) collected (20)
Seat 2: Mahu2021 (button) folded before Flop (didn't bet)
Seat 3: Praenomen S (small blind) folded before Flop



PokerStars Hand #248949686121: Tournament #3717403965, $1.84+$0.16 USD Hold'em No Limit - Level I (10/20) - 2024/02/18 14:37:43 CET [2024/02/18 8:37:43 ET]
Table '3717403965 1' 3-max Seat #3 is the button
Seat 1: ralu31 (410 in chips) 
Seat 2: Mahu2021 (680 in chips) 
Seat 3: Praenomen S (410 in chips) 
ralu31: posts small blind 10
Mahu2021: posts big blind 20
*** HOLE CARDS ***
Dealt to Mahu2021 [Ad Tc]
Praenomen S: folds 
ralu31: calls 10
Mahu2021: raises 40 to 60
ralu31: calls 40
*** FLOP *** [8h 4h Jc]
ralu31: bets 20
Mahu2021: calls 20
*** TURN *** [8h 4h Jc] [As]
ralu31: bets 20
Mahu2021: calls 20
*** RIVER *** [8h 4h Jc As] [9s]
ralu31: bets 20
Mahu2021: raises 240 to 260
ralu31: folds [Jh]
Uncalled bet (240) returned to Mahu2021
Mahu2021 collected 240 from pot
Mahu2021: doesn't show hand 
*** SUMMARY ***
Total pot 240 | Rake 0 
Board [8h 4h Jc As 9s]
Seat 1: ralu31 (small blind) folded on the River
Seat 2: Mahu2021 (big blind) collected (240)
Seat 3: Praenomen S (button) folded before Flop (didn't bet)



PokerStars Hand #248949690964: Tournament #3717403965, $1.84+$0.16 USD Hold'em No Limit - Level I (10/20) - 2024/02/18 14:38:05 CET [2024/02/18 8:38:05 ET]
Table '3717403965 1' 3-max Seat #1 is the button
Seat 1: ralu31 (290 in chips) 
Seat 2: Mahu2021 (800 in chips) 
Seat 3: Praenomen S (410 in chips) 
Mahu2021: posts small blind 10
Praenomen S: posts big blind 20
*** HOLE CARDS ***
Dealt to Mahu2021 [7s As]
ralu31: raises 270 to 290 and is all-in
Mahu2021: calls 280
Praenomen S: folds 
*** FLOP *** [4h 9h Jd]
*** TURN *** [4h 9h Jd] [2h]
*** RIVER *** [4h 9h Jd 2h] [9c]
*** SHOW DOWN ***
Mahu2021: shows [7s As] (a pair of Nines)
ralu31: shows [Td Kd] (a pair of Nines - lower kicker)
Mahu2021 collected 600 from pot
ralu31 finished the tournament in 3rd place
*** SUMMARY ***
Total pot 600 | Rake 0 
Board [4h 9h Jd 2h 9c]
Seat 1: ralu31 (button) showed [Td Kd] and lost with a pair of Nines
Seat 2: Mahu2021 (small blind) showed [7s As] and won (600) with a pair of Nines
Seat 3: Praenomen S (big blind) folded before Flop



PokerStars Hand #248949694764: Tournament #3717403965, $1.84+$0.16 USD Hold'em No Limit - Level I (10/20) - 2024/02/18 14:38:22 CET [2024/02/18 8:38:22 ET]
Table '3717403965 1' 3-max Seat #3 is the button
Seat 2: Mahu2021 (1110 in chips) 
Seat 3: Praenomen S (390 in chips) 
Praenomen S: posts small blind 10
Mahu2021: posts big blind 20
*** HOLE CARDS ***
Dealt to Mahu2021 [5d 6c]
Praenomen S: calls 10
Mahu2021: checks 
*** FLOP *** [4d Td Kd]
Mahu2021: checks 
Praenomen S: bets 20
Mahu2021: calls 20
*** TURN *** [4d Td Kd] [Kc]
Mahu2021: checks 
Praenomen S: checks 
*** RIVER *** [4d Td Kd Kc] [Ah]
Mahu2021: bets 80
Praenomen S: folds 
Uncalled bet (80) returned to Mahu2021
Mahu2021 collected 80 from pot
Mahu2021: doesn't show hand 
*** SUMMARY ***
Total pot 80 | Rake 0 
Board [4d Td Kd Kc Ah]
Seat 2: Mahu2021 (big blind) collected (80)
Seat 3: Praenomen S (button) (small blind) folded on the River



PokerStars Hand #248949700765: Tournament #3717403965, $1.84+$0.16 USD Hold'em No Limit - Level II (15/30) - 2024/02/18 14:38:50 CET [2024/02/18 8:38:50 ET]
Table '3717403965 1' 3-max Seat #2 is the button
Seat 2: Mahu2021 (1150 in chips) 
Seat 3: Praenomen S (350 in chips) 
Mahu2021: posts small blind 15
Praenomen S: posts big blind 30
*** HOLE CARDS ***
Dealt to Mahu2021 [Ad Ts]
Mahu2021: raises 60 to 90
Praenomen S: folds 
Uncalled bet (60) returned to Mahu2021
Mahu2021 collected 60 from pot
Mahu2021: doesn't show hand 
*** SUMMARY ***
Total pot 60 | Rake 0 
Seat 2: Mahu2021 (button) (small blind) collected (60)
Seat 3: Praenomen S (big blind) folded before Flop



PokerStars Hand #248949702264: Tournament #3717403965, $1.84+$0.16 USD Hold'em No Limit - Level II (15/30) - 2024/02/18 14:38:57 CET [2024/02/18 8:38:57 ET]
Table '3717403965 1' 3-max Seat #3 is the button
Seat 2: Mahu2021 (1180 in chips) 
Seat 3: Praenomen S (320 in chips) 
Praenomen S: posts small blind 15
Mahu2021: posts big blind 30
*** HOLE CARDS ***
Dealt to Mahu2021 [Qs 4s]
Praenomen S: calls 15
Mahu2021: checks 
*** FLOP *** [6c 3s Ah]
Mahu2021: checks 
Praenomen S: bets 30
Mahu2021: folds 
Uncalled bet (30) returned to Praenomen S
Praenomen S collected 60 from pot
Praenomen S: doesn't show hand 
*** SUMMARY ***
Total pot 60 | Rake 0 
Board [6c 3s Ah]
Seat 2: Mahu2021 (big blind) folded on the Flop
Seat 3: Praenomen S (button) (small blind) collected (60)



PokerStars Hand #248949704809: Tournament #3717403965, $1.84+$0.16 USD Hold'em No Limit - Level II (15/30) - 2024/02/18 14:39:08 CET [2024/02/18 8:39:08 ET]
Table '3717403965 1' 3-max Seat #2 is the button
Seat 2: Mahu2021 (1150 in chips) 
Seat 3: Praenomen S (350 in chips) 
Mahu2021: posts small blind 15
Praenomen S: posts big blind 30
*** HOLE CARDS ***
Dealt to Mahu2021 [Qc As]
Mahu2021: raises 60 to 90
Praenomen S: folds 
Uncalled bet (60) returned to Mahu2021
Mahu2021 collected 60 from pot
Mahu2021: doesn't show hand 
*** SUMMARY ***
Total pot 60 | Rake 0 
Seat 2: Mahu2021 (button) (small blind) collected (60)
Seat 3: Praenomen S (big blind) folded before Flop



PokerStars Hand #248949706878: Tournament #3717403965, $1.84+$0.16 USD Hold'em No Limit - Level II (15/30) - 2024/02/18 14:39:17 CET [2024/02/18 8:39:17 ET]
Table '3717403965 1' 3-max Seat #3 is the button
Seat 2: Mahu2021 (1180 in chips) 
Seat 3: Praenomen S (320 in chips) 
Praenomen S: posts small blind 15
Mahu2021: posts big blind 30
*** HOLE CARDS ***
Dealt to Mahu2021 [6s Ks]
Praenomen S: raises 290 to 320 and is all-in
Mahu2021: folds 
Uncalled bet (290) returned to Praenomen S
Praenomen S collected 60 from pot
Praenomen S: doesn't show hand 
*** SUMMARY ***
Total pot 60 | Rake 0 
Seat 2: Mahu2021 (big blind) folded before Flop
Seat 3: Praenomen S (button) (small blind) collected (60)



PokerStars Hand #248949708166: Tournament #3717403965, $1.84+$0.16 USD Hold'em No Limit - Level II (15/30) - 2024/02/18 14:39:23 CET [2024/02/18 8:39:23 ET]
Table '3717403965 1' 3-max Seat #2 is the button
Seat 2: Mahu2021 (1150 in chips) 
Seat 3: Praenomen S (350 in chips) 
Mahu2021: posts small blind 15
Praenomen S: posts big blind 30
*** HOLE CARDS ***
Dealt to Mahu2021 [7c Kc]
Mahu2021: raises 30 to 60
Praenomen S: calls 30
*** FLOP *** [4c 8s 7d]
Praenomen S: checks 
Mahu2021: bets 120
Praenomen S: folds 
Uncalled bet (120) returned to Mahu2021
Mahu2021 collected 120 from pot
Mahu2021: doesn't show hand 
*** SUMMARY ***
Total pot 120 | Rake 0 
Board [4c 8s 7d]
Seat 2: Mahu2021 (button) (small blind) collected (120)
Seat 3: Praenomen S (big blind) folded on the Flop



PokerStars Hand #248949713509: Tournament #3717403965, $1.84+$0.16 USD Hold'em No Limit - Level II (15/30) - 2024/02/18 14:39:47 CET [2024/02/18 8:39:47 ET]
Table '3717403965 1' 3-max Seat #3 is the button
Seat 2: Mahu2021 (1210 in chips) 
Seat 3: Praenomen S (290 in chips) 
Praenomen S: posts small blind 15
Mahu2021: posts big blind 30
*** HOLE CARDS ***
Dealt to Mahu2021 [Kc 5s]
Praenomen S: raises 260 to 290 and is all-in
Mahu2021: folds 
Uncalled bet (260) returned to Praenomen S
Praenomen S collected 60 from pot
Praenomen S: doesn't show hand 
*** SUMMARY ***
Total pot 60 | Rake 0 
Seat 2: Mahu2021 (big blind) folded before Flop
Seat 3: Praenomen S (button) (small blind) collected (60)



PokerStars Hand #248949714537: Tournament #3717403965, $1.84+$0.16 USD Hold'em No Limit - Level II (15/30) - 2024/02/18 14:39:52 CET [2024/02/18 8:39:52 ET]
Table '3717403965 1' 3-max Seat #2 is the button
Seat 2: Mahu2021 (1180 in chips) 
Seat 3: Praenomen S (320 in chips) 
Mahu2021: posts small blind 15
Praenomen S: posts big blind 30
*** HOLE CARDS ***
Dealt to Mahu2021 [Qd Ks]
Mahu2021: raises 60 to 90
Praenomen S: raises 230 to 320 and is all-in
Mahu2021: calls 230
*** FLOP *** [7c 2d 7d]
*** TURN *** [7c 2d 7d] [8d]
*** RIVER *** [7c 2d 7d 8d] [Jd]
*** SHOW DOWN ***
Praenomen S: shows [Kc Qc] (a pair of Sevens)
Mahu2021: shows [Qd Ks] (a flush, Queen high)
Mahu2021 collected 640 from pot
Praenomen S finished the tournament in 2nd place
Mahu2021 wins the tournament and receives $4.00 - congratulations!
*** SUMMARY ***
Total pot 640 | Rake 0 
Board [7c 2d 7d 8d Jd]
Seat 2: Mahu2021 (button) (small blind) showed [Qd Ks] and won (640) with a flush, Queen high
Seat 3: Praenomen S (big blind) showed [Kc Qc] and lost with a pair of Sevens



