PokerStars Hand #252749206226: Tournament #3807738131, $0.46+$0.04 USD Hold'em No Limit - Level I (10/20) - 2024/10/03 20:18:53 CET [2024/10/03 14:18:53 ET]
Table '3807738131 1' 3-max Seat #1 is the button
Seat 1: ven4cs (500 in chips) 
Seat 2: snesh99 (500 in chips) 
Seat 3: Mahu2021 (500 in chips) 
snesh99: posts small blind 10
Mahu2021: posts big blind 20
*** HOLE CARDS ***
Dealt to Mahu2021 [6h Tc]
ven4cs: raises 480 to 500 and is all-in
snesh99: folds 
Mahu2021: folds 
Uncalled bet (480) returned to ven4cs
ven4cs collected 50 from pot
*** SUMMARY ***
Total pot 50 | Rake 0 
Seat 1: ven4cs (button) collected (50)
Seat 2: snesh99 (small blind) folded before Flop
Seat 3: Mahu2021 (big blind) folded before Flop



PokerStars Hand #252749209954: Tournament #3807738131, $0.46+$0.04 USD Hold'em No Limit - Level I (10/20) - 2024/10/03 20:19:08 CET [2024/10/03 14:19:08 ET]
Table '3807738131 1' 3-max Seat #2 is the button
Seat 1: ven4cs (530 in chips) 
Seat 2: snesh99 (490 in chips) 
Seat 3: Mahu2021 (480 in chips) 
Mahu2021: posts small blind 10
ven4cs: posts big blind 20
*** HOLE CARDS ***
Dealt to Mahu2021 [Tc 4d]
snesh99: folds 
Mahu2021: folds 
Uncalled bet (10) returned to ven4cs
ven4cs collected 20 from pot
*** SUMMARY ***
Total pot 20 | Rake 0 
Seat 1: ven4cs (big blind) collected (20)
Seat 2: snesh99 (button) folded before Flop (didn't bet)
Seat 3: Mahu2021 (small blind) folded before Flop



PokerStars Hand #252749211392: Tournament #3807738131, $0.46+$0.04 USD Hold'em No Limit - Level I (10/20) - 2024/10/03 20:19:14 CET [2024/10/03 14:19:14 ET]
Table '3807738131 1' 3-max Seat #3 is the button
Seat 1: ven4cs (540 in chips) 
Seat 2: snesh99 (490 in chips) 
Seat 3: Mahu2021 (470 in chips) 
ven4cs: posts small blind 10
snesh99: posts big blind 20
*** HOLE CARDS ***
Dealt to Mahu2021 [4h Th]
Mahu2021: folds 
ven4cs: folds 
Uncalled bet (10) returned to snesh99
snesh99 collected 20 from pot
*** SUMMARY ***
Total pot 20 | Rake 0 
Seat 1: ven4cs (small blind) folded before Flop
Seat 2: snesh99 (big blind) collected (20)
Seat 3: Mahu2021 (button) folded before Flop (didn't bet)



PokerStars Hand #252749212620: Tournament #3807738131, $0.46+$0.04 USD Hold'em No Limit - Level I (10/20) - 2024/10/03 20:19:19 CET [2024/10/03 14:19:19 ET]
Table '3807738131 1' 3-max Seat #1 is the button
Seat 1: ven4cs (530 in chips) 
Seat 2: snesh99 (500 in chips) 
Seat 3: Mahu2021 (470 in chips) 
snesh99: posts small blind 10
Mahu2021: posts big blind 20
*** HOLE CARDS ***
Dealt to Mahu2021 [4d Ah]
ven4cs: raises 510 to 530 and is all-in
snesh99: folds 
Mahu2021: calls 450 and is all-in
Uncalled bet (60) returned to ven4cs
*** FLOP *** [6d 3s 3d]
*** TURN *** [6d 3s 3d] [Kd]
*** RIVER *** [6d 3s 3d Kd] [7d]
*** SHOW DOWN ***
Mahu2021: shows [4d Ah] (a flush, King high)
ven4cs: shows [As 9d] (a flush, King high - Nine higher)
ven4cs collected 950 from pot
Mahu2021 finished the tournament in 3rd place
*** SUMMARY ***
Total pot 950 | Rake 0 
Board [6d 3s 3d Kd 7d]
Seat 1: ven4cs (button) showed [As 9d] and won (950) with a flush, King high
Seat 2: snesh99 (small blind) folded before Flop
Seat 3: Mahu2021 (big blind) showed [4d Ah] and lost with a flush, King high



