PokerStars Hand #246938292992: Tournament #3668661960, $1.84+$0.16 USD Hold'em No Limit - Level I (10/20) - 2023/11/05 13:36:27 CET [2023/11/05 7:36:27 ET]
Table '3668661960 1' 3-max Seat #1 is the button
Seat 1: MrFuedes (500 in chips) 
Seat 2: trader21318 (500 in chips) 
Seat 3: Mahu2021 (500 in chips) 
trader21318: posts small blind 10
Mahu2021: posts big blind 20
*** HOLE CARDS ***
Dealt to Mahu2021 [4d 2d]
MrFuedes: calls 20
trader21318: folds 
Mahu2021: checks 
*** FLOP *** [7h 3s Qc]
Mahu2021: checks 
MrFuedes: checks 
*** TURN *** [7h 3s Qc] [Ks]
Mahu2021: checks 
MrFuedes: bets 50
Mahu2021: folds 
Uncalled bet (50) returned to MrFuedes
MrFuedes collected 50 from pot
*** SUMMARY ***
Total pot 50 | Rake 0 
Board [7h 3s Qc Ks]
Seat 1: MrFuedes (button) collected (50)
Seat 2: trader21318 (small blind) folded before Flop
Seat 3: Mahu2021 (big blind) folded on the Turn



PokerStars Hand #246938295844: Tournament #3668661960, $1.84+$0.16 USD Hold'em No Limit - Level I (10/20) - 2023/11/05 13:36:42 CET [2023/11/05 7:36:42 ET]
Table '3668661960 1' 3-max Seat #2 is the button
Seat 1: MrFuedes (530 in chips) 
Seat 2: trader21318 (490 in chips) 
Seat 3: Mahu2021 (480 in chips) 
Mahu2021: posts small blind 10
MrFuedes: posts big blind 20
*** HOLE CARDS ***
Dealt to Mahu2021 [Qh Js]
trader21318: raises 20 to 40
Mahu2021: calls 30
MrFuedes: folds 
*** FLOP *** [7s 3h 8d]
Mahu2021: checks 
trader21318: checks 
*** TURN *** [7s 3h 8d] [9c]
Mahu2021: bets 40
trader21318: raises 54 to 94
Mahu2021: calls 54
*** RIVER *** [7s 3h 8d 9c] [Jd]
Mahu2021: checks 
trader21318: checks 
*** SHOW DOWN ***
Mahu2021: shows [Qh Js] (a pair of Jacks)
trader21318: mucks hand 
Mahu2021 collected 288 from pot
*** SUMMARY ***
Total pot 288 | Rake 0 
Board [7s 3h 8d 9c Jd]
Seat 1: MrFuedes (big blind) folded before Flop
Seat 2: trader21318 (button) mucked [9h Qs]
Seat 3: Mahu2021 (small blind) showed [Qh Js] and won (288) with a pair of Jacks



PokerStars Hand #246938301494: Tournament #3668661960, $1.84+$0.16 USD Hold'em No Limit - Level I (10/20) - 2023/11/05 13:37:11 CET [2023/11/05 7:37:11 ET]
Table '3668661960 1' 3-max Seat #3 is the button
Seat 1: MrFuedes (510 in chips) 
Seat 2: trader21318 (356 in chips) 
Seat 3: Mahu2021 (634 in chips) 
MrFuedes: posts small blind 10
trader21318: posts big blind 20
*** HOLE CARDS ***
Dealt to Mahu2021 [6s 9s]
Mahu2021: folds 
MrFuedes: calls 10
trader21318: checks 
*** FLOP *** [9d 2d 9c]
MrFuedes: bets 40
trader21318: calls 40
*** TURN *** [9d 2d 9c] [5s]
MrFuedes: bets 120
trader21318: folds 
Uncalled bet (120) returned to MrFuedes
MrFuedes collected 120 from pot
*** SUMMARY ***
Total pot 120 | Rake 0 
Board [9d 2d 9c 5s]
Seat 1: MrFuedes (small blind) collected (120)
Seat 2: trader21318 (big blind) folded on the Turn
Seat 3: Mahu2021 (button) folded before Flop (didn't bet)



PokerStars Hand #246938304268: Tournament #3668661960, $1.84+$0.16 USD Hold'em No Limit - Level I (10/20) - 2023/11/05 13:37:25 CET [2023/11/05 7:37:25 ET]
Table '3668661960 1' 3-max Seat #1 is the button
Seat 1: MrFuedes (570 in chips) 
Seat 2: trader21318 (296 in chips) 
Seat 3: Mahu2021 (634 in chips) 
trader21318: posts small blind 10
Mahu2021: posts big blind 20
*** HOLE CARDS ***
Dealt to Mahu2021 [6c 9h]
MrFuedes: calls 20
trader21318: folds 
Mahu2021: checks 
*** FLOP *** [8c Ac Ad]
Mahu2021: checks 
MrFuedes: checks 
*** TURN *** [8c Ac Ad] [2s]
Mahu2021: checks 
MrFuedes: checks 
*** RIVER *** [8c Ac Ad 2s] [Th]
Mahu2021: checks 
MrFuedes: checks 
*** SHOW DOWN ***
Mahu2021: shows [6c 9h] (a pair of Aces)
MrFuedes: shows [Qh 9c] (a pair of Aces - Queen kicker)
MrFuedes collected 50 from pot
*** SUMMARY ***
Total pot 50 | Rake 0 
Board [8c Ac Ad 2s Th]
Seat 1: MrFuedes (button) showed [Qh 9c] and won (50) with a pair of Aces
Seat 2: trader21318 (small blind) folded before Flop
Seat 3: Mahu2021 (big blind) showed [6c 9h] and lost with a pair of Aces



PokerStars Hand #246938306973: Tournament #3668661960, $1.84+$0.16 USD Hold'em No Limit - Level I (10/20) - 2023/11/05 13:37:38 CET [2023/11/05 7:37:38 ET]
Table '3668661960 1' 3-max Seat #2 is the button
Seat 1: MrFuedes (600 in chips) 
Seat 2: trader21318 (286 in chips) 
Seat 3: Mahu2021 (614 in chips) 
Mahu2021: posts small blind 10
MrFuedes: posts big blind 20
*** HOLE CARDS ***
Dealt to Mahu2021 [5c As]
trader21318: raises 20 to 40
Mahu2021: calls 30
MrFuedes: calls 20
*** FLOP *** [4s 4d Jd]
Mahu2021: checks 
MrFuedes: checks 
trader21318: checks 
*** TURN *** [4s 4d Jd] [9d]
Mahu2021: checks 
MrFuedes: checks 
trader21318: bets 90
Mahu2021: folds 
MrFuedes: folds 
Uncalled bet (90) returned to trader21318
trader21318 collected 120 from pot
trader21318: doesn't show hand 
*** SUMMARY ***
Total pot 120 | Rake 0 
Board [4s 4d Jd 9d]
Seat 1: MrFuedes (big blind) folded on the Turn
Seat 2: trader21318 (button) collected (120)
Seat 3: Mahu2021 (small blind) folded on the Turn



PokerStars Hand #246938311194: Tournament #3668661960, $1.84+$0.16 USD Hold'em No Limit - Level I (10/20) - 2023/11/05 13:38:00 CET [2023/11/05 7:38:00 ET]
Table '3668661960 1' 3-max Seat #3 is the button
Seat 1: MrFuedes (560 in chips) 
Seat 2: trader21318 (366 in chips) 
Seat 3: Mahu2021 (574 in chips) 
MrFuedes: posts small blind 10
trader21318: posts big blind 20
*** HOLE CARDS ***
Dealt to Mahu2021 [Ts Tc]
Mahu2021: raises 60 to 80
MrFuedes: calls 70
trader21318: folds 
*** FLOP *** [Jd 6s Qh]
MrFuedes: bets 180
Mahu2021: folds 
Uncalled bet (180) returned to MrFuedes
MrFuedes collected 180 from pot
*** SUMMARY ***
Total pot 180 | Rake 0 
Board [Jd 6s Qh]
Seat 1: MrFuedes (small blind) collected (180)
Seat 2: trader21318 (big blind) folded before Flop
Seat 3: Mahu2021 (button) folded on the Flop



PokerStars Hand #246938313919: Tournament #3668661960, $1.84+$0.16 USD Hold'em No Limit - Level I (10/20) - 2023/11/05 13:38:14 CET [2023/11/05 7:38:14 ET]
Table '3668661960 1' 3-max Seat #1 is the button
Seat 1: MrFuedes (660 in chips) 
Seat 2: trader21318 (346 in chips) 
Seat 3: Mahu2021 (494 in chips) 
trader21318: posts small blind 10
Mahu2021: posts big blind 20
*** HOLE CARDS ***
Dealt to Mahu2021 [6s Jd]
MrFuedes: folds 
trader21318: calls 10
Mahu2021: checks 
*** FLOP *** [7d 4c 3c]
trader21318: checks 
Mahu2021: bets 40
trader21318: folds 
Uncalled bet (40) returned to Mahu2021
Mahu2021 collected 40 from pot
Mahu2021: doesn't show hand 
*** SUMMARY ***
Total pot 40 | Rake 0 
Board [7d 4c 3c]
Seat 1: MrFuedes (button) folded before Flop (didn't bet)
Seat 2: trader21318 (small blind) folded on the Flop
Seat 3: Mahu2021 (big blind) collected (40)



PokerStars Hand #246938316077: Tournament #3668661960, $1.84+$0.16 USD Hold'em No Limit - Level I (10/20) - 2023/11/05 13:38:24 CET [2023/11/05 7:38:24 ET]
Table '3668661960 1' 3-max Seat #2 is the button
Seat 1: MrFuedes (660 in chips) 
Seat 2: trader21318 (326 in chips) 
Seat 3: Mahu2021 (514 in chips) 
Mahu2021: posts small blind 10
MrFuedes: posts big blind 20
*** HOLE CARDS ***
Dealt to Mahu2021 [2s 7d]
trader21318: folds 
Mahu2021: folds 
Uncalled bet (10) returned to MrFuedes
MrFuedes collected 20 from pot
*** SUMMARY ***
Total pot 20 | Rake 0 
Seat 1: MrFuedes (big blind) collected (20)
Seat 2: trader21318 (button) folded before Flop (didn't bet)
Seat 3: Mahu2021 (small blind) folded before Flop



PokerStars Hand #246938316970: Tournament #3668661960, $1.84+$0.16 USD Hold'em No Limit - Level I (10/20) - 2023/11/05 13:38:29 CET [2023/11/05 7:38:29 ET]
Table '3668661960 1' 3-max Seat #3 is the button
Seat 1: MrFuedes (670 in chips) 
Seat 2: trader21318 (326 in chips) 
Seat 3: Mahu2021 (504 in chips) 
MrFuedes: posts small blind 10
trader21318: posts big blind 20
*** HOLE CARDS ***
Dealt to Mahu2021 [4h 4s]
Mahu2021: calls 20
MrFuedes: raises 60 to 80
trader21318: folds 
Mahu2021: folds 
Uncalled bet (60) returned to MrFuedes
MrFuedes collected 60 from pot
*** SUMMARY ***
Total pot 60 | Rake 0 
Seat 1: MrFuedes (small blind) collected (60)
Seat 2: trader21318 (big blind) folded before Flop
Seat 3: Mahu2021 (button) folded before Flop



PokerStars Hand #246938318611: Tournament #3668661960, $1.84+$0.16 USD Hold'em No Limit - Level I (10/20) - 2023/11/05 13:38:37 CET [2023/11/05 7:38:37 ET]
Table '3668661960 1' 3-max Seat #1 is the button
Seat 1: MrFuedes (710 in chips) 
Seat 2: trader21318 (306 in chips) 
Seat 3: Mahu2021 (484 in chips) 
trader21318: posts small blind 10
Mahu2021: posts big blind 20
*** HOLE CARDS ***
Dealt to Mahu2021 [Td 8d]
MrFuedes: folds 
trader21318: raises 20 to 40
Mahu2021: calls 20
*** FLOP *** [9s 4d Qd]
trader21318: bets 20
Mahu2021: calls 20
*** TURN *** [9s 4d Qd] [7s]
trader21318: bets 90
Mahu2021: calls 90
*** RIVER *** [9s 4d Qd 7s] [Kd]
trader21318: bets 156 and is all-in
Mahu2021: calls 156
*** SHOW DOWN ***
trader21318: shows [Qh Jd] (a pair of Queens)
Mahu2021: shows [Td 8d] (a flush, King high)
Mahu2021 collected 612 from pot
trader21318 finished the tournament in 3rd place
*** SUMMARY ***
Total pot 612 | Rake 0 
Board [9s 4d Qd 7s Kd]
Seat 1: MrFuedes (button) folded before Flop (didn't bet)
Seat 2: trader21318 (small blind) showed [Qh Jd] and lost with a pair of Queens
Seat 3: Mahu2021 (big blind) showed [Td 8d] and won (612) with a flush, King high



PokerStars Hand #246938324163: Tournament #3668661960, $1.84+$0.16 USD Hold'em No Limit - Level I (10/20) - 2023/11/05 13:39:05 CET [2023/11/05 7:39:05 ET]
Table '3668661960 1' 3-max Seat #3 is the button
Seat 1: MrFuedes (710 in chips) 
Seat 3: Mahu2021 (790 in chips) 
Mahu2021: posts small blind 10
MrFuedes: posts big blind 20
*** HOLE CARDS ***
Dealt to Mahu2021 [3s 7c]
Mahu2021: folds 
Uncalled bet (10) returned to MrFuedes
MrFuedes collected 20 from pot
*** SUMMARY ***
Total pot 20 | Rake 0 
Seat 1: MrFuedes (big blind) collected (20)
Seat 3: Mahu2021 (button) (small blind) folded before Flop



PokerStars Hand #246938325090: Tournament #3668661960, $1.84+$0.16 USD Hold'em No Limit - Level I (10/20) - 2023/11/05 13:39:09 CET [2023/11/05 7:39:09 ET]
Table '3668661960 1' 3-max Seat #1 is the button
Seat 1: MrFuedes (720 in chips) 
Seat 3: Mahu2021 (780 in chips) 
MrFuedes: posts small blind 10
Mahu2021: posts big blind 20
*** HOLE CARDS ***
Dealt to Mahu2021 [6s 6d]
MrFuedes: calls 10
Mahu2021: raises 760 to 780 and is all-in
MrFuedes: folds 
Uncalled bet (760) returned to Mahu2021
Mahu2021 collected 40 from pot
Mahu2021: doesn't show hand 
*** SUMMARY ***
Total pot 40 | Rake 0 
Seat 1: MrFuedes (button) (small blind) folded before Flop
Seat 3: Mahu2021 (big blind) collected (40)



PokerStars Hand #246938326421: Tournament #3668661960, $1.84+$0.16 USD Hold'em No Limit - Level I (10/20) - 2023/11/05 13:39:16 CET [2023/11/05 7:39:16 ET]
Table '3668661960 1' 3-max Seat #3 is the button
Seat 1: MrFuedes (700 in chips) 
Seat 3: Mahu2021 (800 in chips) 
Mahu2021: posts small blind 10
MrFuedes: posts big blind 20
*** HOLE CARDS ***
Dealt to Mahu2021 [Kd Ad]
Mahu2021: raises 20 to 40
MrFuedes: calls 20
*** FLOP *** [Js Qs 4h]
MrFuedes: bets 80
Mahu2021: folds 
Uncalled bet (80) returned to MrFuedes
MrFuedes collected 80 from pot
*** SUMMARY ***
Total pot 80 | Rake 0 
Board [Js Qs 4h]
Seat 1: MrFuedes (big blind) collected (80)
Seat 3: Mahu2021 (button) (small blind) folded on the Flop



PokerStars Hand #246938328423: Tournament #3668661960, $1.84+$0.16 USD Hold'em No Limit - Level I (10/20) - 2023/11/05 13:39:26 CET [2023/11/05 7:39:26 ET]
Table '3668661960 1' 3-max Seat #1 is the button
Seat 1: MrFuedes (740 in chips) 
Seat 3: Mahu2021 (760 in chips) 
MrFuedes: posts small blind 10
Mahu2021: posts big blind 20
*** HOLE CARDS ***
Dealt to Mahu2021 [5c 6c]
MrFuedes: calls 10
Mahu2021: checks 
*** FLOP *** [Kd 6d Qd]
Mahu2021: checks 
MrFuedes: bets 40
Mahu2021: folds 
Uncalled bet (40) returned to MrFuedes
MrFuedes collected 40 from pot
*** SUMMARY ***
Total pot 40 | Rake 0 
Board [Kd 6d Qd]
Seat 1: MrFuedes (button) (small blind) collected (40)
Seat 3: Mahu2021 (big blind) folded on the Flop



PokerStars Hand #246938330935: Tournament #3668661960, $1.84+$0.16 USD Hold'em No Limit - Level II (15/30) - 2023/11/05 13:39:39 CET [2023/11/05 7:39:39 ET]
Table '3668661960 1' 3-max Seat #3 is the button
Seat 1: MrFuedes (760 in chips) 
Seat 3: Mahu2021 (740 in chips) 
Mahu2021: posts small blind 15
MrFuedes: posts big blind 30
*** HOLE CARDS ***
Dealt to Mahu2021 [2d 5d]
Mahu2021: calls 15
MrFuedes: raises 60 to 90
Mahu2021: calls 60
*** FLOP *** [2c Js Ts]
MrFuedes: bets 180
Mahu2021: folds 
Uncalled bet (180) returned to MrFuedes
MrFuedes collected 180 from pot
*** SUMMARY ***
Total pot 180 | Rake 0 
Board [2c Js Ts]
Seat 1: MrFuedes (big blind) collected (180)
Seat 3: Mahu2021 (button) (small blind) folded on the Flop



PokerStars Hand #246938334019: Tournament #3668661960, $1.84+$0.16 USD Hold'em No Limit - Level II (15/30) - 2023/11/05 13:39:55 CET [2023/11/05 7:39:55 ET]
Table '3668661960 1' 3-max Seat #1 is the button
Seat 1: MrFuedes (850 in chips) 
Seat 3: Mahu2021 (650 in chips) 
MrFuedes: posts small blind 15
Mahu2021: posts big blind 30
*** HOLE CARDS ***
Dealt to Mahu2021 [7h 2c]
MrFuedes: folds 
Uncalled bet (15) returned to Mahu2021
Mahu2021 collected 30 from pot
Mahu2021: doesn't show hand 
*** SUMMARY ***
Total pot 30 | Rake 0 
Seat 1: MrFuedes (button) (small blind) folded before Flop
Seat 3: Mahu2021 (big blind) collected (30)



PokerStars Hand #246938334824: Tournament #3668661960, $1.84+$0.16 USD Hold'em No Limit - Level II (15/30) - 2023/11/05 13:39:59 CET [2023/11/05 7:39:59 ET]
Table '3668661960 1' 3-max Seat #3 is the button
Seat 1: MrFuedes (835 in chips) 
Seat 3: Mahu2021 (665 in chips) 
Mahu2021: posts small blind 15
MrFuedes: posts big blind 30
*** HOLE CARDS ***
Dealt to Mahu2021 [Th 7s]
Mahu2021: folds 
Uncalled bet (15) returned to MrFuedes
MrFuedes collected 30 from pot
*** SUMMARY ***
Total pot 30 | Rake 0 
Seat 1: MrFuedes (big blind) collected (30)
Seat 3: Mahu2021 (button) (small blind) folded before Flop



PokerStars Hand #246938335673: Tournament #3668661960, $1.84+$0.16 USD Hold'em No Limit - Level II (15/30) - 2023/11/05 13:40:03 CET [2023/11/05 7:40:03 ET]
Table '3668661960 1' 3-max Seat #1 is the button
Seat 1: MrFuedes (850 in chips) 
Seat 3: Mahu2021 (650 in chips) 
MrFuedes: posts small blind 15
Mahu2021: posts big blind 30
*** HOLE CARDS ***
Dealt to Mahu2021 [6s 7h]
MrFuedes: calls 15
Mahu2021: checks 
*** FLOP *** [6c Td Ts]
Mahu2021: bets 60
MrFuedes: folds 
Uncalled bet (60) returned to Mahu2021
Mahu2021 collected 60 from pot
Mahu2021: doesn't show hand 
*** SUMMARY ***
Total pot 60 | Rake 0 
Board [6c Td Ts]
Seat 1: MrFuedes (button) (small blind) folded on the Flop
Seat 3: Mahu2021 (big blind) collected (60)



PokerStars Hand #246938337357: Tournament #3668661960, $1.84+$0.16 USD Hold'em No Limit - Level II (15/30) - 2023/11/05 13:40:12 CET [2023/11/05 7:40:12 ET]
Table '3668661960 1' 3-max Seat #3 is the button
Seat 1: MrFuedes (820 in chips) 
Seat 3: Mahu2021 (680 in chips) 
Mahu2021: posts small blind 15
MrFuedes: posts big blind 30
*** HOLE CARDS ***
Dealt to Mahu2021 [4s 5h]
Mahu2021: raises 30 to 60
MrFuedes: calls 30
*** FLOP *** [8d Qc Jc]
MrFuedes: bets 120
Mahu2021: folds 
Uncalled bet (120) returned to MrFuedes
MrFuedes collected 120 from pot
*** SUMMARY ***
Total pot 120 | Rake 0 
Board [8d Qc Jc]
Seat 1: MrFuedes (big blind) collected (120)
Seat 3: Mahu2021 (button) (small blind) folded on the Flop



PokerStars Hand #246938339330: Tournament #3668661960, $1.84+$0.16 USD Hold'em No Limit - Level II (15/30) - 2023/11/05 13:40:22 CET [2023/11/05 7:40:22 ET]
Table '3668661960 1' 3-max Seat #1 is the button
Seat 1: MrFuedes (880 in chips) 
Seat 3: Mahu2021 (620 in chips) 
MrFuedes: posts small blind 15
Mahu2021: posts big blind 30
*** HOLE CARDS ***
Dealt to Mahu2021 [Ah 8s]
MrFuedes: calls 15
Mahu2021: raises 90 to 120
MrFuedes: folds 
Uncalled bet (90) returned to Mahu2021
Mahu2021 collected 60 from pot
Mahu2021: doesn't show hand 
*** SUMMARY ***
Total pot 60 | Rake 0 
Seat 1: MrFuedes (button) (small blind) folded before Flop
Seat 3: Mahu2021 (big blind) collected (60)



PokerStars Hand #246938340725: Tournament #3668661960, $1.84+$0.16 USD Hold'em No Limit - Level II (15/30) - 2023/11/05 13:40:29 CET [2023/11/05 7:40:29 ET]
Table '3668661960 1' 3-max Seat #3 is the button
Seat 1: MrFuedes (850 in chips) 
Seat 3: Mahu2021 (650 in chips) 
Mahu2021: posts small blind 15
MrFuedes: posts big blind 30
*** HOLE CARDS ***
Dealt to Mahu2021 [7d 8c]
Mahu2021: calls 15
MrFuedes: checks 
*** FLOP *** [4h 5c 6d]
MrFuedes: bets 60
Mahu2021: calls 60
*** TURN *** [4h 5c 6d] [6s]
MrFuedes: bets 180
Mahu2021: calls 180
*** RIVER *** [4h 5c 6d 6s] [7c]
MrFuedes: bets 540
Mahu2021: calls 380 and is all-in
Uncalled bet (160) returned to MrFuedes
*** SHOW DOWN ***
MrFuedes: shows [4c 8h] (a straight, Four to Eight)
Mahu2021: shows [7d 8c] (a straight, Four to Eight)
MrFuedes collected 650 from pot
Mahu2021 collected 650 from pot
*** SUMMARY ***
Total pot 1300 | Rake 0 
Board [4h 5c 6d 6s 7c]
Seat 1: MrFuedes (big blind) showed [4c 8h] and won (650) with a straight, Four to Eight
Seat 3: Mahu2021 (button) (small blind) showed [7d 8c] and won (650) with a straight, Four to Eight



PokerStars Hand #246938344192: Tournament #3668661960, $1.84+$0.16 USD Hold'em No Limit - Level II (15/30) - 2023/11/05 13:40:47 CET [2023/11/05 7:40:47 ET]
Table '3668661960 1' 3-max Seat #1 is the button
Seat 1: MrFuedes (850 in chips) 
Seat 3: Mahu2021 (650 in chips) 
MrFuedes: posts small blind 15
Mahu2021: posts big blind 30
*** HOLE CARDS ***
Dealt to Mahu2021 [4s Qc]
MrFuedes: raises 60 to 90
Mahu2021: folds 
Uncalled bet (60) returned to MrFuedes
MrFuedes collected 60 from pot
*** SUMMARY ***
Total pot 60 | Rake 0 
Seat 1: MrFuedes (button) (small blind) collected (60)
Seat 3: Mahu2021 (big blind) folded before Flop



PokerStars Hand #246938345330: Tournament #3668661960, $1.84+$0.16 USD Hold'em No Limit - Level II (15/30) - 2023/11/05 13:40:52 CET [2023/11/05 7:40:52 ET]
Table '3668661960 1' 3-max Seat #3 is the button
Seat 1: MrFuedes (880 in chips) 
Seat 3: Mahu2021 (620 in chips) 
Mahu2021: posts small blind 15
MrFuedes: posts big blind 30
*** HOLE CARDS ***
Dealt to Mahu2021 [Kc 2h]
Mahu2021: calls 15
MrFuedes: checks 
*** FLOP *** [4h 4c 6s]
MrFuedes: bets 60
Mahu2021: folds 
Uncalled bet (60) returned to MrFuedes
MrFuedes collected 60 from pot
*** SUMMARY ***
Total pot 60 | Rake 0 
Board [4h 4c 6s]
Seat 1: MrFuedes (big blind) collected (60)
Seat 3: Mahu2021 (button) (small blind) folded on the Flop



PokerStars Hand #246938347337: Tournament #3668661960, $1.84+$0.16 USD Hold'em No Limit - Level II (15/30) - 2023/11/05 13:41:02 CET [2023/11/05 7:41:02 ET]
Table '3668661960 1' 3-max Seat #1 is the button
Seat 1: MrFuedes (910 in chips) 
Seat 3: Mahu2021 (590 in chips) 
MrFuedes: posts small blind 15
Mahu2021: posts big blind 30
*** HOLE CARDS ***
Dealt to Mahu2021 [4s 4h]
MrFuedes: calls 15
Mahu2021: raises 560 to 590 and is all-in
MrFuedes: folds 
Uncalled bet (560) returned to Mahu2021
Mahu2021 collected 60 from pot
Mahu2021: doesn't show hand 
*** SUMMARY ***
Total pot 60 | Rake 0 
Seat 1: MrFuedes (button) (small blind) folded before Flop
Seat 3: Mahu2021 (big blind) collected (60)



PokerStars Hand #246938348791: Tournament #3668661960, $1.84+$0.16 USD Hold'em No Limit - Level II (15/30) - 2023/11/05 13:41:10 CET [2023/11/05 7:41:10 ET]
Table '3668661960 1' 3-max Seat #3 is the button
Seat 1: MrFuedes (880 in chips) 
Seat 3: Mahu2021 (620 in chips) 
Mahu2021: posts small blind 15
MrFuedes: posts big blind 30
*** HOLE CARDS ***
Dealt to Mahu2021 [5h 3s]
Mahu2021: folds 
Uncalled bet (15) returned to MrFuedes
MrFuedes collected 30 from pot
*** SUMMARY ***
Total pot 30 | Rake 0 
Seat 1: MrFuedes (big blind) collected (30)
Seat 3: Mahu2021 (button) (small blind) folded before Flop



PokerStars Hand #246938349674: Tournament #3668661960, $1.84+$0.16 USD Hold'em No Limit - Level II (15/30) - 2023/11/05 13:41:14 CET [2023/11/05 7:41:14 ET]
Table '3668661960 1' 3-max Seat #1 is the button
Seat 1: MrFuedes (895 in chips) 
Seat 3: Mahu2021 (605 in chips) 
MrFuedes: posts small blind 15
Mahu2021: posts big blind 30
*** HOLE CARDS ***
Dealt to Mahu2021 [Jc 7s]
MrFuedes: raises 60 to 90
Mahu2021: folds 
Uncalled bet (60) returned to MrFuedes
MrFuedes collected 60 from pot
*** SUMMARY ***
Total pot 60 | Rake 0 
Seat 1: MrFuedes (button) (small blind) collected (60)
Seat 3: Mahu2021 (big blind) folded before Flop



PokerStars Hand #246938350832: Tournament #3668661960, $1.84+$0.16 USD Hold'em No Limit - Level II (15/30) - 2023/11/05 13:41:20 CET [2023/11/05 7:41:20 ET]
Table '3668661960 1' 3-max Seat #3 is the button
Seat 1: MrFuedes (925 in chips) 
Seat 3: Mahu2021 (575 in chips) 
Mahu2021: posts small blind 15
MrFuedes: posts big blind 30
*** HOLE CARDS ***
Dealt to Mahu2021 [2d Kd]
Mahu2021: calls 15
MrFuedes: checks 
*** FLOP *** [5s Ah Qs]
MrFuedes: checks 
Mahu2021: bets 60
MrFuedes: folds 
Uncalled bet (60) returned to Mahu2021
Mahu2021 collected 60 from pot
Mahu2021: doesn't show hand 
*** SUMMARY ***
Total pot 60 | Rake 0 
Board [5s Ah Qs]
Seat 1: MrFuedes (big blind) folded on the Flop
Seat 3: Mahu2021 (button) (small blind) collected (60)



PokerStars Hand #246938352801: Tournament #3668661960, $1.84+$0.16 USD Hold'em No Limit - Level II (15/30) - 2023/11/05 13:41:30 CET [2023/11/05 7:41:30 ET]
Table '3668661960 1' 3-max Seat #1 is the button
Seat 1: MrFuedes (895 in chips) 
Seat 3: Mahu2021 (605 in chips) 
MrFuedes: posts small blind 15
Mahu2021: posts big blind 30
*** HOLE CARDS ***
Dealt to Mahu2021 [6d 5h]
MrFuedes: calls 15
Mahu2021: checks 
*** FLOP *** [6h 2h 7c]
Mahu2021: checks 
MrFuedes: bets 60
Mahu2021: folds 
Uncalled bet (60) returned to MrFuedes
MrFuedes collected 60 from pot
*** SUMMARY ***
Total pot 60 | Rake 0 
Board [6h 2h 7c]
Seat 1: MrFuedes (button) (small blind) collected (60)
Seat 3: Mahu2021 (big blind) folded on the Flop



PokerStars Hand #246938355078: Tournament #3668661960, $1.84+$0.16 USD Hold'em No Limit - Level II (15/30) - 2023/11/05 13:41:41 CET [2023/11/05 7:41:41 ET]
Table '3668661960 1' 3-max Seat #3 is the button
Seat 1: MrFuedes (925 in chips) 
Seat 3: Mahu2021 (575 in chips) 
Mahu2021: posts small blind 15
MrFuedes: posts big blind 30
*** HOLE CARDS ***
Dealt to Mahu2021 [Ac 9d]
Mahu2021: raises 30 to 60
MrFuedes: calls 30
*** FLOP *** [Kd 9h 2h]
MrFuedes: checks 
Mahu2021: bets 60
MrFuedes: folds 
Uncalled bet (60) returned to Mahu2021
Mahu2021 collected 120 from pot
Mahu2021: doesn't show hand 
*** SUMMARY ***
Total pot 120 | Rake 0 
Board [Kd 9h 2h]
Seat 1: MrFuedes (big blind) folded on the Flop
Seat 3: Mahu2021 (button) (small blind) collected (120)



PokerStars Hand #246938356909: Tournament #3668661960, $1.84+$0.16 USD Hold'em No Limit - Level II (15/30) - 2023/11/05 13:41:51 CET [2023/11/05 7:41:51 ET]
Table '3668661960 1' 3-max Seat #1 is the button
Seat 1: MrFuedes (865 in chips) 
Seat 3: Mahu2021 (635 in chips) 
MrFuedes: posts small blind 15
Mahu2021: posts big blind 30
*** HOLE CARDS ***
Dealt to Mahu2021 [3s Js]
MrFuedes: calls 15
Mahu2021: checks 
*** FLOP *** [8d Ks 8s]
Mahu2021: checks 
MrFuedes: checks 
*** TURN *** [8d Ks 8s] [Qc]
Mahu2021: checks 
MrFuedes: checks 
*** RIVER *** [8d Ks 8s Qc] [Tc]
Mahu2021: bets 60
MrFuedes: folds 
Uncalled bet (60) returned to Mahu2021
Mahu2021 collected 60 from pot
Mahu2021: doesn't show hand 
*** SUMMARY ***
Total pot 60 | Rake 0 
Board [8d Ks 8s Qc Tc]
Seat 1: MrFuedes (button) (small blind) folded on the River
Seat 3: Mahu2021 (big blind) collected (60)



PokerStars Hand #246938359426: Tournament #3668661960, $1.84+$0.16 USD Hold'em No Limit - Level II (15/30) - 2023/11/05 13:42:03 CET [2023/11/05 7:42:03 ET]
Table '3668661960 1' 3-max Seat #3 is the button
Seat 1: MrFuedes (835 in chips) 
Seat 3: Mahu2021 (665 in chips) 
Mahu2021: posts small blind 15
MrFuedes: posts big blind 30
*** HOLE CARDS ***
Dealt to Mahu2021 [4s 2d]
Mahu2021: folds 
Uncalled bet (15) returned to MrFuedes
MrFuedes collected 30 from pot
*** SUMMARY ***
Total pot 30 | Rake 0 
Seat 1: MrFuedes (big blind) collected (30)
Seat 3: Mahu2021 (button) (small blind) folded before Flop



PokerStars Hand #246938360377: Tournament #3668661960, $1.84+$0.16 USD Hold'em No Limit - Level II (15/30) - 2023/11/05 13:42:08 CET [2023/11/05 7:42:08 ET]
Table '3668661960 1' 3-max Seat #1 is the button
Seat 1: MrFuedes (850 in chips) 
Seat 3: Mahu2021 (650 in chips) 
MrFuedes: posts small blind 15
Mahu2021: posts big blind 30
*** HOLE CARDS ***
Dealt to Mahu2021 [Jc 2h]
MrFuedes: calls 15
Mahu2021: checks 
*** FLOP *** [Th Ks 8s]
Mahu2021: checks 
MrFuedes: bets 60
Mahu2021: folds 
Uncalled bet (60) returned to MrFuedes
MrFuedes collected 60 from pot
*** SUMMARY ***
Total pot 60 | Rake 0 
Board [Th Ks 8s]
Seat 1: MrFuedes (button) (small blind) collected (60)
Seat 3: Mahu2021 (big blind) folded on the Flop



PokerStars Hand #246938362298: Tournament #3668661960, $1.84+$0.16 USD Hold'em No Limit - Level II (15/30) - 2023/11/05 13:42:17 CET [2023/11/05 7:42:17 ET]
Table '3668661960 1' 3-max Seat #3 is the button
Seat 1: MrFuedes (880 in chips) 
Seat 3: Mahu2021 (620 in chips) 
Mahu2021: posts small blind 15
MrFuedes: posts big blind 30
*** HOLE CARDS ***
Dealt to Mahu2021 [8c 5h]
Mahu2021: folds 
Uncalled bet (15) returned to MrFuedes
MrFuedes collected 30 from pot
*** SUMMARY ***
Total pot 30 | Rake 0 
Seat 1: MrFuedes (big blind) collected (30)
Seat 3: Mahu2021 (button) (small blind) folded before Flop



PokerStars Hand #246938363171: Tournament #3668661960, $1.84+$0.16 USD Hold'em No Limit - Level II (15/30) - 2023/11/05 13:42:21 CET [2023/11/05 7:42:21 ET]
Table '3668661960 1' 3-max Seat #1 is the button
Seat 1: MrFuedes (895 in chips) 
Seat 3: Mahu2021 (605 in chips) 
MrFuedes: posts small blind 15
Mahu2021: posts big blind 30
*** HOLE CARDS ***
Dealt to Mahu2021 [5h 9c]
MrFuedes: calls 15
Mahu2021: checks 
*** FLOP *** [Th 2c 6s]
Mahu2021: checks 
MrFuedes: checks 
*** TURN *** [Th 2c 6s] [2h]
Mahu2021: checks 
MrFuedes: checks 
*** RIVER *** [Th 2c 6s 2h] [Jh]
Mahu2021: checks 
MrFuedes: checks 
*** SHOW DOWN ***
Mahu2021: shows [5h 9c] (a pair of Deuces)
MrFuedes: shows [4c Kc] (a pair of Deuces - King kicker)
MrFuedes collected 60 from pot
*** SUMMARY ***
Total pot 60 | Rake 0 
Board [Th 2c 6s 2h Jh]
Seat 1: MrFuedes (button) (small blind) showed [4c Kc] and won (60) with a pair of Deuces
Seat 3: Mahu2021 (big blind) showed [5h 9c] and lost with a pair of Deuces



PokerStars Hand #246938365885: Tournament #3668661960, $1.84+$0.16 USD Hold'em No Limit - Level III (20/40) - 2023/11/05 13:42:35 CET [2023/11/05 7:42:35 ET]
Table '3668661960 1' 3-max Seat #3 is the button
Seat 1: MrFuedes (925 in chips) 
Seat 3: Mahu2021 (575 in chips) 
Mahu2021: posts small blind 20
MrFuedes: posts big blind 40
*** HOLE CARDS ***
Dealt to Mahu2021 [Th 2h]
Mahu2021: calls 20
MrFuedes: checks 
*** FLOP *** [Jh Kd Qd]
MrFuedes: bets 80
Mahu2021: calls 80
*** TURN *** [Jh Kd Qd] [Tc]
MrFuedes: bets 240
Mahu2021: folds 
Uncalled bet (240) returned to MrFuedes
MrFuedes collected 240 from pot
*** SUMMARY ***
Total pot 240 | Rake 0 
Board [Jh Kd Qd Tc]
Seat 1: MrFuedes (big blind) collected (240)
Seat 3: Mahu2021 (button) (small blind) folded on the Turn



PokerStars Hand #246938368275: Tournament #3668661960, $1.84+$0.16 USD Hold'em No Limit - Level III (20/40) - 2023/11/05 13:42:47 CET [2023/11/05 7:42:47 ET]
Table '3668661960 1' 3-max Seat #1 is the button
Seat 1: MrFuedes (1045 in chips) 
Seat 3: Mahu2021 (455 in chips) 
MrFuedes: posts small blind 20
Mahu2021: posts big blind 40
*** HOLE CARDS ***
Dealt to Mahu2021 [Ad Kh]
MrFuedes: calls 20
Mahu2021: raises 40 to 80
MrFuedes: folds 
Uncalled bet (40) returned to Mahu2021
Mahu2021 collected 80 from pot
Mahu2021: doesn't show hand 
*** SUMMARY ***
Total pot 80 | Rake 0 
Seat 1: MrFuedes (button) (small blind) folded before Flop
Seat 3: Mahu2021 (big blind) collected (80)



PokerStars Hand #246938369622: Tournament #3668661960, $1.84+$0.16 USD Hold'em No Limit - Level III (20/40) - 2023/11/05 13:42:54 CET [2023/11/05 7:42:54 ET]
Table '3668661960 1' 3-max Seat #3 is the button
Seat 1: MrFuedes (1005 in chips) 
Seat 3: Mahu2021 (495 in chips) 
Mahu2021: posts small blind 20
MrFuedes: posts big blind 40
*** HOLE CARDS ***
Dealt to Mahu2021 [7d Kh]
Mahu2021: raises 40 to 80
MrFuedes: calls 40
*** FLOP *** [6h Kd 4h]
MrFuedes: bets 160
Mahu2021: raises 255 to 415 and is all-in
MrFuedes: calls 255
*** TURN *** [6h Kd 4h] [Th]
*** RIVER *** [6h Kd 4h Th] [4d]
*** SHOW DOWN ***
MrFuedes: shows [3d 2h] (a pair of Fours)
Mahu2021: shows [7d Kh] (two pair, Kings and Fours)
Mahu2021 collected 990 from pot
*** SUMMARY ***
Total pot 990 | Rake 0 
Board [6h Kd 4h Th 4d]
Seat 1: MrFuedes (big blind) showed [3d 2h] and lost with a pair of Fours
Seat 3: Mahu2021 (button) (small blind) showed [7d Kh] and won (990) with two pair, Kings and Fours



PokerStars Hand #246938372676: Tournament #3668661960, $1.84+$0.16 USD Hold'em No Limit - Level III (20/40) - 2023/11/05 13:43:09 CET [2023/11/05 7:43:09 ET]
Table '3668661960 1' 3-max Seat #1 is the button
Seat 1: MrFuedes (510 in chips) 
Seat 3: Mahu2021 (990 in chips) 
MrFuedes: posts small blind 20
Mahu2021: posts big blind 40
*** HOLE CARDS ***
Dealt to Mahu2021 [Qh 6s]
MrFuedes: calls 20
Mahu2021: checks 
*** FLOP *** [6h 3c 8d]
Mahu2021: checks 
MrFuedes: bets 80
Mahu2021: raises 870 to 950 and is all-in
MrFuedes: folds 
Uncalled bet (870) returned to Mahu2021
Mahu2021 collected 240 from pot
Mahu2021: doesn't show hand 
*** SUMMARY ***
Total pot 240 | Rake 0 
Board [6h 3c 8d]
Seat 1: MrFuedes (button) (small blind) folded on the Flop
Seat 3: Mahu2021 (big blind) collected (240)



PokerStars Hand #246938375576: Tournament #3668661960, $1.84+$0.16 USD Hold'em No Limit - Level III (20/40) - 2023/11/05 13:43:23 CET [2023/11/05 7:43:23 ET]
Table '3668661960 1' 3-max Seat #3 is the button
Seat 1: MrFuedes (390 in chips) 
Seat 3: Mahu2021 (1110 in chips) 
Mahu2021: posts small blind 20
MrFuedes: posts big blind 40
*** HOLE CARDS ***
Dealt to Mahu2021 [Jc 6h]
Mahu2021: calls 20
MrFuedes: checks 
*** FLOP *** [7s Js 3h]
MrFuedes: bets 80
Mahu2021: raises 990 to 1070 and is all-in
MrFuedes: calls 270 and is all-in
Uncalled bet (720) returned to Mahu2021
*** TURN *** [7s Js 3h] [2c]
*** RIVER *** [7s Js 3h 2c] [9h]
*** SHOW DOWN ***
MrFuedes: shows [Qh 7c] (a pair of Sevens)
Mahu2021: shows [Jc 6h] (a pair of Jacks)
Mahu2021 collected 780 from pot
MrFuedes finished the tournament in 2nd place
Mahu2021 wins the tournament and receives $6.00 - congratulations!
*** SUMMARY ***
Total pot 780 | Rake 0 
Board [7s Js 3h 2c 9h]
Seat 1: MrFuedes (big blind) showed [Qh 7c] and lost with a pair of Sevens
Seat 3: Mahu2021 (button) (small blind) showed [Jc 6h] and won (780) with a pair of Jacks



