PokerStars Hand #251448149491: Tournament #3776936115, $0.46+$0.04 USD Hold'em No Limit - Level I (10/20) - 2024/07/12 9:34:14 CET [2024/07/12 3:34:14 ET]
Table '3776936115 1' 3-max Seat #1 is the button
Seat 1: ELTIGRE24 (500 in chips) 
Seat 2: p1nkpunt3r (500 in chips) 
Seat 3: Mahu2021 (500 in chips) 
p1nkpunt3r: posts small blind 10
Mahu2021: posts big blind 20
*** HOLE CARDS ***
Dealt to Mahu2021 [8s 8d]
ELTIGRE24: folds 
p1nkpunt3r: raises 480 to 500 and is all-in
Mahu2021: calls 480 and is all-in
*** FLOP *** [3s 9s Jd]
*** TURN *** [3s 9s Jd] [Td]
*** RIVER *** [3s 9s Jd Td] [Th]
*** SHOW DOWN ***
p1nkpunt3r: shows [5c 6c] (a pair of Tens)
Mahu2021: shows [8s 8d] (two pair, Tens and Eights)
Mahu2021 collected 1000 from pot
p1nkpunt3r finished the tournament in 3rd place
*** SUMMARY ***
Total pot 1000 | Rake 0 
Board [3s 9s Jd Td Th]
Seat 1: ELTIGRE24 (button) folded before Flop (didn't bet)
Seat 2: p1nkpunt3r (small blind) showed [5c 6c] and lost with a pair of Tens
Seat 3: Mahu2021 (big blind) showed [8s 8d] and won (1000) with two pair, Tens and Eights



PokerStars Hand #251448151111: Tournament #3776936115, $0.46+$0.04 USD Hold'em No Limit - Level I (10/20) - 2024/07/12 9:34:33 CET [2024/07/12 3:34:33 ET]
Table '3776936115 1' 3-max Seat #3 is the button
Seat 1: ELTIGRE24 (500 in chips) 
Seat 3: Mahu2021 (1000 in chips) 
Mahu2021: posts small blind 10
ELTIGRE24: posts big blind 20
*** HOLE CARDS ***
Dealt to Mahu2021 [6s Qh]
Mahu2021: calls 10
ELTIGRE24: checks 
*** FLOP *** [3d 4s 5h]
ELTIGRE24: checks 
Mahu2021: bets 40
ELTIGRE24: calls 40
*** TURN *** [3d 4s 5h] [3c]
ELTIGRE24: checks 
Mahu2021: checks 
*** RIVER *** [3d 4s 5h 3c] [6h]
ELTIGRE24: checks 
Mahu2021: bets 40
ELTIGRE24: calls 40
*** SHOW DOWN ***
Mahu2021: shows [6s Qh] (two pair, Sixes and Threes)
ELTIGRE24: mucks hand 
Mahu2021 collected 200 from pot
*** SUMMARY ***
Total pot 200 | Rake 0 
Board [3d 4s 5h 3c 6h]
Seat 1: ELTIGRE24 (big blind) mucked [9d Kh]
Seat 3: Mahu2021 (button) (small blind) showed [6s Qh] and won (200) with two pair, Sixes and Threes



PokerStars Hand #251448153923: Tournament #3776936115, $0.46+$0.04 USD Hold'em No Limit - Level I (10/20) - 2024/07/12 9:35:05 CET [2024/07/12 3:35:05 ET]
Table '3776936115 1' 3-max Seat #1 is the button
Seat 1: ELTIGRE24 (400 in chips) 
Seat 3: Mahu2021 (1100 in chips) 
ELTIGRE24: posts small blind 10
Mahu2021: posts big blind 20
*** HOLE CARDS ***
Dealt to Mahu2021 [4s 5d]
ELTIGRE24: raises 20 to 40
Mahu2021: calls 20
*** FLOP *** [As Qh Kd]
Mahu2021: checks 
ELTIGRE24: checks 
*** TURN *** [As Qh Kd] [3h]
Mahu2021: checks 
ELTIGRE24: bets 40
Mahu2021: folds 
Uncalled bet (40) returned to ELTIGRE24
ELTIGRE24 collected 80 from pot
*** SUMMARY ***
Total pot 80 | Rake 0 
Board [As Qh Kd 3h]
Seat 1: ELTIGRE24 (button) (small blind) collected (80)
Seat 3: Mahu2021 (big blind) folded on the Turn



PokerStars Hand #251448155367: Tournament #3776936115, $0.46+$0.04 USD Hold'em No Limit - Level I (10/20) - 2024/07/12 9:35:22 CET [2024/07/12 3:35:22 ET]
Table '3776936115 1' 3-max Seat #3 is the button
Seat 1: ELTIGRE24 (440 in chips) 
Seat 3: Mahu2021 (1060 in chips) 
Mahu2021: posts small blind 10
ELTIGRE24: posts big blind 20
*** HOLE CARDS ***
Dealt to Mahu2021 [2c 4c]
Mahu2021: calls 10
ELTIGRE24: checks 
*** FLOP *** [Qh Js As]
ELTIGRE24: checks 
Mahu2021: bets 20
ELTIGRE24: folds 
Uncalled bet (20) returned to Mahu2021
Mahu2021 collected 40 from pot
Mahu2021: doesn't show hand 
*** SUMMARY ***
Total pot 40 | Rake 0 
Board [Qh Js As]
Seat 1: ELTIGRE24 (big blind) folded on the Flop
Seat 3: Mahu2021 (button) (small blind) collected (40)



PokerStars Hand #251448156791: Tournament #3776936115, $0.46+$0.04 USD Hold'em No Limit - Level I (10/20) - 2024/07/12 9:35:39 CET [2024/07/12 3:35:39 ET]
Table '3776936115 1' 3-max Seat #1 is the button
Seat 1: ELTIGRE24 (420 in chips) 
Seat 3: Mahu2021 (1080 in chips) 
ELTIGRE24: posts small blind 10
Mahu2021: posts big blind 20
*** HOLE CARDS ***
Dealt to Mahu2021 [2c 5c]
ELTIGRE24: raises 20 to 40
Mahu2021: calls 20
*** FLOP *** [4d 8s Kh]
Mahu2021: checks 
ELTIGRE24: bets 20
Mahu2021: folds 
Uncalled bet (20) returned to ELTIGRE24
ELTIGRE24 collected 80 from pot
*** SUMMARY ***
Total pot 80 | Rake 0 
Board [4d 8s Kh]
Seat 1: ELTIGRE24 (button) (small blind) collected (80)
Seat 3: Mahu2021 (big blind) folded on the Flop



PokerStars Hand #251448157949: Tournament #3776936115, $0.46+$0.04 USD Hold'em No Limit - Level I (10/20) - 2024/07/12 9:35:51 CET [2024/07/12 3:35:51 ET]
Table '3776936115 1' 3-max Seat #3 is the button
Seat 1: ELTIGRE24 (460 in chips) 
Seat 3: Mahu2021 (1040 in chips) 
Mahu2021: posts small blind 10
ELTIGRE24: posts big blind 20
*** HOLE CARDS ***
Dealt to Mahu2021 [9d 3d]
Mahu2021: folds 
Uncalled bet (10) returned to ELTIGRE24
ELTIGRE24 collected 20 from pot
*** SUMMARY ***
Total pot 20 | Rake 0 
Seat 1: ELTIGRE24 (big blind) collected (20)
Seat 3: Mahu2021 (button) (small blind) folded before Flop



PokerStars Hand #251448158376: Tournament #3776936115, $0.46+$0.04 USD Hold'em No Limit - Level I (10/20) - 2024/07/12 9:35:56 CET [2024/07/12 3:35:56 ET]
Table '3776936115 1' 3-max Seat #1 is the button
Seat 1: ELTIGRE24 (470 in chips) 
Seat 3: Mahu2021 (1030 in chips) 
ELTIGRE24: posts small blind 10
Mahu2021: posts big blind 20
*** HOLE CARDS ***
Dealt to Mahu2021 [2c 9d]
ELTIGRE24: raises 20 to 40
Mahu2021: folds 
Uncalled bet (20) returned to ELTIGRE24
ELTIGRE24 collected 40 from pot
*** SUMMARY ***
Total pot 40 | Rake 0 
Seat 1: ELTIGRE24 (button) (small blind) collected (40)
Seat 3: Mahu2021 (big blind) folded before Flop



PokerStars Hand #251448158853: Tournament #3776936115, $0.46+$0.04 USD Hold'em No Limit - Level I (10/20) - 2024/07/12 9:36:02 CET [2024/07/12 3:36:02 ET]
Table '3776936115 1' 3-max Seat #3 is the button
Seat 1: ELTIGRE24 (490 in chips) 
Seat 3: Mahu2021 (1010 in chips) 
Mahu2021: posts small blind 10
ELTIGRE24: posts big blind 20
*** HOLE CARDS ***
Dealt to Mahu2021 [3c 6h]
Mahu2021: folds 
Uncalled bet (10) returned to ELTIGRE24
ELTIGRE24 collected 20 from pot
*** SUMMARY ***
Total pot 20 | Rake 0 
Seat 1: ELTIGRE24 (big blind) collected (20)
Seat 3: Mahu2021 (button) (small blind) folded before Flop



PokerStars Hand #251448159271: Tournament #3776936115, $0.46+$0.04 USD Hold'em No Limit - Level I (10/20) - 2024/07/12 9:36:06 CET [2024/07/12 3:36:06 ET]
Table '3776936115 1' 3-max Seat #1 is the button
Seat 1: ELTIGRE24 (500 in chips) 
Seat 3: Mahu2021 (1000 in chips) 
ELTIGRE24: posts small blind 10
Mahu2021: posts big blind 20
*** HOLE CARDS ***
Dealt to Mahu2021 [9s Kh]
ELTIGRE24: calls 10
Mahu2021: checks 
*** FLOP *** [6h As Ac]
Mahu2021: checks 
ELTIGRE24: bets 20
Mahu2021: raises 40 to 60
ELTIGRE24: folds 
Uncalled bet (40) returned to Mahu2021
Mahu2021 collected 80 from pot
Mahu2021: doesn't show hand 
*** SUMMARY ***
Total pot 80 | Rake 0 
Board [6h As Ac]
Seat 1: ELTIGRE24 (button) (small blind) folded on the Flop
Seat 3: Mahu2021 (big blind) collected (80)



PokerStars Hand #251448160778: Tournament #3776936115, $0.46+$0.04 USD Hold'em No Limit - Level II (15/30) - 2024/07/12 9:36:23 CET [2024/07/12 3:36:23 ET]
Table '3776936115 1' 3-max Seat #3 is the button
Seat 1: ELTIGRE24 (460 in chips) 
Seat 3: Mahu2021 (1040 in chips) 
Mahu2021: posts small blind 15
ELTIGRE24: posts big blind 30
*** HOLE CARDS ***
Dealt to Mahu2021 [6s 9s]
Mahu2021: calls 15
ELTIGRE24: raises 430 to 460 and is all-in
Mahu2021: folds 
Uncalled bet (430) returned to ELTIGRE24
ELTIGRE24 collected 60 from pot
*** SUMMARY ***
Total pot 60 | Rake 0 
Seat 1: ELTIGRE24 (big blind) collected (60)
Seat 3: Mahu2021 (button) (small blind) folded before Flop



PokerStars Hand #251448161606: Tournament #3776936115, $0.46+$0.04 USD Hold'em No Limit - Level II (15/30) - 2024/07/12 9:36:33 CET [2024/07/12 3:36:33 ET]
Table '3776936115 1' 3-max Seat #1 is the button
Seat 1: ELTIGRE24 (490 in chips) 
Seat 3: Mahu2021 (1010 in chips) 
ELTIGRE24: posts small blind 15
Mahu2021: posts big blind 30
*** HOLE CARDS ***
Dealt to Mahu2021 [7d 8d]
ELTIGRE24: folds 
Uncalled bet (15) returned to Mahu2021
Mahu2021 collected 30 from pot
Mahu2021: doesn't show hand 
*** SUMMARY ***
Total pot 30 | Rake 0 
Seat 1: ELTIGRE24 (button) (small blind) folded before Flop
Seat 3: Mahu2021 (big blind) collected (30)



PokerStars Hand #251448162042: Tournament #3776936115, $0.46+$0.04 USD Hold'em No Limit - Level II (15/30) - 2024/07/12 9:36:38 CET [2024/07/12 3:36:38 ET]
Table '3776936115 1' 3-max Seat #3 is the button
Seat 1: ELTIGRE24 (475 in chips) 
Seat 3: Mahu2021 (1025 in chips) 
Mahu2021: posts small blind 15
ELTIGRE24: posts big blind 30
*** HOLE CARDS ***
Dealt to Mahu2021 [3s 2s]
Mahu2021: calls 15
ELTIGRE24: checks 
*** FLOP *** [4c 8c Th]
ELTIGRE24: checks 
Mahu2021: checks 
*** TURN *** [4c 8c Th] [5s]
ELTIGRE24: checks 
Mahu2021: bets 60
ELTIGRE24: folds 
Uncalled bet (60) returned to Mahu2021
Mahu2021 collected 60 from pot
Mahu2021: doesn't show hand 
*** SUMMARY ***
Total pot 60 | Rake 0 
Board [4c 8c Th 5s]
Seat 1: ELTIGRE24 (big blind) folded on the Turn
Seat 3: Mahu2021 (button) (small blind) collected (60)



PokerStars Hand #251448163297: Tournament #3776936115, $0.46+$0.04 USD Hold'em No Limit - Level II (15/30) - 2024/07/12 9:36:52 CET [2024/07/12 3:36:52 ET]
Table '3776936115 1' 3-max Seat #1 is the button
Seat 1: ELTIGRE24 (445 in chips) 
Seat 3: Mahu2021 (1055 in chips) 
ELTIGRE24: posts small blind 15
Mahu2021: posts big blind 30
*** HOLE CARDS ***
Dealt to Mahu2021 [Td Jh]
ELTIGRE24: raises 30 to 60
Mahu2021: calls 30
*** FLOP *** [3s Ah 2c]
Mahu2021: checks 
ELTIGRE24: bets 30
Mahu2021: folds 
Uncalled bet (30) returned to ELTIGRE24
ELTIGRE24 collected 120 from pot
*** SUMMARY ***
Total pot 120 | Rake 0 
Board [3s Ah 2c]
Seat 1: ELTIGRE24 (button) (small blind) collected (120)
Seat 3: Mahu2021 (big blind) folded on the Flop



PokerStars Hand #251448164439: Tournament #3776936115, $0.46+$0.04 USD Hold'em No Limit - Level II (15/30) - 2024/07/12 9:37:05 CET [2024/07/12 3:37:05 ET]
Table '3776936115 1' 3-max Seat #3 is the button
Seat 1: ELTIGRE24 (505 in chips) 
Seat 3: Mahu2021 (995 in chips) 
Mahu2021: posts small blind 15
ELTIGRE24: posts big blind 30
*** HOLE CARDS ***
Dealt to Mahu2021 [Ts Jd]
Mahu2021: calls 15
ELTIGRE24: raises 60 to 90
Mahu2021: calls 60
*** FLOP *** [5s 8s Td]
ELTIGRE24: bets 90
Mahu2021: raises 815 to 905 and is all-in
ELTIGRE24: calls 325 and is all-in
Uncalled bet (490) returned to Mahu2021
*** TURN *** [5s 8s Td] [5d]
*** RIVER *** [5s 8s Td 5d] [7c]
*** SHOW DOWN ***
ELTIGRE24: shows [Qs Kd] (a pair of Fives)
Mahu2021: shows [Ts Jd] (two pair, Tens and Fives)
Mahu2021 collected 1010 from pot
ELTIGRE24 finished the tournament in 2nd place
Mahu2021 wins the tournament - congratulations!
Mahu2021 wins a '$1.50 Power Path Step 2 Ticket' ticket
*** SUMMARY ***
Total pot 1010 | Rake 0 
Board [5s 8s Td 5d 7c]
Seat 1: ELTIGRE24 (big blind) showed [Qs Kd] and lost with a pair of Fives
Seat 3: Mahu2021 (button) (small blind) showed [Ts Jd] and won (1010) with two pair, Tens and Fives



