PokerStars Zoom Hand #255162456021:  Hold'em No Limit ($0.05/$0.10) - 2025/03/06 11:44:22 CET [2025/03/06 5:44:22 ET]
Table 'Aludra' 6-max Seat #1 is the button
Seat 1: arazkhan1802 ($10.86 in chips) 
Seat 2: dim_chal89 ($8.43 in chips) 
Seat 3: Mahu2021 ($10 in chips) 
Seat 4: aar0lep ($9.85 in chips) 
Seat 5: SownedxD ($10 in chips) 
Seat 6: jassl ($31.10 in chips) 
dim_chal89: posts small blind $0.05
Mahu2021: posts big blind $0.10
*** HOLE CARDS ***
Dealt to Mahu2021 [5d Kc]
aar0lep: folds 
SownedxD: folds 
jassl: folds 
arazkhan1802: raises $0.12 to $0.22
dim_chal89: folds 
Mahu2021: folds 
Uncalled bet ($0.12) returned to arazkhan1802
arazkhan1802 collected $0.25 from pot
arazkhan1802: doesn't show hand 
*** SUMMARY ***
Total pot $0.25 | Rake $0 
Seat 1: arazkhan1802 (button) collected ($0.25)
Seat 2: dim_chal89 (small blind) folded before Flop
Seat 3: Mahu2021 (big blind) folded before Flop
Seat 4: aar0lep folded before Flop (didn't bet)
Seat 5: SownedxD folded before Flop (didn't bet)
Seat 6: jassl folded before Flop (didn't bet)



PokerStars Zoom Hand #255162458331:  Hold'em No Limit ($0.05/$0.10) - 2025/03/06 11:44:43 CET [2025/03/06 5:44:43 ET]
Table 'Aludra' 6-max Seat #1 is the button
Seat 1: pcsk8 ($36.93 in chips) 
Seat 2: augtoth ($11.61 in chips) 
Seat 3: taorekomi ($11.80 in chips) 
Seat 4: Winik810 ($10 in chips) 
Seat 5: jassl ($31.05 in chips) 
Seat 6: Mahu2021 ($9.85 in chips) 
augtoth: posts small blind $0.05
taorekomi: posts big blind $0.10
*** HOLE CARDS ***
Dealt to Mahu2021 [Ah Qc]
Winik810: folds 
jassl: folds 
Mahu2021: raises $0.14 to $0.24
pcsk8: folds 
augtoth: folds 
taorekomi: folds 
Uncalled bet ($0.14) returned to Mahu2021
Mahu2021 collected $0.25 from pot
Mahu2021: doesn't show hand 
*** SUMMARY ***
Total pot $0.25 | Rake $0 
Seat 1: pcsk8 (button) folded before Flop (didn't bet)
Seat 2: augtoth (small blind) folded before Flop
Seat 3: taorekomi (big blind) folded before Flop
Seat 4: Winik810 folded before Flop (didn't bet)
Seat 5: jassl folded before Flop (didn't bet)
Seat 6: Mahu2021 collected ($0.25)



PokerStars Zoom Hand #255162457830:  Hold'em No Limit ($0.05/$0.10) - 2025/03/06 11:44:38 CET [2025/03/06 5:44:38 ET]
Table 'Aludra' 6-max Seat #1 is the button
Seat 1: Mahu2021 ($9.85 in chips) 
Seat 2: pcsk8 ($36.98 in chips) 
Seat 3: Limpraiser70 ($9.59 in chips) 
Seat 4: mexxxy_90 ($10 in chips) 
Seat 5: oazizizgut ($11.42 in chips) 
Seat 6: kimonozygo ($11.29 in chips) 
pcsk8: posts small blind $0.05
Limpraiser70: posts big blind $0.10
*** HOLE CARDS ***
Dealt to Mahu2021 [2d 7d]
mexxxy_90: raises $0.10 to $0.20
oazizizgut: folds 
kimonozygo: folds 
Mahu2021: folds 
pcsk8: folds 
Limpraiser70: calls $0.10
*** FLOP *** [8c Qs 4c]
Limpraiser70: checks 
mexxxy_90: bets $0.20
Limpraiser70: calls $0.20
*** TURN *** [8c Qs 4c] [2c]
Limpraiser70: checks 
mexxxy_90: checks 
*** RIVER *** [8c Qs 4c 2c] [2s]
Limpraiser70: checks 
mexxxy_90: checks 
*** SHOW DOWN ***
Limpraiser70: shows [6s 4s] (two pair, Fours and Deuces)
mexxxy_90: mucks hand 
Limpraiser70 collected $0.81 from pot
*** SUMMARY ***
Total pot $0.85 | Rake $0.04 
Board [8c Qs 4c 2c 2s]
Seat 1: Mahu2021 (button) folded before Flop (didn't bet)
Seat 2: pcsk8 (small blind) folded before Flop
Seat 3: Limpraiser70 (big blind) showed [6s 4s] and won ($0.81) with two pair, Fours and Deuces
Seat 4: mexxxy_90 mucked [Jd 9d]
Seat 5: oazizizgut folded before Flop (didn't bet)
Seat 6: kimonozygo folded before Flop (didn't bet)



PokerStars Zoom Hand #255162457449:  Hold'em No Limit ($0.05/$0.10) - 2025/03/06 11:44:35 CET [2025/03/06 5:44:35 ET]
Table 'Aludra' 6-max Seat #1 is the button
Seat 1: Footraiser ($10 in chips) 
Seat 2: Mahu2021 ($9.90 in chips) 
Seat 3: Adam<3Coffee ($24.30 in chips) 
Seat 4: oazizizgut ($11.42 in chips) 
Seat 5: TOATOAPABOYZ ($11.05 in chips) 
Seat 6: alanindublin ($10 in chips) 
Mahu2021: posts small blind $0.05
Adam<3Coffee: posts big blind $0.10
*** HOLE CARDS ***
Dealt to Mahu2021 [2s 9c]
oazizizgut: folds 
TOATOAPABOYZ: raises $0.10 to $0.20
alanindublin: folds 
Footraiser: folds 
Mahu2021: folds 
Adam<3Coffee: calls $0.10
*** FLOP *** [Kc Td 6c]
Adam<3Coffee: checks 
TOATOAPABOYZ: checks 
*** TURN *** [Kc Td 6c] [Qc]
Adam<3Coffee: checks 
TOATOAPABOYZ: bets $0.10
Adam<3Coffee: calls $0.10
*** RIVER *** [Kc Td 6c Qc] [2h]
Adam<3Coffee: checks 
TOATOAPABOYZ: bets $0.20
Adam<3Coffee: calls $0.20
*** SHOW DOWN ***
TOATOAPABOYZ: shows [8h 7h] (high card King)
Adam<3Coffee: shows [Ah Qd] (a pair of Queens)
Adam<3Coffee collected $1 from pot
*** SUMMARY ***
Total pot $1.05 | Rake $0.05 
Board [Kc Td 6c Qc 2h]
Seat 1: Footraiser (button) folded before Flop (didn't bet)
Seat 2: Mahu2021 (small blind) folded before Flop
Seat 3: Adam<3Coffee (big blind) showed [Ah Qd] and won ($1) with a pair of Queens
Seat 4: oazizizgut folded before Flop (didn't bet)
Seat 5: TOATOAPABOYZ showed [8h 7h] and lost with high card King
Seat 6: alanindublin folded before Flop (didn't bet)



PokerStars Zoom Hand #255162460610:  Hold'em No Limit ($0.05/$0.10) - 2025/03/06 11:45:03 CET [2025/03/06 5:45:03 ET]
Table 'Aludra' 6-max Seat #1 is the button
Seat 1: mexxxy_90 ($10 in chips) 
Seat 2: arongraham100 ($12.13 in chips) 
Seat 3: FosteFaisoado ($10 in chips) 
Seat 4: rullorh ($15.50 in chips) 
Seat 5: Mahu2021 ($10 in chips) 
Seat 6: Real2323me ($2.81 in chips) 
arongraham100: posts small blind $0.05
FosteFaisoado: posts big blind $0.10
*** HOLE CARDS ***
Dealt to Mahu2021 [6h Ks]
rullorh: folds 
Mahu2021: folds 
Real2323me: folds 
mexxxy_90: folds 
arongraham100: folds 
Uncalled bet ($0.05) returned to FosteFaisoado
FosteFaisoado collected $0.10 from pot
FosteFaisoado: doesn't show hand 
*** SUMMARY ***
Total pot $0.10 | Rake $0 
Seat 1: mexxxy_90 (button) folded before Flop (didn't bet)
Seat 2: arongraham100 (small blind) folded before Flop
Seat 3: FosteFaisoado (big blind) collected ($0.10)
Seat 4: rullorh folded before Flop (didn't bet)
Seat 5: Mahu2021 folded before Flop (didn't bet)
Seat 6: Real2323me folded before Flop (didn't bet)



PokerStars Zoom Hand #255162460239:  Hold'em No Limit ($0.05/$0.10) - 2025/03/06 11:45:00 CET [2025/03/06 5:45:00 ET]
Table 'Aludra' 6-max Seat #1 is the button
Seat 1: chilli60 ($10 in chips) 
Seat 2: lunetta1911 ($29.53 in chips) 
Seat 3: limyang ($20.18 in chips) 
Seat 4: Mahu2021 ($10 in chips) 
Seat 5: Real2323me ($7.88 in chips) 
Seat 6: Goumios ($18.96 in chips) 
lunetta1911: posts small blind $0.05
limyang: posts big blind $0.10
*** HOLE CARDS ***
Dealt to Mahu2021 [9s Qh]
Mahu2021: folds 
Real2323me: folds 
Goumios: raises $0.15 to $0.25
chilli60: raises $0.65 to $0.90
lunetta1911: folds 
limyang: folds 
Goumios: folds 
Uncalled bet ($0.65) returned to chilli60
chilli60 collected $0.65 from pot
chilli60: doesn't show hand 
*** SUMMARY ***
Total pot $0.65 | Rake $0 
Seat 1: chilli60 (button) collected ($0.65)
Seat 2: lunetta1911 (small blind) folded before Flop
Seat 3: limyang (big blind) folded before Flop
Seat 4: Mahu2021 folded before Flop (didn't bet)
Seat 5: Real2323me folded before Flop (didn't bet)
Seat 6: Goumios folded before Flop



PokerStars Zoom Hand #255162460970:  Hold'em No Limit ($0.05/$0.10) - 2025/03/06 11:45:07 CET [2025/03/06 5:45:07 ET]
Table 'Aludra' 6-max Seat #1 is the button
Seat 1: CrazyDizell ($10 in chips) 
Seat 2: Perstenev ($12.41 in chips) 
Seat 3: Winik810 ($10 in chips) 
Seat 4: Mahu2021 ($10 in chips) 
Seat 5: MrCangrejoTh ($11.71 in chips) 
Seat 6: ghanisha ($14.09 in chips) 
Perstenev: posts small blind $0.05
Winik810: posts big blind $0.10
*** HOLE CARDS ***
Dealt to Mahu2021 [Kd 3h]
Mahu2021: folds 
MrCangrejoTh: folds 
ghanisha: folds 
CrazyDizell: folds 
Perstenev: raises $0.10 to $0.20
Winik810: folds 
Uncalled bet ($0.10) returned to Perstenev
Perstenev collected $0.20 from pot
Perstenev: doesn't show hand 
*** SUMMARY ***
Total pot $0.20 | Rake $0 
Seat 1: CrazyDizell (button) folded before Flop (didn't bet)
Seat 2: Perstenev (small blind) collected ($0.20)
Seat 3: Winik810 (big blind) folded before Flop
Seat 4: Mahu2021 folded before Flop (didn't bet)
Seat 5: MrCangrejoTh folded before Flop (didn't bet)
Seat 6: ghanisha folded before Flop (didn't bet)



PokerStars Zoom Hand #255162461405:  Hold'em No Limit ($0.05/$0.10) - 2025/03/06 11:45:11 CET [2025/03/06 5:45:11 ET]
Table 'Aludra' 6-max Seat #1 is the button
Seat 1: vicegoodman ($10 in chips) 
Seat 2: limyang ($20.08 in chips) 
Seat 3: Mahu2021 ($10 in chips) 
Seat 4: taorekomi ($11.70 in chips) 
Seat 5: dim_chal89 ($8.56 in chips) 
Seat 6: hummbold ($10.13 in chips) 
limyang: posts small blind $0.05
Mahu2021: posts big blind $0.10
*** HOLE CARDS ***
Dealt to Mahu2021 [Ks 5h]
taorekomi: raises $0.15 to $0.25
dim_chal89: folds 
hummbold: folds 
vicegoodman: folds 
limyang: folds 
Mahu2021: folds 
Uncalled bet ($0.15) returned to taorekomi
taorekomi collected $0.25 from pot
taorekomi: doesn't show hand 
*** SUMMARY ***
Total pot $0.25 | Rake $0 
Seat 1: vicegoodman (button) folded before Flop (didn't bet)
Seat 2: limyang (small blind) folded before Flop
Seat 3: Mahu2021 (big blind) folded before Flop
Seat 4: taorekomi collected ($0.25)
Seat 5: dim_chal89 folded before Flop (didn't bet)
Seat 6: hummbold folded before Flop (didn't bet)



PokerStars Zoom Hand #255162462408:  Hold'em No Limit ($0.05/$0.10) - 2025/03/06 11:45:20 CET [2025/03/06 5:45:20 ET]
Table 'Aludra' 6-max Seat #1 is the button
Seat 1: limyang ($20.03 in chips) 
Seat 2: Mahu2021 ($9.90 in chips) 
Seat 3: dim_chal89 ($8.56 in chips) 
Seat 4: tafarel8 ($10 in chips) 
Seat 5: iudicus ($10 in chips) 
Seat 6: P1ntail ($16.51 in chips) 
Mahu2021: posts small blind $0.05
dim_chal89: posts big blind $0.10
*** HOLE CARDS ***
Dealt to Mahu2021 [Kd 2h]
tafarel8: folds 
iudicus: folds 
P1ntail: raises $0.15 to $0.25
limyang: folds 
Mahu2021: folds 
dim_chal89: folds 
Uncalled bet ($0.15) returned to P1ntail
P1ntail collected $0.25 from pot
P1ntail: doesn't show hand 
*** SUMMARY ***
Total pot $0.25 | Rake $0 
Seat 1: limyang (button) folded before Flop (didn't bet)
Seat 2: Mahu2021 (small blind) folded before Flop
Seat 3: dim_chal89 (big blind) folded before Flop
Seat 4: tafarel8 folded before Flop (didn't bet)
Seat 5: iudicus folded before Flop (didn't bet)
Seat 6: P1ntail collected ($0.25)



PokerStars Zoom Hand #255162462871:  Hold'em No Limit ($0.05/$0.10) - 2025/03/06 11:45:24 CET [2025/03/06 5:45:24 ET]
Table 'Aludra' 6-max Seat #1 is the button
Seat 1: pcsk8 ($14.84 in chips) 
Seat 2: arazkhan1802 ($22.25 in chips) 
Seat 3: CrazyDizell ($10 in chips) 
Seat 4: Perstenev ($12.51 in chips) 
Seat 5: limyang ($20.03 in chips) 
Seat 6: Mahu2021 ($9.85 in chips) 
arazkhan1802: posts small blind $0.05
CrazyDizell: posts big blind $0.10
*** HOLE CARDS ***
Dealt to Mahu2021 [9d 8d]
Perstenev: folds 
limyang: folds 
Mahu2021: raises $0.14 to $0.24
pcsk8: folds 
arazkhan1802: folds 
CrazyDizell: raises $0.53 to $0.77
Mahu2021: calls $0.53
*** FLOP *** [Qs Kd 7h]
CrazyDizell: bets $0.76
Mahu2021: folds 
Uncalled bet ($0.76) returned to CrazyDizell
CrazyDizell collected $1.52 from pot
CrazyDizell: doesn't show hand 
*** SUMMARY ***
Total pot $1.59 | Rake $0.07 
Board [Qs Kd 7h]
Seat 1: pcsk8 (button) folded before Flop (didn't bet)
Seat 2: arazkhan1802 (small blind) folded before Flop
Seat 3: CrazyDizell (big blind) collected ($1.52)
Seat 4: Perstenev folded before Flop (didn't bet)
Seat 5: limyang folded before Flop (didn't bet)
Seat 6: Mahu2021 folded on the Flop



PokerStars Zoom Hand #255162462029:  Hold'em No Limit ($0.05/$0.10) - 2025/03/06 11:45:16 CET [2025/03/06 5:45:16 ET]
Table 'Aludra' 6-max Seat #1 is the button
Seat 1: Mahu2021 ($9.90 in chips) 
Seat 2: FosteFaisoado ($10 in chips) 
Seat 3: rullorh ($10 in chips) 
Seat 4: vsb4ck94 ($10.05 in chips) 
Seat 5: JD 2266 E ($9.85 in chips) 
Seat 6: polina70 ($5.51 in chips) 
FosteFaisoado: posts small blind $0.05
rullorh: posts big blind $0.10
*** HOLE CARDS ***
Dealt to Mahu2021 [2c Ad]
vsb4ck94: folds 
JD 2266 E: raises $0.12 to $0.22
polina70: folds 
Mahu2021: folds 
FosteFaisoado: folds 
rullorh: calls $0.12
*** FLOP *** [7c 6c 8d]
rullorh: checks 
JD 2266 E: bets $0.14
rullorh: raises $0.50 to $0.64
JD 2266 E: calls $0.50
*** TURN *** [7c 6c 8d] [Ac]
rullorh: checks 
JD 2266 E: bets $0.51
rullorh: calls $0.51
*** RIVER *** [7c 6c 8d Ac] [3s]
rullorh: checks 
JD 2266 E: bets $2.05
rullorh: calls $2.05
*** SHOW DOWN ***
JD 2266 E: shows [Kc 9c] (a flush, Ace high)
rullorh: mucks hand 
JD 2266 E collected $6.58 from pot
*** SUMMARY ***
Total pot $6.89 | Rake $0.31 
Board [7c 6c 8d Ac 3s]
Seat 1: Mahu2021 (button) folded before Flop (didn't bet)
Seat 2: FosteFaisoado (small blind) folded before Flop
Seat 3: rullorh (big blind) mucked [6h 7h]
Seat 4: vsb4ck94 folded before Flop (didn't bet)
Seat 5: JD 2266 E showed [Kc 9c] and won ($6.58) with a flush, Ace high
Seat 6: polina70 folded before Flop (didn't bet)



PokerStars Zoom Hand #255162466891:  Hold'em No Limit ($0.05/$0.10) - 2025/03/06 11:46:01 CET [2025/03/06 5:46:01 ET]
Table 'Aludra' 6-max Seat #1 is the button
Seat 1: Mahu2021 ($8.98 in chips) 
Seat 2: pcsk8 ($14.74 in chips) 
Seat 3: vsb4ck94 ($10 in chips) 
Seat 4: jassl ($26.87 in chips) 
Seat 5: dim_chal89 ($8.61 in chips) 
Seat 6: Goumios ($16.10 in chips) 
pcsk8: posts small blind $0.05
vsb4ck94: posts big blind $0.10
*** HOLE CARDS ***
Dealt to Mahu2021 [3h 5d]
jassl: folds 
dim_chal89: folds 
Goumios: folds 
Mahu2021: folds 
pcsk8: folds 
Uncalled bet ($0.05) returned to vsb4ck94
vsb4ck94 collected $0.10 from pot
vsb4ck94: doesn't show hand 
*** SUMMARY ***
Total pot $0.10 | Rake $0 
Seat 1: Mahu2021 (button) folded before Flop (didn't bet)
Seat 2: pcsk8 (small blind) folded before Flop
Seat 3: vsb4ck94 (big blind) collected ($0.10)
Seat 4: jassl folded before Flop (didn't bet)
Seat 5: dim_chal89 folded before Flop (didn't bet)
Seat 6: Goumios folded before Flop (didn't bet)



PokerStars Zoom Hand #255162465251:  Hold'em No Limit ($0.05/$0.10) - 2025/03/06 11:45:46 CET [2025/03/06 5:45:46 ET]
Table 'Aludra' 6-max Seat #1 is the button
Seat 1: fulgerasv2609 ($10.75 in chips) 
Seat 2: Footraiser ($10 in chips) 
Seat 3: jassl ($26.97 in chips) 
Seat 4: Mahu2021 ($9.08 in chips) 
Seat 5: FosteFaisoado ($10 in chips) 
Seat 6: vicegoodman ($10 in chips) 
Footraiser: posts small blind $0.05
jassl: posts big blind $0.10
*** HOLE CARDS ***
Dealt to Mahu2021 [6c Tc]
Mahu2021: folds 
FosteFaisoado: raises $0.20 to $0.30
vicegoodman: folds 
fulgerasv2609: calls $0.30
Footraiser: raises $1.10 to $1.40
jassl: folds 
FosteFaisoado: folds 
fulgerasv2609: folds 
Uncalled bet ($1.10) returned to Footraiser
Footraiser collected $1 from pot
Footraiser: doesn't show hand 
*** SUMMARY ***
Total pot $1 | Rake $0 
Seat 1: fulgerasv2609 (button) folded before Flop
Seat 2: Footraiser (small blind) collected ($1)
Seat 3: jassl (big blind) folded before Flop
Seat 4: Mahu2021 folded before Flop (didn't bet)
Seat 5: FosteFaisoado folded before Flop
Seat 6: vicegoodman folded before Flop (didn't bet)



PokerStars Zoom Hand #255162468138:  Hold'em No Limit ($0.05/$0.10) - 2025/03/06 11:46:12 CET [2025/03/06 5:46:12 ET]
Table 'Aludra' 6-max Seat #1 is the button
Seat 1: Footraiser ($10.70 in chips) 
Seat 2: Mumm85 ($8.71 in chips) 
Seat 3: arazkhan1802 ($13.97 in chips) 
Seat 4: KianushVo ($4.75 in chips) 
Seat 5: Mahu2021 ($8.93 in chips) 
Seat 6: dkpl ($12.10 in chips) 
Mumm85: posts small blind $0.05
arazkhan1802: posts big blind $0.10
*** HOLE CARDS ***
Dealt to Mahu2021 [4c 2h]
KianushVo: raises $0.20 to $0.30
Mahu2021: folds 
dkpl: folds 
Footraiser: folds 
Mumm85: folds 
arazkhan1802: folds 
Uncalled bet ($0.20) returned to KianushVo
KianushVo collected $0.25 from pot
KianushVo: doesn't show hand 
*** SUMMARY ***
Total pot $0.25 | Rake $0 
Seat 1: Footraiser (button) folded before Flop (didn't bet)
Seat 2: Mumm85 (small blind) folded before Flop
Seat 3: arazkhan1802 (big blind) folded before Flop
Seat 4: KianushVo collected ($0.25)
Seat 5: Mahu2021 folded before Flop (didn't bet)
Seat 6: dkpl folded before Flop (didn't bet)



PokerStars Zoom Hand #255162465701:  Hold'em No Limit ($0.05/$0.10) - 2025/03/06 11:45:50 CET [2025/03/06 5:45:50 ET]
Table 'Aludra' 6-max Seat #1 is the button
Seat 1: limyang ($20.18 in chips) 
Seat 2: vsb4ck94 ($10 in chips) 
Seat 3: Mahu2021 ($9.08 in chips) 
Seat 4: arazkhan1802 ($22.10 in chips) 
Seat 5: hummbold ($10.32 in chips) 
Seat 6: Perstenev ($13.05 in chips) 
vsb4ck94: posts small blind $0.05
Mahu2021: posts big blind $0.10
*** HOLE CARDS ***
Dealt to Mahu2021 [9d Jh]
arazkhan1802: folds 
hummbold: raises $0.15 to $0.25
Perstenev: calls $0.25
limyang: raises $0.80 to $1.05
vsb4ck94: folds 
Mahu2021: folds 
hummbold: raises $1.70 to $2.75
Perstenev: folds 
limyang: calls $1.70
*** FLOP *** [6h 5d 8d]
hummbold: checks 
limyang: bets $1.41
hummbold: folds 
Uncalled bet ($1.41) returned to limyang
limyang collected $5.63 from pot
limyang: doesn't show hand 
*** SUMMARY ***
Total pot $5.90 | Rake $0.27 
Board [6h 5d 8d]
Seat 1: limyang (button) collected ($5.63)
Seat 2: vsb4ck94 (small blind) folded before Flop
Seat 3: Mahu2021 (big blind) folded before Flop
Seat 4: arazkhan1802 folded before Flop (didn't bet)
Seat 5: hummbold folded on the Flop
Seat 6: Perstenev folded before Flop



PokerStars Zoom Hand #255162467389:  Hold'em No Limit ($0.05/$0.10) - 2025/03/06 11:46:05 CET [2025/03/06 5:46:05 ET]
Table 'Aludra' 6-max Seat #1 is the button
Seat 1: KianushVo ($4.75 in chips) 
Seat 2: Mahu2021 ($8.98 in chips) 
Seat 3: jassl ($10.60 in chips) 
Seat 4: hummbold ($10 in chips) 
Seat 5: Adam<3Coffee ($25.78 in chips) 
Seat 6: Real2323me ($7.82 in chips) 
Mahu2021: posts small blind $0.05
jassl: posts big blind $0.10
*** HOLE CARDS ***
Dealt to Mahu2021 [Ks 4d]
hummbold: folds 
Adam<3Coffee: folds 
Real2323me: calls $0.10
KianushVo: folds 
Mahu2021: folds 
jassl: checks 
*** FLOP *** [Ad Th 2c]
jassl: checks 
Real2323me: checks 
*** TURN *** [Ad Th 2c] [3h]
jassl: bets $0.10
Real2323me: calls $0.10
*** RIVER *** [Ad Th 2c 3h] [8d]
jassl: checks 
Real2323me: checks 
*** SHOW DOWN ***
jassl: shows [3c 4h] (a pair of Threes)
Real2323me: shows [7c 7h] (a pair of Sevens)
Real2323me collected $0.43 from pot
*** SUMMARY ***
Total pot $0.45 | Rake $0.02 
Board [Ad Th 2c 3h 8d]
Seat 1: KianushVo (button) folded before Flop (didn't bet)
Seat 2: Mahu2021 (small blind) folded before Flop
Seat 3: jassl (big blind) showed [3c 4h] and lost with a pair of Threes
Seat 4: hummbold folded before Flop (didn't bet)
Seat 5: Adam<3Coffee folded before Flop (didn't bet)
Seat 6: Real2323me showed [7c 7h] and won ($0.43) with a pair of Sevens



PokerStars Zoom Hand #255162467776:  Hold'em No Limit ($0.05/$0.10) - 2025/03/06 11:46:08 CET [2025/03/06 5:46:08 ET]
Table 'Aludra' 6-max Seat #1 is the button
Seat 1: 00Joe76 ($4.14 in chips) 
Seat 2: Perstenev ($12.22 in chips) 
Seat 3: Adam<3Coffee ($25.78 in chips) 
Seat 4: vsb4ck94 ($10.05 in chips) 
Seat 5: pcsk8 ($36.07 in chips) 
Seat 6: Mahu2021 ($8.93 in chips) 
Perstenev: posts small blind $0.05
Adam<3Coffee: posts big blind $0.10
*** HOLE CARDS ***
Dealt to Mahu2021 [Js 3d]
vsb4ck94: folds 
pcsk8: raises $0.25 to $0.35
Mahu2021: folds 
00Joe76: folds 
Perstenev: calls $0.30
Adam<3Coffee: calls $0.25
*** FLOP *** [7d 9d 2d]
Perstenev: checks 
Adam<3Coffee: checks 
pcsk8: checks 
*** TURN *** [7d 9d 2d] [2h]
Perstenev: checks 
Adam<3Coffee: checks 
pcsk8: checks 
*** RIVER *** [7d 9d 2d 2h] [6h]
Perstenev: checks 
Adam<3Coffee: checks 
pcsk8: checks 
*** SHOW DOWN ***
Perstenev: shows [7c Ac] (two pair, Sevens and Deuces)
Adam<3Coffee: mucks hand 
pcsk8: mucks hand 
Perstenev collected $1 from pot
*** SUMMARY ***
Total pot $1.05 | Rake $0.05 
Board [7d 9d 2d 2h 6h]
Seat 1: 00Joe76 (button) folded before Flop (didn't bet)
Seat 2: Perstenev (small blind) showed [7c Ac] and won ($1) with two pair, Sevens and Deuces
Seat 3: Adam<3Coffee (big blind) mucked [Qs Kc]
Seat 4: vsb4ck94 folded before Flop (didn't bet)
Seat 5: pcsk8 mucked [8h Jh]
Seat 6: Mahu2021 folded before Flop (didn't bet)



PokerStars Zoom Hand #255162468885:  Hold'em No Limit ($0.05/$0.10) - 2025/03/06 11:46:18 CET [2025/03/06 5:46:18 ET]
Table 'Aludra' 6-max Seat #1 is the button
Seat 1: FosteFaisoado ($10.26 in chips) 
Seat 2: masi1951 ($2.18 in chips) 
Seat 3: Mahu2021 ($8.93 in chips) 
Seat 4: JD 2266 E ($13.01 in chips) 
Seat 5: vsb4ck94 ($10.05 in chips) 
Seat 6: BigArc1995 ($12.22 in chips) 
masi1951: posts small blind $0.05
Mahu2021: posts big blind $0.10
*** HOLE CARDS ***
Dealt to Mahu2021 [2c Th]
JD 2266 E: folds 
vsb4ck94: folds 
BigArc1995: folds 
FosteFaisoado: folds 
masi1951: calls $0.05
Mahu2021: checks 
*** FLOP *** [7c 9c Ts]
masi1951: checks 
Mahu2021: bets $0.10
masi1951: calls $0.10
*** TURN *** [7c 9c Ts] [7s]
masi1951: checks 
Mahu2021: bets $0.10
masi1951: folds 
Uncalled bet ($0.10) returned to Mahu2021
Mahu2021 collected $0.38 from pot
Mahu2021: doesn't show hand 
*** SUMMARY ***
Total pot $0.40 | Rake $0.02 
Board [7c 9c Ts 7s]
Seat 1: FosteFaisoado (button) folded before Flop (didn't bet)
Seat 2: masi1951 (small blind) folded on the Turn
Seat 3: Mahu2021 (big blind) collected ($0.38)
Seat 4: JD 2266 E folded before Flop (didn't bet)
Seat 5: vsb4ck94 folded before Flop (didn't bet)
Seat 6: BigArc1995 folded before Flop (didn't bet)



PokerStars Zoom Hand #255162472033:  Hold'em No Limit ($0.05/$0.10) - 2025/03/06 11:46:46 CET [2025/03/06 5:46:46 ET]
Table 'Aludra' 6-max Seat #1 is the button
Seat 1: Mahu2021 ($9.11 in chips) 
Seat 2: Goumios ($18.31 in chips) 
Seat 3: rullorh ($12.18 in chips) 
Seat 4: limyang ($17.82 in chips) 
Seat 5: vicegoodman ($10 in chips) 
Seat 6: jassl ($27.27 in chips) 
Goumios: posts small blind $0.05
rullorh: posts big blind $0.10
*** HOLE CARDS ***
Dealt to Mahu2021 [8s Th]
limyang: folds 
vicegoodman: folds 
jassl: folds 
Mahu2021: folds 
Goumios: raises $0.20 to $0.30
rullorh: folds 
Uncalled bet ($0.20) returned to Goumios
Goumios collected $0.20 from pot
Goumios: doesn't show hand 
*** SUMMARY ***
Total pot $0.20 | Rake $0 
Seat 1: Mahu2021 (button) folded before Flop (didn't bet)
Seat 2: Goumios (small blind) collected ($0.20)
Seat 3: rullorh (big blind) folded before Flop
Seat 4: limyang folded before Flop (didn't bet)
Seat 5: vicegoodman folded before Flop (didn't bet)
Seat 6: jassl folded before Flop (didn't bet)



PokerStars Zoom Hand #255162472492:  Hold'em No Limit ($0.05/$0.10) - 2025/03/06 11:46:50 CET [2025/03/06 5:46:50 ET]
Table 'Aludra' 6-max Seat #1 is the button
Seat 1: hummbold ($10.30 in chips) 
Seat 2: polzerjung ($6.81 in chips) 
Seat 3: limyang ($17.82 in chips) 
Seat 4: oazizizgut ($10.86 in chips) 
Seat 5: polina70 ($5.48 in chips) 
Seat 6: Mahu2021 ($9.11 in chips) 
polzerjung: posts small blind $0.05
limyang: posts big blind $0.10
*** HOLE CARDS ***
Dealt to Mahu2021 [7h Qh]
oazizizgut: folds 
polina70: folds 
Mahu2021: folds 
hummbold: raises $0.15 to $0.25
polzerjung: folds 
limyang: folds 
Uncalled bet ($0.15) returned to hummbold
hummbold collected $0.25 from pot
hummbold: doesn't show hand 
*** SUMMARY ***
Total pot $0.25 | Rake $0 
Seat 1: hummbold (button) collected ($0.25)
Seat 2: polzerjung (small blind) folded before Flop
Seat 3: limyang (big blind) folded before Flop
Seat 4: oazizizgut folded before Flop (didn't bet)
Seat 5: polina70 folded before Flop (didn't bet)
Seat 6: Mahu2021 folded before Flop (didn't bet)



PokerStars Zoom Hand #255162472935:  Hold'em No Limit ($0.05/$0.10) - 2025/03/06 11:46:54 CET [2025/03/06 5:46:54 ET]
Table 'Aludra' 6-max Seat #1 is the button
Seat 1: tachyon2 ($2.93 in chips) 
Seat 2: Mahu2021 ($9.11 in chips) 
Seat 3: MrCangrejoTh ($10 in chips) 
Seat 4: Perstenev ($12.77 in chips) 
Seat 5: polzerjung ($6.76 in chips) 
Seat 6: ratchadan ($15.55 in chips) 
Mahu2021: posts small blind $0.05
MrCangrejoTh: posts big blind $0.10
*** HOLE CARDS ***
Dealt to Mahu2021 [Kc 4s]
Perstenev: folds 
polzerjung: folds 
ratchadan: folds 
tachyon2: raises $0.15 to $0.25
Mahu2021: folds 
MrCangrejoTh: folds 
Uncalled bet ($0.15) returned to tachyon2
tachyon2 collected $0.25 from pot
tachyon2: doesn't show hand 
*** SUMMARY ***
Total pot $0.25 | Rake $0 
Seat 1: tachyon2 (button) collected ($0.25)
Seat 2: Mahu2021 (small blind) folded before Flop
Seat 3: MrCangrejoTh (big blind) folded before Flop
Seat 4: Perstenev folded before Flop (didn't bet)
Seat 5: polzerjung folded before Flop (didn't bet)
Seat 6: ratchadan folded before Flop (didn't bet)



PokerStars Zoom Hand #255162474286:  Hold'em No Limit ($0.05/$0.10) - 2025/03/06 11:47:06 CET [2025/03/06 5:47:06 ET]
Table 'Aludra' 6-max Seat #1 is the button
Seat 1: Adam<3Coffee ($25.53 in chips) 
Seat 2: MrCangrejoTh ($10 in chips) 
Seat 3: Yash1ch ($13.64 in chips) 
Seat 4: masi1951 ($2.13 in chips) 
Seat 5: Mahu2021 ($9.06 in chips) 
Seat 6: hummbold ($10.45 in chips) 
MrCangrejoTh: posts small blind $0.05
Yash1ch: posts big blind $0.10
*** HOLE CARDS ***
Dealt to Mahu2021 [5d Jc]
masi1951: folds 
Mahu2021: folds 
hummbold: folds 
Adam<3Coffee: folds 
MrCangrejoTh: folds 
Uncalled bet ($0.05) returned to Yash1ch
Yash1ch collected $0.10 from pot
Yash1ch: doesn't show hand 
*** SUMMARY ***
Total pot $0.10 | Rake $0 
Seat 1: Adam<3Coffee (button) folded before Flop (didn't bet)
Seat 2: MrCangrejoTh (small blind) folded before Flop
Seat 3: Yash1ch (big blind) collected ($0.10)
Seat 4: masi1951 folded before Flop (didn't bet)
Seat 5: Mahu2021 folded before Flop (didn't bet)
Seat 6: hummbold folded before Flop (didn't bet)



PokerStars Zoom Hand #255162474693:  Hold'em No Limit ($0.05/$0.10) - 2025/03/06 11:47:10 CET [2025/03/06 5:47:10 ET]
Table 'Aludra' 6-max Seat #1 is the button
Seat 1: alanindublin ($10.89 in chips) 
Seat 2: CrazyDizell ($10.65 in chips) 
Seat 3: Mahu2021 ($9.06 in chips) 
Seat 4: masi1951 ($2.13 in chips) 
Seat 5: rullorh ($16.58 in chips) 
Seat 6: vsb4ck94 ($10 in chips) 
CrazyDizell: posts small blind $0.05
Mahu2021: posts big blind $0.10
*** HOLE CARDS ***
Dealt to Mahu2021 [8s 6c]
masi1951: folds 
rullorh: folds 
vsb4ck94: folds 
alanindublin: folds 
CrazyDizell: raises $0.20 to $0.30
Mahu2021: folds 
Uncalled bet ($0.20) returned to CrazyDizell
CrazyDizell collected $0.20 from pot
CrazyDizell: doesn't show hand 
*** SUMMARY ***
Total pot $0.20 | Rake $0 
Seat 1: alanindublin (button) folded before Flop (didn't bet)
Seat 2: CrazyDizell (small blind) collected ($0.20)
Seat 3: Mahu2021 (big blind) folded before Flop
Seat 4: masi1951 folded before Flop (didn't bet)
Seat 5: rullorh folded before Flop (didn't bet)
Seat 6: vsb4ck94 folded before Flop (didn't bet)



PokerStars Zoom Hand #255162473398:  Hold'em No Limit ($0.05/$0.10) - 2025/03/06 11:46:58 CET [2025/03/06 5:46:58 ET]
Table 'Aludra' 6-max Seat #1 is the button
Seat 1: hummbold ($10 in chips) 
Seat 2: limyang ($32.48 in chips) 
Seat 3: dim_chal89 ($8.66 in chips) 
Seat 4: Footraiser ($10.70 in chips) 
Seat 5: Mahu2021 ($9.06 in chips) 
Seat 6: augtoth ($13.94 in chips) 
limyang: posts small blind $0.05
dim_chal89: posts big blind $0.10
*** HOLE CARDS ***
Dealt to Mahu2021 [Js 9d]
Footraiser: folds 
Mahu2021: folds 
augtoth: folds 
hummbold: folds 
limyang: raises $0.20 to $0.30
dim_chal89: calls $0.20
*** FLOP *** [5d 5h Tc]
limyang: checks 
dim_chal89: checks 
*** TURN *** [5d 5h Tc] [Qs]
limyang: checks 
dim_chal89: bets $0.43
limyang: folds 
Uncalled bet ($0.43) returned to dim_chal89
dim_chal89 collected $0.57 from pot
dim_chal89: doesn't show hand 
*** SUMMARY ***
Total pot $0.60 | Rake $0.03 
Board [5d 5h Tc Qs]
Seat 1: hummbold (button) folded before Flop (didn't bet)
Seat 2: limyang (small blind) folded on the Turn
Seat 3: dim_chal89 (big blind) collected ($0.57)
Seat 4: Footraiser folded before Flop (didn't bet)
Seat 5: Mahu2021 folded before Flop (didn't bet)
Seat 6: augtoth folded before Flop (didn't bet)



PokerStars Zoom Hand #255162473812:  Hold'em No Limit ($0.05/$0.10) - 2025/03/06 11:47:02 CET [2025/03/06 5:47:02 ET]
Table 'Aludra' 6-max Seat #1 is the button
Seat 1: rullorh ($12.03 in chips) 
Seat 2: polzerjung ($6.76 in chips) 
Seat 3: Footraiser ($10.70 in chips) 
Seat 4: Mahu2021 ($9.06 in chips) 
Seat 5: JD 2266 E ($12.86 in chips) 
Seat 6: jassl ($10.35 in chips) 
polzerjung: posts small blind $0.05
Footraiser: posts big blind $0.10
*** HOLE CARDS ***
Dealt to Mahu2021 [Ah 6c]
Mahu2021: folds 
JD 2266 E: raises $0.15 to $0.25
jassl: folds 
rullorh: folds 
polzerjung: calls $0.20
Footraiser: calls $0.15
*** FLOP *** [Qs 4h Qd]
polzerjung: checks 
Footraiser: checks 
JD 2266 E: bets $0.22
polzerjung: calls $0.22
Footraiser: folds 
*** TURN *** [Qs 4h Qd] [4c]
polzerjung: bets $0.10
JD 2266 E: raises $1.03 to $1.13
polzerjung: folds 
Uncalled bet ($1.03) returned to JD 2266 E
JD 2266 E collected $1.33 from pot
JD 2266 E: doesn't show hand 
*** SUMMARY ***
Total pot $1.39 | Rake $0.06 
Board [Qs 4h Qd 4c]
Seat 1: rullorh (button) folded before Flop (didn't bet)
Seat 2: polzerjung (small blind) folded on the Turn
Seat 3: Footraiser (big blind) folded on the Flop
Seat 4: Mahu2021 folded before Flop (didn't bet)
Seat 5: JD 2266 E collected ($1.33)
Seat 6: jassl folded before Flop (didn't bet)



PokerStars Zoom Hand #255162476345:  Hold'em No Limit ($0.05/$0.10) - 2025/03/06 11:47:25 CET [2025/03/06 5:47:25 ET]
Table 'Aludra' 6-max Seat #1 is the button
Seat 1: MrCangrejoTh ($12.65 in chips) 
Seat 2: Mahu2021 ($8.96 in chips) 
Seat 3: junkie808 ($10 in chips) 
Seat 4: hummbold ($10 in chips) 
Seat 5: vsb4ck94 ($10 in chips) 
Seat 6: KianushVo ($2.95 in chips) 
Mahu2021: posts small blind $0.05
junkie808: posts big blind $0.10
*** HOLE CARDS ***
Dealt to Mahu2021 [Qc 5h]
hummbold: folds 
vsb4ck94: folds 
KianushVo: folds 
MrCangrejoTh: folds 
Mahu2021: folds 
Uncalled bet ($0.05) returned to junkie808
junkie808 collected $0.10 from pot
junkie808: doesn't show hand 
*** SUMMARY ***
Total pot $0.10 | Rake $0 
Seat 1: MrCangrejoTh (button) folded before Flop (didn't bet)
Seat 2: Mahu2021 (small blind) folded before Flop
Seat 3: junkie808 (big blind) collected ($0.10)
Seat 4: hummbold folded before Flop (didn't bet)
Seat 5: vsb4ck94 folded before Flop (didn't bet)
Seat 6: KianushVo folded before Flop (didn't bet)



PokerStars Zoom Hand #255162477616:  Hold'em No Limit ($0.05/$0.10) - 2025/03/06 11:47:37 CET [2025/03/06 5:47:37 ET]
Table 'Aludra' 6-max Seat #1 is the button
Seat 1: BigArc1995 ($12.54 in chips) 
Seat 2: jassl ($21.31 in chips) 
Seat 3: Mahu2021 ($8.91 in chips) 
Seat 4: gopropokst. ($7.73 in chips) 
Seat 5: rullorh ($10.05 in chips) 
Seat 6: polzerjung ($6.19 in chips) 
jassl: posts small blind $0.05
Mahu2021: posts big blind $0.10
*** HOLE CARDS ***
Dealt to Mahu2021 [7d 8s]
gopropokst.: calls $0.10
rullorh: folds 
polzerjung: folds 
BigArc1995: folds 
jassl: folds 
Mahu2021: checks 
*** FLOP *** [4d Ac Kd]
Mahu2021: checks 
gopropokst.: checks 
*** TURN *** [4d Ac Kd] [4c]
Mahu2021: checks 
gopropokst.: checks 
*** RIVER *** [4d Ac Kd 4c] [2c]
Mahu2021: checks 
gopropokst.: bets $0.10
Mahu2021: folds 
Uncalled bet ($0.10) returned to gopropokst.
gopropokst. collected $0.24 from pot
gopropokst.: doesn't show hand 
*** SUMMARY ***
Total pot $0.25 | Rake $0.01 
Board [4d Ac Kd 4c 2c]
Seat 1: BigArc1995 (button) folded before Flop (didn't bet)
Seat 2: jassl (small blind) folded before Flop
Seat 3: Mahu2021 (big blind) folded on the River
Seat 4: gopropokst. collected ($0.24)
Seat 5: rullorh folded before Flop (didn't bet)
Seat 6: polzerjung folded before Flop (didn't bet)



PokerStars Zoom Hand #255162476883:  Hold'em No Limit ($0.05/$0.10) - 2025/03/06 11:47:30 CET [2025/03/06 5:47:30 ET]
Table 'Aludra' 6-max Seat #1 is the button
Seat 1: Perstenev ($4.63 in chips) 
Seat 2: augtoth ($10.37 in chips) 
Seat 3: aar0lep ($10.25 in chips) 
Seat 4: oazizizgut ($10.66 in chips) 
Seat 5: Georg006830 ($4.70 in chips) 
Seat 6: Mahu2021 ($8.91 in chips) 
augtoth: posts small blind $0.05
aar0lep: posts big blind $0.10
*** HOLE CARDS ***
Dealt to Mahu2021 [Qs 3s]
oazizizgut: folds 
Georg006830: folds 
Mahu2021: folds 
Perstenev: calls $0.10
augtoth: calls $0.05
aar0lep: checks 
*** FLOP *** [7s 6d 7c]
augtoth: checks 
aar0lep: checks 
Perstenev: checks 
*** TURN *** [7s 6d 7c] [9c]
augtoth: bets $0.21
aar0lep: calls $0.21
Perstenev: folds 
*** RIVER *** [7s 6d 7c 9c] [5s]
augtoth: bets $0.23
aar0lep: folds 
Uncalled bet ($0.23) returned to augtoth
augtoth collected $0.69 from pot
augtoth: doesn't show hand 
*** SUMMARY ***
Total pot $0.72 | Rake $0.03 
Board [7s 6d 7c 9c 5s]
Seat 1: Perstenev (button) folded on the Turn
Seat 2: augtoth (small blind) collected ($0.69)
Seat 3: aar0lep (big blind) folded on the River
Seat 4: oazizizgut folded before Flop (didn't bet)
Seat 5: Georg006830 folded before Flop (didn't bet)
Seat 6: Mahu2021 folded before Flop (didn't bet)



PokerStars Zoom Hand #255162475932:  Hold'em No Limit ($0.05/$0.10) - 2025/03/06 11:47:21 CET [2025/03/06 5:47:21 ET]
Table 'Aludra' 6-max Seat #1 is the button
Seat 1: Mahu2021 ($8.96 in chips) 
Seat 2: vojtek1968 ($10.15 in chips) 
Seat 3: masi1951 ($2.13 in chips) 
Seat 4: franz Z750 ($25.96 in chips) 
Seat 5: arongraham100 ($12.86 in chips) 
Seat 6: Perstenev ($4.63 in chips) 
vojtek1968: posts small blind $0.05
masi1951: posts big blind $0.10
*** HOLE CARDS ***
Dealt to Mahu2021 [3c Kh]
franz Z750: raises $0.12 to $0.22
arongraham100: folds 
Perstenev: folds 
Mahu2021: folds 
vojtek1968: calls $0.17
masi1951: folds 
*** FLOP *** [6s 2d 4c]
vojtek1968: checks 
franz Z750: bets $0.17
vojtek1968: calls $0.17
*** TURN *** [6s 2d 4c] [Qh]
vojtek1968: checks 
franz Z750: bets $0.28
vojtek1968: folds 
Uncalled bet ($0.28) returned to franz Z750
franz Z750 collected $0.83 from pot
franz Z750: doesn't show hand 
*** SUMMARY ***
Total pot $0.88 | Rake $0.05 
Board [6s 2d 4c Qh]
Seat 1: Mahu2021 (button) folded before Flop (didn't bet)
Seat 2: vojtek1968 (small blind) folded on the Turn
Seat 3: masi1951 (big blind) folded before Flop
Seat 4: franz Z750 collected ($0.83)
Seat 5: arongraham100 folded before Flop (didn't bet)
Seat 6: Perstenev folded before Flop (didn't bet)



PokerStars Zoom Hand #255162477246:  Hold'em No Limit ($0.05/$0.10) - 2025/03/06 11:47:33 CET [2025/03/06 5:47:33 ET]
Table 'Aludra' 6-max Seat #1 is the button
Seat 1: karo_wpc ($22.42 in chips) 
Seat 2: BigArc1995 ($12.59 in chips) 
Seat 3: hummbold ($10 in chips) 
Seat 4: Mahu2021 ($8.91 in chips) 
Seat 5: Fjuno ($7.70 in chips) 
Seat 6: arongraham100 ($10.87 in chips) 
BigArc1995: posts small blind $0.05
hummbold: posts big blind $0.10
*** HOLE CARDS ***
Dealt to Mahu2021 [8c 4d]
Mahu2021: folds 
Fjuno: folds 
arongraham100: raises $0.13 to $0.23
karo_wpc: calls $0.23
BigArc1995: folds 
hummbold: folds 
*** FLOP *** [7s 9h 6h]
arongraham100: bets $0.17
karo_wpc: calls $0.17
*** TURN *** [7s 9h 6h] [9s]
arongraham100: checks 
karo_wpc: bets $1.27
arongraham100: folds 
Uncalled bet ($1.27) returned to karo_wpc
karo_wpc collected $0.91 from pot
karo_wpc: doesn't show hand 
*** SUMMARY ***
Total pot $0.95 | Rake $0.04 
Board [7s 9h 6h 9s]
Seat 1: karo_wpc (button) collected ($0.91)
Seat 2: BigArc1995 (small blind) folded before Flop
Seat 3: hummbold (big blind) folded before Flop
Seat 4: Mahu2021 folded before Flop (didn't bet)
Seat 5: Fjuno folded before Flop (didn't bet)
Seat 6: arongraham100 folded on the Turn



PokerStars Zoom Hand #255162479437:  Hold'em No Limit ($0.05/$0.10) - 2025/03/06 11:47:53 CET [2025/03/06 5:47:53 ET]
Table 'Aludra' 6-max Seat #1 is the button
Seat 1: junkie808 ($10 in chips) 
Seat 2: Mahu2021 ($8.81 in chips) 
Seat 3: BigArc1995 ($12.54 in chips) 
Seat 4: Perstenev ($4.53 in chips) 
Seat 5: rullorh ($10 in chips) 
Seat 6: arazkhan1802 ($13.82 in chips) 
Mahu2021: posts small blind $0.05
BigArc1995: posts big blind $0.10
*** HOLE CARDS ***
Dealt to Mahu2021 [6d Ac]
Perstenev: folds 
rullorh: folds 
arazkhan1802: folds 
junkie808: folds 
Mahu2021: raises $0.20 to $0.30
BigArc1995: calls $0.20
*** FLOP *** [4c Ts 5h]
Mahu2021: checks 
BigArc1995: checks 
*** TURN *** [4c Ts 5h] [Ah]
Mahu2021: bets $0.30
BigArc1995: calls $0.30
*** RIVER *** [4c Ts 5h Ah] [8h]
Mahu2021: bets $0.30
BigArc1995: calls $0.30
*** SHOW DOWN ***
Mahu2021: shows [6d Ac] (a pair of Aces)
BigArc1995: shows [Qc Ad] (a pair of Aces - Queen kicker)
BigArc1995 collected $1.72 from pot
*** SUMMARY ***
Total pot $1.80 | Rake $0.08 
Board [4c Ts 5h Ah 8h]
Seat 1: junkie808 (button) folded before Flop (didn't bet)
Seat 2: Mahu2021 (small blind) showed [6d Ac] and lost with a pair of Aces
Seat 3: BigArc1995 (big blind) showed [Qc Ad] and won ($1.72) with a pair of Aces
Seat 4: Perstenev folded before Flop (didn't bet)
Seat 5: rullorh folded before Flop (didn't bet)
Seat 6: arazkhan1802 folded before Flop (didn't bet)



PokerStars Zoom Hand #255162482014:  Hold'em No Limit ($0.05/$0.10) - 2025/03/06 11:48:16 CET [2025/03/06 5:48:16 ET]
Table 'Aludra' 6-max Seat #1 is the button
Seat 1: arongraham100 ($12.51 in chips) 
Seat 2: JD 2266 E ($13.67 in chips) 
Seat 3: Mumm85 ($10.87 in chips) 
Seat 4: BigArc1995 ($13.36 in chips) 
Seat 5: Mahu2021 ($7.91 in chips) 
Seat 6: iudicus ($10 in chips) 
JD 2266 E: posts small blind $0.05
Mumm85: posts big blind $0.10
*** HOLE CARDS ***
Dealt to Mahu2021 [6h 4d]
BigArc1995: folds 
Mahu2021: folds 
iudicus: raises $0.30 to $0.40
arongraham100: folds 
JD 2266 E: folds 
Mumm85: folds 
Uncalled bet ($0.30) returned to iudicus
iudicus collected $0.25 from pot
iudicus: doesn't show hand 
*** SUMMARY ***
Total pot $0.25 | Rake $0 
Seat 1: arongraham100 (button) folded before Flop (didn't bet)
Seat 2: JD 2266 E (small blind) folded before Flop
Seat 3: Mumm85 (big blind) folded before Flop
Seat 4: BigArc1995 folded before Flop (didn't bet)
Seat 5: Mahu2021 folded before Flop (didn't bet)
Seat 6: iudicus collected ($0.25)



PokerStars Zoom Hand #255162482679:  Hold'em No Limit ($0.05/$0.10) - 2025/03/06 11:48:22 CET [2025/03/06 5:48:22 ET]
Table 'Aludra' 6-max Seat #1 is the button
Seat 1: Mahu2021 ($7.91 in chips) 
Seat 2: tafarel8 ($12.50 in chips) 
Seat 3: arazkhan1802 ($18.91 in chips) 
Seat 4: Footraiser ($10 in chips) 
Seat 5: Yash1ch ($12.58 in chips) 
Seat 6: franz Z750 ($26.25 in chips) 
tafarel8: posts small blind $0.05
arazkhan1802: posts big blind $0.10
*** HOLE CARDS ***
Dealt to Mahu2021 [7d 3c]
Footraiser: folds 
Yash1ch: folds 
franz Z750: folds 
Mahu2021: folds 
tafarel8: folds 
Uncalled bet ($0.05) returned to arazkhan1802
arazkhan1802 collected $0.10 from pot
arazkhan1802: doesn't show hand 
*** SUMMARY ***
Total pot $0.10 | Rake $0 
Seat 1: Mahu2021 (button) folded before Flop (didn't bet)
Seat 2: tafarel8 (small blind) folded before Flop
Seat 3: arazkhan1802 (big blind) collected ($0.10)
Seat 4: Footraiser folded before Flop (didn't bet)
Seat 5: Yash1ch folded before Flop (didn't bet)
Seat 6: franz Z750 folded before Flop (didn't bet)



PokerStars Zoom Hand #255162483208:  Hold'em No Limit ($0.05/$0.10) - 2025/03/06 11:48:27 CET [2025/03/06 5:48:27 ET]
Table 'Aludra' 6-max Seat #1 is the button
Seat 1: rullorh ($10 in chips) 
Seat 2: Yash1ch ($9.64 in chips) 
Seat 3: gopropokst. ($7.97 in chips) 
Seat 4: Mahu2021 ($7.91 in chips) 
Seat 5: hecto600 ($5.08 in chips) 
Seat 6: Georg006830 ($5.41 in chips) 
Yash1ch: posts small blind $0.05
gopropokst.: posts big blind $0.10
*** HOLE CARDS ***
Dealt to Mahu2021 [Th 5h]
Mahu2021: folds 
hecto600: folds 
Georg006830: raises $0.10 to $0.20
rullorh: folds 
Yash1ch: calls $0.15
gopropokst.: folds 
*** FLOP *** [6d Qh 2d]
Yash1ch: checks 
Georg006830: checks 
*** TURN *** [6d Qh 2d] [Jd]
Yash1ch: bets $0.24
Georg006830: folds 
Uncalled bet ($0.24) returned to Yash1ch
Yash1ch collected $0.48 from pot
Yash1ch: doesn't show hand 
*** SUMMARY ***
Total pot $0.50 | Rake $0.02 
Board [6d Qh 2d Jd]
Seat 1: rullorh (button) folded before Flop (didn't bet)
Seat 2: Yash1ch (small blind) collected ($0.48)
Seat 3: gopropokst. (big blind) folded before Flop
Seat 4: Mahu2021 folded before Flop (didn't bet)
Seat 5: hecto600 folded before Flop (didn't bet)
Seat 6: Georg006830 folded on the Turn



PokerStars Zoom Hand #255162483656:  Hold'em No Limit ($0.05/$0.10) - 2025/03/06 11:48:31 CET [2025/03/06 5:48:31 ET]
Table 'Aludra' 6-max Seat #1 is the button
Seat 1: JD 2266 E ($13.62 in chips) 
Seat 2: jassl ($10.20 in chips) 
Seat 3: HyperBete ($10 in chips) 
Seat 4: rullorh ($10 in chips) 
Seat 5: arongraham100 ($12.46 in chips) 
Seat 6: Mahu2021 ($7.91 in chips) 
jassl: posts small blind $0.05
HyperBete: posts big blind $0.10
*** HOLE CARDS ***
Dealt to Mahu2021 [6h Qc]
rullorh: raises $0.10 to $0.20
arongraham100: folds 
Mahu2021: folds 
JD 2266 E: calls $0.20
jassl: folds 
HyperBete: folds 
*** FLOP *** [Ah Qh 3h]
rullorh: checks 
JD 2266 E: bets $0.16
rullorh: folds 
Uncalled bet ($0.16) returned to JD 2266 E
JD 2266 E collected $0.53 from pot
JD 2266 E: doesn't show hand 
*** SUMMARY ***
Total pot $0.55 | Rake $0.02 
Board [Ah Qh 3h]
Seat 1: JD 2266 E (button) collected ($0.53)
Seat 2: jassl (small blind) folded before Flop
Seat 3: HyperBete (big blind) folded before Flop
Seat 4: rullorh folded on the Flop
Seat 5: arongraham100 folded before Flop (didn't bet)
Seat 6: Mahu2021 folded before Flop (didn't bet)



PokerStars Zoom Hand #255162484006:  Hold'em No Limit ($0.05/$0.10) - 2025/03/06 11:48:34 CET [2025/03/06 5:48:34 ET]
Table 'Aludra' 6-max Seat #1 is the button
Seat 1: Mahu2021 ($7.91 in chips) 
Seat 2: polina70 ($5.15 in chips) 
Seat 3: Limpraiser70 ($11.96 in chips) 
Seat 4: Footraiser ($10 in chips) 
Seat 5: Perstenev ($4.92 in chips) 
Seat 6: arongraham100 ($12.46 in chips) 
polina70: posts small blind $0.05
Limpraiser70: posts big blind $0.10
*** HOLE CARDS ***
Dealt to Mahu2021 [Ac As]
Footraiser: folds 
Perstenev: folds 
arongraham100: raises $0.13 to $0.23
Mahu2021: raises $7.68 to $7.91 and is all-in
polina70: folds 
Limpraiser70: folds 
arongraham100: calls $7.68
*** FLOP *** [Td 8h 3s]
*** TURN *** [Td 8h 3s] [Qd]
*** RIVER *** [Td 8h 3s Qd] [5d]
*** SHOW DOWN ***
arongraham100: shows [Tc Ts] (three of a kind, Tens)
Mahu2021: shows [Ac As] (a pair of Aces)
arongraham100 collected $15.25 from pot
Mahu2021 cashed out the hand for $12.16 | Cash Out Fee $0.25
*** SUMMARY ***
Total pot $15.97 | Rake $0.72 
Board [Td 8h 3s Qd 5d]
Seat 1: Mahu2021 (button) showed [Ac As] and lost with a pair of Aces (cashed out).
Seat 2: polina70 (small blind) folded before Flop
Seat 3: Limpraiser70 (big blind) folded before Flop
Seat 4: Footraiser folded before Flop (didn't bet)
Seat 5: Perstenev folded before Flop (didn't bet)
Seat 6: arongraham100 showed [Tc Ts] and won ($15.25) with three of a kind, Tens



