PokerStars Hand #252555043237: Tournament #3803461851, $1.84+$0.16 USD Hold'em No Limit - Level I (10/20) - 2024/09/21 14:05:47 CET [2024/09/21 8:05:47 ET]
Table '3803461851 1' 3-max Seat #1 is the button
Seat 1: Icomad (500 in chips) 
Seat 2: Mahu2021 (500 in chips) 
Seat 3: Shadowvrain (500 in chips) 
Mahu2021: posts small blind 10
Shadowvrain: posts big blind 20
*** HOLE CARDS ***
Dealt to Mahu2021 [Qh Js]
Icomad: folds 
Mahu2021: raises 20 to 40
Shadowvrain: calls 20
*** FLOP *** [2h 6s Kd]
Mahu2021: checks 
Shadowvrain: checks 
*** TURN *** [2h 6s Kd] [Ac]
Mahu2021: checks 
Shadowvrain: checks 
*** RIVER *** [2h 6s Kd Ac] [Qc]
Mahu2021: bets 40
Shadowvrain: folds 
Uncalled bet (40) returned to Mahu2021
Mahu2021 collected 80 from pot
Mahu2021: doesn't show hand 
*** SUMMARY ***
Total pot 80 | Rake 0 
Board [2h 6s Kd Ac Qc]
Seat 1: Icomad (button) folded before Flop (didn't bet)
Seat 2: Mahu2021 (small blind) collected (80)
Seat 3: Shadowvrain (big blind) folded on the River



PokerStars Hand #252555046929: Tournament #3803461851, $1.84+$0.16 USD Hold'em No Limit - Level I (10/20) - 2024/09/21 14:06:12 CET [2024/09/21 8:06:12 ET]
Table '3803461851 1' 3-max Seat #2 is the button
Seat 1: Icomad (500 in chips) 
Seat 2: Mahu2021 (540 in chips) 
Seat 3: Shadowvrain (460 in chips) 
Shadowvrain: posts small blind 10
Icomad: posts big blind 20
*** HOLE CARDS ***
Dealt to Mahu2021 [6c 7h]
Mahu2021: folds 
Shadowvrain: calls 10
Icomad: checks 
*** FLOP *** [Ac Ad 9d]
Shadowvrain: checks 
Icomad: checks 
*** TURN *** [Ac Ad 9d] [8h]
Shadowvrain: checks 
Icomad: checks 
*** RIVER *** [Ac Ad 9d 8h] [2s]
Shadowvrain: checks 
Icomad: checks 
*** SHOW DOWN ***
Shadowvrain: shows [Tc 5s] (a pair of Aces)
Icomad: shows [Jh 2h] (two pair, Aces and Deuces)
Icomad collected 40 from pot
*** SUMMARY ***
Total pot 40 | Rake 0 
Board [Ac Ad 9d 8h 2s]
Seat 1: Icomad (big blind) showed [Jh 2h] and won (40) with two pair, Aces and Deuces
Seat 2: Mahu2021 (button) folded before Flop (didn't bet)
Seat 3: Shadowvrain (small blind) showed [Tc 5s] and lost with a pair of Aces



PokerStars Hand #252555055264: Tournament #3803461851, $1.84+$0.16 USD Hold'em No Limit - Level I (10/20) - 2024/09/21 14:07:06 CET [2024/09/21 8:07:06 ET]
Table '3803461851 1' 3-max Seat #3 is the button
Seat 1: Icomad (520 in chips) 
Seat 2: Mahu2021 (540 in chips) 
Seat 3: Shadowvrain (440 in chips) 
Icomad: posts small blind 10
Mahu2021: posts big blind 20
*** HOLE CARDS ***
Dealt to Mahu2021 [Qc 9s]
Shadowvrain: folds 
Icomad: folds 
Uncalled bet (10) returned to Mahu2021
Mahu2021 collected 20 from pot
Mahu2021: doesn't show hand 
*** SUMMARY ***
Total pot 20 | Rake 0 
Seat 1: Icomad (small blind) folded before Flop
Seat 2: Mahu2021 (big blind) collected (20)
Seat 3: Shadowvrain (button) folded before Flop (didn't bet)



PokerStars Hand #252555056678: Tournament #3803461851, $1.84+$0.16 USD Hold'em No Limit - Level I (10/20) - 2024/09/21 14:07:15 CET [2024/09/21 8:07:15 ET]
Table '3803461851 1' 3-max Seat #1 is the button
Seat 1: Icomad (510 in chips) 
Seat 2: Mahu2021 (550 in chips) 
Seat 3: Shadowvrain (440 in chips) 
Mahu2021: posts small blind 10
Shadowvrain: posts big blind 20
*** HOLE CARDS ***
Dealt to Mahu2021 [5d Js]
Icomad: folds 
Mahu2021: calls 10
Shadowvrain: raises 30 to 50
Mahu2021: folds 
Uncalled bet (30) returned to Shadowvrain
Shadowvrain collected 40 from pot
*** SUMMARY ***
Total pot 40 | Rake 0 
Seat 1: Icomad (button) folded before Flop (didn't bet)
Seat 2: Mahu2021 (small blind) folded before Flop
Seat 3: Shadowvrain (big blind) collected (40)



PokerStars Hand #252555057952: Tournament #3803461851, $1.84+$0.16 USD Hold'em No Limit - Level I (10/20) - 2024/09/21 14:07:24 CET [2024/09/21 8:07:24 ET]
Table '3803461851 1' 3-max Seat #2 is the button
Seat 1: Icomad (510 in chips) 
Seat 2: Mahu2021 (530 in chips) 
Seat 3: Shadowvrain (460 in chips) 
Shadowvrain: posts small blind 10
Icomad: posts big blind 20
*** HOLE CARDS ***
Dealt to Mahu2021 [Kc 5h]
Mahu2021: folds 
Shadowvrain: folds 
Uncalled bet (10) returned to Icomad
Icomad collected 20 from pot
Icomad: doesn't show hand 
*** SUMMARY ***
Total pot 20 | Rake 0 
Seat 1: Icomad (big blind) collected (20)
Seat 2: Mahu2021 (button) folded before Flop (didn't bet)
Seat 3: Shadowvrain (small blind) folded before Flop



PokerStars Hand #252555059015: Tournament #3803461851, $1.84+$0.16 USD Hold'em No Limit - Level I (10/20) - 2024/09/21 14:07:31 CET [2024/09/21 8:07:31 ET]
Table '3803461851 1' 3-max Seat #3 is the button
Seat 1: Icomad (520 in chips) 
Seat 2: Mahu2021 (530 in chips) 
Seat 3: Shadowvrain (450 in chips) 
Icomad: posts small blind 10
Mahu2021: posts big blind 20
*** HOLE CARDS ***
Dealt to Mahu2021 [4h 3s]
Shadowvrain: folds 
Icomad: folds 
Uncalled bet (10) returned to Mahu2021
Mahu2021 collected 20 from pot
Mahu2021: doesn't show hand 
*** SUMMARY ***
Total pot 20 | Rake 0 
Seat 1: Icomad (small blind) folded before Flop
Seat 2: Mahu2021 (big blind) collected (20)
Seat 3: Shadowvrain (button) folded before Flop (didn't bet)



PokerStars Hand #252555060335: Tournament #3803461851, $1.84+$0.16 USD Hold'em No Limit - Level I (10/20) - 2024/09/21 14:07:39 CET [2024/09/21 8:07:39 ET]
Table '3803461851 1' 3-max Seat #1 is the button
Seat 1: Icomad (510 in chips) 
Seat 2: Mahu2021 (540 in chips) 
Seat 3: Shadowvrain (450 in chips) 
Mahu2021: posts small blind 10
Shadowvrain: posts big blind 20
*** HOLE CARDS ***
Dealt to Mahu2021 [Ad Qc]
Icomad: folds 
Mahu2021: raises 40 to 60
Shadowvrain: calls 40
*** FLOP *** [7d 4d Jd]
Mahu2021: checks 
Shadowvrain: checks 
*** TURN *** [7d 4d Jd] [8c]
Mahu2021: checks 
Shadowvrain: bets 88
Mahu2021: calls 88
*** RIVER *** [7d 4d Jd 8c] [Ac]
Mahu2021: checks 
Shadowvrain: checks 
*** SHOW DOWN ***
Mahu2021: shows [Ad Qc] (a pair of Aces)
Shadowvrain: mucks hand 
Mahu2021 collected 296 from pot
*** SUMMARY ***
Total pot 296 | Rake 0 
Board [7d 4d Jd 8c Ac]
Seat 1: Icomad (button) folded before Flop (didn't bet)
Seat 2: Mahu2021 (small blind) showed [Ad Qc] and won (296) with a pair of Aces
Seat 3: Shadowvrain (big blind) mucked [7c Tc]



PokerStars Hand #252555063537: Tournament #3803461851, $1.84+$0.16 USD Hold'em No Limit - Level I (10/20) - 2024/09/21 14:08:01 CET [2024/09/21 8:08:01 ET]
Table '3803461851 1' 3-max Seat #2 is the button
Seat 1: Icomad (510 in chips) 
Seat 2: Mahu2021 (688 in chips) 
Seat 3: Shadowvrain (302 in chips) 
Shadowvrain: posts small blind 10
Icomad: posts big blind 20
*** HOLE CARDS ***
Dealt to Mahu2021 [Kd 6c]
Mahu2021: folds 
Shadowvrain: calls 10
Icomad: raises 490 to 510 and is all-in
Shadowvrain: folds 
Uncalled bet (490) returned to Icomad
Icomad collected 40 from pot
Icomad: doesn't show hand 
*** SUMMARY ***
Total pot 40 | Rake 0 
Seat 1: Icomad (big blind) collected (40)
Seat 2: Mahu2021 (button) folded before Flop (didn't bet)
Seat 3: Shadowvrain (small blind) folded before Flop



PokerStars Hand #252555066165: Tournament #3803461851, $1.84+$0.16 USD Hold'em No Limit - Level I (10/20) - 2024/09/21 14:08:18 CET [2024/09/21 8:08:18 ET]
Table '3803461851 1' 3-max Seat #3 is the button
Seat 1: Icomad (530 in chips) 
Seat 2: Mahu2021 (688 in chips) 
Seat 3: Shadowvrain (282 in chips) 
Icomad: posts small blind 10
Mahu2021: posts big blind 20
*** HOLE CARDS ***
Dealt to Mahu2021 [4c 3s]
Shadowvrain: folds 
Icomad: calls 10
Mahu2021: checks 
*** FLOP *** [Ad Qh 8s]
Icomad: bets 20
Mahu2021: folds 
Uncalled bet (20) returned to Icomad
Icomad collected 40 from pot
Icomad: doesn't show hand 
*** SUMMARY ***
Total pot 40 | Rake 0 
Board [Ad Qh 8s]
Seat 1: Icomad (small blind) collected (40)
Seat 2: Mahu2021 (big blind) folded on the Flop
Seat 3: Shadowvrain (button) folded before Flop (didn't bet)



PokerStars Hand #252555069822: Tournament #3803461851, $1.84+$0.16 USD Hold'em No Limit - Level I (10/20) - 2024/09/21 14:08:41 CET [2024/09/21 8:08:41 ET]
Table '3803461851 1' 3-max Seat #1 is the button
Seat 1: Icomad (550 in chips) 
Seat 2: Mahu2021 (668 in chips) 
Seat 3: Shadowvrain (282 in chips) 
Mahu2021: posts small blind 10
Shadowvrain: posts big blind 20
*** HOLE CARDS ***
Dealt to Mahu2021 [7s Qc]
Icomad: raises 20 to 40
Mahu2021: folds 
Shadowvrain: calls 20
*** FLOP *** [Kc 4s 5s]
Shadowvrain: checks 
Icomad: checks 
*** TURN *** [Kc 4s 5s] [9c]
Shadowvrain: bets 80
Icomad: folds 
Uncalled bet (80) returned to Shadowvrain
Shadowvrain collected 90 from pot
*** SUMMARY ***
Total pot 90 | Rake 0 
Board [Kc 4s 5s 9c]
Seat 1: Icomad (button) folded on the Turn
Seat 2: Mahu2021 (small blind) folded before Flop
Seat 3: Shadowvrain (big blind) collected (90)



PokerStars Hand #252555075651: Tournament #3803461851, $1.84+$0.16 USD Hold'em No Limit - Level II (15/30) - 2024/09/21 14:09:20 CET [2024/09/21 8:09:20 ET]
Table '3803461851 1' 3-max Seat #2 is the button
Seat 1: Icomad (510 in chips) 
Seat 2: Mahu2021 (658 in chips) 
Seat 3: Shadowvrain (332 in chips) 
Shadowvrain: posts small blind 15
Icomad: posts big blind 30
*** HOLE CARDS ***
Dealt to Mahu2021 [Qh 4s]
Mahu2021: folds 
Shadowvrain: raises 302 to 332 and is all-in
Icomad: folds 
Uncalled bet (302) returned to Shadowvrain
Shadowvrain collected 60 from pot
*** SUMMARY ***
Total pot 60 | Rake 0 
Seat 1: Icomad (big blind) folded before Flop
Seat 2: Mahu2021 (button) folded before Flop (didn't bet)
Seat 3: Shadowvrain (small blind) collected (60)



PokerStars Hand #252555076940: Tournament #3803461851, $1.84+$0.16 USD Hold'em No Limit - Level II (15/30) - 2024/09/21 14:09:28 CET [2024/09/21 8:09:28 ET]
Table '3803461851 1' 3-max Seat #3 is the button
Seat 1: Icomad (480 in chips) 
Seat 2: Mahu2021 (658 in chips) 
Seat 3: Shadowvrain (362 in chips) 
Icomad: posts small blind 15
Mahu2021: posts big blind 30
*** HOLE CARDS ***
Dealt to Mahu2021 [6s Kc]
Shadowvrain: raises 30 to 60
Icomad: folds 
Mahu2021: calls 30
*** FLOP *** [Kh Ad Qc]
Mahu2021: checks 
Shadowvrain: bets 68
Mahu2021: folds 
Uncalled bet (68) returned to Shadowvrain
Shadowvrain collected 135 from pot
Shadowvrain: doesn't show hand 
*** SUMMARY ***
Total pot 135 | Rake 0 
Board [Kh Ad Qc]
Seat 1: Icomad (small blind) folded before Flop
Seat 2: Mahu2021 (big blind) folded on the Flop
Seat 3: Shadowvrain (button) collected (135)



PokerStars Hand #252555079004: Tournament #3803461851, $1.84+$0.16 USD Hold'em No Limit - Level II (15/30) - 2024/09/21 14:09:41 CET [2024/09/21 8:09:41 ET]
Table '3803461851 1' 3-max Seat #1 is the button
Seat 1: Icomad (465 in chips) 
Seat 2: Mahu2021 (598 in chips) 
Seat 3: Shadowvrain (437 in chips) 
Mahu2021: posts small blind 15
Shadowvrain: posts big blind 30
*** HOLE CARDS ***
Dealt to Mahu2021 [3h 7c]
Icomad: folds 
Mahu2021: folds 
Uncalled bet (15) returned to Shadowvrain
Shadowvrain collected 30 from pot
*** SUMMARY ***
Total pot 30 | Rake 0 
Seat 1: Icomad (button) folded before Flop (didn't bet)
Seat 2: Mahu2021 (small blind) folded before Flop
Seat 3: Shadowvrain (big blind) collected (30)



PokerStars Hand #252555079735: Tournament #3803461851, $1.84+$0.16 USD Hold'em No Limit - Level II (15/30) - 2024/09/21 14:09:46 CET [2024/09/21 8:09:46 ET]
Table '3803461851 1' 3-max Seat #2 is the button
Seat 1: Icomad (465 in chips) 
Seat 2: Mahu2021 (583 in chips) 
Seat 3: Shadowvrain (452 in chips) 
Shadowvrain: posts small blind 15
Icomad: posts big blind 30
*** HOLE CARDS ***
Dealt to Mahu2021 [Qd 2c]
Mahu2021: folds 
Shadowvrain: raises 45 to 75
Icomad: calls 45
*** FLOP *** [6c 7s 2d]
Shadowvrain: checks 
Icomad: checks 
*** TURN *** [6c 7s 2d] [6d]
Shadowvrain: checks 
Icomad: bets 75
Shadowvrain: folds 
Uncalled bet (75) returned to Icomad
Icomad collected 150 from pot
Icomad: doesn't show hand 
*** SUMMARY ***
Total pot 150 | Rake 0 
Board [6c 7s 2d 6d]
Seat 1: Icomad (big blind) collected (150)
Seat 2: Mahu2021 (button) folded before Flop (didn't bet)
Seat 3: Shadowvrain (small blind) folded on the Turn



PokerStars Hand #252555083913: Tournament #3803461851, $1.84+$0.16 USD Hold'em No Limit - Level II (15/30) - 2024/09/21 14:10:13 CET [2024/09/21 8:10:13 ET]
Table '3803461851 1' 3-max Seat #3 is the button
Seat 1: Icomad (540 in chips) 
Seat 2: Mahu2021 (583 in chips) 
Seat 3: Shadowvrain (377 in chips) 
Icomad: posts small blind 15
Mahu2021: posts big blind 30
*** HOLE CARDS ***
Dealt to Mahu2021 [7s As]
Shadowvrain: folds 
Icomad: calls 15
Mahu2021: raises 553 to 583 and is all-in
Icomad: folds 
Uncalled bet (553) returned to Mahu2021
Mahu2021 collected 60 from pot
Mahu2021: doesn't show hand 
*** SUMMARY ***
Total pot 60 | Rake 0 
Seat 1: Icomad (small blind) folded before Flop
Seat 2: Mahu2021 (big blind) collected (60)
Seat 3: Shadowvrain (button) folded before Flop (didn't bet)



PokerStars Hand #252555085674: Tournament #3803461851, $1.84+$0.16 USD Hold'em No Limit - Level II (15/30) - 2024/09/21 14:10:24 CET [2024/09/21 8:10:24 ET]
Table '3803461851 1' 3-max Seat #1 is the button
Seat 1: Icomad (510 in chips) 
Seat 2: Mahu2021 (613 in chips) 
Seat 3: Shadowvrain (377 in chips) 
Mahu2021: posts small blind 15
Shadowvrain: posts big blind 30
*** HOLE CARDS ***
Dealt to Mahu2021 [Td 5c]
Icomad: folds 
Mahu2021: folds 
Uncalled bet (15) returned to Shadowvrain
Shadowvrain collected 30 from pot
*** SUMMARY ***
Total pot 30 | Rake 0 
Seat 1: Icomad (button) folded before Flop (didn't bet)
Seat 2: Mahu2021 (small blind) folded before Flop
Seat 3: Shadowvrain (big blind) collected (30)



PokerStars Hand #252555086337: Tournament #3803461851, $1.84+$0.16 USD Hold'em No Limit - Level II (15/30) - 2024/09/21 14:10:29 CET [2024/09/21 8:10:29 ET]
Table '3803461851 1' 3-max Seat #2 is the button
Seat 1: Icomad (510 in chips) 
Seat 2: Mahu2021 (598 in chips) 
Seat 3: Shadowvrain (392 in chips) 
Shadowvrain: posts small blind 15
Icomad: posts big blind 30
*** HOLE CARDS ***
Dealt to Mahu2021 [Tc As]
Mahu2021: raises 30 to 60
Shadowvrain: folds 
Icomad: folds 
Uncalled bet (30) returned to Mahu2021
Mahu2021 collected 75 from pot
Mahu2021: doesn't show hand 
*** SUMMARY ***
Total pot 75 | Rake 0 
Seat 1: Icomad (big blind) folded before Flop
Seat 2: Mahu2021 (button) collected (75)
Seat 3: Shadowvrain (small blind) folded before Flop



PokerStars Hand #252555088109: Tournament #3803461851, $1.84+$0.16 USD Hold'em No Limit - Level II (15/30) - 2024/09/21 14:10:40 CET [2024/09/21 8:10:40 ET]
Table '3803461851 1' 3-max Seat #3 is the button
Seat 1: Icomad (480 in chips) 
Seat 2: Mahu2021 (643 in chips) 
Seat 3: Shadowvrain (377 in chips) 
Icomad: posts small blind 15
Mahu2021: posts big blind 30
*** HOLE CARDS ***
Dealt to Mahu2021 [2s Kh]
Shadowvrain: folds 
Icomad: folds 
Uncalled bet (15) returned to Mahu2021
Mahu2021 collected 30 from pot
Mahu2021: doesn't show hand 
*** SUMMARY ***
Total pot 30 | Rake 0 
Seat 1: Icomad (small blind) folded before Flop
Seat 2: Mahu2021 (big blind) collected (30)
Seat 3: Shadowvrain (button) folded before Flop (didn't bet)



PokerStars Hand #252555089283: Tournament #3803461851, $1.84+$0.16 USD Hold'em No Limit - Level II (15/30) - 2024/09/21 14:10:48 CET [2024/09/21 8:10:48 ET]
Table '3803461851 1' 3-max Seat #1 is the button
Seat 1: Icomad (465 in chips) 
Seat 2: Mahu2021 (658 in chips) 
Seat 3: Shadowvrain (377 in chips) 
Mahu2021: posts small blind 15
Shadowvrain: posts big blind 30
*** HOLE CARDS ***
Dealt to Mahu2021 [3c 4s]
Icomad: folds 
Mahu2021: calls 15
Shadowvrain: raises 45 to 75
Mahu2021: folds 
Uncalled bet (45) returned to Shadowvrain
Shadowvrain collected 60 from pot
*** SUMMARY ***
Total pot 60 | Rake 0 
Seat 1: Icomad (button) folded before Flop (didn't bet)
Seat 2: Mahu2021 (small blind) folded before Flop
Seat 3: Shadowvrain (big blind) collected (60)



PokerStars Hand #252555090829: Tournament #3803461851, $1.84+$0.16 USD Hold'em No Limit - Level II (15/30) - 2024/09/21 14:10:58 CET [2024/09/21 8:10:58 ET]
Table '3803461851 1' 3-max Seat #2 is the button
Seat 1: Icomad (465 in chips) 
Seat 2: Mahu2021 (628 in chips) 
Seat 3: Shadowvrain (407 in chips) 
Shadowvrain: posts small blind 15
Icomad: posts big blind 30
*** HOLE CARDS ***
Dealt to Mahu2021 [5d 8s]
Mahu2021: folds 
Shadowvrain: calls 15
Icomad: checks 
*** FLOP *** [Th 5s 2h]
Shadowvrain: checks 
Icomad: checks 
*** TURN *** [Th 5s 2h] [3d]
Shadowvrain: checks 
Icomad: checks 
*** RIVER *** [Th 5s 2h 3d] [5h]
Shadowvrain: checks 
Icomad: checks 
*** SHOW DOWN ***
Shadowvrain: shows [9d Qd] (a pair of Fives)
Icomad: mucks hand 
Shadowvrain collected 60 from pot
*** SUMMARY ***
Total pot 60 | Rake 0 
Board [Th 5s 2h 3d 5h]
Seat 1: Icomad (big blind) mucked [Qc 7s]
Seat 2: Mahu2021 (button) folded before Flop (didn't bet)
Seat 3: Shadowvrain (small blind) showed [9d Qd] and won (60) with a pair of Fives



PokerStars Hand #252555097652: Tournament #3803461851, $1.84+$0.16 USD Hold'em No Limit - Level II (15/30) - 2024/09/21 14:11:41 CET [2024/09/21 8:11:41 ET]
Table '3803461851 1' 3-max Seat #3 is the button
Seat 1: Icomad (435 in chips) 
Seat 2: Mahu2021 (628 in chips) 
Seat 3: Shadowvrain (437 in chips) 
Icomad: posts small blind 15
Mahu2021: posts big blind 30
*** HOLE CARDS ***
Dealt to Mahu2021 [4h Ts]
Shadowvrain: folds 
Icomad: raises 30 to 60
Mahu2021: folds 
Uncalled bet (30) returned to Icomad
Icomad collected 60 from pot
Icomad: doesn't show hand 
*** SUMMARY ***
Total pot 60 | Rake 0 
Seat 1: Icomad (small blind) collected (60)
Seat 2: Mahu2021 (big blind) folded before Flop
Seat 3: Shadowvrain (button) folded before Flop (didn't bet)



PokerStars Hand #252555099619: Tournament #3803461851, $1.84+$0.16 USD Hold'em No Limit - Level III (20/40) - 2024/09/21 14:11:54 CET [2024/09/21 8:11:54 ET]
Table '3803461851 1' 3-max Seat #1 is the button
Seat 1: Icomad (465 in chips) 
Seat 2: Mahu2021 (598 in chips) 
Seat 3: Shadowvrain (437 in chips) 
Mahu2021: posts small blind 20
Shadowvrain: posts big blind 40
*** HOLE CARDS ***
Dealt to Mahu2021 [5h Kc]
Icomad: folds 
Mahu2021: calls 20
Shadowvrain: raises 397 to 437 and is all-in
Mahu2021: folds 
Uncalled bet (397) returned to Shadowvrain
Shadowvrain collected 80 from pot
*** SUMMARY ***
Total pot 80 | Rake 0 
Seat 1: Icomad (button) folded before Flop (didn't bet)
Seat 2: Mahu2021 (small blind) folded before Flop
Seat 3: Shadowvrain (big blind) collected (80)



PokerStars Hand #252555100977: Tournament #3803461851, $1.84+$0.16 USD Hold'em No Limit - Level III (20/40) - 2024/09/21 14:12:03 CET [2024/09/21 8:12:03 ET]
Table '3803461851 1' 3-max Seat #2 is the button
Seat 1: Icomad (465 in chips) 
Seat 2: Mahu2021 (558 in chips) 
Seat 3: Shadowvrain (477 in chips) 
Shadowvrain: posts small blind 20
Icomad: posts big blind 40
*** HOLE CARDS ***
Dealt to Mahu2021 [9h 3c]
Mahu2021: folds 
Shadowvrain: folds 
Uncalled bet (20) returned to Icomad
Icomad collected 40 from pot
Icomad: doesn't show hand 
*** SUMMARY ***
Total pot 40 | Rake 0 
Seat 1: Icomad (big blind) collected (40)
Seat 2: Mahu2021 (button) folded before Flop (didn't bet)
Seat 3: Shadowvrain (small blind) folded before Flop



PokerStars Hand #252555101829: Tournament #3803461851, $1.84+$0.16 USD Hold'em No Limit - Level III (20/40) - 2024/09/21 14:12:08 CET [2024/09/21 8:12:08 ET]
Table '3803461851 1' 3-max Seat #3 is the button
Seat 1: Icomad (485 in chips) 
Seat 2: Mahu2021 (558 in chips) 
Seat 3: Shadowvrain (457 in chips) 
Icomad: posts small blind 20
Mahu2021: posts big blind 40
*** HOLE CARDS ***
Dealt to Mahu2021 [4d 9c]
Shadowvrain: folds 
Icomad: folds 
Uncalled bet (20) returned to Mahu2021
Mahu2021 collected 40 from pot
Mahu2021: doesn't show hand 
*** SUMMARY ***
Total pot 40 | Rake 0 
Seat 1: Icomad (small blind) folded before Flop
Seat 2: Mahu2021 (big blind) collected (40)
Seat 3: Shadowvrain (button) folded before Flop (didn't bet)



PokerStars Hand #252555103116: Tournament #3803461851, $1.84+$0.16 USD Hold'em No Limit - Level III (20/40) - 2024/09/21 14:12:16 CET [2024/09/21 8:12:16 ET]
Table '3803461851 1' 3-max Seat #1 is the button
Seat 1: Icomad (465 in chips) 
Seat 2: Mahu2021 (578 in chips) 
Seat 3: Shadowvrain (457 in chips) 
Mahu2021: posts small blind 20
Shadowvrain: posts big blind 40
*** HOLE CARDS ***
Dealt to Mahu2021 [3d Kc]
Icomad: folds 
Mahu2021: folds 
Uncalled bet (20) returned to Shadowvrain
Shadowvrain collected 40 from pot
Shadowvrain: doesn't show hand 
*** SUMMARY ***
Total pot 40 | Rake 0 
Seat 1: Icomad (button) folded before Flop (didn't bet)
Seat 2: Mahu2021 (small blind) folded before Flop
Seat 3: Shadowvrain (big blind) collected (40)



PokerStars Hand #252555105024: Tournament #3803461851, $1.84+$0.16 USD Hold'em No Limit - Level III (20/40) - 2024/09/21 14:12:28 CET [2024/09/21 8:12:28 ET]
Table '3803461851 1' 3-max Seat #2 is the button
Seat 1: Icomad (465 in chips) 
Seat 2: Mahu2021 (558 in chips) 
Seat 3: Shadowvrain (477 in chips) 
Shadowvrain: posts small blind 20
Icomad: posts big blind 40
*** HOLE CARDS ***
Dealt to Mahu2021 [9s 3s]
Mahu2021: folds 
Shadowvrain: calls 20
Icomad: checks 
*** FLOP *** [Js 7d Qd]
Shadowvrain: checks 
Icomad: checks 
*** TURN *** [Js 7d Qd] [Tc]
Shadowvrain: checks 
Icomad: bets 40
Shadowvrain: calls 40
*** RIVER *** [Js 7d Qd Tc] [2d]
Shadowvrain: checks 
Icomad: checks 
*** SHOW DOWN ***
Shadowvrain: shows [8c Jh] (a pair of Jacks)
Icomad: mucks hand 
Shadowvrain collected 160 from pot
*** SUMMARY ***
Total pot 160 | Rake 0 
Board [Js 7d Qd Tc 2d]
Seat 1: Icomad (big blind) mucked [Jd 6h]
Seat 2: Mahu2021 (button) folded before Flop (didn't bet)
Seat 3: Shadowvrain (small blind) showed [8c Jh] and won (160) with a pair of Jacks



PokerStars Hand #252555111478: Tournament #3803461851, $1.84+$0.16 USD Hold'em No Limit - Level III (20/40) - 2024/09/21 14:13:10 CET [2024/09/21 8:13:10 ET]
Table '3803461851 1' 3-max Seat #3 is the button
Seat 1: Icomad (385 in chips) 
Seat 2: Mahu2021 (558 in chips) 
Seat 3: Shadowvrain (557 in chips) 
Icomad: posts small blind 20
Mahu2021: posts big blind 40
*** HOLE CARDS ***
Dealt to Mahu2021 [Ts 3s]
Shadowvrain: folds 
Icomad: raises 345 to 385 and is all-in
Mahu2021: folds 
Uncalled bet (345) returned to Icomad
Icomad collected 80 from pot
Icomad: doesn't show hand 
*** SUMMARY ***
Total pot 80 | Rake 0 
Seat 1: Icomad (small blind) collected (80)
Seat 2: Mahu2021 (big blind) folded before Flop
Seat 3: Shadowvrain (button) folded before Flop (didn't bet)



PokerStars Hand #252555113988: Tournament #3803461851, $1.84+$0.16 USD Hold'em No Limit - Level III (20/40) - 2024/09/21 14:13:25 CET [2024/09/21 8:13:25 ET]
Table '3803461851 1' 3-max Seat #1 is the button
Seat 1: Icomad (425 in chips) 
Seat 2: Mahu2021 (518 in chips) 
Seat 3: Shadowvrain (557 in chips) 
Mahu2021: posts small blind 20
Shadowvrain: posts big blind 40
*** HOLE CARDS ***
Dealt to Mahu2021 [Qh 5h]
Icomad: raises 385 to 425 and is all-in
Mahu2021: folds 
Shadowvrain: folds 
Uncalled bet (385) returned to Icomad
Icomad collected 100 from pot
Icomad: doesn't show hand 
*** SUMMARY ***
Total pot 100 | Rake 0 
Seat 1: Icomad (button) collected (100)
Seat 2: Mahu2021 (small blind) folded before Flop
Seat 3: Shadowvrain (big blind) folded before Flop



PokerStars Hand #252555115511: Tournament #3803461851, $1.84+$0.16 USD Hold'em No Limit - Level III (20/40) - 2024/09/21 14:13:35 CET [2024/09/21 8:13:35 ET]
Table '3803461851 1' 3-max Seat #2 is the button
Seat 1: Icomad (485 in chips) 
Seat 2: Mahu2021 (498 in chips) 
Seat 3: Shadowvrain (517 in chips) 
Shadowvrain: posts small blind 20
Icomad: posts big blind 40
*** HOLE CARDS ***
Dealt to Mahu2021 [Qd 6c]
Mahu2021: folds 
Shadowvrain: raises 477 to 517 and is all-in
Icomad: calls 445 and is all-in
Uncalled bet (32) returned to Shadowvrain
*** FLOP *** [7s Qc Qh]
*** TURN *** [7s Qc Qh] [2h]
*** RIVER *** [7s Qc Qh 2h] [Th]
*** SHOW DOWN ***
Shadowvrain: shows [8s Qs] (three of a kind, Queens)
Icomad: shows [Ah 6d] (a pair of Queens)
Shadowvrain collected 970 from pot
Icomad finished the tournament in 3rd place
*** SUMMARY ***
Total pot 970 | Rake 0 
Board [7s Qc Qh 2h Th]
Seat 1: Icomad (big blind) showed [Ah 6d] and lost with a pair of Queens
Seat 2: Mahu2021 (button) folded before Flop (didn't bet)
Seat 3: Shadowvrain (small blind) showed [8s Qs] and won (970) with three of a kind, Queens



PokerStars Hand #252555118413: Tournament #3803461851, $1.84+$0.16 USD Hold'em No Limit - Level III (20/40) - 2024/09/21 14:13:53 CET [2024/09/21 8:13:53 ET]
Table '3803461851 1' 3-max Seat #3 is the button
Seat 2: Mahu2021 (498 in chips) 
Seat 3: Shadowvrain (1002 in chips) 
Shadowvrain: posts small blind 20
Mahu2021: posts big blind 40
*** HOLE CARDS ***
Dealt to Mahu2021 [Kd 3h]
Shadowvrain: raises 40 to 80
Mahu2021: calls 40
*** FLOP *** [9h 2c 7s]
Mahu2021: checks 
Shadowvrain: checks 
*** TURN *** [9h 2c 7s] [5d]
Mahu2021: checks 
Shadowvrain: checks 
*** RIVER *** [9h 2c 7s 5d] [9d]
Mahu2021: checks 
Shadowvrain: checks 
*** SHOW DOWN ***
Mahu2021: shows [Kd 3h] (a pair of Nines)
Shadowvrain: shows [Kh As] (a pair of Nines - Ace kicker)
Shadowvrain collected 160 from pot
*** SUMMARY ***
Total pot 160 | Rake 0 
Board [9h 2c 7s 5d 9d]
Seat 2: Mahu2021 (big blind) showed [Kd 3h] and lost with a pair of Nines
Seat 3: Shadowvrain (button) (small blind) showed [Kh As] and won (160) with a pair of Nines



PokerStars Hand #252555120675: Tournament #3803461851, $1.84+$0.16 USD Hold'em No Limit - Level III (20/40) - 2024/09/21 14:14:08 CET [2024/09/21 8:14:08 ET]
Table '3803461851 1' 3-max Seat #2 is the button
Seat 2: Mahu2021 (418 in chips) 
Seat 3: Shadowvrain (1082 in chips) 
Mahu2021: posts small blind 20
Shadowvrain: posts big blind 40
*** HOLE CARDS ***
Dealt to Mahu2021 [8s 3d]
Mahu2021: folds 
Uncalled bet (20) returned to Shadowvrain
Shadowvrain collected 40 from pot
*** SUMMARY ***
Total pot 40 | Rake 0 
Seat 2: Mahu2021 (button) (small blind) folded before Flop
Seat 3: Shadowvrain (big blind) collected (40)



PokerStars Hand #252555121384: Tournament #3803461851, $1.84+$0.16 USD Hold'em No Limit - Level III (20/40) - 2024/09/21 14:14:12 CET [2024/09/21 8:14:12 ET]
Table '3803461851 1' 3-max Seat #3 is the button
Seat 2: Mahu2021 (398 in chips) 
Seat 3: Shadowvrain (1102 in chips) 
Shadowvrain: posts small blind 20
Mahu2021: posts big blind 40
*** HOLE CARDS ***
Dealt to Mahu2021 [6c 4s]
Shadowvrain: raises 40 to 80
Mahu2021: folds 
Uncalled bet (40) returned to Shadowvrain
Shadowvrain collected 80 from pot
*** SUMMARY ***
Total pot 80 | Rake 0 
Seat 2: Mahu2021 (big blind) folded before Flop
Seat 3: Shadowvrain (button) (small blind) collected (80)



PokerStars Hand #252555122467: Tournament #3803461851, $1.84+$0.16 USD Hold'em No Limit - Level III (20/40) - 2024/09/21 14:14:19 CET [2024/09/21 8:14:19 ET]
Table '3803461851 1' 3-max Seat #2 is the button
Seat 2: Mahu2021 (358 in chips) 
Seat 3: Shadowvrain (1142 in chips) 
Mahu2021: posts small blind 20
Shadowvrain: posts big blind 40
*** HOLE CARDS ***
Dealt to Mahu2021 [6d As]
Mahu2021: calls 20
Shadowvrain: raises 1102 to 1142 and is all-in
Mahu2021: calls 318 and is all-in
Uncalled bet (784) returned to Shadowvrain
*** FLOP *** [4s Qc 4h]
*** TURN *** [4s Qc 4h] [9d]
*** RIVER *** [4s Qc 4h 9d] [Th]
*** SHOW DOWN ***
Shadowvrain: shows [3h 3d] (two pair, Fours and Threes)
Mahu2021: shows [6d As] (a pair of Fours)
Shadowvrain collected 716 from pot
Mahu2021 finished the tournament in 2nd place
Shadowvrain wins the tournament and receives $6.00 - congratulations!
*** SUMMARY ***
Total pot 716 | Rake 0 
Board [4s Qc 4h 9d Th]
Seat 2: Mahu2021 (button) (small blind) showed [6d As] and lost with a pair of Fours
Seat 3: Shadowvrain (big blind) showed [3h 3d] and won (716) with two pair, Fours and Threes



