PokerStars Hand #243187044682: Tournament #3579714354, $0.92+$0.08 USD Hold'em No Limit - Level I (10/20) - 2023/04/19 15:37:43 CET [2023/04/19 9:37:43 ET]
Table '3579714354 1' 3-max Seat #1 is the button
Seat 1: Mahu2021 (500 in chips) 
Seat 2: lechiffre2279 (500 in chips) 
Seat 3: kikezera (500 in chips) 
lechiffre2279: posts small blind 10
kikezera: posts big blind 20
*** HOLE CARDS ***
Dealt to Mahu2021 [Ah 5c]
Mahu2021: folds 
lechiffre2279: raises 20 to 40
kikezera: calls 20
*** FLOP *** [6d 4d 5h]
lechiffre2279: checks 
kikezera: bets 20
lechiffre2279: calls 20
*** TURN *** [6d 4d 5h] [Qd]
lechiffre2279: checks 
kikezera: bets 60
lechiffre2279: calls 60
*** RIVER *** [6d 4d 5h Qd] [Jc]
lechiffre2279: checks 
kikezera: bets 140
lechiffre2279: folds 
Uncalled bet (140) returned to kikezera
kikezera collected 240 from pot
*** SUMMARY ***
Total pot 240 | Rake 0 
Board [6d 4d 5h Qd Jc]
Seat 1: Mahu2021 (button) folded before Flop (didn't bet)
Seat 2: lechiffre2279 (small blind) folded on the River
Seat 3: kikezera (big blind) collected (240)



PokerStars Hand #243187059810: Tournament #3579714354, $0.92+$0.08 USD Hold'em No Limit - Level I (10/20) - 2023/04/19 15:38:53 CET [2023/04/19 9:38:53 ET]
Table '3579714354 1' 3-max Seat #2 is the button
Seat 1: Mahu2021 (500 in chips) 
Seat 2: lechiffre2279 (380 in chips) 
Seat 3: kikezera (620 in chips) 
kikezera: posts small blind 10
Mahu2021: posts big blind 20
*** HOLE CARDS ***
Dealt to Mahu2021 [2h 6d]
lechiffre2279: folds 
kikezera: folds 
Uncalled bet (10) returned to Mahu2021
Mahu2021 collected 20 from pot
Mahu2021: doesn't show hand 
*** SUMMARY ***
Total pot 20 | Rake 0 
Seat 1: Mahu2021 (big blind) collected (20)
Seat 2: lechiffre2279 (button) folded before Flop (didn't bet)
Seat 3: kikezera (small blind) folded before Flop



PokerStars Hand #243187061384: Tournament #3579714354, $0.92+$0.08 USD Hold'em No Limit - Level I (10/20) - 2023/04/19 15:39:00 CET [2023/04/19 9:39:00 ET]
Table '3579714354 1' 3-max Seat #3 is the button
Seat 1: Mahu2021 (510 in chips) 
Seat 2: lechiffre2279 (380 in chips) 
Seat 3: kikezera (610 in chips) 
Mahu2021: posts small blind 10
lechiffre2279: posts big blind 20
*** HOLE CARDS ***
Dealt to Mahu2021 [8c Ks]
kikezera: folds 
Mahu2021: raises 40 to 60
lechiffre2279: calls 40
*** FLOP *** [Ts 4h Qs]
Mahu2021: checks 
lechiffre2279: checks 
*** TURN *** [Ts 4h Qs] [Ad]
Mahu2021: checks 
lechiffre2279: checks 
*** RIVER *** [Ts 4h Qs Ad] [Ah]
Mahu2021: bets 60
lechiffre2279: calls 60
*** SHOW DOWN ***
Mahu2021: shows [8c Ks] (a pair of Aces)
lechiffre2279: shows [2c 2s] (two pair, Aces and Deuces)
lechiffre2279 collected 240 from pot
*** SUMMARY ***
Total pot 240 | Rake 0 
Board [Ts 4h Qs Ad Ah]
Seat 1: Mahu2021 (small blind) showed [8c Ks] and lost with a pair of Aces
Seat 2: lechiffre2279 (big blind) showed [2c 2s] and won (240) with two pair, Aces and Deuces
Seat 3: kikezera (button) folded before Flop (didn't bet)



PokerStars Hand #243187066018: Tournament #3579714354, $0.92+$0.08 USD Hold'em No Limit - Level I (10/20) - 2023/04/19 15:39:21 CET [2023/04/19 9:39:21 ET]
Table '3579714354 1' 3-max Seat #1 is the button
Seat 1: Mahu2021 (390 in chips) 
Seat 2: lechiffre2279 (500 in chips) 
Seat 3: kikezera (610 in chips) 
lechiffre2279: posts small blind 10
kikezera: posts big blind 20
*** HOLE CARDS ***
Dealt to Mahu2021 [Kd 5s]
Mahu2021: folds 
lechiffre2279: calls 10
kikezera: checks 
*** FLOP *** [5c 3c As]
lechiffre2279: checks 
kikezera: checks 
*** TURN *** [5c 3c As] [Qh]
lechiffre2279: bets 40
kikezera: folds 
Uncalled bet (40) returned to lechiffre2279
lechiffre2279 collected 40 from pot
lechiffre2279: doesn't show hand 
*** SUMMARY ***
Total pot 40 | Rake 0 
Board [5c 3c As Qh]
Seat 1: Mahu2021 (button) folded before Flop (didn't bet)
Seat 2: lechiffre2279 (small blind) collected (40)
Seat 3: kikezera (big blind) folded on the Turn



PokerStars Hand #243187075572: Tournament #3579714354, $0.92+$0.08 USD Hold'em No Limit - Level I (10/20) - 2023/04/19 15:40:05 CET [2023/04/19 9:40:05 ET]
Table '3579714354 1' 3-max Seat #2 is the button
Seat 1: Mahu2021 (390 in chips) 
Seat 2: lechiffre2279 (520 in chips) 
Seat 3: kikezera (590 in chips) 
kikezera: posts small blind 10
Mahu2021: posts big blind 20
*** HOLE CARDS ***
Dealt to Mahu2021 [Ac 8d]
lechiffre2279: calls 20
kikezera: raises 40 to 60
Mahu2021: calls 40
lechiffre2279: folds 
*** FLOP *** [6h Ts Kc]
kikezera: checks 
Mahu2021: bets 60
kikezera: folds 
Uncalled bet (60) returned to Mahu2021
Mahu2021 collected 140 from pot
Mahu2021: doesn't show hand 
*** SUMMARY ***
Total pot 140 | Rake 0 
Board [6h Ts Kc]
Seat 1: Mahu2021 (big blind) collected (140)
Seat 2: lechiffre2279 (button) folded before Flop
Seat 3: kikezera (small blind) folded on the Flop



PokerStars Hand #243187085164: Tournament #3579714354, $0.92+$0.08 USD Hold'em No Limit - Level II (15/30) - 2023/04/19 15:40:48 CET [2023/04/19 9:40:48 ET]
Table '3579714354 1' 3-max Seat #3 is the button
Seat 1: Mahu2021 (470 in chips) 
Seat 2: lechiffre2279 (500 in chips) 
Seat 3: kikezera (530 in chips) 
Mahu2021: posts small blind 15
lechiffre2279: posts big blind 30
*** HOLE CARDS ***
Dealt to Mahu2021 [As 4d]
kikezera: raises 30 to 60
Mahu2021: calls 45
lechiffre2279: calls 30
*** FLOP *** [Qd 5s 5h]
Mahu2021: checks 
lechiffre2279: bets 40
kikezera: calls 40
Mahu2021: folds 
*** TURN *** [Qd 5s 5h] [7c]
lechiffre2279: checks 
kikezera: checks 
*** RIVER *** [Qd 5s 5h 7c] [3s]
lechiffre2279: bets 80
kikezera: folds 
Uncalled bet (80) returned to lechiffre2279
lechiffre2279 collected 260 from pot
lechiffre2279: doesn't show hand 
*** SUMMARY ***
Total pot 260 | Rake 0 
Board [Qd 5s 5h 7c 3s]
Seat 1: Mahu2021 (small blind) folded on the Flop
Seat 2: lechiffre2279 (big blind) collected (260)
Seat 3: kikezera (button) folded on the River



PokerStars Hand #243187094871: Tournament #3579714354, $0.92+$0.08 USD Hold'em No Limit - Level II (15/30) - 2023/04/19 15:41:32 CET [2023/04/19 9:41:32 ET]
Table '3579714354 1' 3-max Seat #1 is the button
Seat 1: Mahu2021 (410 in chips) 
Seat 2: lechiffre2279 (660 in chips) 
Seat 3: kikezera (430 in chips) 
lechiffre2279: posts small blind 15
kikezera: posts big blind 30
*** HOLE CARDS ***
Dealt to Mahu2021 [Ts 8c]
Mahu2021: folds 
lechiffre2279: folds 
Uncalled bet (15) returned to kikezera
kikezera collected 30 from pot
*** SUMMARY ***
Total pot 30 | Rake 0 
Seat 1: Mahu2021 (button) folded before Flop (didn't bet)
Seat 2: lechiffre2279 (small blind) folded before Flop
Seat 3: kikezera (big blind) collected (30)



PokerStars Hand #243187096079: Tournament #3579714354, $0.92+$0.08 USD Hold'em No Limit - Level II (15/30) - 2023/04/19 15:41:37 CET [2023/04/19 9:41:37 ET]
Table '3579714354 1' 3-max Seat #2 is the button
Seat 1: Mahu2021 (410 in chips) 
Seat 2: lechiffre2279 (645 in chips) 
Seat 3: kikezera (445 in chips) 
kikezera: posts small blind 15
Mahu2021: posts big blind 30
*** HOLE CARDS ***
Dealt to Mahu2021 [9d Ac]
lechiffre2279: raises 30 to 60
kikezera: folds 
Mahu2021: calls 30
*** FLOP *** [9s 5d 4d]
Mahu2021: bets 350 and is all-in
lechiffre2279: folds 
Uncalled bet (350) returned to Mahu2021
Mahu2021 collected 135 from pot
Mahu2021: doesn't show hand 
*** SUMMARY ***
Total pot 135 | Rake 0 
Board [9s 5d 4d]
Seat 1: Mahu2021 (big blind) collected (135)
Seat 2: lechiffre2279 (button) folded on the Flop
Seat 3: kikezera (small blind) folded before Flop



PokerStars Hand #243187100789: Tournament #3579714354, $0.92+$0.08 USD Hold'em No Limit - Level II (15/30) - 2023/04/19 15:41:59 CET [2023/04/19 9:41:59 ET]
Table '3579714354 1' 3-max Seat #3 is the button
Seat 1: Mahu2021 (485 in chips) 
Seat 2: lechiffre2279 (585 in chips) 
Seat 3: kikezera (430 in chips) 
Mahu2021: posts small blind 15
lechiffre2279: posts big blind 30
*** HOLE CARDS ***
Dealt to Mahu2021 [6h 6c]
kikezera: folds 
Mahu2021: raises 60 to 90
lechiffre2279: folds 
Uncalled bet (60) returned to Mahu2021
Mahu2021 collected 60 from pot
Mahu2021: doesn't show hand 
*** SUMMARY ***
Total pot 60 | Rake 0 
Seat 1: Mahu2021 (small blind) collected (60)
Seat 2: lechiffre2279 (big blind) folded before Flop
Seat 3: kikezera (button) folded before Flop (didn't bet)



PokerStars Hand #243187104169: Tournament #3579714354, $0.92+$0.08 USD Hold'em No Limit - Level II (15/30) - 2023/04/19 15:42:14 CET [2023/04/19 9:42:14 ET]
Table '3579714354 1' 3-max Seat #1 is the button
Seat 1: Mahu2021 (515 in chips) 
Seat 2: lechiffre2279 (555 in chips) 
Seat 3: kikezera (430 in chips) 
lechiffre2279: posts small blind 15
kikezera: posts big blind 30
*** HOLE CARDS ***
Dealt to Mahu2021 [Qd Qh]
Mahu2021: raises 60 to 90
lechiffre2279: folds 
kikezera: folds 
Uncalled bet (60) returned to Mahu2021
Mahu2021 collected 75 from pot
Mahu2021: doesn't show hand 
*** SUMMARY ***
Total pot 75 | Rake 0 
Seat 1: Mahu2021 (button) collected (75)
Seat 2: lechiffre2279 (small blind) folded before Flop
Seat 3: kikezera (big blind) folded before Flop



PokerStars Hand #243187107946: Tournament #3579714354, $0.92+$0.08 USD Hold'em No Limit - Level II (15/30) - 2023/04/19 15:42:32 CET [2023/04/19 9:42:32 ET]
Table '3579714354 1' 3-max Seat #2 is the button
Seat 1: Mahu2021 (560 in chips) 
Seat 2: lechiffre2279 (540 in chips) 
Seat 3: kikezera (400 in chips) 
kikezera: posts small blind 15
Mahu2021: posts big blind 30
*** HOLE CARDS ***
Dealt to Mahu2021 [5d Qc]
lechiffre2279: folds 
kikezera: raises 60 to 90
Mahu2021: folds 
Uncalled bet (60) returned to kikezera
kikezera collected 60 from pot
*** SUMMARY ***
Total pot 60 | Rake 0 
Seat 1: Mahu2021 (big blind) folded before Flop
Seat 2: lechiffre2279 (button) folded before Flop (didn't bet)
Seat 3: kikezera (small blind) collected (60)



PokerStars Hand #243187110426: Tournament #3579714354, $0.92+$0.08 USD Hold'em No Limit - Level II (15/30) - 2023/04/19 15:42:43 CET [2023/04/19 9:42:43 ET]
Table '3579714354 1' 3-max Seat #3 is the button
Seat 1: Mahu2021 (530 in chips) 
Seat 2: lechiffre2279 (540 in chips) 
Seat 3: kikezera (430 in chips) 
Mahu2021: posts small blind 15
lechiffre2279: posts big blind 30
*** HOLE CARDS ***
Dealt to Mahu2021 [Ad 6c]
kikezera: raises 60 to 90
Mahu2021: folds 
lechiffre2279: folds 
Uncalled bet (60) returned to kikezera
kikezera collected 75 from pot
*** SUMMARY ***
Total pot 75 | Rake 0 
Seat 1: Mahu2021 (small blind) folded before Flop
Seat 2: lechiffre2279 (big blind) folded before Flop
Seat 3: kikezera (button) collected (75)



PokerStars Hand #243187113825: Tournament #3579714354, $0.92+$0.08 USD Hold'em No Limit - Level II (15/30) - 2023/04/19 15:42:59 CET [2023/04/19 9:42:59 ET]
Table '3579714354 1' 3-max Seat #1 is the button
Seat 1: Mahu2021 (515 in chips) 
Seat 2: lechiffre2279 (510 in chips) 
Seat 3: kikezera (475 in chips) 
lechiffre2279: posts small blind 15
kikezera: posts big blind 30
*** HOLE CARDS ***
Dealt to Mahu2021 [3s Tc]
Mahu2021: folds 
lechiffre2279: raises 30 to 60
kikezera: folds 
Uncalled bet (30) returned to lechiffre2279
lechiffre2279 collected 60 from pot
lechiffre2279: doesn't show hand 
*** SUMMARY ***
Total pot 60 | Rake 0 
Seat 1: Mahu2021 (button) folded before Flop (didn't bet)
Seat 2: lechiffre2279 (small blind) collected (60)
Seat 3: kikezera (big blind) folded before Flop



PokerStars Hand #243187118052: Tournament #3579714354, $0.92+$0.08 USD Hold'em No Limit - Level II (15/30) - 2023/04/19 15:43:18 CET [2023/04/19 9:43:18 ET]
Table '3579714354 1' 3-max Seat #2 is the button
Seat 1: Mahu2021 (515 in chips) 
Seat 2: lechiffre2279 (540 in chips) 
Seat 3: kikezera (445 in chips) 
kikezera: posts small blind 15
Mahu2021: posts big blind 30
*** HOLE CARDS ***
Dealt to Mahu2021 [5h 8h]
lechiffre2279: folds 
kikezera: raises 30 to 60
Mahu2021: calls 30
*** FLOP *** [5s 9c 6c]
kikezera: checks 
Mahu2021: bets 60
kikezera: folds 
Uncalled bet (60) returned to Mahu2021
Mahu2021 collected 120 from pot
Mahu2021: doesn't show hand 
*** SUMMARY ***
Total pot 120 | Rake 0 
Board [5s 9c 6c]
Seat 1: Mahu2021 (big blind) collected (120)
Seat 2: lechiffre2279 (button) folded before Flop (didn't bet)
Seat 3: kikezera (small blind) folded on the Flop



PokerStars Hand #243187124487: Tournament #3579714354, $0.92+$0.08 USD Hold'em No Limit - Level III (20/40) - 2023/04/19 15:43:48 CET [2023/04/19 9:43:48 ET]
Table '3579714354 1' 3-max Seat #3 is the button
Seat 1: Mahu2021 (575 in chips) 
Seat 2: lechiffre2279 (540 in chips) 
Seat 3: kikezera (385 in chips) 
Mahu2021: posts small blind 20
lechiffre2279: posts big blind 40
*** HOLE CARDS ***
Dealt to Mahu2021 [Ks 8h]
kikezera: raises 80 to 120
Mahu2021: folds 
lechiffre2279: folds 
Uncalled bet (80) returned to kikezera
kikezera collected 100 from pot
*** SUMMARY ***
Total pot 100 | Rake 0 
Seat 1: Mahu2021 (small blind) folded before Flop
Seat 2: lechiffre2279 (big blind) folded before Flop
Seat 3: kikezera (button) collected (100)



PokerStars Hand #243187127408: Tournament #3579714354, $0.92+$0.08 USD Hold'em No Limit - Level III (20/40) - 2023/04/19 15:44:01 CET [2023/04/19 9:44:01 ET]
Table '3579714354 1' 3-max Seat #1 is the button
Seat 1: Mahu2021 (555 in chips) 
Seat 2: lechiffre2279 (500 in chips) 
Seat 3: kikezera (445 in chips) 
lechiffre2279: posts small blind 20
kikezera: posts big blind 40
*** HOLE CARDS ***
Dealt to Mahu2021 [8h 5h]
Mahu2021: folds 
lechiffre2279: raises 40 to 80
kikezera: folds 
Uncalled bet (40) returned to lechiffre2279
lechiffre2279 collected 80 from pot
lechiffre2279: doesn't show hand 
*** SUMMARY ***
Total pot 80 | Rake 0 
Seat 1: Mahu2021 (button) folded before Flop (didn't bet)
Seat 2: lechiffre2279 (small blind) collected (80)
Seat 3: kikezera (big blind) folded before Flop



PokerStars Hand #243187130243: Tournament #3579714354, $0.92+$0.08 USD Hold'em No Limit - Level III (20/40) - 2023/04/19 15:44:14 CET [2023/04/19 9:44:14 ET]
Table '3579714354 1' 3-max Seat #2 is the button
Seat 1: Mahu2021 (555 in chips) 
Seat 2: lechiffre2279 (540 in chips) 
Seat 3: kikezera (405 in chips) 
kikezera: posts small blind 20
Mahu2021: posts big blind 40
*** HOLE CARDS ***
Dealt to Mahu2021 [Td 9c]
lechiffre2279: raises 40 to 80
kikezera: folds 
Mahu2021: calls 40
*** FLOP *** [4s 5c 7d]
Mahu2021: checks 
lechiffre2279: bets 460 and is all-in
Mahu2021: folds 
Uncalled bet (460) returned to lechiffre2279
lechiffre2279 collected 180 from pot
lechiffre2279: doesn't show hand 
*** SUMMARY ***
Total pot 180 | Rake 0 
Board [4s 5c 7d]
Seat 1: Mahu2021 (big blind) folded on the Flop
Seat 2: lechiffre2279 (button) collected (180)
Seat 3: kikezera (small blind) folded before Flop



PokerStars Hand #243187135001: Tournament #3579714354, $0.92+$0.08 USD Hold'em No Limit - Level III (20/40) - 2023/04/19 15:44:36 CET [2023/04/19 9:44:36 ET]
Table '3579714354 1' 3-max Seat #3 is the button
Seat 1: Mahu2021 (475 in chips) 
Seat 2: lechiffre2279 (640 in chips) 
Seat 3: kikezera (385 in chips) 
Mahu2021: posts small blind 20
lechiffre2279: posts big blind 40
*** HOLE CARDS ***
Dealt to Mahu2021 [6h 6d]
kikezera: folds 
Mahu2021: raises 80 to 120
lechiffre2279: folds 
Uncalled bet (80) returned to Mahu2021
Mahu2021 collected 80 from pot
Mahu2021: doesn't show hand 
*** SUMMARY ***
Total pot 80 | Rake 0 
Seat 1: Mahu2021 (small blind) collected (80)
Seat 2: lechiffre2279 (big blind) folded before Flop
Seat 3: kikezera (button) folded before Flop (didn't bet)



PokerStars Hand #243187138708: Tournament #3579714354, $0.92+$0.08 USD Hold'em No Limit - Level III (20/40) - 2023/04/19 15:44:53 CET [2023/04/19 9:44:53 ET]
Table '3579714354 1' 3-max Seat #1 is the button
Seat 1: Mahu2021 (515 in chips) 
Seat 2: lechiffre2279 (600 in chips) 
Seat 3: kikezera (385 in chips) 
lechiffre2279: posts small blind 20
kikezera: posts big blind 40
*** HOLE CARDS ***
Dealt to Mahu2021 [As 4d]
Mahu2021: calls 40
lechiffre2279: folds 
kikezera: checks 
*** FLOP *** [2s 3d Ah]
kikezera: checks 
Mahu2021: bets 80
kikezera: folds 
Uncalled bet (80) returned to Mahu2021
Mahu2021 collected 100 from pot
Mahu2021: doesn't show hand 
*** SUMMARY ***
Total pot 100 | Rake 0 
Board [2s 3d Ah]
Seat 1: Mahu2021 (button) collected (100)
Seat 2: lechiffre2279 (small blind) folded before Flop
Seat 3: kikezera (big blind) folded on the Flop



PokerStars Hand #243187147608: Tournament #3579714354, $0.92+$0.08 USD Hold'em No Limit - Level III (20/40) - 2023/04/19 15:45:34 CET [2023/04/19 9:45:34 ET]
Table '3579714354 1' 3-max Seat #2 is the button
Seat 1: Mahu2021 (575 in chips) 
Seat 2: lechiffre2279 (580 in chips) 
Seat 3: kikezera (345 in chips) 
kikezera: posts small blind 20
Mahu2021: posts big blind 40
*** HOLE CARDS ***
Dealt to Mahu2021 [4d Td]
lechiffre2279: raises 40 to 80
kikezera: calls 60
Mahu2021: folds 
*** FLOP *** [9c 8c 8h]
kikezera: bets 265 and is all-in
lechiffre2279: calls 265
*** TURN *** [9c 8c 8h] [7s]
*** RIVER *** [9c 8c 8h 7s] [Ts]
*** SHOW DOWN ***
kikezera: shows [Kh Jd] (a straight, Seven to Jack)
lechiffre2279: shows [8s 7d] (a full house, Eights full of Sevens)
lechiffre2279 collected 730 from pot
kikezera finished the tournament in 3rd place
*** SUMMARY ***
Total pot 730 | Rake 0 
Board [9c 8c 8h 7s Ts]
Seat 1: Mahu2021 (big blind) folded before Flop
Seat 2: lechiffre2279 (button) showed [8s 7d] and won (730) with a full house, Eights full of Sevens
Seat 3: kikezera (small blind) showed [Kh Jd] and lost with a straight, Seven to Jack



PokerStars Hand #243187154151: Tournament #3579714354, $0.92+$0.08 USD Hold'em No Limit - Level III (20/40) - 2023/04/19 15:46:05 CET [2023/04/19 9:46:05 ET]
Table '3579714354 1' 3-max Seat #1 is the button
Seat 1: Mahu2021 (535 in chips) 
Seat 2: lechiffre2279 (965 in chips) 
Mahu2021: posts small blind 20
lechiffre2279: posts big blind 40
*** HOLE CARDS ***
Dealt to Mahu2021 [9c 6h]
Mahu2021: folds 
Uncalled bet (20) returned to lechiffre2279
lechiffre2279 collected 40 from pot
lechiffre2279: doesn't show hand 
*** SUMMARY ***
Total pot 40 | Rake 0 
Seat 1: Mahu2021 (button) (small blind) folded before Flop
Seat 2: lechiffre2279 (big blind) collected (40)



PokerStars Hand #243187155359: Tournament #3579714354, $0.92+$0.08 USD Hold'em No Limit - Level III (20/40) - 2023/04/19 15:46:10 CET [2023/04/19 9:46:10 ET]
Table '3579714354 1' 3-max Seat #2 is the button
Seat 1: Mahu2021 (515 in chips) 
Seat 2: lechiffre2279 (985 in chips) 
lechiffre2279: posts small blind 20
Mahu2021: posts big blind 40
*** HOLE CARDS ***
Dealt to Mahu2021 [2c Qd]
lechiffre2279: raises 40 to 80
Mahu2021: folds 
Uncalled bet (40) returned to lechiffre2279
lechiffre2279 collected 80 from pot
lechiffre2279: doesn't show hand 
*** SUMMARY ***
Total pot 80 | Rake 0 
Seat 1: Mahu2021 (big blind) folded before Flop
Seat 2: lechiffre2279 (button) (small blind) collected (80)



PokerStars Hand #243187156612: Tournament #3579714354, $0.92+$0.08 USD Hold'em No Limit - Level III (20/40) - 2023/04/19 15:46:16 CET [2023/04/19 9:46:16 ET]
Table '3579714354 1' 3-max Seat #1 is the button
Seat 1: Mahu2021 (475 in chips) 
Seat 2: lechiffre2279 (1025 in chips) 
Mahu2021: posts small blind 20
lechiffre2279: posts big blind 40
*** HOLE CARDS ***
Dealt to Mahu2021 [9d Jd]
Mahu2021: calls 20
lechiffre2279: checks 
*** FLOP *** [4d 2d Jc]
lechiffre2279: checks 
Mahu2021: checks 
*** TURN *** [4d 2d Jc] [5s]
lechiffre2279: bets 80
Mahu2021: raises 160 to 240
lechiffre2279: folds 
Uncalled bet (160) returned to Mahu2021
Mahu2021 collected 240 from pot
Mahu2021: doesn't show hand 
*** SUMMARY ***
Total pot 240 | Rake 0 
Board [4d 2d Jc 5s]
Seat 1: Mahu2021 (button) (small blind) collected (240)
Seat 2: lechiffre2279 (big blind) folded on the Turn



PokerStars Hand #243187161408: Tournament #3579714354, $0.92+$0.08 USD Hold'em No Limit - Level III (20/40) - 2023/04/19 15:46:38 CET [2023/04/19 9:46:38 ET]
Table '3579714354 1' 3-max Seat #2 is the button
Seat 1: Mahu2021 (595 in chips) 
Seat 2: lechiffre2279 (905 in chips) 
lechiffre2279: posts small blind 20
Mahu2021: posts big blind 40
*** HOLE CARDS ***
Dealt to Mahu2021 [Th 3s]
lechiffre2279: raises 40 to 80
Mahu2021: folds 
Uncalled bet (40) returned to lechiffre2279
lechiffre2279 collected 80 from pot
lechiffre2279: doesn't show hand 
*** SUMMARY ***
Total pot 80 | Rake 0 
Seat 1: Mahu2021 (big blind) folded before Flop
Seat 2: lechiffre2279 (button) (small blind) collected (80)



PokerStars Hand #243187162803: Tournament #3579714354, $0.92+$0.08 USD Hold'em No Limit - Level III (20/40) - 2023/04/19 15:46:44 CET [2023/04/19 9:46:44 ET]
Table '3579714354 1' 3-max Seat #1 is the button
Seat 1: Mahu2021 (555 in chips) 
Seat 2: lechiffre2279 (945 in chips) 
Mahu2021: posts small blind 20
lechiffre2279: posts big blind 40
*** HOLE CARDS ***
Dealt to Mahu2021 [5d Qs]
Mahu2021: calls 20
lechiffre2279: checks 
*** FLOP *** [7h 8s 7s]
lechiffre2279: checks 
Mahu2021: checks 
*** TURN *** [7h 8s 7s] [Tc]
lechiffre2279: bets 40
Mahu2021: folds 
Uncalled bet (40) returned to lechiffre2279
lechiffre2279 collected 80 from pot
lechiffre2279: doesn't show hand 
*** SUMMARY ***
Total pot 80 | Rake 0 
Board [7h 8s 7s Tc]
Seat 1: Mahu2021 (button) (small blind) folded on the Turn
Seat 2: lechiffre2279 (big blind) collected (80)



PokerStars Hand #243187166649: Tournament #3579714354, $0.92+$0.08 USD Hold'em No Limit - Level IV (30/60) - 2023/04/19 15:47:02 CET [2023/04/19 9:47:02 ET]
Table '3579714354 1' 3-max Seat #2 is the button
Seat 1: Mahu2021 (515 in chips) 
Seat 2: lechiffre2279 (985 in chips) 
lechiffre2279: posts small blind 30
Mahu2021: posts big blind 60
*** HOLE CARDS ***
Dealt to Mahu2021 [4c 4s]
lechiffre2279: calls 30
Mahu2021: raises 455 to 515 and is all-in
lechiffre2279: folds 
Uncalled bet (455) returned to Mahu2021
Mahu2021 collected 120 from pot
Mahu2021: doesn't show hand 
*** SUMMARY ***
Total pot 120 | Rake 0 
Seat 1: Mahu2021 (big blind) collected (120)
Seat 2: lechiffre2279 (button) (small blind) folded before Flop



PokerStars Hand #243187168496: Tournament #3579714354, $0.92+$0.08 USD Hold'em No Limit - Level IV (30/60) - 2023/04/19 15:47:11 CET [2023/04/19 9:47:11 ET]
Table '3579714354 1' 3-max Seat #1 is the button
Seat 1: Mahu2021 (575 in chips) 
Seat 2: lechiffre2279 (925 in chips) 
Mahu2021: posts small blind 30
lechiffre2279: posts big blind 60
*** HOLE CARDS ***
Dealt to Mahu2021 [5s Ts]
Mahu2021: calls 30
lechiffre2279: checks 
*** FLOP *** [4s Ac 5h]
lechiffre2279: checks 
Mahu2021: bets 120
lechiffre2279: folds 
Uncalled bet (120) returned to Mahu2021
Mahu2021 collected 120 from pot
Mahu2021: doesn't show hand 
*** SUMMARY ***
Total pot 120 | Rake 0 
Board [4s Ac 5h]
Seat 1: Mahu2021 (button) (small blind) collected (120)
Seat 2: lechiffre2279 (big blind) folded on the Flop



PokerStars Hand #243187171422: Tournament #3579714354, $0.92+$0.08 USD Hold'em No Limit - Level IV (30/60) - 2023/04/19 15:47:24 CET [2023/04/19 9:47:24 ET]
Table '3579714354 1' 3-max Seat #2 is the button
Seat 1: Mahu2021 (635 in chips) 
Seat 2: lechiffre2279 (865 in chips) 
lechiffre2279: posts small blind 30
Mahu2021: posts big blind 60
*** HOLE CARDS ***
Dealt to Mahu2021 [6d 9s]
lechiffre2279: raises 60 to 120
Mahu2021: calls 60
*** FLOP *** [5d 8h 7d]
Mahu2021: checks 
lechiffre2279: bets 120
Mahu2021: calls 120
*** TURN *** [5d 8h 7d] [Td]
Mahu2021: checks 
lechiffre2279: bets 625 and is all-in
Mahu2021: calls 395 and is all-in
Uncalled bet (230) returned to lechiffre2279
*** RIVER *** [5d 8h 7d Td] [7h]
*** SHOW DOWN ***
Mahu2021: shows [6d 9s] (a straight, Six to Ten)
lechiffre2279: shows [Th 6h] (two pair, Tens and Sevens)
Mahu2021 collected 1270 from pot
*** SUMMARY ***
Total pot 1270 | Rake 0 
Board [5d 8h 7d Td 7h]
Seat 1: Mahu2021 (big blind) showed [6d 9s] and won (1270) with a straight, Six to Ten
Seat 2: lechiffre2279 (button) (small blind) showed [Th 6h] and lost with two pair, Tens and Sevens



PokerStars Hand #243187175789: Tournament #3579714354, $0.92+$0.08 USD Hold'em No Limit - Level IV (30/60) - 2023/04/19 15:47:44 CET [2023/04/19 9:47:44 ET]
Table '3579714354 1' 3-max Seat #1 is the button
Seat 1: Mahu2021 (1270 in chips) 
Seat 2: lechiffre2279 (230 in chips) 
Mahu2021: posts small blind 30
lechiffre2279: posts big blind 60
*** HOLE CARDS ***
Dealt to Mahu2021 [Qh Qd]
Mahu2021: raises 60 to 120
lechiffre2279: folds 
Uncalled bet (60) returned to Mahu2021
Mahu2021 collected 120 from pot
Mahu2021: doesn't show hand 
*** SUMMARY ***
Total pot 120 | Rake 0 
Seat 1: Mahu2021 (button) (small blind) collected (120)
Seat 2: lechiffre2279 (big blind) folded before Flop



PokerStars Hand #243187177472: Tournament #3579714354, $0.92+$0.08 USD Hold'em No Limit - Level IV (30/60) - 2023/04/19 15:47:52 CET [2023/04/19 9:47:52 ET]
Table '3579714354 1' 3-max Seat #2 is the button
Seat 1: Mahu2021 (1330 in chips) 
Seat 2: lechiffre2279 (170 in chips) 
lechiffre2279: posts small blind 30
Mahu2021: posts big blind 60
*** HOLE CARDS ***
Dealt to Mahu2021 [As 4d]
lechiffre2279: folds 
Uncalled bet (30) returned to Mahu2021
Mahu2021 collected 60 from pot
Mahu2021: doesn't show hand 
*** SUMMARY ***
Total pot 60 | Rake 0 
Seat 1: Mahu2021 (big blind) collected (60)
Seat 2: lechiffre2279 (button) (small blind) folded before Flop



PokerStars Hand #243187178408: Tournament #3579714354, $0.92+$0.08 USD Hold'em No Limit - Level IV (30/60) - 2023/04/19 15:47:56 CET [2023/04/19 9:47:56 ET]
Table '3579714354 1' 3-max Seat #1 is the button
Seat 1: Mahu2021 (1360 in chips) 
Seat 2: lechiffre2279 (140 in chips) 
Mahu2021: posts small blind 30
lechiffre2279: posts big blind 60
*** HOLE CARDS ***
Dealt to Mahu2021 [7d Qh]
Mahu2021: raises 120 to 180
lechiffre2279: calls 80 and is all-in
Uncalled bet (40) returned to Mahu2021
*** FLOP *** [Kh 2c 4c]
*** TURN *** [Kh 2c 4c] [2d]
*** RIVER *** [Kh 2c 4c 2d] [Ac]
*** SHOW DOWN ***
lechiffre2279: shows [Ah 7s] (two pair, Aces and Deuces)
Mahu2021: shows [7d Qh] (a pair of Deuces)
lechiffre2279 collected 280 from pot
*** SUMMARY ***
Total pot 280 | Rake 0 
Board [Kh 2c 4c 2d Ac]
Seat 1: Mahu2021 (button) (small blind) showed [7d Qh] and lost with a pair of Deuces
Seat 2: lechiffre2279 (big blind) showed [Ah 7s] and won (280) with two pair, Aces and Deuces



PokerStars Hand #243187181203: Tournament #3579714354, $0.92+$0.08 USD Hold'em No Limit - Level IV (30/60) - 2023/04/19 15:48:09 CET [2023/04/19 9:48:09 ET]
Table '3579714354 1' 3-max Seat #2 is the button
Seat 1: Mahu2021 (1220 in chips) 
Seat 2: lechiffre2279 (280 in chips) 
lechiffre2279: posts small blind 30
Mahu2021: posts big blind 60
*** HOLE CARDS ***
Dealt to Mahu2021 [4c 8h]
lechiffre2279: folds 
Uncalled bet (30) returned to Mahu2021
Mahu2021 collected 60 from pot
Mahu2021: doesn't show hand 
*** SUMMARY ***
Total pot 60 | Rake 0 
Seat 1: Mahu2021 (big blind) collected (60)
Seat 2: lechiffre2279 (button) (small blind) folded before Flop



PokerStars Hand #243187182588: Tournament #3579714354, $0.92+$0.08 USD Hold'em No Limit - Level IV (30/60) - 2023/04/19 15:48:15 CET [2023/04/19 9:48:15 ET]
Table '3579714354 1' 3-max Seat #1 is the button
Seat 1: Mahu2021 (1250 in chips) 
Seat 2: lechiffre2279 (250 in chips) 
Mahu2021: posts small blind 30
lechiffre2279: posts big blind 60
*** HOLE CARDS ***
Dealt to Mahu2021 [Jc Qh]
Mahu2021: raises 120 to 180
lechiffre2279: folds 
Uncalled bet (120) returned to Mahu2021
Mahu2021 collected 120 from pot
Mahu2021: doesn't show hand 
*** SUMMARY ***
Total pot 120 | Rake 0 
Seat 1: Mahu2021 (button) (small blind) collected (120)
Seat 2: lechiffre2279 (big blind) folded before Flop



PokerStars Hand #243187184235: Tournament #3579714354, $0.92+$0.08 USD Hold'em No Limit - Level IV (30/60) - 2023/04/19 15:48:22 CET [2023/04/19 9:48:22 ET]
Table '3579714354 1' 3-max Seat #2 is the button
Seat 1: Mahu2021 (1310 in chips) 
Seat 2: lechiffre2279 (190 in chips) 
lechiffre2279: posts small blind 30
Mahu2021: posts big blind 60
*** HOLE CARDS ***
Dealt to Mahu2021 [3d 6c]
lechiffre2279: folds 
Uncalled bet (30) returned to Mahu2021
Mahu2021 collected 60 from pot
Mahu2021: doesn't show hand 
*** SUMMARY ***
Total pot 60 | Rake 0 
Seat 1: Mahu2021 (big blind) collected (60)
Seat 2: lechiffre2279 (button) (small blind) folded before Flop



PokerStars Hand #243187185110: Tournament #3579714354, $0.92+$0.08 USD Hold'em No Limit - Level IV (30/60) - 2023/04/19 15:48:27 CET [2023/04/19 9:48:27 ET]
Table '3579714354 1' 3-max Seat #1 is the button
Seat 1: Mahu2021 (1340 in chips) 
Seat 2: lechiffre2279 (160 in chips) 
Mahu2021: posts small blind 30
lechiffre2279: posts big blind 60
*** HOLE CARDS ***
Dealt to Mahu2021 [7d 3h]
Mahu2021: folds 
Uncalled bet (30) returned to lechiffre2279
lechiffre2279 collected 60 from pot
lechiffre2279: doesn't show hand 
*** SUMMARY ***
Total pot 60 | Rake 0 
Seat 1: Mahu2021 (button) (small blind) folded before Flop
Seat 2: lechiffre2279 (big blind) collected (60)



PokerStars Hand #243187186129: Tournament #3579714354, $0.92+$0.08 USD Hold'em No Limit - Level IV (30/60) - 2023/04/19 15:48:31 CET [2023/04/19 9:48:31 ET]
Table '3579714354 1' 3-max Seat #2 is the button
Seat 1: Mahu2021 (1310 in chips) 
Seat 2: lechiffre2279 (190 in chips) 
lechiffre2279: posts small blind 30
Mahu2021: posts big blind 60
*** HOLE CARDS ***
Dealt to Mahu2021 [6h 2c]
lechiffre2279: raises 130 to 190 and is all-in
Mahu2021: folds 
Uncalled bet (130) returned to lechiffre2279
lechiffre2279 collected 120 from pot
lechiffre2279: doesn't show hand 
*** SUMMARY ***
Total pot 120 | Rake 0 
Seat 1: Mahu2021 (big blind) folded before Flop
Seat 2: lechiffre2279 (button) (small blind) collected (120)



PokerStars Hand #243187187408: Tournament #3579714354, $0.92+$0.08 USD Hold'em No Limit - Level IV (30/60) - 2023/04/19 15:48:37 CET [2023/04/19 9:48:37 ET]
Table '3579714354 1' 3-max Seat #1 is the button
Seat 1: Mahu2021 (1250 in chips) 
Seat 2: lechiffre2279 (250 in chips) 
Mahu2021: posts small blind 30
lechiffre2279: posts big blind 60
*** HOLE CARDS ***
Dealt to Mahu2021 [Ad Qs]
Mahu2021: raises 180 to 240
lechiffre2279: folds 
Uncalled bet (180) returned to Mahu2021
Mahu2021 collected 120 from pot
Mahu2021: doesn't show hand 
*** SUMMARY ***
Total pot 120 | Rake 0 
Seat 1: Mahu2021 (button) (small blind) collected (120)
Seat 2: lechiffre2279 (big blind) folded before Flop



PokerStars Hand #243187189030: Tournament #3579714354, $0.92+$0.08 USD Hold'em No Limit - Level IV (30/60) - 2023/04/19 15:48:45 CET [2023/04/19 9:48:45 ET]
Table '3579714354 1' 3-max Seat #2 is the button
Seat 1: Mahu2021 (1310 in chips) 
Seat 2: lechiffre2279 (190 in chips) 
lechiffre2279: posts small blind 30
Mahu2021: posts big blind 60
*** HOLE CARDS ***
Dealt to Mahu2021 [5h 6h]
lechiffre2279: folds 
Uncalled bet (30) returned to Mahu2021
Mahu2021 collected 60 from pot
Mahu2021: doesn't show hand 
*** SUMMARY ***
Total pot 60 | Rake 0 
Seat 1: Mahu2021 (big blind) collected (60)
Seat 2: lechiffre2279 (button) (small blind) folded before Flop



PokerStars Hand #243187191086: Tournament #3579714354, $0.92+$0.08 USD Hold'em No Limit - Level IV (30/60) - 2023/04/19 15:48:54 CET [2023/04/19 9:48:54 ET]
Table '3579714354 1' 3-max Seat #1 is the button
Seat 1: Mahu2021 (1340 in chips) 
Seat 2: lechiffre2279 (160 in chips) 
Mahu2021: posts small blind 30
lechiffre2279: posts big blind 60
*** HOLE CARDS ***
Dealt to Mahu2021 [Td 7d]
Mahu2021: raises 120 to 180
lechiffre2279: calls 100 and is all-in
Uncalled bet (20) returned to Mahu2021
*** FLOP *** [Kc 6h Ac]
*** TURN *** [Kc 6h Ac] [7c]
*** RIVER *** [Kc 6h Ac 7c] [Ts]
*** SHOW DOWN ***
lechiffre2279: shows [5d Qh] (high card Ace)
Mahu2021: shows [Td 7d] (two pair, Tens and Sevens)
Mahu2021 collected 320 from pot
lechiffre2279 finished the tournament in 2nd place
Mahu2021 wins the tournament and receives $5.00 - congratulations!
*** SUMMARY ***
Total pot 320 | Rake 0 
Board [Kc 6h Ac 7c Ts]
Seat 1: Mahu2021 (button) (small blind) showed [Td 7d] and won (320) with two pair, Tens and Sevens
Seat 2: lechiffre2279 (big blind) showed [5d Qh] and lost with high card Ace



