PokerStars Hand #249871275875: Tournament #3739391942, $1.84+$0.16 USD Hold'em No Limit - Level I (10/20) - 2024/04/08 22:22:36 CET [2024/04/08 16:22:36 ET]
Table '3739391942 1' 3-max Seat #1 is the button
Seat 1: settecba (500 in chips) 
Seat 2: koce7y (500 in chips) 
Seat 3: Mahu2021 (500 in chips) 
koce7y: posts small blind 10
Mahu2021: posts big blind 20
*** HOLE CARDS ***
Dealt to Mahu2021 [8h 3s]
settecba: raises 20 to 40
koce7y: calls 30
Mahu2021: folds 
*** FLOP *** [2d Jd 8s]
koce7y: bets 20
settecba: folds 
Uncalled bet (20) returned to koce7y
koce7y collected 100 from pot
*** SUMMARY ***
Total pot 100 | Rake 0 
Board [2d Jd 8s]
Seat 1: settecba (button) folded on the Flop
Seat 2: koce7y (small blind) collected (100)
Seat 3: Mahu2021 (big blind) folded before Flop



PokerStars Hand #249871282806: Tournament #3739391942, $1.84+$0.16 USD Hold'em No Limit - Level I (10/20) - 2024/04/08 22:22:54 CET [2024/04/08 16:22:54 ET]
Table '3739391942 1' 3-max Seat #2 is the button
Seat 1: settecba (460 in chips) 
Seat 2: koce7y (560 in chips) 
Seat 3: Mahu2021 (480 in chips) 
Mahu2021: posts small blind 10
settecba: posts big blind 20
*** HOLE CARDS ***
Dealt to Mahu2021 [Qs Th]
koce7y: calls 20
Mahu2021: calls 10
settecba: checks 
*** FLOP *** [2c 9h 6s]
Mahu2021: checks 
settecba: checks 
koce7y: checks 
*** TURN *** [2c 9h 6s] [2d]
Mahu2021: checks 
settecba: bets 30
koce7y: folds 
Mahu2021: folds 
Uncalled bet (30) returned to settecba
settecba collected 60 from pot
settecba: doesn't show hand 
*** SUMMARY ***
Total pot 60 | Rake 0 
Board [2c 9h 6s 2d]
Seat 1: settecba (big blind) collected (60)
Seat 2: koce7y (button) folded on the Turn
Seat 3: Mahu2021 (small blind) folded on the Turn



PokerStars Hand #249871293254: Tournament #3739391942, $1.84+$0.16 USD Hold'em No Limit - Level I (10/20) - 2024/04/08 22:23:20 CET [2024/04/08 16:23:20 ET]
Table '3739391942 1' 3-max Seat #3 is the button
Seat 1: settecba (500 in chips) 
Seat 2: koce7y (540 in chips) 
Seat 3: Mahu2021 (460 in chips) 
settecba: posts small blind 10
koce7y: posts big blind 20
*** HOLE CARDS ***
Dealt to Mahu2021 [8d 9d]
Mahu2021: raises 20 to 40
settecba: calls 30
koce7y: calls 20
*** FLOP *** [Th 9s Ad]
settecba: checks 
koce7y: checks 
Mahu2021: checks 
*** TURN *** [Th 9s Ad] [3h]
settecba: checks 
koce7y: bets 40
Mahu2021: folds 
settecba: calls 40
*** RIVER *** [Th 9s Ad 3h] [4h]
settecba: checks 
koce7y: bets 100
settecba: folds 
Uncalled bet (100) returned to koce7y
koce7y collected 200 from pot
*** SUMMARY ***
Total pot 200 | Rake 0 
Board [Th 9s Ad 3h 4h]
Seat 1: settecba (small blind) folded on the River
Seat 2: koce7y (big blind) collected (200)
Seat 3: Mahu2021 (button) folded on the Turn



PokerStars Hand #249871303883: Tournament #3739391942, $1.84+$0.16 USD Hold'em No Limit - Level I (10/20) - 2024/04/08 22:23:48 CET [2024/04/08 16:23:48 ET]
Table '3739391942 1' 3-max Seat #1 is the button
Seat 1: settecba (420 in chips) 
Seat 2: koce7y (660 in chips) 
Seat 3: Mahu2021 (420 in chips) 
koce7y: posts small blind 10
Mahu2021: posts big blind 20
*** HOLE CARDS ***
Dealt to Mahu2021 [4c Ac]
settecba: folds 
koce7y: raises 20 to 40
Mahu2021: calls 20
*** FLOP *** [7s 3s 8h]
koce7y: bets 40
Mahu2021: folds 
Uncalled bet (40) returned to koce7y
koce7y collected 80 from pot
*** SUMMARY ***
Total pot 80 | Rake 0 
Board [7s 3s 8h]
Seat 1: settecba (button) folded before Flop (didn't bet)
Seat 2: koce7y (small blind) collected (80)
Seat 3: Mahu2021 (big blind) folded on the Flop



PokerStars Hand #249871308140: Tournament #3739391942, $1.84+$0.16 USD Hold'em No Limit - Level I (10/20) - 2024/04/08 22:23:59 CET [2024/04/08 16:23:59 ET]
Table '3739391942 1' 3-max Seat #2 is the button
Seat 1: settecba (420 in chips) 
Seat 2: koce7y (700 in chips) 
Seat 3: Mahu2021 (380 in chips) 
Mahu2021: posts small blind 10
settecba: posts big blind 20
*** HOLE CARDS ***
Dealt to Mahu2021 [Kh Qs]
koce7y: calls 20
Mahu2021: calls 10
settecba: checks 
*** FLOP *** [Jc 2c Qd]
Mahu2021: bets 60
settecba: folds 
koce7y: calls 60
*** TURN *** [Jc 2c Qd] [Td]
Mahu2021: bets 300 and is all-in
koce7y: calls 300
*** RIVER *** [Jc 2c Qd Td] [6c]
*** SHOW DOWN ***
Mahu2021: shows [Kh Qs] (a pair of Queens)
koce7y: shows [Ks 9h] (a straight, Nine to King)
koce7y collected 780 from pot
Mahu2021 finished the tournament in 3rd place
*** SUMMARY ***
Total pot 780 | Rake 0 
Board [Jc 2c Qd Td 6c]
Seat 1: settecba (big blind) folded on the Flop
Seat 2: koce7y (button) showed [Ks 9h] and won (780) with a straight, Nine to King
Seat 3: Mahu2021 (small blind) showed [Kh Qs] and lost with a pair of Queens



