PokerStars Hand #242942683806: Tournament #3573593078, $0.92+$0.08 USD Hold'em No Limit - Level I (10/20) - 2023/04/07 17:14:53 CET [2023/04/07 11:14:53 ET]
Table '3573593078 1' 3-max Seat #1 is the button
Seat 1: Mahu2021 (500 in chips) 
Seat 2: de tizio (500 in chips) 
Seat 3: Papci777 (500 in chips) 
de tizio: posts small blind 10
Papci777: posts big blind 20
*** HOLE CARDS ***
Dealt to Mahu2021 [5d Tc]
Mahu2021: folds 
de tizio: calls 10
Papci777: raises 60 to 80
de tizio: calls 60
*** FLOP *** [As 3h Ks]
de tizio: checks 
Papci777: bets 60
de tizio: folds 
Uncalled bet (60) returned to Papci777
Papci777 collected 160 from pot
Papci777: doesn't show hand 
*** SUMMARY ***
Total pot 160 | Rake 0 
Board [As 3h Ks]
Seat 1: Mahu2021 (button) folded before Flop (didn't bet)
Seat 2: de tizio (small blind) folded on the Flop
Seat 3: Papci777 (big blind) collected (160)



PokerStars Hand #242942689933: Tournament #3573593078, $0.92+$0.08 USD Hold'em No Limit - Level I (10/20) - 2023/04/07 17:15:13 CET [2023/04/07 11:15:13 ET]
Table '3573593078 1' 3-max Seat #2 is the button
Seat 1: Mahu2021 (500 in chips) 
Seat 2: de tizio (420 in chips) 
Seat 3: Papci777 (580 in chips) 
Papci777: posts small blind 10
Mahu2021: posts big blind 20
*** HOLE CARDS ***
Dealt to Mahu2021 [Qs 2h]
de tizio: folds 
Papci777: calls 10
Mahu2021: checks 
*** FLOP *** [Ad 6d 7h]
Papci777: checks 
Mahu2021: checks 
*** TURN *** [Ad 6d 7h] [6s]
Papci777: checks 
Mahu2021: checks 
*** RIVER *** [Ad 6d 7h 6s] [7d]
Papci777: checks 
Mahu2021: checks 
*** SHOW DOWN ***
Papci777: shows [3h Kd] (two pair, Sevens and Sixes)
Mahu2021: shows [Qs 2h] (two pair, Sevens and Sixes)
Papci777 collected 20 from pot
Mahu2021 collected 20 from pot
*** SUMMARY ***
Total pot 40 | Rake 0 
Board [Ad 6d 7h 6s 7d]
Seat 1: Mahu2021 (big blind) showed [Qs 2h] and won (20) with two pair, Sevens and Sixes
Seat 2: de tizio (button) folded before Flop (didn't bet)
Seat 3: Papci777 (small blind) showed [3h Kd] and won (20) with two pair, Sevens and Sixes



PokerStars Hand #242942695652: Tournament #3573593078, $0.92+$0.08 USD Hold'em No Limit - Level I (10/20) - 2023/04/07 17:15:32 CET [2023/04/07 11:15:32 ET]
Table '3573593078 1' 3-max Seat #3 is the button
Seat 1: Mahu2021 (500 in chips) 
Seat 2: de tizio (420 in chips) 
Seat 3: Papci777 (580 in chips) 
Mahu2021: posts small blind 10
de tizio: posts big blind 20
*** HOLE CARDS ***
Dealt to Mahu2021 [9d 8c]
Papci777: calls 20
Mahu2021: calls 10
de tizio: checks 
*** FLOP *** [As Kh Qd]
Mahu2021: checks 
de tizio: checks 
Papci777: checks 
*** TURN *** [As Kh Qd] [Qh]
Mahu2021: checks 
de tizio: checks 
Papci777: checks 
*** RIVER *** [As Kh Qd Qh] [5h]
Mahu2021: bets 20
de tizio: folds 
Papci777: folds 
Uncalled bet (20) returned to Mahu2021
Mahu2021 collected 60 from pot
Mahu2021: doesn't show hand 
*** SUMMARY ***
Total pot 60 | Rake 0 
Board [As Kh Qd Qh 5h]
Seat 1: Mahu2021 (small blind) collected (60)
Seat 2: de tizio (big blind) folded on the River
Seat 3: Papci777 (button) folded on the River



PokerStars Hand #242942702415: Tournament #3573593078, $0.92+$0.08 USD Hold'em No Limit - Level I (10/20) - 2023/04/07 17:15:54 CET [2023/04/07 11:15:54 ET]
Table '3573593078 1' 3-max Seat #1 is the button
Seat 1: Mahu2021 (540 in chips) 
Seat 2: de tizio (400 in chips) 
Seat 3: Papci777 (560 in chips) 
de tizio: posts small blind 10
Papci777: posts big blind 20
*** HOLE CARDS ***
Dealt to Mahu2021 [As 7c]
Mahu2021: calls 20
de tizio: folds 
Papci777: checks 
*** FLOP *** [4c 2s Qd]
Papci777: bets 20
Mahu2021: folds 
Uncalled bet (20) returned to Papci777
Papci777 collected 50 from pot
Papci777: doesn't show hand 
*** SUMMARY ***
Total pot 50 | Rake 0 
Board [4c 2s Qd]
Seat 1: Mahu2021 (button) folded on the Flop
Seat 2: de tizio (small blind) folded before Flop
Seat 3: Papci777 (big blind) collected (50)



PokerStars Hand #242942707713: Tournament #3573593078, $0.92+$0.08 USD Hold'em No Limit - Level I (10/20) - 2023/04/07 17:16:12 CET [2023/04/07 11:16:12 ET]
Table '3573593078 1' 3-max Seat #2 is the button
Seat 1: Mahu2021 (520 in chips) 
Seat 2: de tizio (390 in chips) 
Seat 3: Papci777 (590 in chips) 
Papci777: posts small blind 10
Mahu2021: posts big blind 20
*** HOLE CARDS ***
Dealt to Mahu2021 [Ts 7h]
de tizio: calls 20
Papci777: calls 10
Mahu2021: checks 
*** FLOP *** [Jc 8c 2s]
Papci777: checks 
Mahu2021: checks 
de tizio: bets 40
Papci777: calls 40
Mahu2021: calls 40
*** TURN *** [Jc 8c 2s] [6d]
Papci777: checks 
Mahu2021: checks 
de tizio: checks 
*** RIVER *** [Jc 8c 2s 6d] [Ac]
Papci777: checks 
Mahu2021: checks 
de tizio: checks 
*** SHOW DOWN ***
Papci777: shows [Qc Kh] (high card Ace)
Mahu2021: mucks hand 
de tizio: mucks hand 
Papci777 collected 180 from pot
*** SUMMARY ***
Total pot 180 | Rake 0 
Board [Jc 8c 2s 6d Ac]
Seat 1: Mahu2021 (big blind) mucked [Ts 7h]
Seat 2: de tizio (button) mucked [Ks 7d]
Seat 3: Papci777 (small blind) showed [Qc Kh] and won (180) with high card Ace



PokerStars Hand #242942717725: Tournament #3573593078, $0.92+$0.08 USD Hold'em No Limit - Level I (10/20) - 2023/04/07 17:16:45 CET [2023/04/07 11:16:45 ET]
Table '3573593078 1' 3-max Seat #3 is the button
Seat 1: Mahu2021 (460 in chips) 
Seat 2: de tizio (330 in chips) 
Seat 3: Papci777 (710 in chips) 
Mahu2021: posts small blind 10
de tizio: posts big blind 20
*** HOLE CARDS ***
Dealt to Mahu2021 [6c Ad]
Papci777: calls 20
Mahu2021: calls 10
de tizio: checks 
*** FLOP *** [Jd 9s Th]
Mahu2021: checks 
de tizio: checks 
Papci777: checks 
*** TURN *** [Jd 9s Th] [2c]
Mahu2021: bets 20
de tizio: folds 
Papci777: calls 20
*** RIVER *** [Jd 9s Th 2c] [6d]
Mahu2021: checks 
Papci777: bets 40
Mahu2021: folds 
Uncalled bet (40) returned to Papci777
Papci777 collected 100 from pot
Papci777: doesn't show hand 
*** SUMMARY ***
Total pot 100 | Rake 0 
Board [Jd 9s Th 2c 6d]
Seat 1: Mahu2021 (small blind) folded on the River
Seat 2: de tizio (big blind) folded on the Turn
Seat 3: Papci777 (button) collected (100)



PokerStars Hand #242942726566: Tournament #3573593078, $0.92+$0.08 USD Hold'em No Limit - Level II (15/30) - 2023/04/07 17:17:15 CET [2023/04/07 11:17:15 ET]
Table '3573593078 1' 3-max Seat #1 is the button
Seat 1: Mahu2021 (420 in chips) 
Seat 2: de tizio (310 in chips) 
Seat 3: Papci777 (770 in chips) 
de tizio: posts small blind 15
Papci777: posts big blind 30
*** HOLE CARDS ***
Dealt to Mahu2021 [7h Jh]
Mahu2021: calls 30
de tizio: calls 15
Papci777: checks 
*** FLOP *** [Ah 7c 5s]
de tizio: checks 
Papci777: checks 
Mahu2021: checks 
*** TURN *** [Ah 7c 5s] [2c]
de tizio: checks 
Papci777: checks 
Mahu2021: checks 
*** RIVER *** [Ah 7c 5s 2c] [Ac]
de tizio: checks 
Papci777: checks 
Mahu2021: checks 
*** SHOW DOWN ***
de tizio: shows [Td Ks] (a pair of Aces)
Papci777: mucks hand 
Mahu2021: shows [7h Jh] (two pair, Aces and Sevens)
Mahu2021 collected 90 from pot
*** SUMMARY ***
Total pot 90 | Rake 0 
Board [Ah 7c 5s 2c Ac]
Seat 1: Mahu2021 (button) showed [7h Jh] and won (90) with two pair, Aces and Sevens
Seat 2: de tizio (small blind) showed [Td Ks] and lost with a pair of Aces
Seat 3: Papci777 (big blind) mucked [6s Th]



PokerStars Hand #242942736105: Tournament #3573593078, $0.92+$0.08 USD Hold'em No Limit - Level II (15/30) - 2023/04/07 17:17:47 CET [2023/04/07 11:17:47 ET]
Table '3573593078 1' 3-max Seat #2 is the button
Seat 1: Mahu2021 (480 in chips) 
Seat 2: de tizio (280 in chips) 
Seat 3: Papci777 (740 in chips) 
Papci777: posts small blind 15
Mahu2021: posts big blind 30
*** HOLE CARDS ***
Dealt to Mahu2021 [2s Kc]
de tizio: calls 30
Papci777: calls 15
Mahu2021: checks 
*** FLOP *** [3h 5d 9h]
Papci777: checks 
Mahu2021: checks 
de tizio: checks 
*** TURN *** [3h 5d 9h] [3c]
Papci777: checks 
Mahu2021: checks 
de tizio: checks 
*** RIVER *** [3h 5d 9h 3c] [7c]
Papci777: bets 120
Mahu2021: folds 
de tizio: folds 
Uncalled bet (120) returned to Papci777
Papci777 collected 90 from pot
Papci777: doesn't show hand 
*** SUMMARY ***
Total pot 90 | Rake 0 
Board [3h 5d 9h 3c 7c]
Seat 1: Mahu2021 (big blind) folded on the River
Seat 2: de tizio (button) folded on the River
Seat 3: Papci777 (small blind) collected (90)



PokerStars Hand #242942743537: Tournament #3573593078, $0.92+$0.08 USD Hold'em No Limit - Level II (15/30) - 2023/04/07 17:18:12 CET [2023/04/07 11:18:12 ET]
Table '3573593078 1' 3-max Seat #3 is the button
Seat 1: Mahu2021 (450 in chips) 
Seat 2: de tizio (250 in chips) 
Seat 3: Papci777 (800 in chips) 
Mahu2021: posts small blind 15
de tizio: posts big blind 30
*** HOLE CARDS ***
Dealt to Mahu2021 [4h 5h]
Papci777: calls 30
Mahu2021: calls 15
de tizio: checks 
*** FLOP *** [2h 5c 4d]
Mahu2021: bets 30
de tizio: folds 
Papci777: calls 30
*** TURN *** [2h 5c 4d] [Jh]
Mahu2021: bets 30
Papci777: calls 30
*** RIVER *** [2h 5c 4d Jh] [5d]
Mahu2021: bets 210
Papci777: calls 210
*** SHOW DOWN ***
Mahu2021: shows [4h 5h] (a full house, Fives full of Fours)
Papci777: mucks hand 
Mahu2021 collected 630 from pot
*** SUMMARY ***
Total pot 630 | Rake 0 
Board [2h 5c 4d Jh 5d]
Seat 1: Mahu2021 (small blind) showed [4h 5h] and won (630) with a full house, Fives full of Fours
Seat 2: de tizio (big blind) folded on the Flop
Seat 3: Papci777 (button) mucked [Ac 4c]



PokerStars Hand #242942753123: Tournament #3573593078, $0.92+$0.08 USD Hold'em No Limit - Level II (15/30) - 2023/04/07 17:18:43 CET [2023/04/07 11:18:43 ET]
Table '3573593078 1' 3-max Seat #1 is the button
Seat 1: Mahu2021 (780 in chips) 
Seat 2: de tizio (220 in chips) 
Seat 3: Papci777 (500 in chips) 
de tizio: posts small blind 15
Papci777: posts big blind 30
*** HOLE CARDS ***
Dealt to Mahu2021 [7c 7s]
Mahu2021: raises 750 to 780 and is all-in
de tizio: calls 205 and is all-in
Papci777: calls 470 and is all-in
Uncalled bet (280) returned to Mahu2021
*** FLOP *** [As Ac 9c]
*** TURN *** [As Ac 9c] [3s]
*** RIVER *** [As Ac 9c 3s] [Kh]
*** SHOW DOWN ***
Papci777: shows [8c Jh] (a pair of Aces)
Mahu2021: shows [7c 7s] (two pair, Aces and Sevens)
Mahu2021 collected 560 from side pot
de tizio: shows [9d 9h] (a full house, Nines full of Aces)
de tizio collected 660 from main pot
Papci777 finished the tournament in 3rd place
*** SUMMARY ***
Total pot 1220 Main pot 660. Side pot 560. | Rake 0 
Board [As Ac 9c 3s Kh]
Seat 1: Mahu2021 (button) showed [7c 7s] and won (560) with two pair, Aces and Sevens
Seat 2: de tizio (small blind) showed [9d 9h] and won (660) with a full house, Nines full of Aces
Seat 3: Papci777 (big blind) showed [8c Jh] and lost with a pair of Aces



PokerStars Hand #242942758695: Tournament #3573593078, $0.92+$0.08 USD Hold'em No Limit - Level III (20/40) - 2023/04/07 17:19:02 CET [2023/04/07 11:19:02 ET]
Table '3573593078 1' 3-max Seat #2 is the button
Seat 1: Mahu2021 (840 in chips) 
Seat 2: de tizio (660 in chips) 
de tizio: posts small blind 20
Mahu2021: posts big blind 40
*** HOLE CARDS ***
Dealt to Mahu2021 [9c 7s]
de tizio: calls 20
Mahu2021: checks 
*** FLOP *** [Jd 7c 8s]
Mahu2021: bets 40
de tizio: calls 40
*** TURN *** [Jd 7c 8s] [Ts]
Mahu2021: bets 40
de tizio: raises 40 to 80
Mahu2021: raises 680 to 760 and is all-in
de tizio: calls 500 and is all-in
Uncalled bet (180) returned to Mahu2021
*** RIVER *** [Jd 7c 8s Ts] [Jh]
*** SHOW DOWN ***
Mahu2021: shows [9c 7s] (a straight, Seven to Jack)
de tizio: shows [Tc Td] (a full house, Tens full of Jacks)
de tizio collected 1320 from pot
*** SUMMARY ***
Total pot 1320 | Rake 0 
Board [Jd 7c 8s Ts Jh]
Seat 1: Mahu2021 (big blind) showed [9c 7s] and lost with a straight, Seven to Jack
Seat 2: de tizio (button) (small blind) showed [Tc Td] and won (1320) with a full house, Tens full of Jacks



PokerStars Hand #242942768010: Tournament #3573593078, $0.92+$0.08 USD Hold'em No Limit - Level III (20/40) - 2023/04/07 17:19:33 CET [2023/04/07 11:19:33 ET]
Table '3573593078 1' 3-max Seat #1 is the button
Seat 1: Mahu2021 (180 in chips) 
Seat 2: de tizio (1320 in chips) 
Mahu2021: posts small blind 20
de tizio: posts big blind 40
*** HOLE CARDS ***
Dealt to Mahu2021 [8s 7c]
Mahu2021: raises 140 to 180 and is all-in
de tizio: calls 140
*** FLOP *** [7s 6h Jc]
*** TURN *** [7s 6h Jc] [Ac]
*** RIVER *** [7s 6h Jc Ac] [4c]
*** SHOW DOWN ***
de tizio: shows [3h 4h] (a pair of Fours)
Mahu2021: shows [8s 7c] (a pair of Sevens)
Mahu2021 collected 360 from pot
*** SUMMARY ***
Total pot 360 | Rake 0 
Board [7s 6h Jc Ac 4c]
Seat 1: Mahu2021 (button) (small blind) showed [8s 7c] and won (360) with a pair of Sevens
Seat 2: de tizio (big blind) showed [3h 4h] and lost with a pair of Fours



PokerStars Hand #242942773587: Tournament #3573593078, $0.92+$0.08 USD Hold'em No Limit - Level III (20/40) - 2023/04/07 17:19:51 CET [2023/04/07 11:19:51 ET]
Table '3573593078 1' 3-max Seat #2 is the button
Seat 1: Mahu2021 (360 in chips) 
Seat 2: de tizio (1140 in chips) 
de tizio: posts small blind 20
Mahu2021: posts big blind 40
*** HOLE CARDS ***
Dealt to Mahu2021 [Kd 2c]
de tizio: folds 
Uncalled bet (20) returned to Mahu2021
Mahu2021 collected 40 from pot
Mahu2021: doesn't show hand 
*** SUMMARY ***
Total pot 40 | Rake 0 
Seat 1: Mahu2021 (big blind) collected (40)
Seat 2: de tizio (button) (small blind) folded before Flop



PokerStars Hand #242942775448: Tournament #3573593078, $0.92+$0.08 USD Hold'em No Limit - Level III (20/40) - 2023/04/07 17:19:57 CET [2023/04/07 11:19:57 ET]
Table '3573593078 1' 3-max Seat #1 is the button
Seat 1: Mahu2021 (380 in chips) 
Seat 2: de tizio (1120 in chips) 
Mahu2021: posts small blind 20
de tizio: posts big blind 40
*** HOLE CARDS ***
Dealt to Mahu2021 [4s 8c]
Mahu2021: folds 
Uncalled bet (20) returned to de tizio
de tizio collected 40 from pot
de tizio: doesn't show hand 
*** SUMMARY ***
Total pot 40 | Rake 0 
Seat 1: Mahu2021 (button) (small blind) folded before Flop
Seat 2: de tizio (big blind) collected (40)



PokerStars Hand #242942776834: Tournament #3573593078, $0.92+$0.08 USD Hold'em No Limit - Level III (20/40) - 2023/04/07 17:20:02 CET [2023/04/07 11:20:02 ET]
Table '3573593078 1' 3-max Seat #2 is the button
Seat 1: Mahu2021 (360 in chips) 
Seat 2: de tizio (1140 in chips) 
de tizio: posts small blind 20
Mahu2021: posts big blind 40
*** HOLE CARDS ***
Dealt to Mahu2021 [6d 8s]
de tizio: folds 
Uncalled bet (20) returned to Mahu2021
Mahu2021 collected 40 from pot
Mahu2021: doesn't show hand 
*** SUMMARY ***
Total pot 40 | Rake 0 
Seat 1: Mahu2021 (big blind) collected (40)
Seat 2: de tizio (button) (small blind) folded before Flop



PokerStars Hand #242942779273: Tournament #3573593078, $0.92+$0.08 USD Hold'em No Limit - Level III (20/40) - 2023/04/07 17:20:10 CET [2023/04/07 11:20:10 ET]
Table '3573593078 1' 3-max Seat #1 is the button
Seat 1: Mahu2021 (380 in chips) 
Seat 2: de tizio (1120 in chips) 
Mahu2021: posts small blind 20
de tizio: posts big blind 40
*** HOLE CARDS ***
Dealt to Mahu2021 [Ac 9d]
Mahu2021: raises 340 to 380 and is all-in
de tizio: calls 340
*** FLOP *** [6h Qc 2s]
*** TURN *** [6h Qc 2s] [3c]
*** RIVER *** [6h Qc 2s 3c] [4s]
*** SHOW DOWN ***
de tizio: shows [2d Ah] (a pair of Deuces)
Mahu2021: shows [Ac 9d] (high card Ace)
de tizio collected 760 from pot
Mahu2021 finished the tournament in 2nd place
de tizio wins the tournament and receives $2.00 - congratulations!
*** SUMMARY ***
Total pot 760 | Rake 0 
Board [6h Qc 2s 3c 4s]
Seat 1: Mahu2021 (button) (small blind) showed [Ac 9d] and lost with high card Ace
Seat 2: de tizio (big blind) showed [2d Ah] and won (760) with a pair of Deuces



