PokerStars Hand #252672289730: Tournament #3806060153, $1.84+$0.16 USD Hold'em No Limit - Level I (10/20) - 2024/09/28 18:39:10 CET [2024/09/28 12:39:10 ET]
Table '3806060153 1' 3-max Seat #1 is the button
Seat 1: nadasbalazs (500 in chips) 
Seat 2: LuckySlavik1 (500 in chips) 
Seat 3: Mahu2021 (500 in chips) 
LuckySlavik1: posts small blind 10
Mahu2021: posts big blind 20
*** HOLE CARDS ***
Dealt to Mahu2021 [5d 6d]
nadasbalazs: raises 20 to 40
LuckySlavik1: folds 
Mahu2021: calls 20
*** FLOP *** [7d 9s Td]
Mahu2021: checks 
nadasbalazs: bets 30
Mahu2021: calls 30
*** TURN *** [7d 9s Td] [5h]
Mahu2021: checks 
nadasbalazs: checks 
*** RIVER *** [7d 9s Td 5h] [4s]
Mahu2021: bets 40
nadasbalazs: calls 40
*** SHOW DOWN ***
Mahu2021: shows [5d 6d] (a pair of Fives)
nadasbalazs: shows [Qh 7h] (a pair of Sevens)
nadasbalazs collected 230 from pot
*** SUMMARY ***
Total pot 230 | Rake 0 
Board [7d 9s Td 5h 4s]
Seat 1: nadasbalazs (button) showed [Qh 7h] and won (230) with a pair of Sevens
Seat 2: LuckySlavik1 (small blind) folded before Flop
Seat 3: Mahu2021 (big blind) showed [5d 6d] and lost with a pair of Fives



PokerStars Hand #252672293555: Tournament #3806060153, $1.84+$0.16 USD Hold'em No Limit - Level I (10/20) - 2024/09/28 18:39:25 CET [2024/09/28 12:39:25 ET]
Table '3806060153 1' 3-max Seat #2 is the button
Seat 1: nadasbalazs (620 in chips) 
Seat 2: LuckySlavik1 (490 in chips) 
Seat 3: Mahu2021 (390 in chips) 
Mahu2021: posts small blind 10
nadasbalazs: posts big blind 20
*** HOLE CARDS ***
Dealt to Mahu2021 [Td 7d]
LuckySlavik1: raises 20 to 40
Mahu2021: calls 30
nadasbalazs: calls 20
*** FLOP *** [2d Qd Qs]
Mahu2021: bets 40
nadasbalazs: folds 
LuckySlavik1: calls 40
*** TURN *** [2d Qd Qs] [7c]
Mahu2021: bets 40
LuckySlavik1: calls 40
*** RIVER *** [2d Qd Qs 7c] [9d]
Mahu2021: bets 270 and is all-in
LuckySlavik1: folds 
Uncalled bet (270) returned to Mahu2021
Mahu2021 collected 280 from pot
Mahu2021: doesn't show hand 
*** SUMMARY ***
Total pot 280 | Rake 0 
Board [2d Qd Qs 7c 9d]
Seat 1: nadasbalazs (big blind) folded on the Flop
Seat 2: LuckySlavik1 (button) folded on the River
Seat 3: Mahu2021 (small blind) collected (280)



PokerStars Hand #252672299097: Tournament #3806060153, $1.84+$0.16 USD Hold'em No Limit - Level I (10/20) - 2024/09/28 18:39:46 CET [2024/09/28 12:39:46 ET]
Table '3806060153 1' 3-max Seat #3 is the button
Seat 1: nadasbalazs (580 in chips) 
Seat 2: LuckySlavik1 (370 in chips) 
Seat 3: Mahu2021 (550 in chips) 
nadasbalazs: posts small blind 10
LuckySlavik1: posts big blind 20
*** HOLE CARDS ***
Dealt to Mahu2021 [2c 7d]
Mahu2021: folds 
nadasbalazs: folds 
Uncalled bet (10) returned to LuckySlavik1
LuckySlavik1 collected 20 from pot
LuckySlavik1: doesn't show hand 
*** SUMMARY ***
Total pot 20 | Rake 0 
Seat 1: nadasbalazs (small blind) folded before Flop
Seat 2: LuckySlavik1 (big blind) collected (20)
Seat 3: Mahu2021 (button) folded before Flop (didn't bet)



PokerStars Hand #252672301036: Tournament #3806060153, $1.84+$0.16 USD Hold'em No Limit - Level I (10/20) - 2024/09/28 18:39:54 CET [2024/09/28 12:39:54 ET]
Table '3806060153 1' 3-max Seat #1 is the button
Seat 1: nadasbalazs (570 in chips) 
Seat 2: LuckySlavik1 (380 in chips) 
Seat 3: Mahu2021 (550 in chips) 
LuckySlavik1: posts small blind 10
Mahu2021: posts big blind 20
*** HOLE CARDS ***
Dealt to Mahu2021 [8d Qs]
nadasbalazs: raises 20 to 40
LuckySlavik1: raises 340 to 380 and is all-in
Mahu2021: folds 
nadasbalazs: calls 340
*** FLOP *** [6s 2s Qd]
*** TURN *** [6s 2s Qd] [8s]
*** RIVER *** [6s 2s Qd 8s] [4d]
*** SHOW DOWN ***
LuckySlavik1: shows [Kh Kc] (a pair of Kings)
nadasbalazs: shows [9h Ah] (high card Ace)
LuckySlavik1 collected 780 from pot
*** SUMMARY ***
Total pot 780 | Rake 0 
Board [6s 2s Qd 8s 4d]
Seat 1: nadasbalazs (button) showed [9h Ah] and lost with high card Ace
Seat 2: LuckySlavik1 (small blind) showed [Kh Kc] and won (780) with a pair of Kings
Seat 3: Mahu2021 (big blind) folded before Flop



PokerStars Hand #252672305001: Tournament #3806060153, $1.84+$0.16 USD Hold'em No Limit - Level I (10/20) - 2024/09/28 18:40:09 CET [2024/09/28 12:40:09 ET]
Table '3806060153 1' 3-max Seat #2 is the button
Seat 1: nadasbalazs (190 in chips) 
Seat 2: LuckySlavik1 (780 in chips) 
Seat 3: Mahu2021 (530 in chips) 
Mahu2021: posts small blind 10
nadasbalazs: posts big blind 20
*** HOLE CARDS ***
Dealt to Mahu2021 [Kd Tc]
LuckySlavik1: raises 20 to 40
Mahu2021: calls 30
nadasbalazs: raises 150 to 190 and is all-in
LuckySlavik1: folds 
Mahu2021: calls 150
*** FLOP *** [7c Qc Ts]
*** TURN *** [7c Qc Ts] [9d]
*** RIVER *** [7c Qc Ts 9d] [2c]
*** SHOW DOWN ***
Mahu2021: shows [Kd Tc] (a pair of Tens)
nadasbalazs: shows [6h Ah] (high card Ace)
Mahu2021 collected 420 from pot
nadasbalazs finished the tournament in 3rd place
*** SUMMARY ***
Total pot 420 | Rake 0 
Board [7c Qc Ts 9d 2c]
Seat 1: nadasbalazs (big blind) showed [6h Ah] and lost with high card Ace
Seat 2: LuckySlavik1 (button) folded before Flop
Seat 3: Mahu2021 (small blind) showed [Kd Tc] and won (420) with a pair of Tens



PokerStars Hand #252672313723: Tournament #3806060153, $1.84+$0.16 USD Hold'em No Limit - Level I (10/20) - 2024/09/28 18:40:43 CET [2024/09/28 12:40:43 ET]
Table '3806060153 1' 3-max Seat #3 is the button
Seat 2: LuckySlavik1 (740 in chips) 
Seat 3: Mahu2021 (760 in chips) 
Mahu2021: posts small blind 10
LuckySlavik1: posts big blind 20
*** HOLE CARDS ***
Dealt to Mahu2021 [Jc 4s]
Mahu2021: folds 
Uncalled bet (10) returned to LuckySlavik1
LuckySlavik1 collected 20 from pot
LuckySlavik1: doesn't show hand 
*** SUMMARY ***
Total pot 20 | Rake 0 
Seat 2: LuckySlavik1 (big blind) collected (20)
Seat 3: Mahu2021 (button) (small blind) folded before Flop



PokerStars Hand #252672314814: Tournament #3806060153, $1.84+$0.16 USD Hold'em No Limit - Level I (10/20) - 2024/09/28 18:40:47 CET [2024/09/28 12:40:47 ET]
Table '3806060153 1' 3-max Seat #2 is the button
Seat 2: LuckySlavik1 (750 in chips) 
Seat 3: Mahu2021 (750 in chips) 
LuckySlavik1: posts small blind 10
Mahu2021: posts big blind 20
*** HOLE CARDS ***
Dealt to Mahu2021 [Ah Kd]
LuckySlavik1: raises 20 to 40
Mahu2021: raises 710 to 750 and is all-in
LuckySlavik1: folds 
Uncalled bet (710) returned to Mahu2021
Mahu2021 collected 80 from pot
Mahu2021: doesn't show hand 
*** SUMMARY ***
Total pot 80 | Rake 0 
Seat 2: LuckySlavik1 (button) (small blind) folded before Flop
Seat 3: Mahu2021 (big blind) collected (80)



PokerStars Hand #252672318735: Tournament #3806060153, $1.84+$0.16 USD Hold'em No Limit - Level I (10/20) - 2024/09/28 18:41:02 CET [2024/09/28 12:41:02 ET]
Table '3806060153 1' 3-max Seat #3 is the button
Seat 2: LuckySlavik1 (710 in chips) 
Seat 3: Mahu2021 (790 in chips) 
Mahu2021: posts small blind 10
LuckySlavik1: posts big blind 20
*** HOLE CARDS ***
Dealt to Mahu2021 [6d Js]
Mahu2021: folds 
Uncalled bet (10) returned to LuckySlavik1
LuckySlavik1 collected 20 from pot
LuckySlavik1: doesn't show hand 
*** SUMMARY ***
Total pot 20 | Rake 0 
Seat 2: LuckySlavik1 (big blind) collected (20)
Seat 3: Mahu2021 (button) (small blind) folded before Flop



PokerStars Hand #252672319795: Tournament #3806060153, $1.84+$0.16 USD Hold'em No Limit - Level I (10/20) - 2024/09/28 18:41:06 CET [2024/09/28 12:41:06 ET]
Table '3806060153 1' 3-max Seat #2 is the button
Seat 2: LuckySlavik1 (720 in chips) 
Seat 3: Mahu2021 (780 in chips) 
LuckySlavik1: posts small blind 10
Mahu2021: posts big blind 20
*** HOLE CARDS ***
Dealt to Mahu2021 [9s Jd]
LuckySlavik1: raises 20 to 40
Mahu2021: calls 20
*** FLOP *** [7h 2s As]
Mahu2021: checks 
LuckySlavik1: bets 20
Mahu2021: calls 20
*** TURN *** [7h 2s As] [Ts]
Mahu2021: checks 
LuckySlavik1: checks 
*** RIVER *** [7h 2s As Ts] [Qc]
Mahu2021: bets 40
LuckySlavik1: folds 
Uncalled bet (40) returned to Mahu2021
Mahu2021 collected 120 from pot
Mahu2021: doesn't show hand 
*** SUMMARY ***
Total pot 120 | Rake 0 
Board [7h 2s As Ts Qc]
Seat 2: LuckySlavik1 (button) (small blind) folded on the River
Seat 3: Mahu2021 (big blind) collected (120)



PokerStars Hand #252672326051: Tournament #3806060153, $1.84+$0.16 USD Hold'em No Limit - Level II (15/30) - 2024/09/28 18:41:30 CET [2024/09/28 12:41:30 ET]
Table '3806060153 1' 3-max Seat #3 is the button
Seat 2: LuckySlavik1 (660 in chips) 
Seat 3: Mahu2021 (840 in chips) 
Mahu2021: posts small blind 15
LuckySlavik1: posts big blind 30
*** HOLE CARDS ***
Dealt to Mahu2021 [5d 6h]
Mahu2021: calls 15
LuckySlavik1: raises 630 to 660 and is all-in
Mahu2021: folds 
Uncalled bet (630) returned to LuckySlavik1
LuckySlavik1 collected 60 from pot
LuckySlavik1: doesn't show hand 
*** SUMMARY ***
Total pot 60 | Rake 0 
Seat 2: LuckySlavik1 (big blind) collected (60)
Seat 3: Mahu2021 (button) (small blind) folded before Flop



PokerStars Hand #252672327809: Tournament #3806060153, $1.84+$0.16 USD Hold'em No Limit - Level II (15/30) - 2024/09/28 18:41:37 CET [2024/09/28 12:41:37 ET]
Table '3806060153 1' 3-max Seat #2 is the button
Seat 2: LuckySlavik1 (690 in chips) 
Seat 3: Mahu2021 (810 in chips) 
LuckySlavik1: posts small blind 15
Mahu2021: posts big blind 30
*** HOLE CARDS ***
Dealt to Mahu2021 [Kd 7h]
LuckySlavik1: raises 30 to 60
Mahu2021: calls 30
*** FLOP *** [Qd 9d Jc]
Mahu2021: checks 
LuckySlavik1: checks 
*** TURN *** [Qd 9d Jc] [7c]
Mahu2021: bets 30
LuckySlavik1: calls 30
*** RIVER *** [Qd 9d Jc 7c] [4c]
Mahu2021: checks 
LuckySlavik1: bets 90
Mahu2021: folds 
Uncalled bet (90) returned to LuckySlavik1
LuckySlavik1 collected 180 from pot
LuckySlavik1: doesn't show hand 
*** SUMMARY ***
Total pot 180 | Rake 0 
Board [Qd 9d Jc 7c 4c]
Seat 2: LuckySlavik1 (button) (small blind) collected (180)
Seat 3: Mahu2021 (big blind) folded on the River



PokerStars Hand #252672335445: Tournament #3806060153, $1.84+$0.16 USD Hold'em No Limit - Level II (15/30) - 2024/09/28 18:42:06 CET [2024/09/28 12:42:06 ET]
Table '3806060153 1' 3-max Seat #3 is the button
Seat 2: LuckySlavik1 (780 in chips) 
Seat 3: Mahu2021 (720 in chips) 
Mahu2021: posts small blind 15
LuckySlavik1: posts big blind 30
*** HOLE CARDS ***
Dealt to Mahu2021 [6h 7d]
Mahu2021: calls 15
LuckySlavik1: checks 
*** FLOP *** [Jd 6c 2d]
LuckySlavik1: checks 
Mahu2021: bets 60
LuckySlavik1: folds 
Uncalled bet (60) returned to Mahu2021
Mahu2021 collected 60 from pot
Mahu2021: doesn't show hand 
*** SUMMARY ***
Total pot 60 | Rake 0 
Board [Jd 6c 2d]
Seat 2: LuckySlavik1 (big blind) folded on the Flop
Seat 3: Mahu2021 (button) (small blind) collected (60)



PokerStars Hand #252672339425: Tournament #3806060153, $1.84+$0.16 USD Hold'em No Limit - Level II (15/30) - 2024/09/28 18:42:22 CET [2024/09/28 12:42:22 ET]
Table '3806060153 1' 3-max Seat #2 is the button
Seat 2: LuckySlavik1 (750 in chips) 
Seat 3: Mahu2021 (750 in chips) 
LuckySlavik1: posts small blind 15
Mahu2021: posts big blind 30
*** HOLE CARDS ***
Dealt to Mahu2021 [9h Ks]
LuckySlavik1: raises 30 to 60
Mahu2021: calls 30
*** FLOP *** [6s 2c 3s]
Mahu2021: checks 
LuckySlavik1: checks 
*** TURN *** [6s 2c 3s] [8d]
Mahu2021: checks 
LuckySlavik1: checks 
*** RIVER *** [6s 2c 3s 8d] [Qs]
Mahu2021: checks 
LuckySlavik1: checks 
*** SHOW DOWN ***
Mahu2021: shows [9h Ks] (high card King)
LuckySlavik1: shows [As 3d] (a pair of Threes)
LuckySlavik1 collected 120 from pot
*** SUMMARY ***
Total pot 120 | Rake 0 
Board [6s 2c 3s 8d Qs]
Seat 2: LuckySlavik1 (button) (small blind) showed [As 3d] and won (120) with a pair of Threes
Seat 3: Mahu2021 (big blind) showed [9h Ks] and lost with high card King



PokerStars Hand #252672346623: Tournament #3806060153, $1.84+$0.16 USD Hold'em No Limit - Level II (15/30) - 2024/09/28 18:42:49 CET [2024/09/28 12:42:49 ET]
Table '3806060153 1' 3-max Seat #3 is the button
Seat 2: LuckySlavik1 (810 in chips) 
Seat 3: Mahu2021 (690 in chips) 
Mahu2021: posts small blind 15
LuckySlavik1: posts big blind 30
*** HOLE CARDS ***
Dealt to Mahu2021 [4h 8d]
Mahu2021: folds 
Uncalled bet (15) returned to LuckySlavik1
LuckySlavik1 collected 30 from pot
LuckySlavik1: doesn't show hand 
*** SUMMARY ***
Total pot 30 | Rake 0 
Seat 2: LuckySlavik1 (big blind) collected (30)
Seat 3: Mahu2021 (button) (small blind) folded before Flop



PokerStars Hand #252672347717: Tournament #3806060153, $1.84+$0.16 USD Hold'em No Limit - Level II (15/30) - 2024/09/28 18:42:53 CET [2024/09/28 12:42:53 ET]
Table '3806060153 1' 3-max Seat #2 is the button
Seat 2: LuckySlavik1 (825 in chips) 
Seat 3: Mahu2021 (675 in chips) 
LuckySlavik1: posts small blind 15
Mahu2021: posts big blind 30
*** HOLE CARDS ***
Dealt to Mahu2021 [2c 4c]
LuckySlavik1: raises 30 to 60
Mahu2021: calls 30
*** FLOP *** [2d 3h Qs]
Mahu2021: checks 
LuckySlavik1: bets 45
Mahu2021: calls 45
*** TURN *** [2d 3h Qs] [Kh]
Mahu2021: checks 
LuckySlavik1: checks 
*** RIVER *** [2d 3h Qs Kh] [Ts]
Mahu2021: bets 120
LuckySlavik1: calls 120
*** SHOW DOWN ***
Mahu2021: shows [2c 4c] (a pair of Deuces)
LuckySlavik1: shows [Qd Jh] (a pair of Queens)
LuckySlavik1 collected 450 from pot
*** SUMMARY ***
Total pot 450 | Rake 0 
Board [2d 3h Qs Kh Ts]
Seat 2: LuckySlavik1 (button) (small blind) showed [Qd Jh] and won (450) with a pair of Queens
Seat 3: Mahu2021 (big blind) showed [2c 4c] and lost with a pair of Deuces



PokerStars Hand #252672355766: Tournament #3806060153, $1.84+$0.16 USD Hold'em No Limit - Level III (20/40) - 2024/09/28 18:43:25 CET [2024/09/28 12:43:25 ET]
Table '3806060153 1' 3-max Seat #3 is the button
Seat 2: LuckySlavik1 (1050 in chips) 
Seat 3: Mahu2021 (450 in chips) 
Mahu2021: posts small blind 20
LuckySlavik1: posts big blind 40
*** HOLE CARDS ***
Dealt to Mahu2021 [5d 4d]
Mahu2021: calls 20
LuckySlavik1: checks 
*** FLOP *** [6h 8s 6c]
LuckySlavik1: checks 
Mahu2021: bets 40
LuckySlavik1: raises 80 to 120
Mahu2021: calls 80
*** TURN *** [6h 8s 6c] [Th]
LuckySlavik1: bets 890 and is all-in
Mahu2021: folds 
Uncalled bet (890) returned to LuckySlavik1
LuckySlavik1 collected 320 from pot
LuckySlavik1: doesn't show hand 
*** SUMMARY ***
Total pot 320 | Rake 0 
Board [6h 8s 6c Th]
Seat 2: LuckySlavik1 (big blind) collected (320)
Seat 3: Mahu2021 (button) (small blind) folded on the Turn



PokerStars Hand #252672360392: Tournament #3806060153, $1.84+$0.16 USD Hold'em No Limit - Level III (20/40) - 2024/09/28 18:43:43 CET [2024/09/28 12:43:43 ET]
Table '3806060153 1' 3-max Seat #2 is the button
Seat 2: LuckySlavik1 (1210 in chips) 
Seat 3: Mahu2021 (290 in chips) 
LuckySlavik1: posts small blind 20
Mahu2021: posts big blind 40
*** HOLE CARDS ***
Dealt to Mahu2021 [As 2s]
LuckySlavik1: raises 1170 to 1210 and is all-in
Mahu2021: calls 250 and is all-in
Uncalled bet (920) returned to LuckySlavik1
*** FLOP *** [6h 3s Td]
*** TURN *** [6h 3s Td] [3d]
*** RIVER *** [6h 3s Td 3d] [8d]
*** SHOW DOWN ***
Mahu2021: shows [As 2s] (a pair of Threes)
LuckySlavik1: shows [Ah 5s] (a pair of Threes)
Mahu2021 collected 290 from pot
LuckySlavik1 collected 290 from pot
*** SUMMARY ***
Total pot 580 | Rake 0 
Board [6h 3s Td 3d 8d]
Seat 2: LuckySlavik1 (button) (small blind) showed [Ah 5s] and won (290) with a pair of Threes
Seat 3: Mahu2021 (big blind) showed [As 2s] and won (290) with a pair of Threes



PokerStars Hand #252672363198: Tournament #3806060153, $1.84+$0.16 USD Hold'em No Limit - Level III (20/40) - 2024/09/28 18:43:54 CET [2024/09/28 12:43:54 ET]
Table '3806060153 1' 3-max Seat #3 is the button
Seat 2: LuckySlavik1 (1210 in chips) 
Seat 3: Mahu2021 (290 in chips) 
Mahu2021: posts small blind 20
LuckySlavik1: posts big blind 40
*** HOLE CARDS ***
Dealt to Mahu2021 [5s Jd]
Mahu2021: calls 20
LuckySlavik1: raises 1170 to 1210 and is all-in
Mahu2021: folds 
Uncalled bet (1170) returned to LuckySlavik1
LuckySlavik1 collected 80 from pot
LuckySlavik1: doesn't show hand 
*** SUMMARY ***
Total pot 80 | Rake 0 
Seat 2: LuckySlavik1 (big blind) collected (80)
Seat 3: Mahu2021 (button) (small blind) folded before Flop



PokerStars Hand #252672364740: Tournament #3806060153, $1.84+$0.16 USD Hold'em No Limit - Level III (20/40) - 2024/09/28 18:44:00 CET [2024/09/28 12:44:00 ET]
Table '3806060153 1' 3-max Seat #2 is the button
Seat 2: LuckySlavik1 (1250 in chips) 
Seat 3: Mahu2021 (250 in chips) 
LuckySlavik1: posts small blind 20
Mahu2021: posts big blind 40
*** HOLE CARDS ***
Dealt to Mahu2021 [4d 9h]
LuckySlavik1: raises 1210 to 1250 and is all-in
Mahu2021: folds 
Uncalled bet (1210) returned to LuckySlavik1
LuckySlavik1 collected 80 from pot
LuckySlavik1: doesn't show hand 
*** SUMMARY ***
Total pot 80 | Rake 0 
Seat 2: LuckySlavik1 (button) (small blind) collected (80)
Seat 3: Mahu2021 (big blind) folded before Flop



PokerStars Hand #252672365946: Tournament #3806060153, $1.84+$0.16 USD Hold'em No Limit - Level III (20/40) - 2024/09/28 18:44:04 CET [2024/09/28 12:44:04 ET]
Table '3806060153 1' 3-max Seat #3 is the button
Seat 2: LuckySlavik1 (1290 in chips) 
Seat 3: Mahu2021 (210 in chips) 
Mahu2021: posts small blind 20
LuckySlavik1: posts big blind 40
*** HOLE CARDS ***
Dealt to Mahu2021 [3h 7c]
Mahu2021: folds 
Uncalled bet (20) returned to LuckySlavik1
LuckySlavik1 collected 40 from pot
LuckySlavik1: doesn't show hand 
*** SUMMARY ***
Total pot 40 | Rake 0 
Seat 2: LuckySlavik1 (big blind) collected (40)
Seat 3: Mahu2021 (button) (small blind) folded before Flop



PokerStars Hand #252672367033: Tournament #3806060153, $1.84+$0.16 USD Hold'em No Limit - Level III (20/40) - 2024/09/28 18:44:08 CET [2024/09/28 12:44:08 ET]
Table '3806060153 1' 3-max Seat #2 is the button
Seat 2: LuckySlavik1 (1310 in chips) 
Seat 3: Mahu2021 (190 in chips) 
LuckySlavik1: posts small blind 20
Mahu2021: posts big blind 40
*** HOLE CARDS ***
Dealt to Mahu2021 [2s 4s]
LuckySlavik1: raises 1270 to 1310 and is all-in
Mahu2021: folds 
Uncalled bet (1270) returned to LuckySlavik1
LuckySlavik1 collected 80 from pot
LuckySlavik1: doesn't show hand 
*** SUMMARY ***
Total pot 80 | Rake 0 
Seat 2: LuckySlavik1 (button) (small blind) collected (80)
Seat 3: Mahu2021 (big blind) folded before Flop



PokerStars Hand #252672368257: Tournament #3806060153, $1.84+$0.16 USD Hold'em No Limit - Level III (20/40) - 2024/09/28 18:44:13 CET [2024/09/28 12:44:13 ET]
Table '3806060153 1' 3-max Seat #3 is the button
Seat 2: LuckySlavik1 (1350 in chips) 
Seat 3: Mahu2021 (150 in chips) 
Mahu2021: posts small blind 20
LuckySlavik1: posts big blind 40
*** HOLE CARDS ***
Dealt to Mahu2021 [4d Js]
Mahu2021: folds 
Uncalled bet (20) returned to LuckySlavik1
LuckySlavik1 collected 40 from pot
LuckySlavik1: doesn't show hand 
*** SUMMARY ***
Total pot 40 | Rake 0 
Seat 2: LuckySlavik1 (big blind) collected (40)
Seat 3: Mahu2021 (button) (small blind) folded before Flop



PokerStars Hand #252672369257: Tournament #3806060153, $1.84+$0.16 USD Hold'em No Limit - Level III (20/40) - 2024/09/28 18:44:17 CET [2024/09/28 12:44:17 ET]
Table '3806060153 1' 3-max Seat #2 is the button
Seat 2: LuckySlavik1 (1370 in chips) 
Seat 3: Mahu2021 (130 in chips) 
LuckySlavik1: posts small blind 20
Mahu2021: posts big blind 40
*** HOLE CARDS ***
Dealt to Mahu2021 [6c 9c]
LuckySlavik1: folds 
Uncalled bet (20) returned to Mahu2021
Mahu2021 collected 40 from pot
Mahu2021: doesn't show hand 
*** SUMMARY ***
Total pot 40 | Rake 0 
Seat 2: LuckySlavik1 (button) (small blind) folded before Flop
Seat 3: Mahu2021 (big blind) collected (40)



PokerStars Hand #252672372370: Tournament #3806060153, $1.84+$0.16 USD Hold'em No Limit - Level III (20/40) - 2024/09/28 18:44:29 CET [2024/09/28 12:44:29 ET]
Table '3806060153 1' 3-max Seat #3 is the button
Seat 2: LuckySlavik1 (1350 in chips) 
Seat 3: Mahu2021 (150 in chips) 
Mahu2021: posts small blind 20
LuckySlavik1: posts big blind 40
*** HOLE CARDS ***
Dealt to Mahu2021 [7c Kc]
Mahu2021: calls 20
LuckySlavik1: raises 1310 to 1350 and is all-in
Mahu2021: calls 110 and is all-in
Uncalled bet (1200) returned to LuckySlavik1
*** FLOP *** [3s 3c Qd]
*** TURN *** [3s 3c Qd] [7d]
*** RIVER *** [3s 3c Qd 7d] [Jd]
*** SHOW DOWN ***
LuckySlavik1: shows [As 6d] (a pair of Threes)
Mahu2021: shows [7c Kc] (two pair, Sevens and Threes)
Mahu2021 collected 300 from pot
*** SUMMARY ***
Total pot 300 | Rake 0 
Board [3s 3c Qd 7d Jd]
Seat 2: LuckySlavik1 (big blind) showed [As 6d] and lost with a pair of Threes
Seat 3: Mahu2021 (button) (small blind) showed [7c Kc] and won (300) with two pair, Sevens and Threes



PokerStars Hand #252672376853: Tournament #3806060153, $1.84+$0.16 USD Hold'em No Limit - Level III (20/40) - 2024/09/28 18:44:47 CET [2024/09/28 12:44:47 ET]
Table '3806060153 1' 3-max Seat #2 is the button
Seat 2: LuckySlavik1 (1200 in chips) 
Seat 3: Mahu2021 (300 in chips) 
LuckySlavik1: posts small blind 20
Mahu2021: posts big blind 40
*** HOLE CARDS ***
Dealt to Mahu2021 [2s 8c]
LuckySlavik1: raises 1160 to 1200 and is all-in
Mahu2021: folds 
Uncalled bet (1160) returned to LuckySlavik1
LuckySlavik1 collected 80 from pot
LuckySlavik1: doesn't show hand 
*** SUMMARY ***
Total pot 80 | Rake 0 
Seat 2: LuckySlavik1 (button) (small blind) collected (80)
Seat 3: Mahu2021 (big blind) folded before Flop



PokerStars Hand #252672377982: Tournament #3806060153, $1.84+$0.16 USD Hold'em No Limit - Level III (20/40) - 2024/09/28 18:44:51 CET [2024/09/28 12:44:51 ET]
Table '3806060153 1' 3-max Seat #3 is the button
Seat 2: LuckySlavik1 (1240 in chips) 
Seat 3: Mahu2021 (260 in chips) 
Mahu2021: posts small blind 20
LuckySlavik1: posts big blind 40
*** HOLE CARDS ***
Dealt to Mahu2021 [Jc Ks]
Mahu2021: calls 20
LuckySlavik1: raises 1200 to 1240 and is all-in
Mahu2021: calls 220 and is all-in
Uncalled bet (980) returned to LuckySlavik1
*** FLOP *** [4c 9c Th]
*** TURN *** [4c 9c Th] [7h]
*** RIVER *** [4c 9c Th 7h] [Js]
*** SHOW DOWN ***
LuckySlavik1: shows [5c As] (high card Ace)
Mahu2021: shows [Jc Ks] (a pair of Jacks)
Mahu2021 collected 520 from pot
*** SUMMARY ***
Total pot 520 | Rake 0 
Board [4c 9c Th 7h Js]
Seat 2: LuckySlavik1 (big blind) showed [5c As] and lost with high card Ace
Seat 3: Mahu2021 (button) (small blind) showed [Jc Ks] and won (520) with a pair of Jacks



PokerStars Hand #252672381753: Tournament #3806060153, $1.84+$0.16 USD Hold'em No Limit - Level III (20/40) - 2024/09/28 18:45:05 CET [2024/09/28 12:45:05 ET]
Table '3806060153 1' 3-max Seat #2 is the button
Seat 2: LuckySlavik1 (980 in chips) 
Seat 3: Mahu2021 (520 in chips) 
LuckySlavik1: posts small blind 20
Mahu2021: posts big blind 40
*** HOLE CARDS ***
Dealt to Mahu2021 [Jd Ac]
LuckySlavik1: calls 20
Mahu2021: raises 480 to 520 and is all-in
LuckySlavik1: folds 
Uncalled bet (480) returned to Mahu2021
Mahu2021 collected 80 from pot
Mahu2021: doesn't show hand 
*** SUMMARY ***
Total pot 80 | Rake 0 
Seat 2: LuckySlavik1 (button) (small blind) folded before Flop
Seat 3: Mahu2021 (big blind) collected (80)



PokerStars Hand #252672385324: Tournament #3806060153, $1.84+$0.16 USD Hold'em No Limit - Level IV (30/60) - 2024/09/28 18:45:19 CET [2024/09/28 12:45:19 ET]
Table '3806060153 1' 3-max Seat #3 is the button
Seat 2: LuckySlavik1 (940 in chips) 
Seat 3: Mahu2021 (560 in chips) 
Mahu2021: posts small blind 30
LuckySlavik1: posts big blind 60
*** HOLE CARDS ***
Dealt to Mahu2021 [7s Kd]
Mahu2021: calls 30
LuckySlavik1: raises 880 to 940 and is all-in
Mahu2021: folds 
Uncalled bet (880) returned to LuckySlavik1
LuckySlavik1 collected 120 from pot
LuckySlavik1: doesn't show hand 
*** SUMMARY ***
Total pot 120 | Rake 0 
Seat 2: LuckySlavik1 (big blind) collected (120)
Seat 3: Mahu2021 (button) (small blind) folded before Flop



PokerStars Hand #252672386834: Tournament #3806060153, $1.84+$0.16 USD Hold'em No Limit - Level IV (30/60) - 2024/09/28 18:45:25 CET [2024/09/28 12:45:25 ET]
Table '3806060153 1' 3-max Seat #2 is the button
Seat 2: LuckySlavik1 (1000 in chips) 
Seat 3: Mahu2021 (500 in chips) 
LuckySlavik1: posts small blind 30
Mahu2021: posts big blind 60
*** HOLE CARDS ***
Dealt to Mahu2021 [Qh 9h]
LuckySlavik1: raises 60 to 120
Mahu2021: calls 60
*** FLOP *** [6s As 7c]
Mahu2021: checks 
LuckySlavik1: bets 60
Mahu2021: raises 320 to 380 and is all-in
LuckySlavik1: folds 
Uncalled bet (320) returned to Mahu2021
Mahu2021 collected 360 from pot
Mahu2021: doesn't show hand 
*** SUMMARY ***
Total pot 360 | Rake 0 
Board [6s As 7c]
Seat 2: LuckySlavik1 (button) (small blind) folded on the Flop
Seat 3: Mahu2021 (big blind) collected (360)



PokerStars Hand #252672392886: Tournament #3806060153, $1.84+$0.16 USD Hold'em No Limit - Level IV (30/60) - 2024/09/28 18:45:49 CET [2024/09/28 12:45:49 ET]
Table '3806060153 1' 3-max Seat #3 is the button
Seat 2: LuckySlavik1 (820 in chips) 
Seat 3: Mahu2021 (680 in chips) 
Mahu2021: posts small blind 30
LuckySlavik1: posts big blind 60
*** HOLE CARDS ***
Dealt to Mahu2021 [4d 8d]
Mahu2021: calls 30
LuckySlavik1: raises 760 to 820 and is all-in
Mahu2021: folds 
Uncalled bet (760) returned to LuckySlavik1
LuckySlavik1 collected 120 from pot
LuckySlavik1: doesn't show hand 
*** SUMMARY ***
Total pot 120 | Rake 0 
Seat 2: LuckySlavik1 (big blind) collected (120)
Seat 3: Mahu2021 (button) (small blind) folded before Flop



PokerStars Hand #252672394860: Tournament #3806060153, $1.84+$0.16 USD Hold'em No Limit - Level IV (30/60) - 2024/09/28 18:45:56 CET [2024/09/28 12:45:56 ET]
Table '3806060153 1' 3-max Seat #2 is the button
Seat 2: LuckySlavik1 (880 in chips) 
Seat 3: Mahu2021 (620 in chips) 
LuckySlavik1: posts small blind 30
Mahu2021: posts big blind 60
*** HOLE CARDS ***
Dealt to Mahu2021 [Ad Th]
LuckySlavik1: calls 30
Mahu2021: raises 180 to 240
LuckySlavik1: raises 640 to 880 and is all-in
Mahu2021: calls 380 and is all-in
Uncalled bet (260) returned to LuckySlavik1
*** FLOP *** [6h 6d Qc]
*** TURN *** [6h 6d Qc] [2d]
*** RIVER *** [6h 6d Qc 2d] [2h]
*** SHOW DOWN ***
Mahu2021: shows [Ad Th] (two pair, Sixes and Deuces)
LuckySlavik1: shows [Ac 9h] (two pair, Sixes and Deuces)
Mahu2021 collected 620 from pot
LuckySlavik1 collected 620 from pot
*** SUMMARY ***
Total pot 1240 | Rake 0 
Board [6h 6d Qc 2d 2h]
Seat 2: LuckySlavik1 (button) (small blind) showed [Ac 9h] and won (620) with two pair, Sixes and Deuces
Seat 3: Mahu2021 (big blind) showed [Ad Th] and won (620) with two pair, Sixes and Deuces



PokerStars Hand #252672399807: Tournament #3806060153, $1.84+$0.16 USD Hold'em No Limit - Level IV (30/60) - 2024/09/28 18:46:16 CET [2024/09/28 12:46:16 ET]
Table '3806060153 1' 3-max Seat #3 is the button
Seat 2: LuckySlavik1 (880 in chips) 
Seat 3: Mahu2021 (620 in chips) 
Mahu2021: posts small blind 30
LuckySlavik1: posts big blind 60
*** HOLE CARDS ***
Dealt to Mahu2021 [6c 7c]
Mahu2021: calls 30
LuckySlavik1: checks 
*** FLOP *** [Ts 5s Th]
LuckySlavik1: checks 
Mahu2021: checks 
*** TURN *** [Ts 5s Th] [7s]
LuckySlavik1: checks 
Mahu2021: bets 60
LuckySlavik1: raises 150 to 210
Mahu2021: calls 150
*** RIVER *** [Ts 5s Th 7s] [3s]
LuckySlavik1: bets 330
Mahu2021: folds 
Uncalled bet (330) returned to LuckySlavik1
LuckySlavik1 collected 540 from pot
LuckySlavik1: doesn't show hand 
*** SUMMARY ***
Total pot 540 | Rake 0 
Board [Ts 5s Th 7s 3s]
Seat 2: LuckySlavik1 (big blind) collected (540)
Seat 3: Mahu2021 (button) (small blind) folded on the River



PokerStars Hand #252672410029: Tournament #3806060153, $1.84+$0.16 USD Hold'em No Limit - Level IV (30/60) - 2024/09/28 18:46:56 CET [2024/09/28 12:46:56 ET]
Table '3806060153 1' 3-max Seat #2 is the button
Seat 2: LuckySlavik1 (1150 in chips) 
Seat 3: Mahu2021 (350 in chips) 
LuckySlavik1: posts small blind 30
Mahu2021: posts big blind 60
*** HOLE CARDS ***
Dealt to Mahu2021 [8h Qc]
LuckySlavik1: raises 1090 to 1150 and is all-in
Mahu2021: folds 
Uncalled bet (1090) returned to LuckySlavik1
LuckySlavik1 collected 120 from pot
LuckySlavik1: doesn't show hand 
*** SUMMARY ***
Total pot 120 | Rake 0 
Seat 2: LuckySlavik1 (button) (small blind) collected (120)
Seat 3: Mahu2021 (big blind) folded before Flop



PokerStars Hand #252672411987: Tournament #3806060153, $1.84+$0.16 USD Hold'em No Limit - Level IV (30/60) - 2024/09/28 18:47:04 CET [2024/09/28 12:47:04 ET]
Table '3806060153 1' 3-max Seat #3 is the button
Seat 2: LuckySlavik1 (1210 in chips) 
Seat 3: Mahu2021 (290 in chips) 
Mahu2021: posts small blind 30
LuckySlavik1: posts big blind 60
*** HOLE CARDS ***
Dealt to Mahu2021 [Jh 2c]
Mahu2021: folds 
Uncalled bet (30) returned to LuckySlavik1
LuckySlavik1 collected 60 from pot
LuckySlavik1: doesn't show hand 
*** SUMMARY ***
Total pot 60 | Rake 0 
Seat 2: LuckySlavik1 (big blind) collected (60)
Seat 3: Mahu2021 (button) (small blind) folded before Flop



PokerStars Hand #252672413041: Tournament #3806060153, $1.84+$0.16 USD Hold'em No Limit - Level IV (30/60) - 2024/09/28 18:47:08 CET [2024/09/28 12:47:08 ET]
Table '3806060153 1' 3-max Seat #2 is the button
Seat 2: LuckySlavik1 (1240 in chips) 
Seat 3: Mahu2021 (260 in chips) 
LuckySlavik1: posts small blind 30
Mahu2021: posts big blind 60
*** HOLE CARDS ***
Dealt to Mahu2021 [Kh Js]
LuckySlavik1: calls 30
Mahu2021: raises 200 to 260 and is all-in
LuckySlavik1: folds 
Uncalled bet (200) returned to Mahu2021
Mahu2021 collected 120 from pot
Mahu2021: doesn't show hand 
*** SUMMARY ***
Total pot 120 | Rake 0 
Seat 2: LuckySlavik1 (button) (small blind) folded before Flop
Seat 3: Mahu2021 (big blind) collected (120)



PokerStars Hand #252672418077: Tournament #3806060153, $1.84+$0.16 USD Hold'em No Limit - Level V (40/80) - 2024/09/28 18:47:27 CET [2024/09/28 12:47:27 ET]
Table '3806060153 1' 3-max Seat #3 is the button
Seat 2: LuckySlavik1 (1180 in chips) 
Seat 3: Mahu2021 (320 in chips) 
Mahu2021: posts small blind 40
LuckySlavik1: posts big blind 80
*** HOLE CARDS ***
Dealt to Mahu2021 [Qh 2s]
Mahu2021: raises 240 to 320 and is all-in
LuckySlavik1: folds 
Uncalled bet (240) returned to Mahu2021
Mahu2021 collected 160 from pot
Mahu2021: doesn't show hand 
*** SUMMARY ***
Total pot 160 | Rake 0 
Seat 2: LuckySlavik1 (big blind) folded before Flop
Seat 3: Mahu2021 (button) (small blind) collected (160)



PokerStars Hand #252672419655: Tournament #3806060153, $1.84+$0.16 USD Hold'em No Limit - Level V (40/80) - 2024/09/28 18:47:34 CET [2024/09/28 12:47:34 ET]
Table '3806060153 1' 3-max Seat #2 is the button
Seat 2: LuckySlavik1 (1100 in chips) 
Seat 3: Mahu2021 (400 in chips) 
LuckySlavik1: posts small blind 40
Mahu2021: posts big blind 80
*** HOLE CARDS ***
Dealt to Mahu2021 [3c 9d]
LuckySlavik1: raises 1020 to 1100 and is all-in
Mahu2021: folds 
Uncalled bet (1020) returned to LuckySlavik1
LuckySlavik1 collected 160 from pot
LuckySlavik1: doesn't show hand 
*** SUMMARY ***
Total pot 160 | Rake 0 
Seat 2: LuckySlavik1 (button) (small blind) collected (160)
Seat 3: Mahu2021 (big blind) folded before Flop



PokerStars Hand #252672420796: Tournament #3806060153, $1.84+$0.16 USD Hold'em No Limit - Level V (40/80) - 2024/09/28 18:47:38 CET [2024/09/28 12:47:38 ET]
Table '3806060153 1' 3-max Seat #3 is the button
Seat 2: LuckySlavik1 (1180 in chips) 
Seat 3: Mahu2021 (320 in chips) 
Mahu2021: posts small blind 40
LuckySlavik1: posts big blind 80
*** HOLE CARDS ***
Dealt to Mahu2021 [Qd 4h]
Mahu2021: raises 240 to 320 and is all-in
LuckySlavik1: folds 
Uncalled bet (240) returned to Mahu2021
Mahu2021 collected 160 from pot
Mahu2021: doesn't show hand 
*** SUMMARY ***
Total pot 160 | Rake 0 
Seat 2: LuckySlavik1 (big blind) folded before Flop
Seat 3: Mahu2021 (button) (small blind) collected (160)



PokerStars Hand #252672422273: Tournament #3806060153, $1.84+$0.16 USD Hold'em No Limit - Level V (40/80) - 2024/09/28 18:47:44 CET [2024/09/28 12:47:44 ET]
Table '3806060153 1' 3-max Seat #2 is the button
Seat 2: LuckySlavik1 (1100 in chips) 
Seat 3: Mahu2021 (400 in chips) 
LuckySlavik1: posts small blind 40
Mahu2021: posts big blind 80
*** HOLE CARDS ***
Dealt to Mahu2021 [Kc 4h]
LuckySlavik1: raises 1020 to 1100 and is all-in
Mahu2021: calls 320 and is all-in
Uncalled bet (700) returned to LuckySlavik1
*** FLOP *** [5s 2c 3h]
*** TURN *** [5s 2c 3h] [Qs]
*** RIVER *** [5s 2c 3h Qs] [Td]
*** SHOW DOWN ***
Mahu2021: shows [Kc 4h] (high card King)
LuckySlavik1: shows [Kd 4s] (high card King)
Mahu2021 collected 400 from pot
LuckySlavik1 collected 400 from pot
*** SUMMARY ***
Total pot 800 | Rake 0 
Board [5s 2c 3h Qs Td]
Seat 2: LuckySlavik1 (button) (small blind) showed [Kd 4s] and won (400) with high card King
Seat 3: Mahu2021 (big blind) showed [Kc 4h] and won (400) with high card King



PokerStars Hand #252672425051: Tournament #3806060153, $1.84+$0.16 USD Hold'em No Limit - Level V (40/80) - 2024/09/28 18:47:55 CET [2024/09/28 12:47:55 ET]
Table '3806060153 1' 3-max Seat #3 is the button
Seat 2: LuckySlavik1 (1100 in chips) 
Seat 3: Mahu2021 (400 in chips) 
Mahu2021: posts small blind 40
LuckySlavik1: posts big blind 80
*** HOLE CARDS ***
Dealt to Mahu2021 [Jd Ts]
Mahu2021: raises 320 to 400 and is all-in
LuckySlavik1: calls 320
*** FLOP *** [6s 3s 2s]
*** TURN *** [6s 3s 2s] [6d]
*** RIVER *** [6s 3s 2s 6d] [4d]
*** SHOW DOWN ***
LuckySlavik1: shows [Ad Jc] (a pair of Sixes)
Mahu2021: shows [Jd Ts] (a pair of Sixes - lower kicker)
LuckySlavik1 collected 800 from pot
Mahu2021 finished the tournament in 2nd place
LuckySlavik1 wins the tournament and receives $4.00 - congratulations!
*** SUMMARY ***
Total pot 800 | Rake 0 
Board [6s 3s 2s 6d 4d]
Seat 2: LuckySlavik1 (big blind) showed [Ad Jc] and won (800) with a pair of Sixes
Seat 3: Mahu2021 (button) (small blind) showed [Jd Ts] and lost with a pair of Sixes



