PokerStars Zoom Hand #254733958779:  Hold'em No Limit ($0.05/$0.10) - 2025/02/06 15:55:04 CET [2025/02/06 9:55:04 ET]
Table 'Aludra' 6-max Seat #1 is the button
Seat 1: daisuke.ars ($19.39 in chips) 
Seat 2: putzkedudu ($11.24 in chips) 
Seat 3: Mahu2021 ($10 in chips) 
Seat 4: babayoga1 ($10 in chips) 
Seat 5: manvaneeklo1981 ($4.51 in chips) 
Seat 6: tabo483 ($24.94 in chips) 
putzkedudu: posts small blind $0.05
Mahu2021: posts big blind $0.10
*** HOLE CARDS ***
Dealt to Mahu2021 [Ah 6h]
babayoga1: folds 
manvaneeklo1981: folds 
tabo483: folds 
daisuke.ars: folds 
putzkedudu: folds 
Uncalled bet ($0.05) returned to Mahu2021
Mahu2021 collected $0.10 from pot
Mahu2021: doesn't show hand 
*** SUMMARY ***
Total pot $0.10 | Rake $0 
Seat 1: daisuke.ars (button) folded before Flop (didn't bet)
Seat 2: putzkedudu (small blind) folded before Flop
Seat 3: Mahu2021 (big blind) collected ($0.10)
Seat 4: babayoga1 folded before Flop (didn't bet)
Seat 5: manvaneeklo1981 folded before Flop (didn't bet)
Seat 6: tabo483 folded before Flop (didn't bet)



PokerStars Zoom Hand #254733961656:  Hold'em No Limit ($0.05/$0.10) - 2025/02/06 15:55:23 CET [2025/02/06 9:55:23 ET]
Table 'Aludra' 6-max Seat #1 is the button
Seat 1: daisuke.ars ($19.25 in chips) 
Seat 2: Mahu2021 ($10.05 in chips) 
Seat 3: kloniss ($10.45 in chips) 
Seat 4: Baratrum777 ($10.13 in chips) 
Seat 5: LevA1989 ($12.68 in chips) 
Seat 6: vovo4kapooh ($10.78 in chips) 
Mahu2021: posts small blind $0.05
kloniss: posts big blind $0.10
*** HOLE CARDS ***
Dealt to Mahu2021 [Jd 4s]
Baratrum777: folds 
LevA1989: folds 
vovo4kapooh: folds 
daisuke.ars: raises $0.14 to $0.24
Mahu2021: folds 
kloniss: folds 
Uncalled bet ($0.14) returned to daisuke.ars
daisuke.ars collected $0.25 from pot
daisuke.ars: doesn't show hand 
*** SUMMARY ***
Total pot $0.25 | Rake $0 
Seat 1: daisuke.ars (button) collected ($0.25)
Seat 2: Mahu2021 (small blind) folded before Flop
Seat 3: kloniss (big blind) folded before Flop
Seat 4: Baratrum777 folded before Flop (didn't bet)
Seat 5: LevA1989 folded before Flop (didn't bet)
Seat 6: vovo4kapooh folded before Flop (didn't bet)



PokerStars Zoom Hand #254733962248:  Hold'em No Limit ($0.05/$0.10) - 2025/02/06 15:55:27 CET [2025/02/06 9:55:27 ET]
Table 'Aludra' 6-max Seat #1 is the button
Seat 1: Arun4z ($13.61 in chips) 
Seat 2: SnarkyP ($10.65 in chips) 
Seat 3: Baratrum777 ($10.13 in chips) 
Seat 4: persecute1 ($14.61 in chips) 
Seat 5: Mahu2021 ($10 in chips) 
Seat 6: alexber1111 ($10.45 in chips) 
SnarkyP: posts small blind $0.05
Baratrum777: posts big blind $0.10
*** HOLE CARDS ***
Dealt to Mahu2021 [8s 8c]
persecute1: folds 
Mahu2021: raises $0.14 to $0.24
alexber1111: folds 
Arun4z: folds 
SnarkyP: folds 
Baratrum777: folds 
Uncalled bet ($0.14) returned to Mahu2021
Mahu2021 collected $0.25 from pot
Mahu2021: doesn't show hand 
*** SUMMARY ***
Total pot $0.25 | Rake $0 
Seat 1: Arun4z (button) folded before Flop (didn't bet)
Seat 2: SnarkyP (small blind) folded before Flop
Seat 3: Baratrum777 (big blind) folded before Flop
Seat 4: persecute1 folded before Flop (didn't bet)
Seat 5: Mahu2021 collected ($0.25)
Seat 6: alexber1111 folded before Flop (didn't bet)



PokerStars Zoom Hand #254733964355:  Hold'em No Limit ($0.05/$0.10) - 2025/02/06 15:55:41 CET [2025/02/06 9:55:41 ET]
Table 'Aludra' 6-max Seat #1 is the button
Seat 1: Mahu2021 ($10.15 in chips) 
Seat 2: vovo4kapooh ($10.68 in chips) 
Seat 3: Baratrum777 ($10.15 in chips) 
Seat 4: daisuke.ars ($11.19 in chips) 
Seat 5: IVERNMAN ($10 in chips) 
Seat 6: geckopoker1965 ($8.97 in chips) 
vovo4kapooh: posts small blind $0.05
Baratrum777: posts big blind $0.10
*** HOLE CARDS ***
Dealt to Mahu2021 [8h Th]
daisuke.ars: folds 
IVERNMAN: raises $0.10 to $0.20
geckopoker1965: folds 
Mahu2021: calls $0.20
vovo4kapooh: folds 
Baratrum777: calls $0.10
*** FLOP *** [Ad 3d Tc]
Baratrum777: checks 
IVERNMAN: checks 
Mahu2021: bets $0.40
Baratrum777: folds 
IVERNMAN: folds 
Uncalled bet ($0.40) returned to Mahu2021
Mahu2021 collected $0.62 from pot
Mahu2021: doesn't show hand 
*** SUMMARY ***
Total pot $0.65 | Rake $0.03 
Board [Ad 3d Tc]
Seat 1: Mahu2021 (button) collected ($0.62)
Seat 2: vovo4kapooh (small blind) folded before Flop
Seat 3: Baratrum777 (big blind) folded on the Flop
Seat 4: daisuke.ars folded before Flop (didn't bet)
Seat 5: IVERNMAN folded on the Flop
Seat 6: geckopoker1965 folded before Flop (didn't bet)



PokerStars Zoom Hand #254733968909:  Hold'em No Limit ($0.05/$0.10) - 2025/02/06 15:56:12 CET [2025/02/06 9:56:12 ET]
Table 'Aludra' 6-max Seat #1 is the button
Seat 1: seonghwee ($10.79 in chips) 
Seat 2: Baratrum777 ($10.15 in chips) 
Seat 3: lesantos0111 ($12.18 in chips) 
Seat 4: manvaneeklo1981 ($5.16 in chips) 
Seat 5: hiding.by ($11.32 in chips) 
Seat 6: Mahu2021 ($10.57 in chips) 
Baratrum777: posts small blind $0.05
lesantos0111: posts big blind $0.10
*** HOLE CARDS ***
Dealt to Mahu2021 [5h 9s]
manvaneeklo1981: folds 
hiding.by: folds 
Mahu2021: folds 
seonghwee: folds 
Baratrum777: folds 
Uncalled bet ($0.05) returned to lesantos0111
lesantos0111 collected $0.10 from pot
lesantos0111: doesn't show hand 
*** SUMMARY ***
Total pot $0.10 | Rake $0 
Seat 1: seonghwee (button) folded before Flop (didn't bet)
Seat 2: Baratrum777 (small blind) folded before Flop
Seat 3: lesantos0111 (big blind) collected ($0.10)
Seat 4: manvaneeklo1981 folded before Flop (didn't bet)
Seat 5: hiding.by folded before Flop (didn't bet)
Seat 6: Mahu2021 folded before Flop (didn't bet)



