PokerStars Hand #254066390353: Tournament #3839210837, $1.84+$0.16 USD Hold'em No Limit - Level I (10/20) - 2024/12/28 12:12:59 CET [2024/12/28 6:12:59 ET]
Table '3839210837 1' 3-max Seat #1 is the button
Seat 1: Mahu2021 (500 in chips) 
Seat 2: Alibong083 (500 in chips) 
Seat 3: Cologne five (500 in chips) 
Alibong083: posts small blind 10
Cologne five: posts big blind 20
*** HOLE CARDS ***
Dealt to Mahu2021 [Qd 2c]
Mahu2021: folds 
Alibong083: calls 10
Cologne five: raises 20 to 40
Alibong083: calls 20
*** FLOP *** [Ad 4c 7s]
Alibong083: checks 
Cologne five: bets 40
Alibong083: folds 
Uncalled bet (40) returned to Cologne five
Cologne five collected 80 from pot
*** SUMMARY ***
Total pot 80 | Rake 0 
Board [Ad 4c 7s]
Seat 1: Mahu2021 (button) folded before Flop (didn't bet)
Seat 2: Alibong083 (small blind) folded on the Flop
Seat 3: Cologne five (big blind) collected (80)



PokerStars Hand #254066392717: Tournament #3839210837, $1.84+$0.16 USD Hold'em No Limit - Level I (10/20) - 2024/12/28 12:13:17 CET [2024/12/28 6:13:17 ET]
Table '3839210837 1' 3-max Seat #2 is the button
Seat 1: Mahu2021 (500 in chips) 
Seat 2: Alibong083 (460 in chips) 
Seat 3: Cologne five (540 in chips) 
Cologne five: posts small blind 10
Mahu2021: posts big blind 20
*** HOLE CARDS ***
Dealt to Mahu2021 [3s Jd]
Alibong083: folds 
Cologne five: raises 40 to 60
Mahu2021: folds 
Uncalled bet (40) returned to Cologne five
Cologne five collected 40 from pot
*** SUMMARY ***
Total pot 40 | Rake 0 
Seat 1: Mahu2021 (big blind) folded before Flop
Seat 2: Alibong083 (button) folded before Flop (didn't bet)
Seat 3: Cologne five (small blind) collected (40)



PokerStars Hand #254066394028: Tournament #3839210837, $1.84+$0.16 USD Hold'em No Limit - Level I (10/20) - 2024/12/28 12:13:27 CET [2024/12/28 6:13:27 ET]
Table '3839210837 1' 3-max Seat #3 is the button
Seat 1: Mahu2021 (480 in chips) 
Seat 2: Alibong083 (460 in chips) 
Seat 3: Cologne five (560 in chips) 
Mahu2021: posts small blind 10
Alibong083: posts big blind 20
*** HOLE CARDS ***
Dealt to Mahu2021 [Kd 4h]
Cologne five: calls 20
Mahu2021: calls 10
Alibong083: checks 
*** FLOP *** [Kh Tc 9h]
Mahu2021: bets 20
Alibong083: folds 
Cologne five: calls 20
*** TURN *** [Kh Tc 9h] [8s]
Mahu2021: bets 20
Cologne five: calls 20
*** RIVER *** [Kh Tc 9h 8s] [6h]
Mahu2021: bets 20
Cologne five: raises 80 to 100
Mahu2021: folds 
Uncalled bet (80) returned to Cologne five
Cologne five collected 180 from pot
*** SUMMARY ***
Total pot 180 | Rake 0 
Board [Kh Tc 9h 8s 6h]
Seat 1: Mahu2021 (small blind) folded on the River
Seat 2: Alibong083 (big blind) folded on the Flop
Seat 3: Cologne five (button) collected (180)



PokerStars Hand #254066398497: Tournament #3839210837, $1.84+$0.16 USD Hold'em No Limit - Level I (10/20) - 2024/12/28 12:14:01 CET [2024/12/28 6:14:01 ET]
Table '3839210837 1' 3-max Seat #1 is the button
Seat 1: Mahu2021 (400 in chips) 
Seat 2: Alibong083 (440 in chips) 
Seat 3: Cologne five (660 in chips) 
Alibong083: posts small blind 10
Cologne five: posts big blind 20
*** HOLE CARDS ***
Dealt to Mahu2021 [2h As]
Mahu2021: folds 
Alibong083: folds 
Uncalled bet (10) returned to Cologne five
Cologne five collected 20 from pot
*** SUMMARY ***
Total pot 20 | Rake 0 
Seat 1: Mahu2021 (button) folded before Flop (didn't bet)
Seat 2: Alibong083 (small blind) folded before Flop
Seat 3: Cologne five (big blind) collected (20)



PokerStars Hand #254066399279: Tournament #3839210837, $1.84+$0.16 USD Hold'em No Limit - Level I (10/20) - 2024/12/28 12:14:07 CET [2024/12/28 6:14:07 ET]
Table '3839210837 1' 3-max Seat #2 is the button
Seat 1: Mahu2021 (400 in chips) 
Seat 2: Alibong083 (430 in chips) 
Seat 3: Cologne five (670 in chips) 
Cologne five: posts small blind 10
Mahu2021: posts big blind 20
*** HOLE CARDS ***
Dealt to Mahu2021 [5d 9h]
Alibong083: folds 
Cologne five: raises 20 to 40
Mahu2021: folds 
Uncalled bet (20) returned to Cologne five
Cologne five collected 40 from pot
*** SUMMARY ***
Total pot 40 | Rake 0 
Seat 1: Mahu2021 (big blind) folded before Flop
Seat 2: Alibong083 (button) folded before Flop (didn't bet)
Seat 3: Cologne five (small blind) collected (40)



PokerStars Hand #254066400451: Tournament #3839210837, $1.84+$0.16 USD Hold'em No Limit - Level I (10/20) - 2024/12/28 12:14:16 CET [2024/12/28 6:14:16 ET]
Table '3839210837 1' 3-max Seat #3 is the button
Seat 1: Mahu2021 (380 in chips) 
Seat 2: Alibong083 (430 in chips) 
Seat 3: Cologne five (690 in chips) 
Mahu2021: posts small blind 10
Alibong083: posts big blind 20
*** HOLE CARDS ***
Dealt to Mahu2021 [5h 8h]
Cologne five: folds 
Mahu2021: raises 20 to 40
Alibong083: folds 
Uncalled bet (20) returned to Mahu2021
Mahu2021 collected 40 from pot
Mahu2021: doesn't show hand 
*** SUMMARY ***
Total pot 40 | Rake 0 
Seat 1: Mahu2021 (small blind) collected (40)
Seat 2: Alibong083 (big blind) folded before Flop
Seat 3: Cologne five (button) folded before Flop (didn't bet)



PokerStars Hand #254066401607: Tournament #3839210837, $1.84+$0.16 USD Hold'em No Limit - Level I (10/20) - 2024/12/28 12:14:25 CET [2024/12/28 6:14:25 ET]
Table '3839210837 1' 3-max Seat #1 is the button
Seat 1: Mahu2021 (400 in chips) 
Seat 2: Alibong083 (410 in chips) 
Seat 3: Cologne five (690 in chips) 
Alibong083: posts small blind 10
Cologne five: posts big blind 20
*** HOLE CARDS ***
Dealt to Mahu2021 [Ad Kc]
Mahu2021: raises 40 to 60
Alibong083: folds 
Cologne five: folds 
Uncalled bet (40) returned to Mahu2021
Mahu2021 collected 50 from pot
Mahu2021: doesn't show hand 
*** SUMMARY ***
Total pot 50 | Rake 0 
Seat 1: Mahu2021 (button) collected (50)
Seat 2: Alibong083 (small blind) folded before Flop
Seat 3: Cologne five (big blind) folded before Flop



PokerStars Hand #254066402808: Tournament #3839210837, $1.84+$0.16 USD Hold'em No Limit - Level I (10/20) - 2024/12/28 12:14:34 CET [2024/12/28 6:14:34 ET]
Table '3839210837 1' 3-max Seat #2 is the button
Seat 1: Mahu2021 (430 in chips) 
Seat 2: Alibong083 (400 in chips) 
Seat 3: Cologne five (670 in chips) 
Cologne five: posts small blind 10
Mahu2021: posts big blind 20
*** HOLE CARDS ***
Dealt to Mahu2021 [Kc Kd]
Alibong083: folds 
Cologne five: calls 10
Mahu2021: raises 410 to 430 and is all-in
Cologne five: calls 410
*** FLOP *** [7c 2h Kh]
*** TURN *** [7c 2h Kh] [8c]
*** RIVER *** [7c 2h Kh 8c] [6c]
*** SHOW DOWN ***
Cologne five: shows [Ac 9h] (high card Ace)
Mahu2021: shows [Kc Kd] (three of a kind, Kings)
Mahu2021 collected 860 from pot
*** SUMMARY ***
Total pot 860 | Rake 0 
Board [7c 2h Kh 8c 6c]
Seat 1: Mahu2021 (big blind) showed [Kc Kd] and won (860) with three of a kind, Kings
Seat 2: Alibong083 (button) folded before Flop (didn't bet)
Seat 3: Cologne five (small blind) showed [Ac 9h] and lost with high card Ace



PokerStars Hand #254066405226: Tournament #3839210837, $1.84+$0.16 USD Hold'em No Limit - Level I (10/20) - 2024/12/28 12:14:51 CET [2024/12/28 6:14:51 ET]
Table '3839210837 1' 3-max Seat #3 is the button
Seat 1: Mahu2021 (860 in chips) 
Seat 2: Alibong083 (400 in chips) 
Seat 3: Cologne five (240 in chips) 
Mahu2021: posts small blind 10
Alibong083: posts big blind 20
*** HOLE CARDS ***
Dealt to Mahu2021 [Kd Js]
Cologne five: raises 220 to 240 and is all-in
Mahu2021: folds 
Alibong083: folds 
Uncalled bet (220) returned to Cologne five
Cologne five collected 50 from pot
*** SUMMARY ***
Total pot 50 | Rake 0 
Seat 1: Mahu2021 (small blind) folded before Flop
Seat 2: Alibong083 (big blind) folded before Flop
Seat 3: Cologne five (button) collected (50)



PokerStars Hand #254066407073: Tournament #3839210837, $1.84+$0.16 USD Hold'em No Limit - Level II (15/30) - 2024/12/28 12:15:05 CET [2024/12/28 6:15:05 ET]
Table '3839210837 1' 3-max Seat #1 is the button
Seat 1: Mahu2021 (850 in chips) 
Seat 2: Alibong083 (380 in chips) 
Seat 3: Cologne five (270 in chips) 
Alibong083: posts small blind 15
Cologne five: posts big blind 30
*** HOLE CARDS ***
Dealt to Mahu2021 [Js Ac]
Mahu2021: raises 60 to 90
Alibong083: calls 75
Cologne five: folds 
*** FLOP *** [Tc Qc Qs]
Alibong083: checks 
Mahu2021: checks 
*** TURN *** [Tc Qc Qs] [Jh]
Alibong083: bets 30
Mahu2021: calls 30
*** RIVER *** [Tc Qc Qs Jh] [6c]
Alibong083: bets 30
Mahu2021: calls 30
*** SHOW DOWN ***
Alibong083: shows [Ah Qh] (three of a kind, Queens)
Mahu2021: mucks hand 
Alibong083 collected 330 from pot
*** SUMMARY ***
Total pot 330 | Rake 0 
Board [Tc Qc Qs Jh 6c]
Seat 1: Mahu2021 (button) mucked [Js Ac]
Seat 2: Alibong083 (small blind) showed [Ah Qh] and won (330) with three of a kind, Queens
Seat 3: Cologne five (big blind) folded before Flop



PokerStars Hand #254066409785: Tournament #3839210837, $1.84+$0.16 USD Hold'em No Limit - Level II (15/30) - 2024/12/28 12:15:25 CET [2024/12/28 6:15:25 ET]
Table '3839210837 1' 3-max Seat #2 is the button
Seat 1: Mahu2021 (700 in chips) 
Seat 2: Alibong083 (560 in chips) 
Seat 3: Cologne five (240 in chips) 
Cologne five: posts small blind 15
Mahu2021: posts big blind 30
*** HOLE CARDS ***
Dealt to Mahu2021 [8d As]
Alibong083: calls 30
Cologne five: raises 210 to 240 and is all-in
Mahu2021: folds 
Alibong083: folds 
Uncalled bet (210) returned to Cologne five
Cologne five collected 90 from pot
*** SUMMARY ***
Total pot 90 | Rake 0 
Seat 1: Mahu2021 (big blind) folded before Flop
Seat 2: Alibong083 (button) folded before Flop
Seat 3: Cologne five (small blind) collected (90)



PokerStars Hand #254066411826: Tournament #3839210837, $1.84+$0.16 USD Hold'em No Limit - Level II (15/30) - 2024/12/28 12:15:40 CET [2024/12/28 6:15:40 ET]
Table '3839210837 1' 3-max Seat #3 is the button
Seat 1: Mahu2021 (670 in chips) 
Seat 2: Alibong083 (530 in chips) 
Seat 3: Cologne five (300 in chips) 
Mahu2021: posts small blind 15
Alibong083: posts big blind 30
*** HOLE CARDS ***
Dealt to Mahu2021 [Jd 4d]
Cologne five: calls 30
Mahu2021: calls 15
Alibong083: checks 
*** FLOP *** [Qc Js Ac]
Mahu2021: checks 
Alibong083: bets 90
Cologne five: folds 
Mahu2021: folds 
Uncalled bet (90) returned to Alibong083
Alibong083 collected 90 from pot
*** SUMMARY ***
Total pot 90 | Rake 0 
Board [Qc Js Ac]
Seat 1: Mahu2021 (small blind) folded on the Flop
Seat 2: Alibong083 (big blind) collected (90)
Seat 3: Cologne five (button) folded on the Flop



PokerStars Hand #254066415252: Tournament #3839210837, $1.84+$0.16 USD Hold'em No Limit - Level II (15/30) - 2024/12/28 12:16:06 CET [2024/12/28 6:16:06 ET]
Table '3839210837 1' 3-max Seat #1 is the button
Seat 1: Mahu2021 (640 in chips) 
Seat 2: Alibong083 (590 in chips) 
Seat 3: Cologne five (270 in chips) 
Alibong083: posts small blind 15
Cologne five: posts big blind 30
*** HOLE CARDS ***
Dealt to Mahu2021 [Ad Qs]
Mahu2021: raises 610 to 640 and is all-in
Alibong083: folds 
Cologne five: calls 240 and is all-in
Uncalled bet (370) returned to Mahu2021
*** FLOP *** [Tc Jc 4c]
*** TURN *** [Tc Jc 4c] [Jd]
*** RIVER *** [Tc Jc 4c Jd] [3h]
*** SHOW DOWN ***
Cologne five: shows [8d Ac] (a pair of Jacks)
Mahu2021: shows [Ad Qs] (a pair of Jacks - Ace+Queen kicker)
Mahu2021 collected 555 from pot
Cologne five finished the tournament in 3rd place
*** SUMMARY ***
Total pot 555 | Rake 0 
Board [Tc Jc 4c Jd 3h]
Seat 1: Mahu2021 (button) showed [Ad Qs] and won (555) with a pair of Jacks
Seat 2: Alibong083 (small blind) folded before Flop
Seat 3: Cologne five (big blind) showed [8d Ac] and lost with a pair of Jacks



PokerStars Hand #254066418212: Tournament #3839210837, $1.84+$0.16 USD Hold'em No Limit - Level II (15/30) - 2024/12/28 12:16:27 CET [2024/12/28 6:16:27 ET]
Table '3839210837 1' 3-max Seat #2 is the button
Seat 1: Mahu2021 (925 in chips) 
Seat 2: Alibong083 (575 in chips) 
Alibong083: posts small blind 15
Mahu2021: posts big blind 30
*** HOLE CARDS ***
Dealt to Mahu2021 [9d 6d]
Alibong083: folds 
Uncalled bet (15) returned to Mahu2021
Mahu2021 collected 30 from pot
Mahu2021: doesn't show hand 
*** SUMMARY ***
Total pot 30 | Rake 0 
Seat 1: Mahu2021 (big blind) collected (30)
Seat 2: Alibong083 (button) (small blind) folded before Flop



PokerStars Hand #254066418994: Tournament #3839210837, $1.84+$0.16 USD Hold'em No Limit - Level II (15/30) - 2024/12/28 12:16:33 CET [2024/12/28 6:16:33 ET]
Table '3839210837 1' 3-max Seat #1 is the button
Seat 1: Mahu2021 (940 in chips) 
Seat 2: Alibong083 (560 in chips) 
Mahu2021: posts small blind 15
Alibong083: posts big blind 30
*** HOLE CARDS ***
Dealt to Mahu2021 [Kh Ks]
Mahu2021: raises 60 to 90
Alibong083: calls 60
*** FLOP *** [5s 9c Kc]
Alibong083: bets 30
Mahu2021: calls 30
*** TURN *** [5s 9c Kc] [6h]
Alibong083: bets 30
Mahu2021: raises 30 to 60
Alibong083: folds 
Uncalled bet (30) returned to Mahu2021
Mahu2021 collected 300 from pot
Mahu2021: doesn't show hand 
*** SUMMARY ***
Total pot 300 | Rake 0 
Board [5s 9c Kc 6h]
Seat 1: Mahu2021 (button) (small blind) collected (300)
Seat 2: Alibong083 (big blind) folded on the Turn



PokerStars Hand #254066421810: Tournament #3839210837, $1.84+$0.16 USD Hold'em No Limit - Level II (15/30) - 2024/12/28 12:16:54 CET [2024/12/28 6:16:54 ET]
Table '3839210837 1' 3-max Seat #2 is the button
Seat 1: Mahu2021 (1090 in chips) 
Seat 2: Alibong083 (410 in chips) 
Alibong083: posts small blind 15
Mahu2021: posts big blind 30
*** HOLE CARDS ***
Dealt to Mahu2021 [Qh 4d]
Alibong083: folds 
Uncalled bet (15) returned to Mahu2021
Mahu2021 collected 30 from pot
Mahu2021: doesn't show hand 
*** SUMMARY ***
Total pot 30 | Rake 0 
Seat 1: Mahu2021 (big blind) collected (30)
Seat 2: Alibong083 (button) (small blind) folded before Flop



PokerStars Hand #254066422524: Tournament #3839210837, $1.84+$0.16 USD Hold'em No Limit - Level II (15/30) - 2024/12/28 12:16:59 CET [2024/12/28 6:16:59 ET]
Table '3839210837 1' 3-max Seat #1 is the button
Seat 1: Mahu2021 (1105 in chips) 
Seat 2: Alibong083 (395 in chips) 
Mahu2021: posts small blind 15
Alibong083: posts big blind 30
*** HOLE CARDS ***
Dealt to Mahu2021 [8d 3s]
Mahu2021: folds 
Uncalled bet (15) returned to Alibong083
Alibong083 collected 30 from pot
*** SUMMARY ***
Total pot 30 | Rake 0 
Seat 1: Mahu2021 (button) (small blind) folded before Flop
Seat 2: Alibong083 (big blind) collected (30)



PokerStars Hand #254066423569: Tournament #3839210837, $1.84+$0.16 USD Hold'em No Limit - Level III (20/40) - 2024/12/28 12:17:07 CET [2024/12/28 6:17:07 ET]
Table '3839210837 1' 3-max Seat #2 is the button
Seat 1: Mahu2021 (1090 in chips) 
Seat 2: Alibong083 (410 in chips) 
Alibong083: posts small blind 20
Mahu2021: posts big blind 40
*** HOLE CARDS ***
Dealt to Mahu2021 [Jd Ad]
Alibong083: calls 20
Mahu2021: raises 80 to 120
Alibong083: folds 
Uncalled bet (80) returned to Mahu2021
Mahu2021 collected 80 from pot
Mahu2021: doesn't show hand 
*** SUMMARY ***
Total pot 80 | Rake 0 
Seat 1: Mahu2021 (big blind) collected (80)
Seat 2: Alibong083 (button) (small blind) folded before Flop



PokerStars Hand #254066424610: Tournament #3839210837, $1.84+$0.16 USD Hold'em No Limit - Level III (20/40) - 2024/12/28 12:17:15 CET [2024/12/28 6:17:15 ET]
Table '3839210837 1' 3-max Seat #1 is the button
Seat 1: Mahu2021 (1130 in chips) 
Seat 2: Alibong083 (370 in chips) 
Mahu2021: posts small blind 20
Alibong083: posts big blind 40
*** HOLE CARDS ***
Dealt to Mahu2021 [Kh Ad]
Mahu2021: raises 80 to 120
Alibong083: calls 80
*** FLOP *** [3h 7d 4s]
Alibong083: bets 250 and is all-in
Mahu2021: calls 250
*** TURN *** [3h 7d 4s] [5d]
*** RIVER *** [3h 7d 4s 5d] [7c]
*** SHOW DOWN ***
Alibong083: shows [Qd 6d] (a straight, Three to Seven)
Mahu2021: shows [Kh Ad] (a pair of Sevens)
Alibong083 collected 740 from pot
*** SUMMARY ***
Total pot 740 | Rake 0 
Board [3h 7d 4s 5d 7c]
Seat 1: Mahu2021 (button) (small blind) showed [Kh Ad] and lost with a pair of Sevens
Seat 2: Alibong083 (big blind) showed [Qd 6d] and won (740) with a straight, Three to Seven



PokerStars Hand #254066427073: Tournament #3839210837, $1.84+$0.16 USD Hold'em No Limit - Level III (20/40) - 2024/12/28 12:17:33 CET [2024/12/28 6:17:33 ET]
Table '3839210837 1' 3-max Seat #2 is the button
Seat 1: Mahu2021 (760 in chips) 
Seat 2: Alibong083 (740 in chips) 
Alibong083: posts small blind 20
Mahu2021: posts big blind 40
*** HOLE CARDS ***
Dealt to Mahu2021 [Kd 2s]
Alibong083: calls 20
Mahu2021: checks 
*** FLOP *** [4s Qh 9c]
Mahu2021: checks 
Alibong083: bets 40
Mahu2021: folds 
Uncalled bet (40) returned to Alibong083
Alibong083 collected 80 from pot
*** SUMMARY ***
Total pot 80 | Rake 0 
Board [4s Qh 9c]
Seat 1: Mahu2021 (big blind) folded on the Flop
Seat 2: Alibong083 (button) (small blind) collected (80)



PokerStars Hand #254066429238: Tournament #3839210837, $1.84+$0.16 USD Hold'em No Limit - Level III (20/40) - 2024/12/28 12:17:49 CET [2024/12/28 6:17:49 ET]
Table '3839210837 1' 3-max Seat #1 is the button
Seat 1: Mahu2021 (720 in chips) 
Seat 2: Alibong083 (780 in chips) 
Mahu2021: posts small blind 20
Alibong083: posts big blind 40
*** HOLE CARDS ***
Dealt to Mahu2021 [9h 3d]
Mahu2021: folds 
Uncalled bet (20) returned to Alibong083
Alibong083 collected 40 from pot
*** SUMMARY ***
Total pot 40 | Rake 0 
Seat 1: Mahu2021 (button) (small blind) folded before Flop
Seat 2: Alibong083 (big blind) collected (40)



PokerStars Hand #254066429843: Tournament #3839210837, $1.84+$0.16 USD Hold'em No Limit - Level III (20/40) - 2024/12/28 12:17:54 CET [2024/12/28 6:17:54 ET]
Table '3839210837 1' 3-max Seat #2 is the button
Seat 1: Mahu2021 (700 in chips) 
Seat 2: Alibong083 (800 in chips) 
Alibong083: posts small blind 20
Mahu2021: posts big blind 40
*** HOLE CARDS ***
Dealt to Mahu2021 [7h 9c]
Alibong083: calls 20
Mahu2021: checks 
*** FLOP *** [7d Kc Ts]
Mahu2021: bets 40
Alibong083: calls 40
*** TURN *** [7d Kc Ts] [2c]
Mahu2021: checks 
Alibong083: bets 40
Mahu2021: calls 40
*** RIVER *** [7d Kc Ts 2c] [7s]
Mahu2021: bets 580 and is all-in
Alibong083: folds 
Uncalled bet (580) returned to Mahu2021
Mahu2021 collected 240 from pot
Mahu2021: doesn't show hand 
*** SUMMARY ***
Total pot 240 | Rake 0 
Board [7d Kc Ts 2c 7s]
Seat 1: Mahu2021 (big blind) collected (240)
Seat 2: Alibong083 (button) (small blind) folded on the River



PokerStars Hand #254066432712: Tournament #3839210837, $1.84+$0.16 USD Hold'em No Limit - Level III (20/40) - 2024/12/28 12:18:15 CET [2024/12/28 6:18:15 ET]
Table '3839210837 1' 3-max Seat #1 is the button
Seat 1: Mahu2021 (820 in chips) 
Seat 2: Alibong083 (680 in chips) 
Mahu2021: posts small blind 20
Alibong083: posts big blind 40
*** HOLE CARDS ***
Dealt to Mahu2021 [7d 6c]
Mahu2021: raises 40 to 80
Alibong083: calls 40
*** FLOP *** [Ac Qd 6s]
Alibong083: bets 160
Mahu2021: folds 
Uncalled bet (160) returned to Alibong083
Alibong083 collected 160 from pot
*** SUMMARY ***
Total pot 160 | Rake 0 
Board [Ac Qd 6s]
Seat 1: Mahu2021 (button) (small blind) folded on the Flop
Seat 2: Alibong083 (big blind) collected (160)



PokerStars Hand #254066434555: Tournament #3839210837, $1.84+$0.16 USD Hold'em No Limit - Level III (20/40) - 2024/12/28 12:18:28 CET [2024/12/28 6:18:28 ET]
Table '3839210837 1' 3-max Seat #2 is the button
Seat 1: Mahu2021 (740 in chips) 
Seat 2: Alibong083 (760 in chips) 
Alibong083: posts small blind 20
Mahu2021: posts big blind 40
*** HOLE CARDS ***
Dealt to Mahu2021 [3d Ah]
Alibong083: folds 
Uncalled bet (20) returned to Mahu2021
Mahu2021 collected 40 from pot
Mahu2021: doesn't show hand 
*** SUMMARY ***
Total pot 40 | Rake 0 
Seat 1: Mahu2021 (big blind) collected (40)
Seat 2: Alibong083 (button) (small blind) folded before Flop



PokerStars Hand #254066435302: Tournament #3839210837, $1.84+$0.16 USD Hold'em No Limit - Level III (20/40) - 2024/12/28 12:18:34 CET [2024/12/28 6:18:34 ET]
Table '3839210837 1' 3-max Seat #1 is the button
Seat 1: Mahu2021 (760 in chips) 
Seat 2: Alibong083 (740 in chips) 
Mahu2021: posts small blind 20
Alibong083: posts big blind 40
*** HOLE CARDS ***
Dealt to Mahu2021 [9d 3d]
Mahu2021: calls 20
Alibong083: checks 
*** FLOP *** [Ah 5s 3c]
Alibong083: bets 40
Mahu2021: calls 40
*** TURN *** [Ah 5s 3c] [Kh]
Alibong083: checks 
Mahu2021: checks 
*** RIVER *** [Ah 5s 3c Kh] [8h]
Alibong083: bets 40
Mahu2021: calls 40
*** SHOW DOWN ***
Alibong083: shows [5c 8d] (two pair, Eights and Fives)
Mahu2021: mucks hand 
Alibong083 collected 240 from pot
*** SUMMARY ***
Total pot 240 | Rake 0 
Board [Ah 5s 3c Kh 8h]
Seat 1: Mahu2021 (button) (small blind) mucked [9d 3d]
Seat 2: Alibong083 (big blind) showed [5c 8d] and won (240) with two pair, Eights and Fives



PokerStars Hand #254066437921: Tournament #3839210837, $1.84+$0.16 USD Hold'em No Limit - Level III (20/40) - 2024/12/28 12:18:54 CET [2024/12/28 6:18:54 ET]
Table '3839210837 1' 3-max Seat #2 is the button
Seat 1: Mahu2021 (640 in chips) 
Seat 2: Alibong083 (860 in chips) 
Alibong083: posts small blind 20
Mahu2021: posts big blind 40
*** HOLE CARDS ***
Dealt to Mahu2021 [Qh 9d]
Alibong083: folds 
Uncalled bet (20) returned to Mahu2021
Mahu2021 collected 40 from pot
Mahu2021: doesn't show hand 
*** SUMMARY ***
Total pot 40 | Rake 0 
Seat 1: Mahu2021 (big blind) collected (40)
Seat 2: Alibong083 (button) (small blind) folded before Flop



PokerStars Hand #254066439351: Tournament #3839210837, $1.84+$0.16 USD Hold'em No Limit - Level IV (30/60) - 2024/12/28 12:19:04 CET [2024/12/28 6:19:04 ET]
Table '3839210837 1' 3-max Seat #1 is the button
Seat 1: Mahu2021 (660 in chips) 
Seat 2: Alibong083 (840 in chips) 
Mahu2021: posts small blind 30
Alibong083: posts big blind 60
*** HOLE CARDS ***
Dealt to Mahu2021 [Jc Th]
Mahu2021: raises 60 to 120
Alibong083: folds 
Uncalled bet (60) returned to Mahu2021
Mahu2021 collected 120 from pot
Mahu2021: doesn't show hand 
*** SUMMARY ***
Total pot 120 | Rake 0 
Seat 1: Mahu2021 (button) (small blind) collected (120)
Seat 2: Alibong083 (big blind) folded before Flop



PokerStars Hand #254066440194: Tournament #3839210837, $1.84+$0.16 USD Hold'em No Limit - Level IV (30/60) - 2024/12/28 12:19:10 CET [2024/12/28 6:19:10 ET]
Table '3839210837 1' 3-max Seat #2 is the button
Seat 1: Mahu2021 (720 in chips) 
Seat 2: Alibong083 (780 in chips) 
Alibong083: posts small blind 30
Mahu2021: posts big blind 60
*** HOLE CARDS ***
Dealt to Mahu2021 [Kh Qh]
Alibong083: folds 
Uncalled bet (30) returned to Mahu2021
Mahu2021 collected 60 from pot
Mahu2021: doesn't show hand 
*** SUMMARY ***
Total pot 60 | Rake 0 
Seat 1: Mahu2021 (big blind) collected (60)
Seat 2: Alibong083 (button) (small blind) folded before Flop



PokerStars Hand #254066441032: Tournament #3839210837, $1.84+$0.16 USD Hold'em No Limit - Level IV (30/60) - 2024/12/28 12:19:17 CET [2024/12/28 6:19:17 ET]
Table '3839210837 1' 3-max Seat #1 is the button
Seat 1: Mahu2021 (750 in chips) 
Seat 2: Alibong083 (750 in chips) 
Mahu2021: posts small blind 30
Alibong083: posts big blind 60
*** HOLE CARDS ***
Dealt to Mahu2021 [Qc 2s]
Mahu2021: raises 60 to 120
Alibong083: raises 630 to 750 and is all-in
Mahu2021: folds 
Uncalled bet (630) returned to Alibong083
Alibong083 collected 240 from pot
*** SUMMARY ***
Total pot 240 | Rake 0 
Seat 1: Mahu2021 (button) (small blind) folded before Flop
Seat 2: Alibong083 (big blind) collected (240)



PokerStars Hand #254066442560: Tournament #3839210837, $1.84+$0.16 USD Hold'em No Limit - Level IV (30/60) - 2024/12/28 12:19:28 CET [2024/12/28 6:19:28 ET]
Table '3839210837 1' 3-max Seat #2 is the button
Seat 1: Mahu2021 (630 in chips) 
Seat 2: Alibong083 (870 in chips) 
Alibong083: posts small blind 30
Mahu2021: posts big blind 60
*** HOLE CARDS ***
Dealt to Mahu2021 [7s 6d]
Alibong083: calls 30
Mahu2021: checks 
*** FLOP *** [Js Tc Td]
Mahu2021: checks 
Alibong083: bets 60
Mahu2021: folds 
Uncalled bet (60) returned to Alibong083
Alibong083 collected 120 from pot
*** SUMMARY ***
Total pot 120 | Rake 0 
Board [Js Tc Td]
Seat 1: Mahu2021 (big blind) folded on the Flop
Seat 2: Alibong083 (button) (small blind) collected (120)



PokerStars Hand #254066444301: Tournament #3839210837, $1.84+$0.16 USD Hold'em No Limit - Level IV (30/60) - 2024/12/28 12:19:40 CET [2024/12/28 6:19:40 ET]
Table '3839210837 1' 3-max Seat #1 is the button
Seat 1: Mahu2021 (570 in chips) 
Seat 2: Alibong083 (930 in chips) 
Mahu2021: posts small blind 30
Alibong083: posts big blind 60
*** HOLE CARDS ***
Dealt to Mahu2021 [9d Js]
Mahu2021: raises 60 to 120
Alibong083: raises 810 to 930 and is all-in
Mahu2021: folds 
Uncalled bet (810) returned to Alibong083
Alibong083 collected 240 from pot
*** SUMMARY ***
Total pot 240 | Rake 0 
Seat 1: Mahu2021 (button) (small blind) folded before Flop
Seat 2: Alibong083 (big blind) collected (240)



PokerStars Hand #254066445681: Tournament #3839210837, $1.84+$0.16 USD Hold'em No Limit - Level IV (30/60) - 2024/12/28 12:19:50 CET [2024/12/28 6:19:50 ET]
Table '3839210837 1' 3-max Seat #2 is the button
Seat 1: Mahu2021 (450 in chips) 
Seat 2: Alibong083 (1050 in chips) 
Alibong083: posts small blind 30
Mahu2021: posts big blind 60
*** HOLE CARDS ***
Dealt to Mahu2021 [9d Ac]
Alibong083: calls 30
Mahu2021: raises 390 to 450 and is all-in
Alibong083: calls 390
*** FLOP *** [Kc 2s 7h]
*** TURN *** [Kc 2s 7h] [Td]
*** RIVER *** [Kc 2s 7h Td] [7d]
*** SHOW DOWN ***
Mahu2021: shows [9d Ac] (a pair of Sevens)
Alibong083: shows [Qd As] (a pair of Sevens - Ace+King+Queen kicker)
Alibong083 collected 900 from pot
Mahu2021 finished the tournament in 2nd place
Alibong083 wins the tournament and receives $4.00 - congratulations!
*** SUMMARY ***
Total pot 900 | Rake 0 
Board [Kc 2s 7h Td 7d]
Seat 1: Mahu2021 (big blind) showed [9d Ac] and lost with a pair of Sevens
Seat 2: Alibong083 (button) (small blind) showed [Qd As] and won (900) with a pair of Sevens



