PokerStars Zoom Hand #254366176189:  Hold'em No Limit ($0.05/$0.10) - 2025/01/14 15:12:36 CET [2025/01/14 9:12:36 ET]
Table 'Aludra' 6-max Seat #1 is the button
Seat 1: Lim 2589 ($10.69 in chips) 
Seat 2: Kityara69 ($9.74 in chips) 
Seat 3: Mahu2021 ($10 in chips) 
Seat 4: zorroxwin ($25.87 in chips) 
Seat 5: openymir ($23.57 in chips) 
Seat 6: zodapoker ($44.75 in chips) 
Kityara69: posts small blind $0.05
Mahu2021: posts big blind $0.10
*** HOLE CARDS ***
Dealt to Mahu2021 [9c Ah]
zorroxwin: raises $0.20 to $0.30
openymir: folds 
zodapoker: folds 
Lim 2589: folds 
Kityara69: folds 
Mahu2021: calls $0.20
*** FLOP *** [4c Qs 6d]
Mahu2021: checks 
zorroxwin: bets $0.50
Mahu2021: folds 
Uncalled bet ($0.50) returned to zorroxwin
zorroxwin collected $0.61 from pot
zorroxwin: doesn't show hand 
*** SUMMARY ***
Total pot $0.65 | Rake $0.04 
Board [4c Qs 6d]
Seat 1: Lim 2589 (button) folded before Flop (didn't bet)
Seat 2: Kityara69 (small blind) folded before Flop
Seat 3: Mahu2021 (big blind) folded on the Flop
Seat 4: zorroxwin collected ($0.61)
Seat 5: openymir folded before Flop (didn't bet)
Seat 6: zodapoker folded before Flop (didn't bet)



PokerStars Zoom Hand #254366180019:  Hold'em No Limit ($0.05/$0.10) - 2025/01/14 15:12:57 CET [2025/01/14 9:12:57 ET]
Table 'Aludra' 6-max Seat #1 is the button
Seat 1: Mahu2021 ($9.70 in chips) 
Seat 2: MrCangrejoTh ($22.21 in chips) 
Seat 3: 9ustav0 ($10.05 in chips) 
Seat 4: Lim 2589 ($10.15 in chips) 
Seat 5: KRSofM ($9.66 in chips) 
Seat 6: _abuss0s_ ($3.68 in chips) 
MrCangrejoTh: posts small blind $0.05
9ustav0: posts big blind $0.10
*** HOLE CARDS ***
Dealt to Mahu2021 [8c As]
Lim 2589: folds 
KRSofM: folds 
_abuss0s_: folds 
Mahu2021: raises $0.20 to $0.30
MrCangrejoTh: raises $0.90 to $1.20
9ustav0: folds 
Mahu2021: folds 
Uncalled bet ($0.90) returned to MrCangrejoTh
MrCangrejoTh collected $0.70 from pot
MrCangrejoTh: doesn't show hand 
*** SUMMARY ***
Total pot $0.70 | Rake $0 
Seat 1: Mahu2021 (button) folded before Flop
Seat 2: MrCangrejoTh (small blind) collected ($0.70)
Seat 3: 9ustav0 (big blind) folded before Flop
Seat 4: Lim 2589 folded before Flop (didn't bet)
Seat 5: KRSofM folded before Flop (didn't bet)
Seat 6: _abuss0s_ folded before Flop (didn't bet)



PokerStars Zoom Hand #254366183778:  Hold'em No Limit ($0.05/$0.10) - 2025/01/14 15:13:18 CET [2025/01/14 9:13:18 ET]
Table 'Aludra' 6-max Seat #1 is the button
Seat 1: lukzinn11 ($16.71 in chips) 
Seat 2: Mahu2021 ($9.40 in chips) 
Seat 3: alan the boy ($17.05 in chips) 
Seat 4: Shakawka ($13.66 in chips) 
Seat 5: kistomika1990 ($9.85 in chips) 
Seat 6: Lim 2589 ($10 in chips) 
Mahu2021: posts small blind $0.05
alan the boy: posts big blind $0.10
*** HOLE CARDS ***
Dealt to Mahu2021 [9s Ac]
Shakawka: raises $0.10 to $0.20
kistomika1990: folds 
Lim 2589: folds 
lukzinn11: folds 
Mahu2021: calls $0.15
alan the boy: calls $0.10
*** FLOP *** [4c 7s Js]
Mahu2021: checks 
alan the boy: checks 
Shakawka: bets $0.17
Mahu2021: folds 
alan the boy: calls $0.17
*** TURN *** [4c 7s Js] [Qd]
alan the boy: checks 
Shakawka: bets $0.68
alan the boy: folds 
Uncalled bet ($0.68) returned to Shakawka
Shakawka collected $0.90 from pot
Shakawka: doesn't show hand 
*** SUMMARY ***
Total pot $0.94 | Rake $0.04 
Board [4c 7s Js Qd]
Seat 1: lukzinn11 (button) folded before Flop (didn't bet)
Seat 2: Mahu2021 (small blind) folded on the Flop
Seat 3: alan the boy (big blind) folded on the Turn
Seat 4: Shakawka collected ($0.90)
Seat 5: kistomika1990 folded before Flop (didn't bet)
Seat 6: Lim 2589 folded before Flop (didn't bet)



PokerStars Zoom Hand #254366187498:  Hold'em No Limit ($0.05/$0.10) - 2025/01/14 15:13:39 CET [2025/01/14 9:13:39 ET]
Table 'Aludra' 6-max Seat #1 is the button
Seat 1: Rigel1975 ($10 in chips) 
Seat 2: Mahu2021 ($9.20 in chips) 
Seat 3: homiesaces85 ($12.17 in chips) 
Seat 4: kistomika1990 ($10 in chips) 
Seat 5: potato0805 ($9.85 in chips) 
Seat 6: openymir ($23.82 in chips) 
Mahu2021: posts small blind $0.05
homiesaces85: posts big blind $0.10
*** HOLE CARDS ***
Dealt to Mahu2021 [Kd Jh]
kistomika1990: folds 
potato0805: folds 
openymir: raises $0.10 to $0.20
Rigel1975: folds 
Mahu2021: calls $0.15
homiesaces85: calls $0.10
*** FLOP *** [Td 2h Kc]
Mahu2021: bets $0.20
homiesaces85: calls $0.20
openymir: folds 
*** TURN *** [Td 2h Kc] [5h]
Mahu2021: bets $0.20
homiesaces85: calls $0.20
*** RIVER *** [Td 2h Kc 5h] [8c]
Mahu2021: bets $0.20
homiesaces85: calls $0.20
*** SHOW DOWN ***
Mahu2021: shows [Kd Jh] (a pair of Kings)
homiesaces85: mucks hand 
Mahu2021 collected $1.72 from pot
*** SUMMARY ***
Total pot $1.80 | Rake $0.08 
Board [Td 2h Kc 5h 8c]
Seat 1: Rigel1975 (button) folded before Flop (didn't bet)
Seat 2: Mahu2021 (small blind) showed [Kd Jh] and won ($1.72) with a pair of Kings
Seat 3: homiesaces85 (big blind) mucked [Th 6d]
Seat 4: kistomika1990 folded before Flop (didn't bet)
Seat 5: potato0805 folded before Flop (didn't bet)
Seat 6: openymir folded on the Flop



PokerStars Zoom Hand #254366197087:  Hold'em No Limit ($0.05/$0.10) - 2025/01/14 15:14:33 CET [2025/01/14 9:14:33 ET]
Table 'Aludra' 6-max Seat #1 is the button
Seat 1: Luffy V ($25.11 in chips) 
Seat 2: Live4Life121 ($11.80 in chips) 
Seat 3: edi.svr22 ($14.59 in chips) 
Seat 4: GymStefani ($6.20 in chips) 
Seat 5: Mahu2021 ($10.12 in chips) 
Seat 6: homiesaces85 ($11.37 in chips) 
Live4Life121: posts small blind $0.05
edi.svr22: posts big blind $0.10
*** HOLE CARDS ***
Dealt to Mahu2021 [7d 3h]
GymStefani: folds 
Mahu2021: folds 
homiesaces85: folds 
Luffy V: folds 
Live4Life121: raises $0.15 to $0.25
edi.svr22: folds 
Uncalled bet ($0.15) returned to Live4Life121
Live4Life121 collected $0.20 from pot
Live4Life121: doesn't show hand 
*** SUMMARY ***
Total pot $0.20 | Rake $0 
Seat 1: Luffy V (button) folded before Flop (didn't bet)
Seat 2: Live4Life121 (small blind) collected ($0.20)
Seat 3: edi.svr22 (big blind) folded before Flop
Seat 4: GymStefani folded before Flop (didn't bet)
Seat 5: Mahu2021 folded before Flop (didn't bet)
Seat 6: homiesaces85 folded before Flop (didn't bet)



PokerStars Zoom Hand #254366198156:  Hold'em No Limit ($0.05/$0.10) - 2025/01/14 15:14:39 CET [2025/01/14 9:14:39 ET]
Table 'Aludra' 6-max Seat #1 is the button
Seat 1: Last Big Buddha ($12.29 in chips) 
Seat 2: zodapoker ($46.08 in chips) 
Seat 3: Allvisa ($10.92 in chips) 
Seat 4: aly_dinamo10 ($21.13 in chips) 
Seat 5: seonghwee ($18.23 in chips) 
Seat 6: Mahu2021 ($10.12 in chips) 
zodapoker: posts small blind $0.05
Allvisa: posts big blind $0.10
*** HOLE CARDS ***
Dealt to Mahu2021 [6h 8d]
aly_dinamo10: raises $0.15 to $0.25
seonghwee: folds 
Mahu2021: folds 
Last Big Buddha: folds 
zodapoker: folds 
Allvisa: folds 
Uncalled bet ($0.15) returned to aly_dinamo10
aly_dinamo10 collected $0.25 from pot
aly_dinamo10: doesn't show hand 
*** SUMMARY ***
Total pot $0.25 | Rake $0 
Seat 1: Last Big Buddha (button) folded before Flop (didn't bet)
Seat 2: zodapoker (small blind) folded before Flop
Seat 3: Allvisa (big blind) folded before Flop
Seat 4: aly_dinamo10 collected ($0.25)
Seat 5: seonghwee folded before Flop (didn't bet)
Seat 6: Mahu2021 folded before Flop (didn't bet)



PokerStars Zoom Hand #254366198866:  Hold'em No Limit ($0.05/$0.10) - 2025/01/14 15:14:43 CET [2025/01/14 9:14:43 ET]
Table 'Aludra' 6-max Seat #1 is the button
Seat 1: MrCangrejoTh ($22.71 in chips) 
Seat 2: illusionist2021 ($3.38 in chips) 
Seat 3: Mahu2021 ($10.12 in chips) 
Seat 4: Windows 21xp ($21.56 in chips) 
Seat 5: TELU_sweets ($12.40 in chips) 
Seat 6: zodapoker ($46.03 in chips) 
illusionist2021: posts small blind $0.05
Mahu2021: posts big blind $0.10
*** HOLE CARDS ***
Dealt to Mahu2021 [9d Ks]
Windows 21xp: folds 
TELU_sweets: folds 
zodapoker: raises $0.15 to $0.25
MrCangrejoTh: folds 
illusionist2021: calls $0.20
Mahu2021: calls $0.15
*** FLOP *** [Ac 5h 3h]
illusionist2021: checks 
Mahu2021: checks 
zodapoker: checks 
*** TURN *** [Ac 5h 3h] [Kc]
illusionist2021: checks 
Mahu2021: checks 
zodapoker: checks 
*** RIVER *** [Ac 5h 3h Kc] [Qc]
illusionist2021: checks 
Mahu2021: checks 
zodapoker: checks 
*** SHOW DOWN ***
illusionist2021: shows [Jd Qd] (a pair of Queens)
Mahu2021: shows [9d Ks] (a pair of Kings)
zodapoker: mucks hand 
Mahu2021 collected $0.72 from pot
*** SUMMARY ***
Total pot $0.75 | Rake $0.03 
Board [Ac 5h 3h Kc Qc]
Seat 1: MrCangrejoTh (button) folded before Flop (didn't bet)
Seat 2: illusionist2021 (small blind) showed [Jd Qd] and lost with a pair of Queens
Seat 3: Mahu2021 (big blind) showed [9d Ks] and won ($0.72) with a pair of Kings
Seat 4: Windows 21xp folded before Flop (didn't bet)
Seat 5: TELU_sweets folded before Flop (didn't bet)
Seat 6: zodapoker mucked [Js Jh]



PokerStars Zoom Hand #254366207771:  Hold'em No Limit ($0.05/$0.10) - 2025/01/14 15:15:32 CET [2025/01/14 9:15:32 ET]
Table 'Aludra' 6-max Seat #1 is the button
Seat 1: zodapoker ($8.81 in chips) 
Seat 2: kistomika1990 ($12.40 in chips) 
Seat 3: Shakawka ($13.74 in chips) 
Seat 4: Mahu2021 ($10.59 in chips) 
Seat 5: Luffy V ($23.71 in chips) 
Seat 6: IronRay45 ($10 in chips) 
kistomika1990: posts small blind $0.05
Shakawka: posts big blind $0.10
*** HOLE CARDS ***
Dealt to Mahu2021 [Qc 6d]
Mahu2021: folds 
Luffy V: folds 
IronRay45: folds 
zodapoker: folds 
kistomika1990: folds 
Uncalled bet ($0.05) returned to Shakawka
Shakawka collected $0.10 from pot
Shakawka: doesn't show hand 
*** SUMMARY ***
Total pot $0.10 | Rake $0 
Seat 1: zodapoker (button) folded before Flop (didn't bet)
Seat 2: kistomika1990 (small blind) folded before Flop
Seat 3: Shakawka (big blind) collected ($0.10)
Seat 4: Mahu2021 folded before Flop (didn't bet)
Seat 5: Luffy V folded before Flop (didn't bet)
Seat 6: IronRay45 folded before Flop (didn't bet)



PokerStars Zoom Hand #254366208504:  Hold'em No Limit ($0.05/$0.10) - 2025/01/14 15:15:36 CET [2025/01/14 9:15:36 ET]
Table 'Aludra' 6-max Seat #1 is the button
Seat 1: KRSofM ($8.04 in chips) 
Seat 2: alan the boy ($24.09 in chips) 
Seat 3: r4ng3_w1d3r ($8.23 in chips) 
Seat 4: Hedcrook ($8.91 in chips) 
Seat 5: Mahu2021 ($10.59 in chips) 
Seat 6: tafarel8 ($10.45 in chips) 
alan the boy: posts small blind $0.05
r4ng3_w1d3r: posts big blind $0.10
*** HOLE CARDS ***
Dealt to Mahu2021 [3d 4d]
Hedcrook: folds 
Mahu2021: folds 
tafarel8: folds 
KRSofM: folds 
alan the boy: raises $0.20 to $0.30
r4ng3_w1d3r: folds 
Uncalled bet ($0.20) returned to alan the boy
alan the boy collected $0.20 from pot
alan the boy: doesn't show hand 
*** SUMMARY ***
Total pot $0.20 | Rake $0 
Seat 1: KRSofM (button) folded before Flop (didn't bet)
Seat 2: alan the boy (small blind) collected ($0.20)
Seat 3: r4ng3_w1d3r (big blind) folded before Flop
Seat 4: Hedcrook folded before Flop (didn't bet)
Seat 5: Mahu2021 folded before Flop (didn't bet)
Seat 6: tafarel8 folded before Flop (didn't bet)



PokerStars Zoom Hand #254366209361:  Hold'em No Limit ($0.05/$0.10) - 2025/01/14 15:15:41 CET [2025/01/14 9:15:41 ET]
Table 'Aludra' 6-max Seat #1 is the button
Seat 1: zorroxwin ($25.37 in chips) 
Seat 2: Hedcrook ($9.96 in chips) 
Seat 3: fransisco 234 ($10 in chips) 
Seat 4: Shakawka ($19.46 in chips) 
Seat 5: Luffy V ($15.13 in chips) 
Seat 6: Mahu2021 ($10.59 in chips) 
Hedcrook: posts small blind $0.05
fransisco 234: posts big blind $0.10
*** HOLE CARDS ***
Dealt to Mahu2021 [3s Ah]
Shakawka: folds 
Luffy V: folds 
Mahu2021: folds 
zorroxwin: folds 
Hedcrook: folds 
Uncalled bet ($0.05) returned to fransisco 234
fransisco 234 collected $0.10 from pot
fransisco 234: doesn't show hand 
*** SUMMARY ***
Total pot $0.10 | Rake $0 
Seat 1: zorroxwin (button) folded before Flop (didn't bet)
Seat 2: Hedcrook (small blind) folded before Flop
Seat 3: fransisco 234 (big blind) collected ($0.10)
Seat 4: Shakawka folded before Flop (didn't bet)
Seat 5: Luffy V folded before Flop (didn't bet)
Seat 6: Mahu2021 folded before Flop (didn't bet)



PokerStars Zoom Hand #254366210056:  Hold'em No Limit ($0.05/$0.10) - 2025/01/14 15:15:45 CET [2025/01/14 9:15:45 ET]
Table 'Aludra' 6-max Seat #1 is the button
Seat 1: Luffy V ($15.13 in chips) 
Seat 2: Ranks73 ($7.36 in chips) 
Seat 3: doctornicola ($7.96 in chips) 
Seat 4: Mahu2021 ($10.59 in chips) 
Seat 5: Shakawka ($19.46 in chips) 
Seat 6: xhmikost2 ($17.46 in chips) 
Ranks73: posts small blind $0.05
doctornicola: posts big blind $0.10
*** HOLE CARDS ***
Dealt to Mahu2021 [As 4c]
Mahu2021: folds 
Shakawka: folds 
xhmikost2: folds 
Luffy V: folds 
Ranks73: folds 
Uncalled bet ($0.05) returned to doctornicola
doctornicola collected $0.10 from pot
doctornicola: doesn't show hand 
*** SUMMARY ***
Total pot $0.10 | Rake $0 
Seat 1: Luffy V (button) folded before Flop (didn't bet)
Seat 2: Ranks73 (small blind) folded before Flop
Seat 3: doctornicola (big blind) collected ($0.10)
Seat 4: Mahu2021 folded before Flop (didn't bet)
Seat 5: Shakawka folded before Flop (didn't bet)
Seat 6: xhmikost2 folded before Flop (didn't bet)



PokerStars Zoom Hand #254366211670:  Hold'em No Limit ($0.05/$0.10) - 2025/01/14 15:15:54 CET [2025/01/14 9:15:54 ET]
Table 'Aludra' 6-max Seat #1 is the button
Seat 1: seonghwee ($17.88 in chips) 
Seat 2: doctornicola ($8.01 in chips) 
Seat 3: Mahu2021 ($10.54 in chips) 
Seat 4: tabo483 ($10.14 in chips) 
Seat 5: xhmikost2 ($24.30 in chips) 
Seat 6: alex656570 ($12.40 in chips) 
doctornicola: posts small blind $0.05
Mahu2021: posts big blind $0.10
*** HOLE CARDS ***
Dealt to Mahu2021 [5h 8c]
tabo483: folds 
xhmikost2: folds 
alex656570: folds 
seonghwee: folds 
doctornicola: folds 
Uncalled bet ($0.05) returned to Mahu2021
Mahu2021 collected $0.10 from pot
Mahu2021: doesn't show hand 
*** SUMMARY ***
Total pot $0.10 | Rake $0 
Seat 1: seonghwee (button) folded before Flop (didn't bet)
Seat 2: doctornicola (small blind) folded before Flop
Seat 3: Mahu2021 (big blind) collected ($0.10)
Seat 4: tabo483 folded before Flop (didn't bet)
Seat 5: xhmikost2 folded before Flop (didn't bet)
Seat 6: alex656570 folded before Flop (didn't bet)



PokerStars Zoom Hand #254366210976:  Hold'em No Limit ($0.05/$0.10) - 2025/01/14 15:15:50 CET [2025/01/14 9:15:50 ET]
Table 'Aludra' 6-max Seat #1 is the button
Seat 1: xhmikost2 ($24.30 in chips) 
Seat 2: Mahu2021 ($10.59 in chips) 
Seat 3: yellda ($10 in chips) 
Seat 4: Benjaminn6 ($13.42 in chips) 
Seat 5: Hedcrook ($7.94 in chips) 
Seat 6: zorroxwin ($25.37 in chips) 
Mahu2021: posts small blind $0.05
yellda: posts big blind $0.10
*** HOLE CARDS ***
Dealt to Mahu2021 [Kd 3s]
Benjaminn6: folds 
Hedcrook: raises $0.20 to $0.30
zorroxwin: folds 
xhmikost2: folds 
Mahu2021: folds 
yellda: folds 
Uncalled bet ($0.20) returned to Hedcrook
Hedcrook collected $0.25 from pot
Hedcrook: doesn't show hand 
*** SUMMARY ***
Total pot $0.25 | Rake $0 
Seat 1: xhmikost2 (button) folded before Flop (didn't bet)
Seat 2: Mahu2021 (small blind) folded before Flop
Seat 3: yellda (big blind) folded before Flop
Seat 4: Benjaminn6 folded before Flop (didn't bet)
Seat 5: Hedcrook collected ($0.25)
Seat 6: zorroxwin folded before Flop (didn't bet)



PokerStars Zoom Hand #254366206866:  Hold'em No Limit ($0.05/$0.10) - 2025/01/14 15:15:27 CET [2025/01/14 9:15:27 ET]
Table 'Aludra' 6-max Seat #1 is the button
Seat 1: Mahu2021 ($10.59 in chips) 
Seat 2: Apollolol ($19.05 in chips) 
Seat 3: xbengi ($17.03 in chips) 
Seat 4: illusionist2021 ($3.13 in chips) 
Seat 5: TELU_sweets ($17.50 in chips) 
Seat 6: MrCangrejoTh ($22.61 in chips) 
Apollolol: posts small blind $0.05
xbengi: posts big blind $0.10
*** HOLE CARDS ***
Dealt to Mahu2021 [2c Qs]
illusionist2021: folds 
TELU_sweets: raises $0.15 to $0.25
MrCangrejoTh: folds 
Mahu2021: folds 
Apollolol: folds 
xbengi: calls $0.15
*** FLOP *** [4h 2h 5h]
xbengi: checks 
TELU_sweets: bets $0.17
xbengi: calls $0.17
*** TURN *** [4h 2h 5h] [Ts]
xbengi: checks 
TELU_sweets: checks 
*** RIVER *** [4h 2h 5h Ts] [8c]
xbengi: checks 
TELU_sweets: checks 
*** SHOW DOWN ***
xbengi: shows [4c 3c] (a pair of Fours)
TELU_sweets: shows [9d 9s] (a pair of Nines)
TELU_sweets collected $0.85 from pot
*** SUMMARY ***
Total pot $0.89 | Rake $0.04 
Board [4h 2h 5h Ts 8c]
Seat 1: Mahu2021 (button) folded before Flop (didn't bet)
Seat 2: Apollolol (small blind) folded before Flop
Seat 3: xbengi (big blind) showed [4c 3c] and lost with a pair of Fours
Seat 4: illusionist2021 folded before Flop (didn't bet)
Seat 5: TELU_sweets showed [9d 9s] and won ($0.85) with a pair of Nines
Seat 6: MrCangrejoTh folded before Flop (didn't bet)



PokerStars Zoom Hand #254366214943:  Hold'em No Limit ($0.05/$0.10) - 2025/01/14 15:16:12 CET [2025/01/14 9:16:12 ET]
Table 'Aludra' 6-max Seat #1 is the button
Seat 1: r_yanyo6 ($8.68 in chips) 
Seat 2: adambuddy2 ($10.11 in chips) 
Seat 3: tafarel8 ($10.70 in chips) 
Seat 4: ale0032 ($13.43 in chips) 
Seat 5: kistomika1990 ($10.89 in chips) 
Seat 6: Mahu2021 ($10.59 in chips) 
adambuddy2: posts small blind $0.05
tafarel8: posts big blind $0.10
*** HOLE CARDS ***
Dealt to Mahu2021 [Jc Jh]
ale0032: folds 
kistomika1990: folds 
Mahu2021: raises $0.20 to $0.30
r_yanyo6: folds 
adambuddy2: folds 
tafarel8: calls $0.20
*** FLOP *** [2s 9h 2d]
tafarel8: checks 
Mahu2021: bets $0.62
tafarel8: folds 
Uncalled bet ($0.62) returned to Mahu2021
Mahu2021 collected $0.62 from pot
Mahu2021: doesn't show hand 
*** SUMMARY ***
Total pot $0.65 | Rake $0.03 
Board [2s 9h 2d]
Seat 1: r_yanyo6 (button) folded before Flop (didn't bet)
Seat 2: adambuddy2 (small blind) folded before Flop
Seat 3: tafarel8 (big blind) folded on the Flop
Seat 4: ale0032 folded before Flop (didn't bet)
Seat 5: kistomika1990 folded before Flop (didn't bet)
Seat 6: Mahu2021 collected ($0.62)



PokerStars Zoom Hand #254366214244:  Hold'em No Limit ($0.05/$0.10) - 2025/01/14 15:16:08 CET [2025/01/14 9:16:08 ET]
Table 'Aludra' 6-max Seat #1 is the button
Seat 1: Mahu2021 ($10.59 in chips) 
Seat 2: shortstackpro ($5.97 in chips) 
Seat 3: LANGELO69 ($8.11 in chips) 
Seat 4: jjkop17 ($15.90 in chips) 
Seat 5: KRSofM ($7.98 in chips) 
Seat 6: seonghwee ($10.40 in chips) 
shortstackpro: posts small blind $0.05
LANGELO69: posts big blind $0.10
*** HOLE CARDS ***
Dealt to Mahu2021 [9c 5c]
jjkop17: folds 
KRSofM: raises $0.10 to $0.20
seonghwee: folds 
Mahu2021: folds 
shortstackpro: folds 
LANGELO69: raises $0.30 to $0.50
KRSofM: calls $0.30
*** FLOP *** [6d Ac 2s]
LANGELO69: checks 
KRSofM: checks 
*** TURN *** [6d Ac 2s] [Jd]
LANGELO69: checks 
KRSofM: bets $0.75
LANGELO69: calls $0.75
*** RIVER *** [6d Ac 2s Jd] [2c]
LANGELO69: checks 
KRSofM: bets $3.66
LANGELO69: calls $3.66
*** SHOW DOWN ***
KRSofM: shows [Ah Jh] (two pair, Aces and Jacks)
LANGELO69: mucks hand 
KRSofM collected $9.43 from pot
*** SUMMARY ***
Total pot $9.87 | Rake $0.44 
Board [6d Ac 2s Jd 2c]
Seat 1: Mahu2021 (button) folded before Flop (didn't bet)
Seat 2: shortstackpro (small blind) folded before Flop
Seat 3: LANGELO69 (big blind) mucked [Qc Qd]
Seat 4: jjkop17 folded before Flop (didn't bet)
Seat 5: KRSofM showed [Ah Jh] and won ($9.43) with two pair, Aces and Jacks
Seat 6: seonghwee folded before Flop (didn't bet)



PokerStars Zoom Hand #254366220950:  Hold'em No Limit ($0.05/$0.10) - 2025/01/14 15:16:45 CET [2025/01/14 9:16:45 ET]
Table 'Aludra' 6-max Seat #1 is the button
Seat 1: Komezoo ($15.46 in chips) 
Seat 2: Mahu2021 ($10.91 in chips) 
Seat 3: Luffy V ($13.53 in chips) 
Seat 4: zodapoker ($8.66 in chips) 
Seat 5: GymStefani ($6.13 in chips) 
Seat 6: fransisco 234 ($10 in chips) 
Mahu2021: posts small blind $0.05
Luffy V: posts big blind $0.10
*** HOLE CARDS ***
Dealt to Mahu2021 [9c 4s]
zodapoker: folds 
GymStefani: folds 
fransisco 234: folds 
Komezoo: folds 
Mahu2021: folds 
Uncalled bet ($0.05) returned to Luffy V
Luffy V collected $0.10 from pot
Luffy V: doesn't show hand 
*** SUMMARY ***
Total pot $0.10 | Rake $0 
Seat 1: Komezoo (button) folded before Flop (didn't bet)
Seat 2: Mahu2021 (small blind) folded before Flop
Seat 3: Luffy V (big blind) collected ($0.10)
Seat 4: zodapoker folded before Flop (didn't bet)
Seat 5: GymStefani folded before Flop (didn't bet)
Seat 6: fransisco 234 folded before Flop (didn't bet)



PokerStars Zoom Hand #254366222186:  Hold'em No Limit ($0.05/$0.10) - 2025/01/14 15:16:52 CET [2025/01/14 9:16:52 ET]
Table 'Aludra' 6-max Seat #1 is the button
Seat 1: tabo483 ($10.09 in chips) 
Seat 2: Cheeeeerrss1 ($10 in chips) 
Seat 3: HakuBD ($5.57 in chips) 
Seat 4: fransisco 234 ($10 in chips) 
Seat 5: Mahu2021 ($10.86 in chips) 
Seat 6: TELU_sweets ($20.75 in chips) 
Cheeeeerrss1: posts small blind $0.05
HakuBD: posts big blind $0.10
*** HOLE CARDS ***
Dealt to Mahu2021 [9d Ah]
fransisco 234: folds 
Mahu2021: folds 
TELU_sweets: folds 
tabo483: raises $0.12 to $0.22
Cheeeeerrss1: folds 
HakuBD: folds 
Uncalled bet ($0.12) returned to tabo483
tabo483 collected $0.25 from pot
tabo483: doesn't show hand 
*** SUMMARY ***
Total pot $0.25 | Rake $0 
Seat 1: tabo483 (button) collected ($0.25)
Seat 2: Cheeeeerrss1 (small blind) folded before Flop
Seat 3: HakuBD (big blind) folded before Flop
Seat 4: fransisco 234 folded before Flop (didn't bet)
Seat 5: Mahu2021 folded before Flop (didn't bet)
Seat 6: TELU_sweets folded before Flop (didn't bet)



PokerStars Zoom Hand #254366225484:  Hold'em No Limit ($0.05/$0.10) - 2025/01/14 15:17:10 CET [2025/01/14 9:17:10 ET]
Table 'Aludra' 6-max Seat #1 is the button
Seat 1: openymir ($22.03 in chips) 
Seat 2: top4eto860 ($19.95 in chips) 
Seat 3: Dr.EMW ($16.14 in chips) 
Seat 4: MrCangrejoTh ($19.37 in chips) 
Seat 5: Luffy V ($23.31 in chips) 
Seat 6: Mahu2021 ($10.76 in chips) 
top4eto860: posts small blind $0.05
Dr.EMW: posts big blind $0.10
*** HOLE CARDS ***
Dealt to Mahu2021 [7c 8h]
MrCangrejoTh: folds 
Luffy V: folds 
Mahu2021: folds 
openymir: folds 
top4eto860: folds 
Uncalled bet ($0.05) returned to Dr.EMW
Dr.EMW collected $0.10 from pot
Dr.EMW: doesn't show hand 
*** SUMMARY ***
Total pot $0.10 | Rake $0 
Seat 1: openymir (button) folded before Flop (didn't bet)
Seat 2: top4eto860 (small blind) folded before Flop
Seat 3: Dr.EMW (big blind) collected ($0.10)
Seat 4: MrCangrejoTh folded before Flop (didn't bet)
Seat 5: Luffy V folded before Flop (didn't bet)
Seat 6: Mahu2021 folded before Flop (didn't bet)



PokerStars Zoom Hand #254366223108:  Hold'em No Limit ($0.05/$0.10) - 2025/01/14 15:16:57 CET [2025/01/14 9:16:57 ET]
Table 'Aludra' 6-max Seat #1 is the button
Seat 1: blindprotector ($10 in chips) 
Seat 2: riho111 ($11.45 in chips) 
Seat 3: Mahu2021 ($10.86 in chips) 
Seat 4: Lim 2589 ($10 in chips) 
Seat 5: FrogDoc13 ($15.46 in chips) 
Seat 6: abcpoiloo ($10 in chips) 
riho111: posts small blind $0.05
Mahu2021: posts big blind $0.10
*** HOLE CARDS ***
Dealt to Mahu2021 [4s 7d]
Lim 2589: folds 
FrogDoc13: folds 
abcpoiloo: raises $0.12 to $0.22
blindprotector: raises $0.68 to $0.90
riho111: folds 
Mahu2021: folds 
abcpoiloo: folds 
Uncalled bet ($0.68) returned to blindprotector
blindprotector collected $0.59 from pot
blindprotector: doesn't show hand 
*** SUMMARY ***
Total pot $0.59 | Rake $0 
Seat 1: blindprotector (button) collected ($0.59)
Seat 2: riho111 (small blind) folded before Flop
Seat 3: Mahu2021 (big blind) folded before Flop
Seat 4: Lim 2589 folded before Flop (didn't bet)
Seat 5: FrogDoc13 folded before Flop (didn't bet)
Seat 6: abcpoiloo folded before Flop



PokerStars Zoom Hand #254366226239:  Hold'em No Limit ($0.05/$0.10) - 2025/01/14 15:17:15 CET [2025/01/14 9:17:15 ET]
Table 'Aludra' 6-max Seat #1 is the button
Seat 1: Shakawka ($28.79 in chips) 
Seat 2: LovID ($10.30 in chips) 
Seat 3: earthspitter ($14.78 in chips) 
Seat 4: IronRay45 ($10 in chips) 
Seat 5: Mahu2021 ($10.76 in chips) 
Seat 6: xhmikost2 ($17.11 in chips) 
LovID: posts small blind $0.05
earthspitter: posts big blind $0.10
*** HOLE CARDS ***
Dealt to Mahu2021 [8c 9h]
IronRay45: folds 
Mahu2021: folds 
xhmikost2: folds 
Shakawka: raises $0.15 to $0.25
LovID: folds 
earthspitter: folds 
Uncalled bet ($0.15) returned to Shakawka
Shakawka collected $0.25 from pot
Shakawka: doesn't show hand 
*** SUMMARY ***
Total pot $0.25 | Rake $0 
Seat 1: Shakawka (button) collected ($0.25)
Seat 2: LovID (small blind) folded before Flop
Seat 3: earthspitter (big blind) folded before Flop
Seat 4: IronRay45 folded before Flop (didn't bet)
Seat 5: Mahu2021 folded before Flop (didn't bet)
Seat 6: xhmikost2 folded before Flop (didn't bet)



PokerStars Zoom Hand #254366227129:  Hold'em No Limit ($0.05/$0.10) - 2025/01/14 15:17:19 CET [2025/01/14 9:17:19 ET]
Table 'Aludra' 6-max Seat #1 is the button
Seat 1: Hedcrook ($11.81 in chips) 
Seat 2: TELU_sweets ($11.56 in chips) 
Seat 3: Lim 2589 ($10.47 in chips) 
Seat 4: Mahu2021 ($10.76 in chips) 
Seat 5: alan the boy ($21.46 in chips) 
Seat 6: IronRay45 ($10 in chips) 
TELU_sweets: posts small blind $0.05
Lim 2589: posts big blind $0.10
*** HOLE CARDS ***
Dealt to Mahu2021 [2c 2d]
Mahu2021: folds 
alan the boy: folds 
IronRay45: folds 
Hedcrook: folds 
TELU_sweets: raises $0.20 to $0.30
Lim 2589: folds 
Uncalled bet ($0.20) returned to TELU_sweets
TELU_sweets collected $0.20 from pot
TELU_sweets: doesn't show hand 
*** SUMMARY ***
Total pot $0.20 | Rake $0 
Seat 1: Hedcrook (button) folded before Flop (didn't bet)
Seat 2: TELU_sweets (small blind) collected ($0.20)
Seat 3: Lim 2589 (big blind) folded before Flop
Seat 4: Mahu2021 folded before Flop (didn't bet)
Seat 5: alan the boy folded before Flop (didn't bet)
Seat 6: IronRay45 folded before Flop (didn't bet)



PokerStars Zoom Hand #254366224749:  Hold'em No Limit ($0.05/$0.10) - 2025/01/14 15:17:06 CET [2025/01/14 9:17:06 ET]
Table 'Aludra' 6-max Seat #1 is the button
Seat 1: Mahu2021 ($10.76 in chips) 
Seat 2: Vicktorio ($18.82 in chips) 
Seat 3: TheoPipkin ($6.61 in chips) 
Seat 4: kistomika1990 ($8.62 in chips) 
Seat 5: MrCangrejoTh ($19.37 in chips) 
Seat 6: yellda ($10.15 in chips) 
Vicktorio: posts small blind $0.05
TheoPipkin: posts big blind $0.10
*** HOLE CARDS ***
Dealt to Mahu2021 [Qh 4d]
kistomika1990: raises $0.15 to $0.25
MrCangrejoTh: folds 
yellda: folds 
Mahu2021: folds 
Vicktorio: folds 
TheoPipkin: calls $0.15
*** FLOP *** [Qc 9c 8s]
TheoPipkin: checks 
kistomika1990: bets $0.15
TheoPipkin: calls $0.15
*** TURN *** [Qc 9c 8s] [7s]
TheoPipkin: checks 
kistomika1990: checks 
*** RIVER *** [Qc 9c 8s 7s] [7h]
TheoPipkin: bets $0.40
kistomika1990: folds 
Uncalled bet ($0.40) returned to TheoPipkin
TheoPipkin collected $0.81 from pot
TheoPipkin: doesn't show hand 
*** SUMMARY ***
Total pot $0.85 | Rake $0.04 
Board [Qc 9c 8s 7s 7h]
Seat 1: Mahu2021 (button) folded before Flop (didn't bet)
Seat 2: Vicktorio (small blind) folded before Flop
Seat 3: TheoPipkin (big blind) collected ($0.81)
Seat 4: kistomika1990 folded on the River
Seat 5: MrCangrejoTh folded before Flop (didn't bet)
Seat 6: yellda folded before Flop (didn't bet)



PokerStars Zoom Hand #254366228569:  Hold'em No Limit ($0.05/$0.10) - 2025/01/14 15:17:27 CET [2025/01/14 9:17:27 ET]
Table 'Aludra' 6-max Seat #1 is the button
Seat 1: openymir ($25.53 in chips) 
Seat 2: zodapoker ($45.35 in chips) 
Seat 3: Mahu2021 ($10.71 in chips) 
Seat 4: MonsterCJ ($24.51 in chips) 
Seat 5: shortstackpro ($5.37 in chips) 
Seat 6: SAJKN5CL ($6.72 in chips) 
zodapoker: posts small blind $0.05
Mahu2021: posts big blind $0.10
*** HOLE CARDS ***
Dealt to Mahu2021 [7d Jh]
MonsterCJ: folds 
shortstackpro: folds 
SAJKN5CL: raises $0.20 to $0.30
openymir: folds 
zodapoker: calls $0.25
Mahu2021: calls $0.20
*** FLOP *** [8c Js Kh]
zodapoker: checks 
Mahu2021: checks 
SAJKN5CL: bets $0.65
zodapoker: folds 
Mahu2021: folds 
Uncalled bet ($0.65) returned to SAJKN5CL
SAJKN5CL collected $0.86 from pot
SAJKN5CL: doesn't show hand 
*** SUMMARY ***
Total pot $0.90 | Rake $0.04 
Board [8c Js Kh]
Seat 1: openymir (button) folded before Flop (didn't bet)
Seat 2: zodapoker (small blind) folded on the Flop
Seat 3: Mahu2021 (big blind) folded on the Flop
Seat 4: MonsterCJ folded before Flop (didn't bet)
Seat 5: shortstackpro folded before Flop (didn't bet)
Seat 6: SAJKN5CL collected ($0.86)



PokerStars Zoom Hand #254366227843:  Hold'em No Limit ($0.05/$0.10) - 2025/01/14 15:17:23 CET [2025/01/14 9:17:23 ET]
Table 'Aludra' 6-max Seat #1 is the button
Seat 1: IronRay45 ($10 in chips) 
Seat 2: Mahu2021 ($10.76 in chips) 
Seat 3: _abuss0s_ ($4.03 in chips) 
Seat 4: riho111 ($11.40 in chips) 
Seat 5: MrCangrejoTh ($23.64 in chips) 
Seat 6: tafarel8 ($10.22 in chips) 
Mahu2021: posts small blind $0.05
_abuss0s_: posts big blind $0.10
*** HOLE CARDS ***
Dealt to Mahu2021 [2d Ah]
riho111: calls $0.10
MrCangrejoTh: folds 
tafarel8: folds 
IronRay45: folds 
Mahu2021: folds 
_abuss0s_: checks 
*** FLOP *** [Jh 6c 8d]
_abuss0s_: bets $0.20
riho111: calls $0.20
*** TURN *** [Jh 6c 8d] [3h]
_abuss0s_: bets $0.20
riho111: raises $0.20 to $0.40
_abuss0s_: calls $0.20
*** RIVER *** [Jh 6c 8d 3h] [9h]
_abuss0s_: checks 
riho111: checks 
*** SHOW DOWN ***
_abuss0s_: shows [9d 8c] (two pair, Nines and Eights)
riho111: mucks hand 
_abuss0s_ collected $1.38 from pot
*** SUMMARY ***
Total pot $1.45 | Rake $0.07 
Board [Jh 6c 8d 3h 9h]
Seat 1: IronRay45 (button) folded before Flop (didn't bet)
Seat 2: Mahu2021 (small blind) folded before Flop
Seat 3: _abuss0s_ (big blind) showed [9d 8c] and won ($1.38) with two pair, Nines and Eights
Seat 4: riho111 mucked [Js Kd]
Seat 5: MrCangrejoTh folded before Flop (didn't bet)
Seat 6: tafarel8 folded before Flop (didn't bet)



PokerStars Zoom Hand #254366233087:  Hold'em No Limit ($0.05/$0.10) - 2025/01/14 15:17:53 CET [2025/01/14 9:17:53 ET]
Table 'Aludra' 6-max Seat #1 is the button
Seat 1: pougia777 ($10 in chips) 
Seat 2: TheoPipkin ($7.02 in chips) 
Seat 3: doctornicola ($7.23 in chips) 
Seat 4: shortstackpro ($5.37 in chips) 
Seat 5: Mahu2021 ($10.41 in chips) 
Seat 6: cinkelö ($10 in chips) 
TheoPipkin: posts small blind $0.05
doctornicola: posts big blind $0.10
*** HOLE CARDS ***
Dealt to Mahu2021 [8h Jd]
shortstackpro: raises $0.25 to $0.35
Mahu2021: folds 
cinkelö: folds 
pougia777: folds 
TheoPipkin: folds 
doctornicola: folds 
Uncalled bet ($0.25) returned to shortstackpro
shortstackpro collected $0.25 from pot
shortstackpro: doesn't show hand 
*** SUMMARY ***
Total pot $0.25 | Rake $0 
Seat 1: pougia777 (button) folded before Flop (didn't bet)
Seat 2: TheoPipkin (small blind) folded before Flop
Seat 3: doctornicola (big blind) folded before Flop
Seat 4: shortstackpro collected ($0.25)
Seat 5: Mahu2021 folded before Flop (didn't bet)
Seat 6: cinkelö folded before Flop (didn't bet)



PokerStars Zoom Hand #254366235073:  Hold'em No Limit ($0.05/$0.10) - 2025/01/14 15:18:03 CET [2025/01/14 9:18:03 ET]
Table 'Aludra' 6-max Seat #1 is the button
Seat 1: GymStefani ($6.08 in chips) 
Seat 2: HakuBD ($5.62 in chips) 
Seat 3: Dr.EMW ($16.14 in chips) 
Seat 4: Mahu2021 ($10.41 in chips) 
Seat 5: Luffy V ($23.11 in chips) 
Seat 6: IronRay45 ($10 in chips) 
HakuBD: posts small blind $0.05
Dr.EMW: posts big blind $0.10
*** HOLE CARDS ***
Dealt to Mahu2021 [7d Kc]
Mahu2021: folds 
Luffy V: folds 
IronRay45: folds 
GymStefani: raises $0.15 to $0.25
HakuBD: folds 
Dr.EMW: folds 
Uncalled bet ($0.15) returned to GymStefani
GymStefani collected $0.25 from pot
GymStefani: doesn't show hand 
*** SUMMARY ***
Total pot $0.25 | Rake $0 
Seat 1: GymStefani (button) collected ($0.25)
Seat 2: HakuBD (small blind) folded before Flop
Seat 3: Dr.EMW (big blind) folded before Flop
Seat 4: Mahu2021 folded before Flop (didn't bet)
Seat 5: Luffy V folded before Flop (didn't bet)
Seat 6: IronRay45 folded before Flop (didn't bet)



PokerStars Zoom Hand #254366235810:  Hold'em No Limit ($0.05/$0.10) - 2025/01/14 15:18:08 CET [2025/01/14 9:18:08 ET]
Table 'Aludra' 6-max Seat #1 is the button
Seat 1: Nasenspray14 ($2.95 in chips) 
Seat 2: Scoobyjackuk ($2.69 in chips) 
Seat 3: Mahu2021 ($10.41 in chips) 
Seat 4: tafarel8 ($10.20 in chips) 
Seat 5: seonghwee ($16.58 in chips) 
Seat 6: kistomika1990 ($8.12 in chips) 
Scoobyjackuk: posts small blind $0.05
Mahu2021: posts big blind $0.10
*** HOLE CARDS ***
Dealt to Mahu2021 [Td 7c]
tafarel8: raises $0.12 to $0.22
seonghwee: folds 
kistomika1990: folds 
Nasenspray14: folds 
Scoobyjackuk: folds 
Mahu2021: calls $0.12
*** FLOP *** [2d 4d Jc]
Mahu2021: checks 
tafarel8: bets $0.71
Mahu2021: folds 
Uncalled bet ($0.71) returned to tafarel8
tafarel8 collected $0.47 from pot
tafarel8: doesn't show hand 
*** SUMMARY ***
Total pot $0.49 | Rake $0.02 
Board [2d 4d Jc]
Seat 1: Nasenspray14 (button) folded before Flop (didn't bet)
Seat 2: Scoobyjackuk (small blind) folded before Flop
Seat 3: Mahu2021 (big blind) folded on the Flop
Seat 4: tafarel8 collected ($0.47)
Seat 5: seonghwee folded before Flop (didn't bet)
Seat 6: kistomika1990 folded before Flop (didn't bet)



PokerStars Zoom Hand #254366238547:  Hold'em No Limit ($0.05/$0.10) - 2025/01/14 15:18:23 CET [2025/01/14 9:18:23 ET]
Table 'Aludra' 6-max Seat #1 is the button
Seat 1: MrCangrejoTh ($18.27 in chips) 
Seat 2: doctornicola ($7.13 in chips) 
Seat 3: acebob999 ($11.11 in chips) 
Seat 4: potato0805 ($15.58 in chips) 
Seat 5: fransisco 234 ($10.27 in chips) 
Seat 6: Mahu2021 ($10.19 in chips) 
doctornicola: posts small blind $0.05
acebob999: posts big blind $0.10
*** HOLE CARDS ***
Dealt to Mahu2021 [7d Js]
potato0805: folds 
fransisco 234: folds 
Mahu2021: folds 
MrCangrejoTh: folds 
doctornicola: folds 
Uncalled bet ($0.05) returned to acebob999
acebob999 collected $0.10 from pot
acebob999: doesn't show hand 
*** SUMMARY ***
Total pot $0.10 | Rake $0 
Seat 1: MrCangrejoTh (button) folded before Flop (didn't bet)
Seat 2: doctornicola (small blind) folded before Flop
Seat 3: acebob999 (big blind) collected ($0.10)
Seat 4: potato0805 folded before Flop (didn't bet)
Seat 5: fransisco 234 folded before Flop (didn't bet)
Seat 6: Mahu2021 folded before Flop (didn't bet)



PokerStars Zoom Hand #254366234514:  Hold'em No Limit ($0.05/$0.10) - 2025/01/14 15:18:01 CET [2025/01/14 9:18:01 ET]
Table 'Aludra' 6-max Seat #1 is the button
Seat 1: MonsterCJ ($24.36 in chips) 
Seat 2: Cheeeeerrss1 ($10 in chips) 
Seat 3: Vicktorio ($17.67 in chips) 
Seat 4: Mahu2021 ($10.41 in chips) 
Seat 5: zorroxwin ($25.21 in chips) 
Seat 6: tafarel8 ($10 in chips) 
Cheeeeerrss1: posts small blind $0.05
Vicktorio: posts big blind $0.10
*** HOLE CARDS ***
Dealt to Mahu2021 [6d 2d]
Mahu2021: folds 
zorroxwin: calls $0.10
tafarel8: folds 
MonsterCJ: raises $0.25 to $0.35
Cheeeeerrss1: folds 
Vicktorio: folds 
zorroxwin: calls $0.25
*** FLOP *** [9h Kc 7h]
zorroxwin: checks 
MonsterCJ: bets $0.41
zorroxwin: folds 
Uncalled bet ($0.41) returned to MonsterCJ
MonsterCJ collected $0.81 from pot
MonsterCJ: doesn't show hand 
*** SUMMARY ***
Total pot $0.85 | Rake $0.04 
Board [9h Kc 7h]
Seat 1: MonsterCJ (button) collected ($0.81)
Seat 2: Cheeeeerrss1 (small blind) folded before Flop
Seat 3: Vicktorio (big blind) folded before Flop
Seat 4: Mahu2021 folded before Flop (didn't bet)
Seat 5: zorroxwin folded on the Flop
Seat 6: tafarel8 folded before Flop (didn't bet)



PokerStars Zoom Hand #254366239269:  Hold'em No Limit ($0.05/$0.10) - 2025/01/14 15:18:27 CET [2025/01/14 9:18:27 ET]
Table 'Aludra' 6-max Seat #1 is the button
Seat 1: Shakawka ($29.14 in chips) 
Seat 2: Mahu2021 ($10.19 in chips) 
Seat 3: potato0805 ($15.58 in chips) 
Seat 4: Lim 2589 ($10.12 in chips) 
Seat 5: isieisli ($53.40 in chips) 
Seat 6: MrCangrejoTh ($18.27 in chips) 
Mahu2021: posts small blind $0.05
potato0805: posts big blind $0.10
*** HOLE CARDS ***
Dealt to Mahu2021 [7s Kd]
Lim 2589: folds 
isieisli: folds 
MrCangrejoTh: folds 
Shakawka: folds 
Mahu2021: folds 
Uncalled bet ($0.05) returned to potato0805
potato0805 collected $0.10 from pot
potato0805: doesn't show hand 
*** SUMMARY ***
Total pot $0.10 | Rake $0 
Seat 1: Shakawka (button) folded before Flop (didn't bet)
Seat 2: Mahu2021 (small blind) folded before Flop
Seat 3: potato0805 (big blind) collected ($0.10)
Seat 4: Lim 2589 folded before Flop (didn't bet)
Seat 5: isieisli folded before Flop (didn't bet)
Seat 6: MrCangrejoTh folded before Flop (didn't bet)



PokerStars Zoom Hand #254366233775:  Hold'em No Limit ($0.05/$0.10) - 2025/01/14 15:17:56 CET [2025/01/14 9:17:56 ET]
Table 'Aludra' 6-max Seat #1 is the button
Seat 1: Mahu2021 ($10.41 in chips) 
Seat 2: Pokoreo ($19.69 in chips) 
Seat 3: Kityara69 ($10.83 in chips) 
Seat 4: royacht ($9.71 in chips) 
Seat 5: Last Big Buddha ($12.32 in chips) 
Seat 6: Luffy V ($23.16 in chips) 
Pokoreo: posts small blind $0.05
Kityara69: posts big blind $0.10
*** HOLE CARDS ***
Dealt to Mahu2021 [9d 7s]
royacht: folds 
Last Big Buddha: raises $0.15 to $0.25
Luffy V: folds 
Mahu2021: folds 
Pokoreo: folds 
Kityara69: calls $0.15
*** FLOP *** [Ad Qc Ks]
Kityara69: checks 
Last Big Buddha: bets $0.53
Kityara69: folds 
Uncalled bet ($0.53) returned to Last Big Buddha
Last Big Buddha collected $0.53 from pot
Last Big Buddha: doesn't show hand 
*** SUMMARY ***
Total pot $0.55 | Rake $0.02 
Board [Ad Qc Ks]
Seat 1: Mahu2021 (button) folded before Flop (didn't bet)
Seat 2: Pokoreo (small blind) folded before Flop
Seat 3: Kityara69 (big blind) folded on the Flop
Seat 4: royacht folded before Flop (didn't bet)
Seat 5: Last Big Buddha collected ($0.53)
Seat 6: Luffy V folded before Flop (didn't bet)



PokerStars Zoom Hand #254366240078:  Hold'em No Limit ($0.05/$0.10) - 2025/01/14 15:18:31 CET [2025/01/14 9:18:31 ET]
Table 'Aludra' 6-max Seat #1 is the button
Seat 1: Mahu2021 ($10.14 in chips) 
Seat 2: royacht ($9.71 in chips) 
Seat 3: LovID ($10.25 in chips) 
Seat 4: xhmikost2 ($22.23 in chips) 
Seat 5: top4eto860 ($11.31 in chips) 
Seat 6: tafarel8 ($10.07 in chips) 
royacht: posts small blind $0.05
LovID: posts big blind $0.10
*** HOLE CARDS ***
Dealt to Mahu2021 [As Td]
xhmikost2: folds 
top4eto860: folds 
tafarel8: folds 
Mahu2021: raises $0.20 to $0.30
royacht: folds 
LovID: folds 
Uncalled bet ($0.20) returned to Mahu2021
Mahu2021 collected $0.25 from pot
Mahu2021: doesn't show hand 
*** SUMMARY ***
Total pot $0.25 | Rake $0 
Seat 1: Mahu2021 (button) collected ($0.25)
Seat 2: royacht (small blind) folded before Flop
Seat 3: LovID (big blind) folded before Flop
Seat 4: xhmikost2 folded before Flop (didn't bet)
Seat 5: top4eto860 folded before Flop (didn't bet)
Seat 6: tafarel8 folded before Flop (didn't bet)



