PokerStars Hand #243467951548: Tournament #3586110902, $0.92+$0.08 USD Hold'em No Limit - Level I (10/20) - 2023/05/03 20:29:50 CET [2023/05/03 14:29:50 ET]
Table '3586110902 1' 3-max Seat #1 is the button
Seat 1: BCRx26 (500 in chips) 
Seat 2: lockSmith404 (500 in chips) 
Seat 3: Mahu2021 (500 in chips) 
lockSmith404: posts small blind 10
Mahu2021: posts big blind 20
*** HOLE CARDS ***
Dealt to Mahu2021 [Ad Jc]
BCRx26: calls 20
lockSmith404: calls 10
Mahu2021: checks 
*** FLOP *** [Kh Qh 6s]
lockSmith404: checks 
Mahu2021: checks 
BCRx26: bets 20
lockSmith404: folds 
Mahu2021: calls 20
*** TURN *** [Kh Qh 6s] [5c]
Mahu2021: checks 
BCRx26: bets 20
Mahu2021: calls 20
*** RIVER *** [Kh Qh 6s 5c] [Jh]
Mahu2021: checks 
BCRx26: bets 70
Mahu2021: folds 
Uncalled bet (70) returned to BCRx26
BCRx26 collected 140 from pot
BCRx26: doesn't show hand 
*** SUMMARY ***
Total pot 140 | Rake 0 
Board [Kh Qh 6s 5c Jh]
Seat 1: BCRx26 (button) collected (140)
Seat 2: lockSmith404 (small blind) folded on the Flop
Seat 3: Mahu2021 (big blind) folded on the River



PokerStars Hand #243467962498: Tournament #3586110902, $0.92+$0.08 USD Hold'em No Limit - Level I (10/20) - 2023/05/03 20:30:16 CET [2023/05/03 14:30:16 ET]
Table '3586110902 1' 3-max Seat #2 is the button
Seat 1: BCRx26 (580 in chips) 
Seat 2: lockSmith404 (480 in chips) 
Seat 3: Mahu2021 (440 in chips) 
Mahu2021: posts small blind 10
BCRx26: posts big blind 20
*** HOLE CARDS ***
Dealt to Mahu2021 [4c Jc]
lockSmith404: raises 20 to 40
Mahu2021: calls 30
BCRx26: calls 20
*** FLOP *** [2d 7s Ts]
Mahu2021: checks 
BCRx26: checks 
lockSmith404: checks 
*** TURN *** [2d 7s Ts] [Tc]
Mahu2021: checks 
BCRx26: checks 
lockSmith404: bets 20
Mahu2021: folds 
BCRx26: calls 20
*** RIVER *** [2d 7s Ts Tc] [5d]
BCRx26: checks 
lockSmith404: checks 
*** SHOW DOWN ***
BCRx26: shows [Jh Qd] (a pair of Tens)
lockSmith404: shows [Ah 3d] (a pair of Tens - Ace kicker)
lockSmith404 collected 160 from pot
*** SUMMARY ***
Total pot 160 | Rake 0 
Board [2d 7s Ts Tc 5d]
Seat 1: BCRx26 (big blind) showed [Jh Qd] and lost with a pair of Tens
Seat 2: lockSmith404 (button) showed [Ah 3d] and won (160) with a pair of Tens
Seat 3: Mahu2021 (small blind) folded on the Turn



PokerStars Hand #243467971405: Tournament #3586110902, $0.92+$0.08 USD Hold'em No Limit - Level I (10/20) - 2023/05/03 20:30:37 CET [2023/05/03 14:30:37 ET]
Table '3586110902 1' 3-max Seat #3 is the button
Seat 1: BCRx26 (520 in chips) 
Seat 2: lockSmith404 (580 in chips) 
Seat 3: Mahu2021 (400 in chips) 
BCRx26: posts small blind 10
lockSmith404: posts big blind 20
*** HOLE CARDS ***
Dealt to Mahu2021 [8c 4s]
Mahu2021: folds 
BCRx26: folds 
Uncalled bet (10) returned to lockSmith404
lockSmith404 collected 20 from pot
lockSmith404: doesn't show hand 
*** SUMMARY ***
Total pot 20 | Rake 0 
Seat 1: BCRx26 (small blind) folded before Flop
Seat 2: lockSmith404 (big blind) collected (20)
Seat 3: Mahu2021 (button) folded before Flop (didn't bet)



PokerStars Hand #243467976648: Tournament #3586110902, $0.92+$0.08 USD Hold'em No Limit - Level I (10/20) - 2023/05/03 20:30:50 CET [2023/05/03 14:30:50 ET]
Table '3586110902 1' 3-max Seat #1 is the button
Seat 1: BCRx26 (510 in chips) 
Seat 2: lockSmith404 (590 in chips) 
Seat 3: Mahu2021 (400 in chips) 
lockSmith404: posts small blind 10
Mahu2021: posts big blind 20
*** HOLE CARDS ***
Dealt to Mahu2021 [7c Ah]
BCRx26: folds 
lockSmith404: folds 
Uncalled bet (10) returned to Mahu2021
Mahu2021 collected 20 from pot
Mahu2021: doesn't show hand 
*** SUMMARY ***
Total pot 20 | Rake 0 
Seat 1: BCRx26 (button) folded before Flop (didn't bet)
Seat 2: lockSmith404 (small blind) folded before Flop
Seat 3: Mahu2021 (big blind) collected (20)



PokerStars Hand #243467978768: Tournament #3586110902, $0.92+$0.08 USD Hold'em No Limit - Level I (10/20) - 2023/05/03 20:30:55 CET [2023/05/03 14:30:55 ET]
Table '3586110902 1' 3-max Seat #2 is the button
Seat 1: BCRx26 (510 in chips) 
Seat 2: lockSmith404 (580 in chips) 
Seat 3: Mahu2021 (410 in chips) 
Mahu2021: posts small blind 10
BCRx26: posts big blind 20
*** HOLE CARDS ***
Dealt to Mahu2021 [Jh 9h]
lockSmith404: folds 
Mahu2021: raises 20 to 40
BCRx26: folds 
Uncalled bet (20) returned to Mahu2021
Mahu2021 collected 40 from pot
Mahu2021: doesn't show hand 
*** SUMMARY ***
Total pot 40 | Rake 0 
Seat 1: BCRx26 (big blind) folded before Flop
Seat 2: lockSmith404 (button) folded before Flop (didn't bet)
Seat 3: Mahu2021 (small blind) collected (40)



PokerStars Hand #243467984985: Tournament #3586110902, $0.92+$0.08 USD Hold'em No Limit - Level I (10/20) - 2023/05/03 20:31:10 CET [2023/05/03 14:31:10 ET]
Table '3586110902 1' 3-max Seat #3 is the button
Seat 1: BCRx26 (490 in chips) 
Seat 2: lockSmith404 (580 in chips) 
Seat 3: Mahu2021 (430 in chips) 
BCRx26: posts small blind 10
lockSmith404: posts big blind 20
*** HOLE CARDS ***
Dealt to Mahu2021 [Ac 2c]
Mahu2021: raises 20 to 40
BCRx26: folds 
lockSmith404: calls 20
*** FLOP *** [2d 9c 4s]
lockSmith404: checks 
Mahu2021: bets 40
lockSmith404: raises 80 to 120
Mahu2021: calls 80
*** TURN *** [2d 9c 4s] [Ah]
lockSmith404: checks 
Mahu2021: bets 270 and is all-in
lockSmith404: folds 
Uncalled bet (270) returned to Mahu2021
Mahu2021 collected 330 from pot
Mahu2021: doesn't show hand 
*** SUMMARY ***
Total pot 330 | Rake 0 
Board [2d 9c 4s Ah]
Seat 1: BCRx26 (small blind) folded before Flop
Seat 2: lockSmith404 (big blind) folded on the Turn
Seat 3: Mahu2021 (button) collected (330)



PokerStars Hand #243467994972: Tournament #3586110902, $0.92+$0.08 USD Hold'em No Limit - Level I (10/20) - 2023/05/03 20:31:34 CET [2023/05/03 14:31:34 ET]
Table '3586110902 1' 3-max Seat #1 is the button
Seat 1: BCRx26 (480 in chips) 
Seat 2: lockSmith404 (420 in chips) 
Seat 3: Mahu2021 (600 in chips) 
lockSmith404: posts small blind 10
Mahu2021: posts big blind 20
*** HOLE CARDS ***
Dealt to Mahu2021 [7s 9h]
BCRx26: folds 
lockSmith404: folds 
Uncalled bet (10) returned to Mahu2021
Mahu2021 collected 20 from pot
Mahu2021: doesn't show hand 
*** SUMMARY ***
Total pot 20 | Rake 0 
Seat 1: BCRx26 (button) folded before Flop (didn't bet)
Seat 2: lockSmith404 (small blind) folded before Flop
Seat 3: Mahu2021 (big blind) collected (20)



PokerStars Hand #243467996929: Tournament #3586110902, $0.92+$0.08 USD Hold'em No Limit - Level I (10/20) - 2023/05/03 20:31:39 CET [2023/05/03 14:31:39 ET]
Table '3586110902 1' 3-max Seat #2 is the button
Seat 1: BCRx26 (480 in chips) 
Seat 2: lockSmith404 (410 in chips) 
Seat 3: Mahu2021 (610 in chips) 
Mahu2021: posts small blind 10
BCRx26: posts big blind 20
*** HOLE CARDS ***
Dealt to Mahu2021 [Jd As]
lockSmith404: raises 20 to 40
Mahu2021: calls 30
BCRx26: raises 20 to 60
lockSmith404: calls 20
Mahu2021: calls 20
*** FLOP *** [6h Ts 2d]
Mahu2021: checks 
BCRx26: bets 90
lockSmith404: folds 
Mahu2021: folds 
Uncalled bet (90) returned to BCRx26
BCRx26 collected 180 from pot
BCRx26: doesn't show hand 
*** SUMMARY ***
Total pot 180 | Rake 0 
Board [6h Ts 2d]
Seat 1: BCRx26 (big blind) collected (180)
Seat 2: lockSmith404 (button) folded on the Flop
Seat 3: Mahu2021 (small blind) folded on the Flop



PokerStars Hand #243468005705: Tournament #3586110902, $0.92+$0.08 USD Hold'em No Limit - Level II (15/30) - 2023/05/03 20:32:00 CET [2023/05/03 14:32:00 ET]
Table '3586110902 1' 3-max Seat #3 is the button
Seat 1: BCRx26 (600 in chips) 
Seat 2: lockSmith404 (350 in chips) 
Seat 3: Mahu2021 (550 in chips) 
BCRx26: posts small blind 15
lockSmith404: posts big blind 30
*** HOLE CARDS ***
Dealt to Mahu2021 [Qs 6d]
Mahu2021: folds 
BCRx26: raises 60 to 90
lockSmith404: folds 
Uncalled bet (60) returned to BCRx26
BCRx26 collected 60 from pot
BCRx26: doesn't show hand 
*** SUMMARY ***
Total pot 60 | Rake 0 
Seat 1: BCRx26 (small blind) collected (60)
Seat 2: lockSmith404 (big blind) folded before Flop
Seat 3: Mahu2021 (button) folded before Flop (didn't bet)



PokerStars Hand #243468008857: Tournament #3586110902, $0.92+$0.08 USD Hold'em No Limit - Level II (15/30) - 2023/05/03 20:32:08 CET [2023/05/03 14:32:08 ET]
Table '3586110902 1' 3-max Seat #1 is the button
Seat 1: BCRx26 (630 in chips) 
Seat 2: lockSmith404 (320 in chips) 
Seat 3: Mahu2021 (550 in chips) 
lockSmith404: posts small blind 15
Mahu2021: posts big blind 30
*** HOLE CARDS ***
Dealt to Mahu2021 [4s 5h]
BCRx26: calls 30
lockSmith404: raises 30 to 60
Mahu2021: calls 30
BCRx26: calls 30
*** FLOP *** [5s 3s 8c]
lockSmith404: bets 180
Mahu2021: folds 
BCRx26: folds 
Uncalled bet (180) returned to lockSmith404
lockSmith404 collected 180 from pot
lockSmith404: doesn't show hand 
*** SUMMARY ***
Total pot 180 | Rake 0 
Board [5s 3s 8c]
Seat 1: BCRx26 (button) folded on the Flop
Seat 2: lockSmith404 (small blind) collected (180)
Seat 3: Mahu2021 (big blind) folded on the Flop



PokerStars Hand #243468017450: Tournament #3586110902, $0.92+$0.08 USD Hold'em No Limit - Level II (15/30) - 2023/05/03 20:32:28 CET [2023/05/03 14:32:28 ET]
Table '3586110902 1' 3-max Seat #2 is the button
Seat 1: BCRx26 (570 in chips) 
Seat 2: lockSmith404 (440 in chips) 
Seat 3: Mahu2021 (490 in chips) 
Mahu2021: posts small blind 15
BCRx26: posts big blind 30
*** HOLE CARDS ***
Dealt to Mahu2021 [4d 3d]
lockSmith404: calls 30
Mahu2021: calls 15
BCRx26: checks 
*** FLOP *** [5h Js 6s]
Mahu2021: checks 
BCRx26: checks 
lockSmith404: checks 
*** TURN *** [5h Js 6s] [Jc]
Mahu2021: bets 60
BCRx26: folds 
lockSmith404: folds 
Uncalled bet (60) returned to Mahu2021
Mahu2021 collected 90 from pot
Mahu2021: doesn't show hand 
*** SUMMARY ***
Total pot 90 | Rake 0 
Board [5h Js 6s Jc]
Seat 1: BCRx26 (big blind) folded on the Turn
Seat 2: lockSmith404 (button) folded on the Turn
Seat 3: Mahu2021 (small blind) collected (90)



PokerStars Hand #243468024976: Tournament #3586110902, $0.92+$0.08 USD Hold'em No Limit - Level II (15/30) - 2023/05/03 20:32:46 CET [2023/05/03 14:32:46 ET]
Table '3586110902 1' 3-max Seat #3 is the button
Seat 1: BCRx26 (540 in chips) 
Seat 2: lockSmith404 (410 in chips) 
Seat 3: Mahu2021 (550 in chips) 
BCRx26: posts small blind 15
lockSmith404: posts big blind 30
*** HOLE CARDS ***
Dealt to Mahu2021 [7s Jd]
Mahu2021: folds 
BCRx26: folds 
Uncalled bet (15) returned to lockSmith404
lockSmith404 collected 30 from pot
lockSmith404: doesn't show hand 
*** SUMMARY ***
Total pot 30 | Rake 0 
Seat 1: BCRx26 (small blind) folded before Flop
Seat 2: lockSmith404 (big blind) collected (30)
Seat 3: Mahu2021 (button) folded before Flop (didn't bet)



PokerStars Hand #243468027323: Tournament #3586110902, $0.92+$0.08 USD Hold'em No Limit - Level II (15/30) - 2023/05/03 20:32:52 CET [2023/05/03 14:32:52 ET]
Table '3586110902 1' 3-max Seat #1 is the button
Seat 1: BCRx26 (525 in chips) 
Seat 2: lockSmith404 (425 in chips) 
Seat 3: Mahu2021 (550 in chips) 
lockSmith404: posts small blind 15
Mahu2021: posts big blind 30
*** HOLE CARDS ***
Dealt to Mahu2021 [4s Kd]
BCRx26: folds 
lockSmith404: folds 
Uncalled bet (15) returned to Mahu2021
Mahu2021 collected 30 from pot
Mahu2021: doesn't show hand 
*** SUMMARY ***
Total pot 30 | Rake 0 
Seat 1: BCRx26 (button) folded before Flop (didn't bet)
Seat 2: lockSmith404 (small blind) folded before Flop
Seat 3: Mahu2021 (big blind) collected (30)



PokerStars Hand #243468029263: Tournament #3586110902, $0.92+$0.08 USD Hold'em No Limit - Level II (15/30) - 2023/05/03 20:32:57 CET [2023/05/03 14:32:57 ET]
Table '3586110902 1' 3-max Seat #2 is the button
Seat 1: BCRx26 (525 in chips) 
Seat 2: lockSmith404 (410 in chips) 
Seat 3: Mahu2021 (565 in chips) 
Mahu2021: posts small blind 15
BCRx26: posts big blind 30
*** HOLE CARDS ***
Dealt to Mahu2021 [3d Kc]
lockSmith404: raises 30 to 60
Mahu2021: calls 45
BCRx26: folds 
*** FLOP *** [Ad 5d 8d]
Mahu2021: checks 
lockSmith404: bets 150
Mahu2021: folds 
Uncalled bet (150) returned to lockSmith404
lockSmith404 collected 150 from pot
lockSmith404: doesn't show hand 
*** SUMMARY ***
Total pot 150 | Rake 0 
Board [Ad 5d 8d]
Seat 1: BCRx26 (big blind) folded before Flop
Seat 2: lockSmith404 (button) collected (150)
Seat 3: Mahu2021 (small blind) folded on the Flop



PokerStars Hand #243468035778: Tournament #3586110902, $0.92+$0.08 USD Hold'em No Limit - Level II (15/30) - 2023/05/03 20:33:12 CET [2023/05/03 14:33:12 ET]
Table '3586110902 1' 3-max Seat #3 is the button
Seat 1: BCRx26 (495 in chips) 
Seat 2: lockSmith404 (500 in chips) 
Seat 3: Mahu2021 (505 in chips) 
BCRx26: posts small blind 15
lockSmith404: posts big blind 30
*** HOLE CARDS ***
Dealt to Mahu2021 [Kd As]
Mahu2021: raises 60 to 90
BCRx26: calls 75
lockSmith404: folds 
*** FLOP *** [Kc Ks Tc]
BCRx26: bets 30
Mahu2021: calls 30
*** TURN *** [Kc Ks Tc] [9s]
BCRx26: bets 30
Mahu2021: calls 30
*** RIVER *** [Kc Ks Tc 9s] [7h]
BCRx26: checks 
Mahu2021: bets 355 and is all-in
BCRx26: folds 
Uncalled bet (355) returned to Mahu2021
Mahu2021 collected 330 from pot
Mahu2021: doesn't show hand 
*** SUMMARY ***
Total pot 330 | Rake 0 
Board [Kc Ks Tc 9s 7h]
Seat 1: BCRx26 (small blind) folded on the River
Seat 2: lockSmith404 (big blind) folded before Flop
Seat 3: Mahu2021 (button) collected (330)



PokerStars Hand #243468047919: Tournament #3586110902, $0.92+$0.08 USD Hold'em No Limit - Level II (15/30) - 2023/05/03 20:33:41 CET [2023/05/03 14:33:41 ET]
Table '3586110902 1' 3-max Seat #1 is the button
Seat 1: BCRx26 (345 in chips) 
Seat 2: lockSmith404 (470 in chips) 
Seat 3: Mahu2021 (685 in chips) 
lockSmith404: posts small blind 15
Mahu2021: posts big blind 30
*** HOLE CARDS ***
Dealt to Mahu2021 [Kc Ad]
BCRx26: raises 30 to 60
lockSmith404: folds 
Mahu2021: raises 625 to 685 and is all-in
BCRx26: folds 
Uncalled bet (625) returned to Mahu2021
Mahu2021 collected 135 from pot
Mahu2021: doesn't show hand 
*** SUMMARY ***
Total pot 135 | Rake 0 
Seat 1: BCRx26 (button) folded before Flop
Seat 2: lockSmith404 (small blind) folded before Flop
Seat 3: Mahu2021 (big blind) collected (135)



PokerStars Hand #243468054115: Tournament #3586110902, $0.92+$0.08 USD Hold'em No Limit - Level III (20/40) - 2023/05/03 20:33:56 CET [2023/05/03 14:33:56 ET]
Table '3586110902 1' 3-max Seat #2 is the button
Seat 1: BCRx26 (285 in chips) 
Seat 2: lockSmith404 (455 in chips) 
Seat 3: Mahu2021 (760 in chips) 
Mahu2021: posts small blind 20
BCRx26: posts big blind 40
*** HOLE CARDS ***
Dealt to Mahu2021 [8d 2s]
lockSmith404: calls 40
Mahu2021: folds 
BCRx26: checks 
*** FLOP *** [9s 7c Qs]
BCRx26: checks 
lockSmith404: bets 40
BCRx26: folds 
Uncalled bet (40) returned to lockSmith404
lockSmith404 collected 100 from pot
lockSmith404: doesn't show hand 
*** SUMMARY ***
Total pot 100 | Rake 0 
Board [9s 7c Qs]
Seat 1: BCRx26 (big blind) folded on the Flop
Seat 2: lockSmith404 (button) collected (100)
Seat 3: Mahu2021 (small blind) folded before Flop



PokerStars Hand #243468060061: Tournament #3586110902, $0.92+$0.08 USD Hold'em No Limit - Level III (20/40) - 2023/05/03 20:34:10 CET [2023/05/03 14:34:10 ET]
Table '3586110902 1' 3-max Seat #3 is the button
Seat 1: BCRx26 (245 in chips) 
Seat 2: lockSmith404 (515 in chips) 
Seat 3: Mahu2021 (740 in chips) 
BCRx26: posts small blind 20
lockSmith404: posts big blind 40
*** HOLE CARDS ***
Dealt to Mahu2021 [4s Jd]
Mahu2021: folds 
BCRx26: folds 
Uncalled bet (20) returned to lockSmith404
lockSmith404 collected 40 from pot
lockSmith404: doesn't show hand 
*** SUMMARY ***
Total pot 40 | Rake 0 
Seat 1: BCRx26 (small blind) folded before Flop
Seat 2: lockSmith404 (big blind) collected (40)
Seat 3: Mahu2021 (button) folded before Flop (didn't bet)



PokerStars Hand #243468062759: Tournament #3586110902, $0.92+$0.08 USD Hold'em No Limit - Level III (20/40) - 2023/05/03 20:34:17 CET [2023/05/03 14:34:17 ET]
Table '3586110902 1' 3-max Seat #1 is the button
Seat 1: BCRx26 (225 in chips) 
Seat 2: lockSmith404 (535 in chips) 
Seat 3: Mahu2021 (740 in chips) 
lockSmith404: posts small blind 20
Mahu2021: posts big blind 40
*** HOLE CARDS ***
Dealt to Mahu2021 [Ac 3h]
BCRx26: raises 80 to 120
lockSmith404: folds 
Mahu2021: folds 
Uncalled bet (80) returned to BCRx26
BCRx26 collected 100 from pot
BCRx26: doesn't show hand 
*** SUMMARY ***
Total pot 100 | Rake 0 
Seat 1: BCRx26 (button) collected (100)
Seat 2: lockSmith404 (small blind) folded before Flop
Seat 3: Mahu2021 (big blind) folded before Flop



PokerStars Hand #243468068631: Tournament #3586110902, $0.92+$0.08 USD Hold'em No Limit - Level III (20/40) - 2023/05/03 20:34:31 CET [2023/05/03 14:34:31 ET]
Table '3586110902 1' 3-max Seat #2 is the button
Seat 1: BCRx26 (285 in chips) 
Seat 2: lockSmith404 (515 in chips) 
Seat 3: Mahu2021 (700 in chips) 
Mahu2021: posts small blind 20
BCRx26: posts big blind 40
*** HOLE CARDS ***
Dealt to Mahu2021 [8d Kc]
lockSmith404: raises 40 to 80
Mahu2021: folds 
BCRx26: folds 
Uncalled bet (40) returned to lockSmith404
lockSmith404 collected 100 from pot
lockSmith404: doesn't show hand 
*** SUMMARY ***
Total pot 100 | Rake 0 
Seat 1: BCRx26 (big blind) folded before Flop
Seat 2: lockSmith404 (button) collected (100)
Seat 3: Mahu2021 (small blind) folded before Flop



PokerStars Hand #243468071939: Tournament #3586110902, $0.92+$0.08 USD Hold'em No Limit - Level III (20/40) - 2023/05/03 20:34:39 CET [2023/05/03 14:34:39 ET]
Table '3586110902 1' 3-max Seat #3 is the button
Seat 1: BCRx26 (245 in chips) 
Seat 2: lockSmith404 (575 in chips) 
Seat 3: Mahu2021 (680 in chips) 
BCRx26: posts small blind 20
lockSmith404: posts big blind 40
*** HOLE CARDS ***
Dealt to Mahu2021 [Kh Ts]
Mahu2021: raises 40 to 80
BCRx26: folds 
lockSmith404: calls 40
*** FLOP *** [4d 7s Qh]
lockSmith404: checks 
Mahu2021: bets 80
lockSmith404: calls 80
*** TURN *** [4d 7s Qh] [Th]
lockSmith404: checks 
Mahu2021: checks 
*** RIVER *** [4d 7s Qh Th] [6d]
lockSmith404: bets 80
Mahu2021: calls 80
*** SHOW DOWN ***
lockSmith404: shows [As 7c] (a pair of Sevens)
Mahu2021: shows [Kh Ts] (a pair of Tens)
Mahu2021 collected 500 from pot
*** SUMMARY ***
Total pot 500 | Rake 0 
Board [4d 7s Qh Th 6d]
Seat 1: BCRx26 (small blind) folded before Flop
Seat 2: lockSmith404 (big blind) showed [As 7c] and lost with a pair of Sevens
Seat 3: Mahu2021 (button) showed [Kh Ts] and won (500) with a pair of Tens



PokerStars Hand #243468079650: Tournament #3586110902, $0.92+$0.08 USD Hold'em No Limit - Level III (20/40) - 2023/05/03 20:34:57 CET [2023/05/03 14:34:57 ET]
Table '3586110902 1' 3-max Seat #1 is the button
Seat 1: BCRx26 (225 in chips) 
Seat 2: lockSmith404 (335 in chips) 
Seat 3: Mahu2021 (940 in chips) 
lockSmith404: posts small blind 20
Mahu2021: posts big blind 40
*** HOLE CARDS ***
Dealt to Mahu2021 [4h 8c]
BCRx26: folds 
lockSmith404: calls 20
Mahu2021: checks 
*** FLOP *** [Qd Jh 7h]
lockSmith404: checks 
Mahu2021: bets 40
lockSmith404: folds 
Uncalled bet (40) returned to Mahu2021
Mahu2021 collected 80 from pot
Mahu2021: doesn't show hand 
*** SUMMARY ***
Total pot 80 | Rake 0 
Board [Qd Jh 7h]
Seat 1: BCRx26 (button) folded before Flop (didn't bet)
Seat 2: lockSmith404 (small blind) folded on the Flop
Seat 3: Mahu2021 (big blind) collected (80)



PokerStars Hand #243468086027: Tournament #3586110902, $0.92+$0.08 USD Hold'em No Limit - Level III (20/40) - 2023/05/03 20:35:12 CET [2023/05/03 14:35:12 ET]
Table '3586110902 1' 3-max Seat #2 is the button
Seat 1: BCRx26 (225 in chips) 
Seat 2: lockSmith404 (295 in chips) 
Seat 3: Mahu2021 (980 in chips) 
Mahu2021: posts small blind 20
BCRx26: posts big blind 40
*** HOLE CARDS ***
Dealt to Mahu2021 [2h Ts]
lockSmith404: raises 255 to 295 and is all-in
Mahu2021: folds 
BCRx26: folds 
Uncalled bet (255) returned to lockSmith404
lockSmith404 collected 100 from pot
lockSmith404: doesn't show hand 
*** SUMMARY ***
Total pot 100 | Rake 0 
Seat 1: BCRx26 (big blind) folded before Flop
Seat 2: lockSmith404 (button) collected (100)
Seat 3: Mahu2021 (small blind) folded before Flop



PokerStars Hand #243468088187: Tournament #3586110902, $0.92+$0.08 USD Hold'em No Limit - Level III (20/40) - 2023/05/03 20:35:18 CET [2023/05/03 14:35:18 ET]
Table '3586110902 1' 3-max Seat #3 is the button
Seat 1: BCRx26 (185 in chips) 
Seat 2: lockSmith404 (355 in chips) 
Seat 3: Mahu2021 (960 in chips) 
BCRx26: posts small blind 20
lockSmith404: posts big blind 40
*** HOLE CARDS ***
Dealt to Mahu2021 [Td 6c]
Mahu2021: folds 
BCRx26: raises 145 to 185 and is all-in
lockSmith404: calls 145
*** FLOP *** [5d Ad 8c]
*** TURN *** [5d Ad 8c] [2s]
*** RIVER *** [5d Ad 8c 2s] [Kc]
*** SHOW DOWN ***
BCRx26: shows [5s 6d] (a pair of Fives)
lockSmith404: shows [Qd 3d] (high card Ace)
BCRx26 collected 370 from pot
*** SUMMARY ***
Total pot 370 | Rake 0 
Board [5d Ad 8c 2s Kc]
Seat 1: BCRx26 (small blind) showed [5s 6d] and won (370) with a pair of Fives
Seat 2: lockSmith404 (big blind) showed [Qd 3d] and lost with high card Ace
Seat 3: Mahu2021 (button) folded before Flop (didn't bet)



PokerStars Hand #243468094267: Tournament #3586110902, $0.92+$0.08 USD Hold'em No Limit - Level III (20/40) - 2023/05/03 20:35:32 CET [2023/05/03 14:35:32 ET]
Table '3586110902 1' 3-max Seat #1 is the button
Seat 1: BCRx26 (370 in chips) 
Seat 2: lockSmith404 (170 in chips) 
Seat 3: Mahu2021 (960 in chips) 
lockSmith404: posts small blind 20
Mahu2021: posts big blind 40
*** HOLE CARDS ***
Dealt to Mahu2021 [2s 4c]
BCRx26: raises 330 to 370 and is all-in
lockSmith404: calls 150 and is all-in
Mahu2021: folds 
Uncalled bet (200) returned to BCRx26
*** FLOP *** [5s 3d 9d]
*** TURN *** [5s 3d 9d] [Jc]
*** RIVER *** [5s 3d 9d Jc] [9c]
*** SHOW DOWN ***
lockSmith404: shows [6s 6d] (two pair, Nines and Sixes)
BCRx26: shows [Tc Js] (two pair, Jacks and Nines)
BCRx26 collected 380 from pot
lockSmith404 finished the tournament in 3rd place
*** SUMMARY ***
Total pot 380 | Rake 0 
Board [5s 3d 9d Jc 9c]
Seat 1: BCRx26 (button) showed [Tc Js] and won (380) with two pair, Jacks and Nines
Seat 2: lockSmith404 (small blind) showed [6s 6d] and lost with two pair, Nines and Sixes
Seat 3: Mahu2021 (big blind) folded before Flop



PokerStars Hand #243468101537: Tournament #3586110902, $0.92+$0.08 USD Hold'em No Limit - Level III (20/40) - 2023/05/03 20:35:50 CET [2023/05/03 14:35:50 ET]
Table '3586110902 1' 3-max Seat #3 is the button
Seat 1: BCRx26 (580 in chips) 
Seat 3: Mahu2021 (920 in chips) 
Mahu2021: posts small blind 20
BCRx26: posts big blind 40
*** HOLE CARDS ***
Dealt to Mahu2021 [Ks 4s]
Mahu2021: raises 40 to 80
BCRx26: calls 40
*** FLOP *** [Qh 2c 4h]
BCRx26: checks 
Mahu2021: bets 80
BCRx26: calls 80
*** TURN *** [Qh 2c 4h] [9s]
BCRx26: checks 
Mahu2021: checks 
*** RIVER *** [Qh 2c 4h 9s] [2s]
BCRx26: checks 
Mahu2021: checks 
*** SHOW DOWN ***
BCRx26: shows [Ah Js] (a pair of Deuces)
Mahu2021: shows [Ks 4s] (two pair, Fours and Deuces)
Mahu2021 collected 320 from pot
*** SUMMARY ***
Total pot 320 | Rake 0 
Board [Qh 2c 4h 9s 2s]
Seat 1: BCRx26 (big blind) showed [Ah Js] and lost with a pair of Deuces
Seat 3: Mahu2021 (button) (small blind) showed [Ks 4s] and won (320) with two pair, Fours and Deuces



PokerStars Hand #243468111390: Tournament #3586110902, $0.92+$0.08 USD Hold'em No Limit - Level IV (30/60) - 2023/05/03 20:36:13 CET [2023/05/03 14:36:13 ET]
Table '3586110902 1' 3-max Seat #1 is the button
Seat 1: BCRx26 (420 in chips) 
Seat 3: Mahu2021 (1080 in chips) 
BCRx26: posts small blind 30
Mahu2021: posts big blind 60
*** HOLE CARDS ***
Dealt to Mahu2021 [6s Ah]
BCRx26: raises 60 to 120
Mahu2021: calls 60
*** FLOP *** [9h Qd 8h]
Mahu2021: checks 
BCRx26: checks 
*** TURN *** [9h Qd 8h] [8s]
Mahu2021: checks 
BCRx26: bets 300 and is all-in
Mahu2021: folds 
Uncalled bet (300) returned to BCRx26
BCRx26 collected 240 from pot
BCRx26: doesn't show hand 
*** SUMMARY ***
Total pot 240 | Rake 0 
Board [9h Qd 8h 8s]
Seat 1: BCRx26 (button) (small blind) collected (240)
Seat 3: Mahu2021 (big blind) folded on the Turn



PokerStars Hand #243468119051: Tournament #3586110902, $0.92+$0.08 USD Hold'em No Limit - Level IV (30/60) - 2023/05/03 20:36:31 CET [2023/05/03 14:36:31 ET]
Table '3586110902 1' 3-max Seat #3 is the button
Seat 1: BCRx26 (540 in chips) 
Seat 3: Mahu2021 (960 in chips) 
Mahu2021: posts small blind 30
BCRx26: posts big blind 60
*** HOLE CARDS ***
Dealt to Mahu2021 [4c Kd]
Mahu2021: calls 30
BCRx26: checks 
*** FLOP *** [Qh 6s 8d]
BCRx26: checks 
Mahu2021: checks 
*** TURN *** [Qh 6s 8d] [Ac]
BCRx26: checks 
Mahu2021: checks 
*** RIVER *** [Qh 6s 8d Ac] [4d]
BCRx26: checks 
Mahu2021: checks 
*** SHOW DOWN ***
BCRx26: shows [Th 3s] (high card Ace)
Mahu2021: shows [4c Kd] (a pair of Fours)
Mahu2021 collected 120 from pot
*** SUMMARY ***
Total pot 120 | Rake 0 
Board [Qh 6s 8d Ac 4d]
Seat 1: BCRx26 (big blind) showed [Th 3s] and lost with high card Ace
Seat 3: Mahu2021 (button) (small blind) showed [4c Kd] and won (120) with a pair of Fours



PokerStars Hand #243468124509: Tournament #3586110902, $0.92+$0.08 USD Hold'em No Limit - Level IV (30/60) - 2023/05/03 20:36:44 CET [2023/05/03 14:36:44 ET]
Table '3586110902 1' 3-max Seat #1 is the button
Seat 1: BCRx26 (480 in chips) 
Seat 3: Mahu2021 (1020 in chips) 
BCRx26: posts small blind 30
Mahu2021: posts big blind 60
*** HOLE CARDS ***
Dealt to Mahu2021 [7c Kc]
BCRx26: folds 
Uncalled bet (30) returned to Mahu2021
Mahu2021 collected 60 from pot
Mahu2021: doesn't show hand 
*** SUMMARY ***
Total pot 60 | Rake 0 
Seat 1: BCRx26 (button) (small blind) folded before Flop
Seat 3: Mahu2021 (big blind) collected (60)



PokerStars Hand #243468126734: Tournament #3586110902, $0.92+$0.08 USD Hold'em No Limit - Level IV (30/60) - 2023/05/03 20:36:49 CET [2023/05/03 14:36:49 ET]
Table '3586110902 1' 3-max Seat #3 is the button
Seat 1: BCRx26 (450 in chips) 
Seat 3: Mahu2021 (1050 in chips) 
Mahu2021: posts small blind 30
BCRx26: posts big blind 60
*** HOLE CARDS ***
Dealt to Mahu2021 [9d 5s]
Mahu2021: folds 
Uncalled bet (30) returned to BCRx26
BCRx26 collected 60 from pot
BCRx26: doesn't show hand 
*** SUMMARY ***
Total pot 60 | Rake 0 
Seat 1: BCRx26 (big blind) collected (60)
Seat 3: Mahu2021 (button) (small blind) folded before Flop



PokerStars Hand #243468128657: Tournament #3586110902, $0.92+$0.08 USD Hold'em No Limit - Level IV (30/60) - 2023/05/03 20:36:54 CET [2023/05/03 14:36:54 ET]
Table '3586110902 1' 3-max Seat #1 is the button
Seat 1: BCRx26 (480 in chips) 
Seat 3: Mahu2021 (1020 in chips) 
BCRx26: posts small blind 30
Mahu2021: posts big blind 60
*** HOLE CARDS ***
Dealt to Mahu2021 [8s 5s]
BCRx26: folds 
Uncalled bet (30) returned to Mahu2021
Mahu2021 collected 60 from pot
Mahu2021: doesn't show hand 
*** SUMMARY ***
Total pot 60 | Rake 0 
Seat 1: BCRx26 (button) (small blind) folded before Flop
Seat 3: Mahu2021 (big blind) collected (60)



PokerStars Hand #243468130677: Tournament #3586110902, $0.92+$0.08 USD Hold'em No Limit - Level IV (30/60) - 2023/05/03 20:36:58 CET [2023/05/03 14:36:58 ET]
Table '3586110902 1' 3-max Seat #3 is the button
Seat 1: BCRx26 (450 in chips) 
Seat 3: Mahu2021 (1050 in chips) 
Mahu2021: posts small blind 30
BCRx26: posts big blind 60
*** HOLE CARDS ***
Dealt to Mahu2021 [Jc Js]
Mahu2021: raises 180 to 240
BCRx26: raises 210 to 450 and is all-in
Mahu2021: calls 210
*** FLOP *** [6d Qs 6s]
*** TURN *** [6d Qs 6s] [Th]
*** RIVER *** [6d Qs 6s Th] [3c]
*** SHOW DOWN ***
BCRx26: shows [9d Ad] (a pair of Sixes)
Mahu2021: shows [Jc Js] (two pair, Jacks and Sixes)
Mahu2021 collected 900 from pot
BCRx26 finished the tournament in 2nd place
Mahu2021 wins the tournament and receives $2.00 - congratulations!
*** SUMMARY ***
Total pot 900 | Rake 0 
Board [6d Qs 6s Th 3c]
Seat 1: BCRx26 (big blind) showed [9d Ad] and lost with a pair of Sixes
Seat 3: Mahu2021 (button) (small blind) showed [Jc Js] and won (900) with two pair, Jacks and Sixes



