PokerStars Hand #242941611857: Tournament #3573567639, $0.92+$0.08 USD Hold'em No Limit - Level I (10/20) - 2023/04/07 16:09:51 CET [2023/04/07 10:09:51 ET]
Table '3573567639 1' 3-max Seat #1 is the button
Seat 1: mmside (500 in chips) 
Seat 2: LadyGam (500 in chips) 
Seat 3: Mahu2021 (500 in chips) 
LadyGam: posts small blind 10
Mahu2021: posts big blind 20
*** HOLE CARDS ***
Dealt to Mahu2021 [6h Tc]
mmside: folds 
LadyGam: calls 10
Mahu2021: checks 
*** FLOP *** [3d 8s 5c]
LadyGam: bets 20
Mahu2021: folds 
Uncalled bet (20) returned to LadyGam
LadyGam collected 40 from pot
LadyGam: doesn't show hand 
*** SUMMARY ***
Total pot 40 | Rake 0 
Board [3d 8s 5c]
Seat 1: mmside (button) folded before Flop (didn't bet)
Seat 2: LadyGam (small blind) collected (40)
Seat 3: Mahu2021 (big blind) folded on the Flop



PokerStars Hand #242941614665: Tournament #3573567639, $0.92+$0.08 USD Hold'em No Limit - Level I (10/20) - 2023/04/07 16:10:01 CET [2023/04/07 10:10:01 ET]
Table '3573567639 1' 3-max Seat #2 is the button
Seat 1: mmside (500 in chips) 
Seat 2: LadyGam (520 in chips) 
Seat 3: Mahu2021 (480 in chips) 
Mahu2021: posts small blind 10
mmside: posts big blind 20
*** HOLE CARDS ***
Dealt to Mahu2021 [4d 8s]
LadyGam: calls 20
Mahu2021: folds 
mmside: checks 
*** FLOP *** [7h 7d 9d]
mmside: checks 
LadyGam: checks 
*** TURN *** [7h 7d 9d] [2d]
mmside: checks 
LadyGam: checks 
*** RIVER *** [7h 7d 9d 2d] [Js]
mmside: checks 
LadyGam: checks 
*** SHOW DOWN ***
mmside: shows [8d 5h] (a pair of Sevens)
LadyGam: shows [Ks 8c] (a pair of Sevens - King kicker)
LadyGam collected 50 from pot
*** SUMMARY ***
Total pot 50 | Rake 0 
Board [7h 7d 9d 2d Js]
Seat 1: mmside (big blind) showed [8d 5h] and lost with a pair of Sevens
Seat 2: LadyGam (button) showed [Ks 8c] and won (50) with a pair of Sevens
Seat 3: Mahu2021 (small blind) folded before Flop



PokerStars Hand #242941621538: Tournament #3573567639, $0.92+$0.08 USD Hold'em No Limit - Level I (10/20) - 2023/04/07 16:10:27 CET [2023/04/07 10:10:27 ET]
Table '3573567639 1' 3-max Seat #3 is the button
Seat 1: mmside (480 in chips) 
Seat 2: LadyGam (550 in chips) 
Seat 3: Mahu2021 (470 in chips) 
mmside: posts small blind 10
LadyGam: posts big blind 20
*** HOLE CARDS ***
Dealt to Mahu2021 [4c 7c]
Mahu2021: calls 20
mmside: raises 460 to 480 and is all-in
LadyGam: calls 460
Mahu2021: folds 
*** FLOP *** [8s Js 4s]
*** TURN *** [8s Js 4s] [8c]
*** RIVER *** [8s Js 4s 8c] [Qh]
*** SHOW DOWN ***
mmside: shows [Th As] (a pair of Eights)
LadyGam: shows [9c 9s] (two pair, Nines and Eights)
LadyGam collected 980 from pot
mmside finished the tournament in 3rd place
*** SUMMARY ***
Total pot 980 | Rake 0 
Board [8s Js 4s 8c Qh]
Seat 1: mmside (small blind) showed [Th As] and lost with a pair of Eights
Seat 2: LadyGam (big blind) showed [9c 9s] and won (980) with two pair, Nines and Eights
Seat 3: Mahu2021 (button) folded before Flop



PokerStars Hand #242941628740: Tournament #3573567639, $0.92+$0.08 USD Hold'em No Limit - Level I (10/20) - 2023/04/07 16:10:54 CET [2023/04/07 10:10:54 ET]
Table '3573567639 1' 3-max Seat #2 is the button
Seat 2: LadyGam (1050 in chips) 
Seat 3: Mahu2021 (450 in chips) 
LadyGam: posts small blind 10
Mahu2021: posts big blind 20
*** HOLE CARDS ***
Dealt to Mahu2021 [8c 4s]
LadyGam: calls 10
Mahu2021: checks 
*** FLOP *** [7h 6d Ts]
Mahu2021: checks 
LadyGam: bets 20
Mahu2021: calls 20
*** TURN *** [7h 6d Ts] [Kc]
Mahu2021: checks 
LadyGam: bets 20
Mahu2021: calls 20
*** RIVER *** [7h 6d Ts Kc] [Kd]
Mahu2021: checks 
LadyGam: checks 
*** SHOW DOWN ***
Mahu2021: shows [8c 4s] (a pair of Kings)
LadyGam: shows [9s 6c] (two pair, Kings and Sixes)
LadyGam collected 120 from pot
*** SUMMARY ***
Total pot 120 | Rake 0 
Board [7h 6d Ts Kc Kd]
Seat 2: LadyGam (button) (small blind) showed [9s 6c] and won (120) with two pair, Kings and Sixes
Seat 3: Mahu2021 (big blind) showed [8c 4s] and lost with a pair of Kings



PokerStars Hand #242941632646: Tournament #3573567639, $0.92+$0.08 USD Hold'em No Limit - Level I (10/20) - 2023/04/07 16:11:09 CET [2023/04/07 10:11:09 ET]
Table '3573567639 1' 3-max Seat #3 is the button
Seat 2: LadyGam (1110 in chips) 
Seat 3: Mahu2021 (390 in chips) 
Mahu2021: posts small blind 10
LadyGam: posts big blind 20
*** HOLE CARDS ***
Dealt to Mahu2021 [2h 4h]
Mahu2021: calls 10
LadyGam: checks 
*** FLOP *** [3c Ad Td]
LadyGam: checks 
Mahu2021: bets 20
LadyGam: folds 
Uncalled bet (20) returned to Mahu2021
Mahu2021 collected 40 from pot
Mahu2021: doesn't show hand 
*** SUMMARY ***
Total pot 40 | Rake 0 
Board [3c Ad Td]
Seat 2: LadyGam (big blind) folded on the Flop
Seat 3: Mahu2021 (button) (small blind) collected (40)



PokerStars Hand #242941634908: Tournament #3573567639, $0.92+$0.08 USD Hold'em No Limit - Level I (10/20) - 2023/04/07 16:11:17 CET [2023/04/07 10:11:17 ET]
Table '3573567639 1' 3-max Seat #2 is the button
Seat 2: LadyGam (1090 in chips) 
Seat 3: Mahu2021 (410 in chips) 
LadyGam: posts small blind 10
Mahu2021: posts big blind 20
*** HOLE CARDS ***
Dealt to Mahu2021 [2d 8d]
LadyGam: raises 20 to 40
Mahu2021: folds 
Uncalled bet (20) returned to LadyGam
LadyGam collected 40 from pot
LadyGam: doesn't show hand 
*** SUMMARY ***
Total pot 40 | Rake 0 
Seat 2: LadyGam (button) (small blind) collected (40)
Seat 3: Mahu2021 (big blind) folded before Flop



PokerStars Hand #242941636410: Tournament #3573567639, $0.92+$0.08 USD Hold'em No Limit - Level I (10/20) - 2023/04/07 16:11:23 CET [2023/04/07 10:11:23 ET]
Table '3573567639 1' 3-max Seat #3 is the button
Seat 2: LadyGam (1110 in chips) 
Seat 3: Mahu2021 (390 in chips) 
Mahu2021: posts small blind 10
LadyGam: posts big blind 20
*** HOLE CARDS ***
Dealt to Mahu2021 [4s Td]
Mahu2021: folds 
Uncalled bet (10) returned to LadyGam
LadyGam collected 20 from pot
LadyGam: doesn't show hand 
*** SUMMARY ***
Total pot 20 | Rake 0 
Seat 2: LadyGam (big blind) collected (20)
Seat 3: Mahu2021 (button) (small blind) folded before Flop



PokerStars Hand #242941637572: Tournament #3573567639, $0.92+$0.08 USD Hold'em No Limit - Level I (10/20) - 2023/04/07 16:11:27 CET [2023/04/07 10:11:27 ET]
Table '3573567639 1' 3-max Seat #2 is the button
Seat 2: LadyGam (1120 in chips) 
Seat 3: Mahu2021 (380 in chips) 
LadyGam: posts small blind 10
Mahu2021: posts big blind 20
*** HOLE CARDS ***
Dealt to Mahu2021 [7s 4c]
LadyGam: folds 
Uncalled bet (10) returned to Mahu2021
Mahu2021 collected 20 from pot
Mahu2021: doesn't show hand 
*** SUMMARY ***
Total pot 20 | Rake 0 
Seat 2: LadyGam (button) (small blind) folded before Flop
Seat 3: Mahu2021 (big blind) collected (20)



PokerStars Hand #242941638748: Tournament #3573567639, $0.92+$0.08 USD Hold'em No Limit - Level I (10/20) - 2023/04/07 16:11:31 CET [2023/04/07 10:11:31 ET]
Table '3573567639 1' 3-max Seat #3 is the button
Seat 2: LadyGam (1110 in chips) 
Seat 3: Mahu2021 (390 in chips) 
Mahu2021: posts small blind 10
LadyGam: posts big blind 20
*** HOLE CARDS ***
Dealt to Mahu2021 [7d Ah]
Mahu2021: calls 10
LadyGam: raises 20 to 40
Mahu2021: raises 350 to 390 and is all-in
LadyGam: calls 350
*** FLOP *** [Kc 6d 8d]
*** TURN *** [Kc 6d 8d] [Ac]
*** RIVER *** [Kc 6d 8d Ac] [2d]
*** SHOW DOWN ***
LadyGam: shows [Ks Qh] (a pair of Kings)
Mahu2021: shows [7d Ah] (a pair of Aces)
Mahu2021 collected 780 from pot
*** SUMMARY ***
Total pot 780 | Rake 0 
Board [Kc 6d 8d Ac 2d]
Seat 2: LadyGam (big blind) showed [Ks Qh] and lost with a pair of Kings
Seat 3: Mahu2021 (button) (small blind) showed [7d Ah] and won (780) with a pair of Aces



PokerStars Hand #242941642898: Tournament #3573567639, $0.92+$0.08 USD Hold'em No Limit - Level I (10/20) - 2023/04/07 16:11:47 CET [2023/04/07 10:11:47 ET]
Table '3573567639 1' 3-max Seat #2 is the button
Seat 2: LadyGam (720 in chips) 
Seat 3: Mahu2021 (780 in chips) 
LadyGam: posts small blind 10
Mahu2021: posts big blind 20
*** HOLE CARDS ***
Dealt to Mahu2021 [2d 8d]
LadyGam: calls 10
Mahu2021: checks 
*** FLOP *** [8c Ac 6h]
Mahu2021: checks 
LadyGam: checks 
*** TURN *** [8c Ac 6h] [Qs]
Mahu2021: checks 
LadyGam: checks 
*** RIVER *** [8c Ac 6h Qs] [5h]
Mahu2021: checks 
LadyGam: checks 
*** SHOW DOWN ***
Mahu2021: shows [2d 8d] (a pair of Eights)
LadyGam: mucks hand 
Mahu2021 collected 40 from pot
*** SUMMARY ***
Total pot 40 | Rake 0 
Board [8c Ac 6h Qs 5h]
Seat 2: LadyGam (button) (small blind) mucked [Td 4d]
Seat 3: Mahu2021 (big blind) showed [2d 8d] and won (40) with a pair of Eights



PokerStars Hand #242941646457: Tournament #3573567639, $0.92+$0.08 USD Hold'em No Limit - Level II (15/30) - 2023/04/07 16:12:01 CET [2023/04/07 10:12:01 ET]
Table '3573567639 1' 3-max Seat #3 is the button
Seat 2: LadyGam (700 in chips) 
Seat 3: Mahu2021 (800 in chips) 
Mahu2021: posts small blind 15
LadyGam: posts big blind 30
*** HOLE CARDS ***
Dealt to Mahu2021 [Ts 2h]
Mahu2021: folds 
Uncalled bet (15) returned to LadyGam
LadyGam collected 30 from pot
LadyGam: doesn't show hand 
*** SUMMARY ***
Total pot 30 | Rake 0 
Seat 2: LadyGam (big blind) collected (30)
Seat 3: Mahu2021 (button) (small blind) folded before Flop



PokerStars Hand #242941647654: Tournament #3573567639, $0.92+$0.08 USD Hold'em No Limit - Level II (15/30) - 2023/04/07 16:12:05 CET [2023/04/07 10:12:05 ET]
Table '3573567639 1' 3-max Seat #2 is the button
Seat 2: LadyGam (715 in chips) 
Seat 3: Mahu2021 (785 in chips) 
LadyGam: posts small blind 15
Mahu2021: posts big blind 30
*** HOLE CARDS ***
Dealt to Mahu2021 [5h Ah]
LadyGam: folds 
Uncalled bet (15) returned to Mahu2021
Mahu2021 collected 30 from pot
Mahu2021: doesn't show hand 
*** SUMMARY ***
Total pot 30 | Rake 0 
Seat 2: LadyGam (button) (small blind) folded before Flop
Seat 3: Mahu2021 (big blind) collected (30)



PokerStars Hand #242941648749: Tournament #3573567639, $0.92+$0.08 USD Hold'em No Limit - Level II (15/30) - 2023/04/07 16:12:09 CET [2023/04/07 10:12:09 ET]
Table '3573567639 1' 3-max Seat #3 is the button
Seat 2: LadyGam (700 in chips) 
Seat 3: Mahu2021 (800 in chips) 
Mahu2021: posts small blind 15
LadyGam: posts big blind 30
*** HOLE CARDS ***
Dealt to Mahu2021 [2h 7c]
Mahu2021: folds 
Uncalled bet (15) returned to LadyGam
LadyGam collected 30 from pot
LadyGam: doesn't show hand 
*** SUMMARY ***
Total pot 30 | Rake 0 
Seat 2: LadyGam (big blind) collected (30)
Seat 3: Mahu2021 (button) (small blind) folded before Flop



PokerStars Hand #242941649956: Tournament #3573567639, $0.92+$0.08 USD Hold'em No Limit - Level II (15/30) - 2023/04/07 16:12:13 CET [2023/04/07 10:12:13 ET]
Table '3573567639 1' 3-max Seat #2 is the button
Seat 2: LadyGam (715 in chips) 
Seat 3: Mahu2021 (785 in chips) 
LadyGam: posts small blind 15
Mahu2021: posts big blind 30
*** HOLE CARDS ***
Dealt to Mahu2021 [5s 4h]
LadyGam: calls 15
Mahu2021: checks 
*** FLOP *** [Ad Jd 2h]
Mahu2021: checks 
LadyGam: checks 
*** TURN *** [Ad Jd 2h] [4d]
Mahu2021: bets 30
LadyGam: folds 
Uncalled bet (30) returned to Mahu2021
Mahu2021 collected 60 from pot
Mahu2021: doesn't show hand 
*** SUMMARY ***
Total pot 60 | Rake 0 
Board [Ad Jd 2h 4d]
Seat 2: LadyGam (button) (small blind) folded on the Turn
Seat 3: Mahu2021 (big blind) collected (60)



PokerStars Hand #242941652582: Tournament #3573567639, $0.92+$0.08 USD Hold'em No Limit - Level II (15/30) - 2023/04/07 16:12:23 CET [2023/04/07 10:12:23 ET]
Table '3573567639 1' 3-max Seat #3 is the button
Seat 2: LadyGam (685 in chips) 
Seat 3: Mahu2021 (815 in chips) 
Mahu2021: posts small blind 15
LadyGam: posts big blind 30
*** HOLE CARDS ***
Dealt to Mahu2021 [4c 3h]
Mahu2021: calls 15
LadyGam: checks 
*** FLOP *** [7c 6c 8d]
LadyGam: checks 
Mahu2021: bets 30
LadyGam: folds 
Uncalled bet (30) returned to Mahu2021
Mahu2021 collected 60 from pot
Mahu2021: doesn't show hand 
*** SUMMARY ***
Total pot 60 | Rake 0 
Board [7c 6c 8d]
Seat 2: LadyGam (big blind) folded on the Flop
Seat 3: Mahu2021 (button) (small blind) collected (60)



PokerStars Hand #242941654880: Tournament #3573567639, $0.92+$0.08 USD Hold'em No Limit - Level II (15/30) - 2023/04/07 16:12:32 CET [2023/04/07 10:12:32 ET]
Table '3573567639 1' 3-max Seat #2 is the button
Seat 2: LadyGam (655 in chips) 
Seat 3: Mahu2021 (845 in chips) 
LadyGam: posts small blind 15
Mahu2021: posts big blind 30
*** HOLE CARDS ***
Dealt to Mahu2021 [8d 5c]
LadyGam: calls 15
Mahu2021: checks 
*** FLOP *** [4h 8h 9s]
Mahu2021: bets 30
LadyGam: calls 30
*** TURN *** [4h 8h 9s] [Kh]
Mahu2021: checks 
LadyGam: checks 
*** RIVER *** [4h 8h 9s Kh] [Ts]
Mahu2021: checks 
LadyGam: checks 
*** SHOW DOWN ***
Mahu2021: shows [8d 5c] (a pair of Eights)
LadyGam: mucks hand 
Mahu2021 collected 120 from pot
*** SUMMARY ***
Total pot 120 | Rake 0 
Board [4h 8h 9s Kh Ts]
Seat 2: LadyGam (button) (small blind) mucked [5s Js]
Seat 3: Mahu2021 (big blind) showed [8d 5c] and won (120) with a pair of Eights



PokerStars Hand #242941658742: Tournament #3573567639, $0.92+$0.08 USD Hold'em No Limit - Level II (15/30) - 2023/04/07 16:12:46 CET [2023/04/07 10:12:46 ET]
Table '3573567639 1' 3-max Seat #3 is the button
Seat 2: LadyGam (595 in chips) 
Seat 3: Mahu2021 (905 in chips) 
Mahu2021: posts small blind 15
LadyGam: posts big blind 30
*** HOLE CARDS ***
Dealt to Mahu2021 [6d Qd]
Mahu2021: calls 15
LadyGam: checks 
*** FLOP *** [3s Qs Tc]
LadyGam: checks 
Mahu2021: bets 30
LadyGam: calls 30
*** TURN *** [3s Qs Tc] [5d]
LadyGam: checks 
Mahu2021: bets 30
LadyGam: calls 30
*** RIVER *** [3s Qs Tc 5d] [3c]
LadyGam: bets 180
Mahu2021: folds 
Uncalled bet (180) returned to LadyGam
LadyGam collected 180 from pot
LadyGam: doesn't show hand 
*** SUMMARY ***
Total pot 180 | Rake 0 
Board [3s Qs Tc 5d 3c]
Seat 2: LadyGam (big blind) collected (180)
Seat 3: Mahu2021 (button) (small blind) folded on the River



PokerStars Hand #242941662998: Tournament #3573567639, $0.92+$0.08 USD Hold'em No Limit - Level II (15/30) - 2023/04/07 16:13:02 CET [2023/04/07 10:13:02 ET]
Table '3573567639 1' 3-max Seat #2 is the button
Seat 2: LadyGam (685 in chips) 
Seat 3: Mahu2021 (815 in chips) 
LadyGam: posts small blind 15
Mahu2021: posts big blind 30
*** HOLE CARDS ***
Dealt to Mahu2021 [3d 5s]
LadyGam: folds 
Uncalled bet (15) returned to Mahu2021
Mahu2021 collected 30 from pot
Mahu2021: doesn't show hand 
*** SUMMARY ***
Total pot 30 | Rake 0 
Seat 2: LadyGam (button) (small blind) folded before Flop
Seat 3: Mahu2021 (big blind) collected (30)



PokerStars Hand #242941664222: Tournament #3573567639, $0.92+$0.08 USD Hold'em No Limit - Level II (15/30) - 2023/04/07 16:13:07 CET [2023/04/07 10:13:07 ET]
Table '3573567639 1' 3-max Seat #3 is the button
Seat 2: LadyGam (670 in chips) 
Seat 3: Mahu2021 (830 in chips) 
Mahu2021: posts small blind 15
LadyGam: posts big blind 30
*** HOLE CARDS ***
Dealt to Mahu2021 [8s Qc]
Mahu2021: raises 30 to 60
LadyGam: calls 30
*** FLOP *** [9c 6h 4s]
LadyGam: checks 
Mahu2021: bets 60
LadyGam: calls 60
*** TURN *** [9c 6h 4s] [Td]
LadyGam: checks 
Mahu2021: checks 
*** RIVER *** [9c 6h 4s Td] [Qh]
LadyGam: checks 
Mahu2021: bets 240
LadyGam: calls 240
*** SHOW DOWN ***
Mahu2021: shows [8s Qc] (a pair of Queens)
LadyGam: mucks hand 
Mahu2021 collected 720 from pot
*** SUMMARY ***
Total pot 720 | Rake 0 
Board [9c 6h 4s Td Qh]
Seat 2: LadyGam (big blind) mucked [Jd Tc]
Seat 3: Mahu2021 (button) (small blind) showed [8s Qc] and won (720) with a pair of Queens



PokerStars Hand #242941668528: Tournament #3573567639, $0.92+$0.08 USD Hold'em No Limit - Level II (15/30) - 2023/04/07 16:13:23 CET [2023/04/07 10:13:23 ET]
Table '3573567639 1' 3-max Seat #2 is the button
Seat 2: LadyGam (310 in chips) 
Seat 3: Mahu2021 (1190 in chips) 
LadyGam: posts small blind 15
Mahu2021: posts big blind 30
*** HOLE CARDS ***
Dealt to Mahu2021 [As 5d]
LadyGam: calls 15
Mahu2021: raises 1160 to 1190 and is all-in
LadyGam: folds 
Uncalled bet (1160) returned to Mahu2021
Mahu2021 collected 60 from pot
Mahu2021: doesn't show hand 
*** SUMMARY ***
Total pot 60 | Rake 0 
Seat 2: LadyGam (button) (small blind) folded before Flop
Seat 3: Mahu2021 (big blind) collected (60)



PokerStars Hand #242941670814: Tournament #3573567639, $0.92+$0.08 USD Hold'em No Limit - Level II (15/30) - 2023/04/07 16:13:31 CET [2023/04/07 10:13:31 ET]
Table '3573567639 1' 3-max Seat #3 is the button
Seat 2: LadyGam (280 in chips) 
Seat 3: Mahu2021 (1220 in chips) 
Mahu2021: posts small blind 15
LadyGam: posts big blind 30
*** HOLE CARDS ***
Dealt to Mahu2021 [9d Jd]
Mahu2021: raises 1190 to 1220 and is all-in
LadyGam: folds 
Uncalled bet (1190) returned to Mahu2021
Mahu2021 collected 60 from pot
Mahu2021: doesn't show hand 
*** SUMMARY ***
Total pot 60 | Rake 0 
Seat 2: LadyGam (big blind) folded before Flop
Seat 3: Mahu2021 (button) (small blind) collected (60)



PokerStars Hand #242941672453: Tournament #3573567639, $0.92+$0.08 USD Hold'em No Limit - Level II (15/30) - 2023/04/07 16:13:37 CET [2023/04/07 10:13:37 ET]
Table '3573567639 1' 3-max Seat #2 is the button
Seat 2: LadyGam (250 in chips) 
Seat 3: Mahu2021 (1250 in chips) 
LadyGam: posts small blind 15
Mahu2021: posts big blind 30
*** HOLE CARDS ***
Dealt to Mahu2021 [Jh 4d]
LadyGam: folds 
Uncalled bet (15) returned to Mahu2021
Mahu2021 collected 30 from pot
Mahu2021: doesn't show hand 
*** SUMMARY ***
Total pot 30 | Rake 0 
Seat 2: LadyGam (button) (small blind) folded before Flop
Seat 3: Mahu2021 (big blind) collected (30)



PokerStars Hand #242941673560: Tournament #3573567639, $0.92+$0.08 USD Hold'em No Limit - Level II (15/30) - 2023/04/07 16:13:42 CET [2023/04/07 10:13:42 ET]
Table '3573567639 1' 3-max Seat #3 is the button
Seat 2: LadyGam (235 in chips) 
Seat 3: Mahu2021 (1265 in chips) 
Mahu2021: posts small blind 15
LadyGam: posts big blind 30
*** HOLE CARDS ***
Dealt to Mahu2021 [4c 2c]
Mahu2021: raises 30 to 60
LadyGam: calls 30
*** FLOP *** [5d 7s Th]
LadyGam: checks 
Mahu2021: checks 
*** TURN *** [5d 7s Th] [3s]
LadyGam: checks 
Mahu2021: bets 60
LadyGam: calls 60
*** RIVER *** [5d 7s Th 3s] [Td]
LadyGam: checks 
Mahu2021: checks 
*** SHOW DOWN ***
LadyGam: shows [Qh Qs] (two pair, Queens and Tens)
Mahu2021: mucks hand 
LadyGam collected 240 from pot
*** SUMMARY ***
Total pot 240 | Rake 0 
Board [5d 7s Th 3s Td]
Seat 2: LadyGam (big blind) showed [Qh Qs] and won (240) with two pair, Queens and Tens
Seat 3: Mahu2021 (button) (small blind) mucked [4c 2c]



PokerStars Hand #242941680876: Tournament #3573567639, $0.92+$0.08 USD Hold'em No Limit - Level III (20/40) - 2023/04/07 16:14:09 CET [2023/04/07 10:14:09 ET]
Table '3573567639 1' 3-max Seat #2 is the button
Seat 2: LadyGam (355 in chips) 
Seat 3: Mahu2021 (1145 in chips) 
LadyGam: posts small blind 20
Mahu2021: posts big blind 40
*** HOLE CARDS ***
Dealt to Mahu2021 [Jh Qh]
LadyGam: calls 20
Mahu2021: checks 
*** FLOP *** [2c 2d 5d]
Mahu2021: checks 
LadyGam: checks 
*** TURN *** [2c 2d 5d] [2s]
Mahu2021: bets 40
LadyGam: folds 
Uncalled bet (40) returned to Mahu2021
Mahu2021 collected 80 from pot
Mahu2021: doesn't show hand 
*** SUMMARY ***
Total pot 80 | Rake 0 
Board [2c 2d 5d 2s]
Seat 2: LadyGam (button) (small blind) folded on the Turn
Seat 3: Mahu2021 (big blind) collected (80)



PokerStars Hand #242941684007: Tournament #3573567639, $0.92+$0.08 USD Hold'em No Limit - Level III (20/40) - 2023/04/07 16:14:21 CET [2023/04/07 10:14:21 ET]
Table '3573567639 1' 3-max Seat #3 is the button
Seat 2: LadyGam (315 in chips) 
Seat 3: Mahu2021 (1185 in chips) 
Mahu2021: posts small blind 20
LadyGam: posts big blind 40
*** HOLE CARDS ***
Dealt to Mahu2021 [9c Jd]
Mahu2021: raises 40 to 80
LadyGam: calls 40
*** FLOP *** [Kh Qc 7h]
LadyGam: checks 
Mahu2021: checks 
*** TURN *** [Kh Qc 7h] [2s]
LadyGam: checks 
Mahu2021: checks 
*** RIVER *** [Kh Qc 7h 2s] [Ks]
LadyGam: checks 
Mahu2021: checks 
*** SHOW DOWN ***
LadyGam: shows [9d Qd] (two pair, Kings and Queens)
Mahu2021: mucks hand 
LadyGam collected 160 from pot
*** SUMMARY ***
Total pot 160 | Rake 0 
Board [Kh Qc 7h 2s Ks]
Seat 2: LadyGam (big blind) showed [9d Qd] and won (160) with two pair, Kings and Queens
Seat 3: Mahu2021 (button) (small blind) mucked [9c Jd]



PokerStars Hand #242941688509: Tournament #3573567639, $0.92+$0.08 USD Hold'em No Limit - Level III (20/40) - 2023/04/07 16:14:37 CET [2023/04/07 10:14:37 ET]
Table '3573567639 1' 3-max Seat #2 is the button
Seat 2: LadyGam (395 in chips) 
Seat 3: Mahu2021 (1105 in chips) 
LadyGam: posts small blind 20
Mahu2021: posts big blind 40
*** HOLE CARDS ***
Dealt to Mahu2021 [4s 8h]
LadyGam: raises 40 to 80
Mahu2021: folds 
Uncalled bet (40) returned to LadyGam
LadyGam collected 80 from pot
LadyGam: doesn't show hand 
*** SUMMARY ***
Total pot 80 | Rake 0 
Seat 2: LadyGam (button) (small blind) collected (80)
Seat 3: Mahu2021 (big blind) folded before Flop



PokerStars Hand #242941689817: Tournament #3573567639, $0.92+$0.08 USD Hold'em No Limit - Level III (20/40) - 2023/04/07 16:14:42 CET [2023/04/07 10:14:42 ET]
Table '3573567639 1' 3-max Seat #3 is the button
Seat 2: LadyGam (435 in chips) 
Seat 3: Mahu2021 (1065 in chips) 
Mahu2021: posts small blind 20
LadyGam: posts big blind 40
*** HOLE CARDS ***
Dealt to Mahu2021 [8c Qh]
Mahu2021: raises 40 to 80
LadyGam: calls 40
*** FLOP *** [3d As 9s]
LadyGam: checks 
Mahu2021: checks 
*** TURN *** [3d As 9s] [Ad]
LadyGam: checks 
Mahu2021: checks 
*** RIVER *** [3d As 9s Ad] [Qd]
LadyGam: bets 80
Mahu2021: calls 80
*** SHOW DOWN ***
LadyGam: shows [Qs 8h] (two pair, Aces and Queens)
Mahu2021: shows [8c Qh] (two pair, Aces and Queens)
LadyGam collected 160 from pot
Mahu2021 collected 160 from pot
*** SUMMARY ***
Total pot 320 | Rake 0 
Board [3d As 9s Ad Qd]
Seat 2: LadyGam (big blind) showed [Qs 8h] and won (160) with two pair, Aces and Queens
Seat 3: Mahu2021 (button) (small blind) showed [8c Qh] and won (160) with two pair, Aces and Queens



PokerStars Hand #242941693434: Tournament #3573567639, $0.92+$0.08 USD Hold'em No Limit - Level III (20/40) - 2023/04/07 16:14:56 CET [2023/04/07 10:14:56 ET]
Table '3573567639 1' 3-max Seat #2 is the button
Seat 2: LadyGam (435 in chips) 
Seat 3: Mahu2021 (1065 in chips) 
LadyGam: posts small blind 20
Mahu2021: posts big blind 40
*** HOLE CARDS ***
Dealt to Mahu2021 [5c Qd]
LadyGam: calls 20
Mahu2021: checks 
*** FLOP *** [9h 6h 6d]
Mahu2021: checks 
LadyGam: checks 
*** TURN *** [9h 6h 6d] [3h]
Mahu2021: bets 40
LadyGam: raises 40 to 80
Mahu2021: folds 
Uncalled bet (40) returned to LadyGam
LadyGam collected 160 from pot
LadyGam: doesn't show hand 
*** SUMMARY ***
Total pot 160 | Rake 0 
Board [9h 6h 6d 3h]
Seat 2: LadyGam (button) (small blind) collected (160)
Seat 3: Mahu2021 (big blind) folded on the Turn



PokerStars Hand #242941697008: Tournament #3573567639, $0.92+$0.08 USD Hold'em No Limit - Level III (20/40) - 2023/04/07 16:15:09 CET [2023/04/07 10:15:09 ET]
Table '3573567639 1' 3-max Seat #3 is the button
Seat 2: LadyGam (515 in chips) 
Seat 3: Mahu2021 (985 in chips) 
Mahu2021: posts small blind 20
LadyGam: posts big blind 40
*** HOLE CARDS ***
Dealt to Mahu2021 [7d 2h]
Mahu2021: folds 
Uncalled bet (20) returned to LadyGam
LadyGam collected 40 from pot
LadyGam: doesn't show hand 
*** SUMMARY ***
Total pot 40 | Rake 0 
Seat 2: LadyGam (big blind) collected (40)
Seat 3: Mahu2021 (button) (small blind) folded before Flop



PokerStars Hand #242941698197: Tournament #3573567639, $0.92+$0.08 USD Hold'em No Limit - Level III (20/40) - 2023/04/07 16:15:13 CET [2023/04/07 10:15:13 ET]
Table '3573567639 1' 3-max Seat #2 is the button
Seat 2: LadyGam (535 in chips) 
Seat 3: Mahu2021 (965 in chips) 
LadyGam: posts small blind 20
Mahu2021: posts big blind 40
*** HOLE CARDS ***
Dealt to Mahu2021 [7h 6s]
LadyGam: calls 20
Mahu2021: checks 
*** FLOP *** [3d 9d 5s]
Mahu2021: checks 
LadyGam: bets 40
Mahu2021: calls 40
*** TURN *** [3d 9d 5s] [5d]
Mahu2021: checks 
LadyGam: bets 40
Mahu2021: calls 40
*** RIVER *** [3d 9d 5s 5d] [6c]
Mahu2021: bets 845 and is all-in
LadyGam: folds 
Uncalled bet (845) returned to Mahu2021
Mahu2021 collected 240 from pot
Mahu2021: doesn't show hand 
*** SUMMARY ***
Total pot 240 | Rake 0 
Board [3d 9d 5s 5d 6c]
Seat 2: LadyGam (button) (small blind) folded on the River
Seat 3: Mahu2021 (big blind) collected (240)



PokerStars Hand #242941702781: Tournament #3573567639, $0.92+$0.08 USD Hold'em No Limit - Level III (20/40) - 2023/04/07 16:15:30 CET [2023/04/07 10:15:30 ET]
Table '3573567639 1' 3-max Seat #3 is the button
Seat 2: LadyGam (415 in chips) 
Seat 3: Mahu2021 (1085 in chips) 
Mahu2021: posts small blind 20
LadyGam: posts big blind 40
*** HOLE CARDS ***
Dealt to Mahu2021 [4h Ts]
Mahu2021: folds 
Uncalled bet (20) returned to LadyGam
LadyGam collected 40 from pot
LadyGam: doesn't show hand 
*** SUMMARY ***
Total pot 40 | Rake 0 
Seat 2: LadyGam (big blind) collected (40)
Seat 3: Mahu2021 (button) (small blind) folded before Flop



PokerStars Hand #242941703915: Tournament #3573567639, $0.92+$0.08 USD Hold'em No Limit - Level III (20/40) - 2023/04/07 16:15:35 CET [2023/04/07 10:15:35 ET]
Table '3573567639 1' 3-max Seat #2 is the button
Seat 2: LadyGam (435 in chips) 
Seat 3: Mahu2021 (1065 in chips) 
LadyGam: posts small blind 20
Mahu2021: posts big blind 40
*** HOLE CARDS ***
Dealt to Mahu2021 [2c As]
LadyGam: calls 20
Mahu2021: raises 1025 to 1065 and is all-in
LadyGam: calls 395 and is all-in
Uncalled bet (630) returned to Mahu2021
*** FLOP *** [Qs 2s 7c]
*** TURN *** [Qs 2s 7c] [Kd]
*** RIVER *** [Qs 2s 7c Kd] [7d]
*** SHOW DOWN ***
Mahu2021: shows [2c As] (two pair, Sevens and Deuces)
LadyGam: shows [Kh 9s] (two pair, Kings and Sevens)
LadyGam collected 870 from pot
*** SUMMARY ***
Total pot 870 | Rake 0 
Board [Qs 2s 7c Kd 7d]
Seat 2: LadyGam (button) (small blind) showed [Kh 9s] and won (870) with two pair, Kings and Sevens
Seat 3: Mahu2021 (big blind) showed [2c As] and lost with two pair, Sevens and Deuces



PokerStars Hand #242941707981: Tournament #3573567639, $0.92+$0.08 USD Hold'em No Limit - Level III (20/40) - 2023/04/07 16:15:49 CET [2023/04/07 10:15:49 ET]
Table '3573567639 1' 3-max Seat #3 is the button
Seat 2: LadyGam (870 in chips) 
Seat 3: Mahu2021 (630 in chips) 
Mahu2021: posts small blind 20
LadyGam: posts big blind 40
*** HOLE CARDS ***
Dealt to Mahu2021 [Kc 4d]
Mahu2021: raises 590 to 630 and is all-in
LadyGam: folds 
Uncalled bet (590) returned to Mahu2021
Mahu2021 collected 80 from pot
Mahu2021: doesn't show hand 
*** SUMMARY ***
Total pot 80 | Rake 0 
Seat 2: LadyGam (big blind) folded before Flop
Seat 3: Mahu2021 (button) (small blind) collected (80)



PokerStars Hand #242941710719: Tournament #3573567639, $0.92+$0.08 USD Hold'em No Limit - Level IV (30/60) - 2023/04/07 16:15:59 CET [2023/04/07 10:15:59 ET]
Table '3573567639 1' 3-max Seat #2 is the button
Seat 2: LadyGam (830 in chips) 
Seat 3: Mahu2021 (670 in chips) 
LadyGam: posts small blind 30
Mahu2021: posts big blind 60
*** HOLE CARDS ***
Dealt to Mahu2021 [4c 4d]
LadyGam: calls 30
Mahu2021: raises 610 to 670 and is all-in
LadyGam: calls 610
*** FLOP *** [Ad 6h Td]
*** TURN *** [Ad 6h Td] [9h]
*** RIVER *** [Ad 6h Td 9h] [8c]
*** SHOW DOWN ***
Mahu2021: shows [4c 4d] (a pair of Fours)
LadyGam: shows [8h 9d] (two pair, Nines and Eights)
LadyGam collected 1340 from pot
Mahu2021 finished the tournament in 2nd place
LadyGam wins the tournament and receives $2.00 - congratulations!
*** SUMMARY ***
Total pot 1340 | Rake 0 
Board [Ad 6h Td 9h 8c]
Seat 2: LadyGam (button) (small blind) showed [8h 9d] and won (1340) with two pair, Nines and Eights
Seat 3: Mahu2021 (big blind) showed [4c 4d] and lost with a pair of Fours



