PokerStars Hand #252739643672: Tournament #3807523493, $1.84+$0.16 USD Hold'em No Limit - Level I (10/20) - 2024/10/02 21:04:28 CET [2024/10/02 15:04:28 ET]
Table '3807523493 1' 3-max Seat #1 is the button
Seat 1: Cris_Finkler (500 in chips) 
Seat 2: Acex0fSpades (500 in chips) 
Seat 3: Mahu2021 (500 in chips) 
Acex0fSpades: posts small blind 10
Mahu2021: posts big blind 20
*** HOLE CARDS ***
Dealt to Mahu2021 [Kc Kh]
Cris_Finkler: folds 
Acex0fSpades: calls 10
Mahu2021: raises 480 to 500 and is all-in
Acex0fSpades: folds 
Uncalled bet (480) returned to Mahu2021
Mahu2021 collected 40 from pot
Mahu2021: doesn't show hand 
*** SUMMARY ***
Total pot 40 | Rake 0 
Seat 1: Cris_Finkler (button) folded before Flop (didn't bet)
Seat 2: Acex0fSpades (small blind) folded before Flop
Seat 3: Mahu2021 (big blind) collected (40)



PokerStars Hand #252739647095: Tournament #3807523493, $1.84+$0.16 USD Hold'em No Limit - Level I (10/20) - 2024/10/02 21:04:40 CET [2024/10/02 15:04:40 ET]
Table '3807523493 1' 3-max Seat #2 is the button
Seat 1: Cris_Finkler (500 in chips) 
Seat 2: Acex0fSpades (480 in chips) 
Seat 3: Mahu2021 (520 in chips) 
Mahu2021: posts small blind 10
Cris_Finkler: posts big blind 20
*** HOLE CARDS ***
Dealt to Mahu2021 [5h Js]
Acex0fSpades: folds 
Mahu2021: folds 
Uncalled bet (10) returned to Cris_Finkler
Cris_Finkler collected 20 from pot
*** SUMMARY ***
Total pot 20 | Rake 0 
Seat 1: Cris_Finkler (big blind) collected (20)
Seat 2: Acex0fSpades (button) folded before Flop (didn't bet)
Seat 3: Mahu2021 (small blind) folded before Flop



PokerStars Hand #252739648572: Tournament #3807523493, $1.84+$0.16 USD Hold'em No Limit - Level I (10/20) - 2024/10/02 21:04:45 CET [2024/10/02 15:04:45 ET]
Table '3807523493 1' 3-max Seat #3 is the button
Seat 1: Cris_Finkler (510 in chips) 
Seat 2: Acex0fSpades (480 in chips) 
Seat 3: Mahu2021 (510 in chips) 
Cris_Finkler: posts small blind 10
Acex0fSpades: posts big blind 20
*** HOLE CARDS ***
Dealt to Mahu2021 [Tc 6d]
Mahu2021: folds 
Cris_Finkler: calls 10
Acex0fSpades: raises 40 to 60
Cris_Finkler: folds 
Uncalled bet (40) returned to Acex0fSpades
Acex0fSpades collected 40 from pot
Acex0fSpades: doesn't show hand 
*** SUMMARY ***
Total pot 40 | Rake 0 
Seat 1: Cris_Finkler (small blind) folded before Flop
Seat 2: Acex0fSpades (big blind) collected (40)
Seat 3: Mahu2021 (button) folded before Flop (didn't bet)



PokerStars Hand #252739651617: Tournament #3807523493, $1.84+$0.16 USD Hold'em No Limit - Level I (10/20) - 2024/10/02 21:04:55 CET [2024/10/02 15:04:55 ET]
Table '3807523493 1' 3-max Seat #1 is the button
Seat 1: Cris_Finkler (490 in chips) 
Seat 2: Acex0fSpades (500 in chips) 
Seat 3: Mahu2021 (510 in chips) 
Acex0fSpades: posts small blind 10
Mahu2021: posts big blind 20
*** HOLE CARDS ***
Dealt to Mahu2021 [8s 4h]
Cris_Finkler: folds 
Acex0fSpades: raises 40 to 60
Mahu2021: folds 
Uncalled bet (40) returned to Acex0fSpades
Acex0fSpades collected 40 from pot
*** SUMMARY ***
Total pot 40 | Rake 0 
Seat 1: Cris_Finkler (button) folded before Flop (didn't bet)
Seat 2: Acex0fSpades (small blind) collected (40)
Seat 3: Mahu2021 (big blind) folded before Flop



PokerStars Hand #252739654236: Tournament #3807523493, $1.84+$0.16 USD Hold'em No Limit - Level I (10/20) - 2024/10/02 21:05:02 CET [2024/10/02 15:05:02 ET]
Table '3807523493 1' 3-max Seat #2 is the button
Seat 1: Cris_Finkler (490 in chips) 
Seat 2: Acex0fSpades (520 in chips) 
Seat 3: Mahu2021 (490 in chips) 
Mahu2021: posts small blind 10
Cris_Finkler: posts big blind 20
*** HOLE CARDS ***
Dealt to Mahu2021 [Ks Js]
Acex0fSpades: calls 20
Mahu2021: calls 10
Cris_Finkler: checks 
*** FLOP *** [4s 9c Ac]
Mahu2021: checks 
Cris_Finkler: checks 
Acex0fSpades: bets 20
Mahu2021: folds 
Cris_Finkler: folds 
Uncalled bet (20) returned to Acex0fSpades
Acex0fSpades collected 60 from pot
*** SUMMARY ***
Total pot 60 | Rake 0 
Board [4s 9c Ac]
Seat 1: Cris_Finkler (big blind) folded on the Flop
Seat 2: Acex0fSpades (button) collected (60)
Seat 3: Mahu2021 (small blind) folded on the Flop



PokerStars Hand #252739662475: Tournament #3807523493, $1.84+$0.16 USD Hold'em No Limit - Level I (10/20) - 2024/10/02 21:05:30 CET [2024/10/02 15:05:30 ET]
Table '3807523493 1' 3-max Seat #3 is the button
Seat 1: Cris_Finkler (470 in chips) 
Seat 2: Acex0fSpades (560 in chips) 
Seat 3: Mahu2021 (470 in chips) 
Cris_Finkler: posts small blind 10
Acex0fSpades: posts big blind 20
*** HOLE CARDS ***
Dealt to Mahu2021 [5d 4c]
Mahu2021: folds 
Cris_Finkler: raises 20 to 40
Acex0fSpades: calls 20
*** FLOP *** [9s 6h 3c]
Cris_Finkler: checks 
Acex0fSpades: bets 20
Cris_Finkler: folds 
Uncalled bet (20) returned to Acex0fSpades
Acex0fSpades collected 80 from pot
*** SUMMARY ***
Total pot 80 | Rake 0 
Board [9s 6h 3c]
Seat 1: Cris_Finkler (small blind) folded on the Flop
Seat 2: Acex0fSpades (big blind) collected (80)
Seat 3: Mahu2021 (button) folded before Flop (didn't bet)



PokerStars Hand #252739673549: Tournament #3807523493, $1.84+$0.16 USD Hold'em No Limit - Level I (10/20) - 2024/10/02 21:06:06 CET [2024/10/02 15:06:06 ET]
Table '3807523493 1' 3-max Seat #1 is the button
Seat 1: Cris_Finkler (430 in chips) 
Seat 2: Acex0fSpades (600 in chips) 
Seat 3: Mahu2021 (470 in chips) 
Acex0fSpades: posts small blind 10
Mahu2021: posts big blind 20
*** HOLE CARDS ***
Dealt to Mahu2021 [2s 3d]
Cris_Finkler: folds 
Acex0fSpades: raises 40 to 60
Mahu2021: folds 
Uncalled bet (40) returned to Acex0fSpades
Acex0fSpades collected 40 from pot
*** SUMMARY ***
Total pot 40 | Rake 0 
Seat 1: Cris_Finkler (button) folded before Flop (didn't bet)
Seat 2: Acex0fSpades (small blind) collected (40)
Seat 3: Mahu2021 (big blind) folded before Flop



PokerStars Hand #252739676519: Tournament #3807523493, $1.84+$0.16 USD Hold'em No Limit - Level I (10/20) - 2024/10/02 21:06:15 CET [2024/10/02 15:06:15 ET]
Table '3807523493 1' 3-max Seat #2 is the button
Seat 1: Cris_Finkler (430 in chips) 
Seat 2: Acex0fSpades (620 in chips) 
Seat 3: Mahu2021 (450 in chips) 
Mahu2021: posts small blind 10
Cris_Finkler: posts big blind 20
*** HOLE CARDS ***
Dealt to Mahu2021 [8h 2h]
Acex0fSpades: calls 20
Mahu2021: folds 
Cris_Finkler: checks 
*** FLOP *** [9d Jh 4c]
Cris_Finkler: checks 
Acex0fSpades: bets 40
Cris_Finkler: folds 
Uncalled bet (40) returned to Acex0fSpades
Acex0fSpades collected 50 from pot
*** SUMMARY ***
Total pot 50 | Rake 0 
Board [9d Jh 4c]
Seat 1: Cris_Finkler (big blind) folded on the Flop
Seat 2: Acex0fSpades (button) collected (50)
Seat 3: Mahu2021 (small blind) folded before Flop



PokerStars Hand #252739684991: Tournament #3807523493, $1.84+$0.16 USD Hold'em No Limit - Level II (15/30) - 2024/10/02 21:06:42 CET [2024/10/02 15:06:42 ET]
Table '3807523493 1' 3-max Seat #3 is the button
Seat 1: Cris_Finkler (410 in chips) 
Seat 2: Acex0fSpades (650 in chips) 
Seat 3: Mahu2021 (440 in chips) 
Cris_Finkler: posts small blind 15
Acex0fSpades: posts big blind 30
*** HOLE CARDS ***
Dealt to Mahu2021 [7s 7d]
Mahu2021: raises 30 to 60
Cris_Finkler: folds 
Acex0fSpades: folds 
Uncalled bet (30) returned to Mahu2021
Mahu2021 collected 75 from pot
Mahu2021: doesn't show hand 
*** SUMMARY ***
Total pot 75 | Rake 0 
Seat 1: Cris_Finkler (small blind) folded before Flop
Seat 2: Acex0fSpades (big blind) folded before Flop
Seat 3: Mahu2021 (button) collected (75)



PokerStars Hand #252739688232: Tournament #3807523493, $1.84+$0.16 USD Hold'em No Limit - Level II (15/30) - 2024/10/02 21:06:53 CET [2024/10/02 15:06:53 ET]
Table '3807523493 1' 3-max Seat #1 is the button
Seat 1: Cris_Finkler (395 in chips) 
Seat 2: Acex0fSpades (620 in chips) 
Seat 3: Mahu2021 (485 in chips) 
Acex0fSpades: posts small blind 15
Mahu2021: posts big blind 30
*** HOLE CARDS ***
Dealt to Mahu2021 [Qc 3d]
Cris_Finkler: folds 
Acex0fSpades: calls 15
Mahu2021: checks 
*** FLOP *** [Kc 5h Jh]
Acex0fSpades: bets 30
Mahu2021: folds 
Uncalled bet (30) returned to Acex0fSpades
Acex0fSpades collected 60 from pot
*** SUMMARY ***
Total pot 60 | Rake 0 
Board [Kc 5h Jh]
Seat 1: Cris_Finkler (button) folded before Flop (didn't bet)
Seat 2: Acex0fSpades (small blind) collected (60)
Seat 3: Mahu2021 (big blind) folded on the Flop



PokerStars Hand #252739694000: Tournament #3807523493, $1.84+$0.16 USD Hold'em No Limit - Level II (15/30) - 2024/10/02 21:07:11 CET [2024/10/02 15:07:11 ET]
Table '3807523493 1' 3-max Seat #2 is the button
Seat 1: Cris_Finkler (395 in chips) 
Seat 2: Acex0fSpades (650 in chips) 
Seat 3: Mahu2021 (455 in chips) 
Mahu2021: posts small blind 15
Cris_Finkler: posts big blind 30
*** HOLE CARDS ***
Dealt to Mahu2021 [3c 9c]
Acex0fSpades: folds 
Mahu2021: folds 
Uncalled bet (15) returned to Cris_Finkler
Cris_Finkler collected 30 from pot
*** SUMMARY ***
Total pot 30 | Rake 0 
Seat 1: Cris_Finkler (big blind) collected (30)
Seat 2: Acex0fSpades (button) folded before Flop (didn't bet)
Seat 3: Mahu2021 (small blind) folded before Flop



PokerStars Hand #252739698439: Tournament #3807523493, $1.84+$0.16 USD Hold'em No Limit - Level II (15/30) - 2024/10/02 21:07:26 CET [2024/10/02 15:07:26 ET]
Table '3807523493 1' 3-max Seat #3 is the button
Seat 1: Cris_Finkler (410 in chips) 
Seat 2: Acex0fSpades (650 in chips) 
Seat 3: Mahu2021 (440 in chips) 
Cris_Finkler: posts small blind 15
Acex0fSpades: posts big blind 30
*** HOLE CARDS ***
Dealt to Mahu2021 [Ac Jd]
Mahu2021: raises 30 to 60
Cris_Finkler: folds 
Acex0fSpades: calls 30
*** FLOP *** [Ah 4s 7c]
Acex0fSpades: checks 
Mahu2021: bets 60
Acex0fSpades: folds 
Uncalled bet (60) returned to Mahu2021
Mahu2021 collected 135 from pot
Mahu2021: doesn't show hand 
*** SUMMARY ***
Total pot 135 | Rake 0 
Board [Ah 4s 7c]
Seat 1: Cris_Finkler (small blind) folded before Flop
Seat 2: Acex0fSpades (big blind) folded on the Flop
Seat 3: Mahu2021 (button) collected (135)



PokerStars Hand #252739707285: Tournament #3807523493, $1.84+$0.16 USD Hold'em No Limit - Level II (15/30) - 2024/10/02 21:07:55 CET [2024/10/02 15:07:55 ET]
Table '3807523493 1' 3-max Seat #1 is the button
Seat 1: Cris_Finkler (395 in chips) 
Seat 2: Acex0fSpades (590 in chips) 
Seat 3: Mahu2021 (515 in chips) 
Acex0fSpades: posts small blind 15
Mahu2021: posts big blind 30
*** HOLE CARDS ***
Dealt to Mahu2021 [Ad 7d]
Cris_Finkler: raises 365 to 395 and is all-in
Acex0fSpades: folds 
Mahu2021: folds 
Uncalled bet (365) returned to Cris_Finkler
Cris_Finkler collected 75 from pot
*** SUMMARY ***
Total pot 75 | Rake 0 
Seat 1: Cris_Finkler (button) collected (75)
Seat 2: Acex0fSpades (small blind) folded before Flop
Seat 3: Mahu2021 (big blind) folded before Flop



PokerStars Hand #252739710712: Tournament #3807523493, $1.84+$0.16 USD Hold'em No Limit - Level II (15/30) - 2024/10/02 21:08:06 CET [2024/10/02 15:08:06 ET]
Table '3807523493 1' 3-max Seat #2 is the button
Seat 1: Cris_Finkler (440 in chips) 
Seat 2: Acex0fSpades (575 in chips) 
Seat 3: Mahu2021 (485 in chips) 
Mahu2021: posts small blind 15
Cris_Finkler: posts big blind 30
*** HOLE CARDS ***
Dealt to Mahu2021 [Th 6s]
Acex0fSpades: raises 60 to 90
Mahu2021: folds 
Cris_Finkler: folds 
Uncalled bet (60) returned to Acex0fSpades
Acex0fSpades collected 75 from pot
*** SUMMARY ***
Total pot 75 | Rake 0 
Seat 1: Cris_Finkler (big blind) folded before Flop
Seat 2: Acex0fSpades (button) collected (75)
Seat 3: Mahu2021 (small blind) folded before Flop



PokerStars Hand #252739714132: Tournament #3807523493, $1.84+$0.16 USD Hold'em No Limit - Level II (15/30) - 2024/10/02 21:08:17 CET [2024/10/02 15:08:17 ET]
Table '3807523493 1' 3-max Seat #3 is the button
Seat 1: Cris_Finkler (410 in chips) 
Seat 2: Acex0fSpades (620 in chips) 
Seat 3: Mahu2021 (470 in chips) 
Cris_Finkler: posts small blind 15
Acex0fSpades: posts big blind 30
*** HOLE CARDS ***
Dealt to Mahu2021 [6h 7h]
Mahu2021: calls 30
Cris_Finkler: raises 380 to 410 and is all-in
Acex0fSpades: folds 
Mahu2021: folds 
Uncalled bet (380) returned to Cris_Finkler
Cris_Finkler collected 90 from pot
*** SUMMARY ***
Total pot 90 | Rake 0 
Seat 1: Cris_Finkler (small blind) collected (90)
Seat 2: Acex0fSpades (big blind) folded before Flop
Seat 3: Mahu2021 (button) folded before Flop



PokerStars Hand #252739719223: Tournament #3807523493, $1.84+$0.16 USD Hold'em No Limit - Level III (20/40) - 2024/10/02 21:08:33 CET [2024/10/02 15:08:33 ET]
Table '3807523493 1' 3-max Seat #1 is the button
Seat 1: Cris_Finkler (470 in chips) 
Seat 2: Acex0fSpades (590 in chips) 
Seat 3: Mahu2021 (440 in chips) 
Acex0fSpades: posts small blind 20
Mahu2021: posts big blind 40
*** HOLE CARDS ***
Dealt to Mahu2021 [4h 8c]
Cris_Finkler: folds 
Acex0fSpades: folds 
Uncalled bet (20) returned to Mahu2021
Mahu2021 collected 40 from pot
Mahu2021: doesn't show hand 
*** SUMMARY ***
Total pot 40 | Rake 0 
Seat 1: Cris_Finkler (button) folded before Flop (didn't bet)
Seat 2: Acex0fSpades (small blind) folded before Flop
Seat 3: Mahu2021 (big blind) collected (40)



PokerStars Hand #252739720979: Tournament #3807523493, $1.84+$0.16 USD Hold'em No Limit - Level III (20/40) - 2024/10/02 21:08:39 CET [2024/10/02 15:08:39 ET]
Table '3807523493 1' 3-max Seat #2 is the button
Seat 1: Cris_Finkler (470 in chips) 
Seat 2: Acex0fSpades (570 in chips) 
Seat 3: Mahu2021 (460 in chips) 
Mahu2021: posts small blind 20
Cris_Finkler: posts big blind 40
*** HOLE CARDS ***
Dealt to Mahu2021 [Qc 5h]
Acex0fSpades: raises 80 to 120
Mahu2021: folds 
Cris_Finkler: folds 
Uncalled bet (80) returned to Acex0fSpades
Acex0fSpades collected 100 from pot
*** SUMMARY ***
Total pot 100 | Rake 0 
Seat 1: Cris_Finkler (big blind) folded before Flop
Seat 2: Acex0fSpades (button) collected (100)
Seat 3: Mahu2021 (small blind) folded before Flop



PokerStars Hand #252739728049: Tournament #3807523493, $1.84+$0.16 USD Hold'em No Limit - Level III (20/40) - 2024/10/02 21:09:02 CET [2024/10/02 15:09:02 ET]
Table '3807523493 1' 3-max Seat #3 is the button
Seat 1: Cris_Finkler (430 in chips) 
Seat 2: Acex0fSpades (630 in chips) 
Seat 3: Mahu2021 (440 in chips) 
Cris_Finkler: posts small blind 20
Acex0fSpades: posts big blind 40
*** HOLE CARDS ***
Dealt to Mahu2021 [4d Qs]
Mahu2021: folds 
Cris_Finkler: folds 
Uncalled bet (20) returned to Acex0fSpades
Acex0fSpades collected 40 from pot
*** SUMMARY ***
Total pot 40 | Rake 0 
Seat 1: Cris_Finkler (small blind) folded before Flop
Seat 2: Acex0fSpades (big blind) collected (40)
Seat 3: Mahu2021 (button) folded before Flop (didn't bet)



PokerStars Hand #252739732578: Tournament #3807523493, $1.84+$0.16 USD Hold'em No Limit - Level III (20/40) - 2024/10/02 21:09:17 CET [2024/10/02 15:09:17 ET]
Table '3807523493 1' 3-max Seat #1 is the button
Seat 1: Cris_Finkler (410 in chips) 
Seat 2: Acex0fSpades (650 in chips) 
Seat 3: Mahu2021 (440 in chips) 
Acex0fSpades: posts small blind 20
Mahu2021: posts big blind 40
*** HOLE CARDS ***
Dealt to Mahu2021 [Ad As]
Cris_Finkler: folds 
Acex0fSpades: raises 40 to 80
Mahu2021: raises 360 to 440 and is all-in
Acex0fSpades: calls 360
*** FLOP *** [3d 9h 5s]
*** TURN *** [3d 9h 5s] [5h]
*** RIVER *** [3d 9h 5s 5h] [Ks]
*** SHOW DOWN ***
Acex0fSpades: shows [Kc Ah] (two pair, Kings and Fives)
Mahu2021: shows [Ad As] (two pair, Aces and Fives)
Mahu2021 collected 880 from pot
*** SUMMARY ***
Total pot 880 | Rake 0 
Board [3d 9h 5s 5h Ks]
Seat 1: Cris_Finkler (button) folded before Flop (didn't bet)
Seat 2: Acex0fSpades (small blind) showed [Kc Ah] and lost with two pair, Kings and Fives
Seat 3: Mahu2021 (big blind) showed [Ad As] and won (880) with two pair, Aces and Fives



PokerStars Hand #252739737527: Tournament #3807523493, $1.84+$0.16 USD Hold'em No Limit - Level III (20/40) - 2024/10/02 21:09:33 CET [2024/10/02 15:09:33 ET]
Table '3807523493 1' 3-max Seat #2 is the button
Seat 1: Cris_Finkler (410 in chips) 
Seat 2: Acex0fSpades (210 in chips) 
Seat 3: Mahu2021 (880 in chips) 
Mahu2021: posts small blind 20
Cris_Finkler: posts big blind 40
*** HOLE CARDS ***
Dealt to Mahu2021 [Kd Jd]
Acex0fSpades: folds 
Mahu2021: raises 40 to 80
Cris_Finkler: folds 
Uncalled bet (40) returned to Mahu2021
Mahu2021 collected 80 from pot
Mahu2021: doesn't show hand 
*** SUMMARY ***
Total pot 80 | Rake 0 
Seat 1: Cris_Finkler (big blind) folded before Flop
Seat 2: Acex0fSpades (button) folded before Flop (didn't bet)
Seat 3: Mahu2021 (small blind) collected (80)



PokerStars Hand #252739742300: Tournament #3807523493, $1.84+$0.16 USD Hold'em No Limit - Level III (20/40) - 2024/10/02 21:09:48 CET [2024/10/02 15:09:48 ET]
Table '3807523493 1' 3-max Seat #3 is the button
Seat 1: Cris_Finkler (370 in chips) 
Seat 2: Acex0fSpades (210 in chips) 
Seat 3: Mahu2021 (920 in chips) 
Cris_Finkler: posts small blind 20
Acex0fSpades: posts big blind 40
*** HOLE CARDS ***
Dealt to Mahu2021 [6c 4d]
Mahu2021: folds 
Cris_Finkler: folds 
Uncalled bet (20) returned to Acex0fSpades
Acex0fSpades collected 40 from pot
*** SUMMARY ***
Total pot 40 | Rake 0 
Seat 1: Cris_Finkler (small blind) folded before Flop
Seat 2: Acex0fSpades (big blind) collected (40)
Seat 3: Mahu2021 (button) folded before Flop (didn't bet)



PokerStars Hand #252739745625: Tournament #3807523493, $1.84+$0.16 USD Hold'em No Limit - Level III (20/40) - 2024/10/02 21:09:58 CET [2024/10/02 15:09:58 ET]
Table '3807523493 1' 3-max Seat #1 is the button
Seat 1: Cris_Finkler (350 in chips) 
Seat 2: Acex0fSpades (230 in chips) 
Seat 3: Mahu2021 (920 in chips) 
Acex0fSpades: posts small blind 20
Mahu2021: posts big blind 40
*** HOLE CARDS ***
Dealt to Mahu2021 [3s 3c]
Cris_Finkler: raises 310 to 350 and is all-in
Acex0fSpades: folds 
Mahu2021: calls 310
*** FLOP *** [2c Ah Tc]
*** TURN *** [2c Ah Tc] [6h]
*** RIVER *** [2c Ah Tc 6h] [7c]
*** SHOW DOWN ***
Mahu2021: shows [3s 3c] (a pair of Threes)
Cris_Finkler: shows [9d Qh] (high card Ace)
Mahu2021 collected 720 from pot
Cris_Finkler finished the tournament in 3rd place
*** SUMMARY ***
Total pot 720 | Rake 0 
Board [2c Ah Tc 6h 7c]
Seat 1: Cris_Finkler (button) showed [9d Qh] and lost with high card Ace
Seat 2: Acex0fSpades (small blind) folded before Flop
Seat 3: Mahu2021 (big blind) showed [3s 3c] and won (720) with a pair of Threes



PokerStars Hand #252739750989: Tournament #3807523493, $1.84+$0.16 USD Hold'em No Limit - Level III (20/40) - 2024/10/02 21:10:16 CET [2024/10/02 15:10:16 ET]
Table '3807523493 1' 3-max Seat #3 is the button
Seat 2: Acex0fSpades (210 in chips) 
Seat 3: Mahu2021 (1290 in chips) 
Mahu2021: posts small blind 20
Acex0fSpades: posts big blind 40
*** HOLE CARDS ***
Dealt to Mahu2021 [7d Qh]
Mahu2021: calls 20
Acex0fSpades: checks 
*** FLOP *** [Jd 4c Ad]
Acex0fSpades: bets 40
Mahu2021: folds 
Uncalled bet (40) returned to Acex0fSpades
Acex0fSpades collected 80 from pot
*** SUMMARY ***
Total pot 80 | Rake 0 
Board [Jd 4c Ad]
Seat 2: Acex0fSpades (big blind) collected (80)
Seat 3: Mahu2021 (button) (small blind) folded on the Flop



PokerStars Hand #252739759679: Tournament #3807523493, $1.84+$0.16 USD Hold'em No Limit - Level IV (30/60) - 2024/10/02 21:10:44 CET [2024/10/02 15:10:44 ET]
Table '3807523493 1' 3-max Seat #2 is the button
Seat 2: Acex0fSpades (250 in chips) 
Seat 3: Mahu2021 (1250 in chips) 
Acex0fSpades: posts small blind 30
Mahu2021: posts big blind 60
*** HOLE CARDS ***
Dealt to Mahu2021 [8c Ks]
Acex0fSpades: calls 30
Mahu2021: checks 
*** FLOP *** [9c 7s Th]
Mahu2021: checks 
Acex0fSpades: bets 60
Mahu2021: raises 1130 to 1190 and is all-in
Acex0fSpades: calls 130 and is all-in
Uncalled bet (1000) returned to Mahu2021
*** TURN *** [9c 7s Th] [2c]
*** RIVER *** [9c 7s Th 2c] [Qc]
*** SHOW DOWN ***
Mahu2021: shows [8c Ks] (high card King)
Acex0fSpades: shows [3d 7d] (a pair of Sevens)
Acex0fSpades collected 500 from pot
*** SUMMARY ***
Total pot 500 | Rake 0 
Board [9c 7s Th 2c Qc]
Seat 2: Acex0fSpades (button) (small blind) showed [3d 7d] and won (500) with a pair of Sevens
Seat 3: Mahu2021 (big blind) showed [8c Ks] and lost with high card King



PokerStars Hand #252739772013: Tournament #3807523493, $1.84+$0.16 USD Hold'em No Limit - Level IV (30/60) - 2024/10/02 21:11:23 CET [2024/10/02 15:11:23 ET]
Table '3807523493 1' 3-max Seat #3 is the button
Seat 2: Acex0fSpades (500 in chips) 
Seat 3: Mahu2021 (1000 in chips) 
Mahu2021: posts small blind 30
Acex0fSpades: posts big blind 60
*** HOLE CARDS ***
Dealt to Mahu2021 [Qc 9s]
Mahu2021: calls 30
Acex0fSpades: checks 
*** FLOP *** [7d 6h Kc]
Acex0fSpades: bets 60
Mahu2021: folds 
Uncalled bet (60) returned to Acex0fSpades
Acex0fSpades collected 120 from pot
*** SUMMARY ***
Total pot 120 | Rake 0 
Board [7d 6h Kc]
Seat 2: Acex0fSpades (big blind) collected (120)
Seat 3: Mahu2021 (button) (small blind) folded on the Flop



PokerStars Hand #252739775377: Tournament #3807523493, $1.84+$0.16 USD Hold'em No Limit - Level IV (30/60) - 2024/10/02 21:11:34 CET [2024/10/02 15:11:34 ET]
Table '3807523493 1' 3-max Seat #2 is the button
Seat 2: Acex0fSpades (560 in chips) 
Seat 3: Mahu2021 (940 in chips) 
Acex0fSpades: posts small blind 30
Mahu2021: posts big blind 60
*** HOLE CARDS ***
Dealt to Mahu2021 [Kc Qs]
Acex0fSpades: calls 30
Mahu2021: raises 880 to 940 and is all-in
Acex0fSpades: folds 
Uncalled bet (880) returned to Mahu2021
Mahu2021 collected 120 from pot
Mahu2021: doesn't show hand 
*** SUMMARY ***
Total pot 120 | Rake 0 
Seat 2: Acex0fSpades (button) (small blind) folded before Flop
Seat 3: Mahu2021 (big blind) collected (120)



PokerStars Hand #252739779047: Tournament #3807523493, $1.84+$0.16 USD Hold'em No Limit - Level IV (30/60) - 2024/10/02 21:11:46 CET [2024/10/02 15:11:46 ET]
Table '3807523493 1' 3-max Seat #3 is the button
Seat 2: Acex0fSpades (500 in chips) 
Seat 3: Mahu2021 (1000 in chips) 
Mahu2021: posts small blind 30
Acex0fSpades: posts big blind 60
*** HOLE CARDS ***
Dealt to Mahu2021 [2s 5s]
Mahu2021: folds 
Uncalled bet (30) returned to Acex0fSpades
Acex0fSpades collected 60 from pot
*** SUMMARY ***
Total pot 60 | Rake 0 
Seat 2: Acex0fSpades (big blind) collected (60)
Seat 3: Mahu2021 (button) (small blind) folded before Flop



PokerStars Hand #252739780282: Tournament #3807523493, $1.84+$0.16 USD Hold'em No Limit - Level IV (30/60) - 2024/10/02 21:11:50 CET [2024/10/02 15:11:50 ET]
Table '3807523493 1' 3-max Seat #2 is the button
Seat 2: Acex0fSpades (530 in chips) 
Seat 3: Mahu2021 (970 in chips) 
Acex0fSpades: posts small blind 30
Mahu2021: posts big blind 60
*** HOLE CARDS ***
Dealt to Mahu2021 [3d Kc]
Acex0fSpades: raises 60 to 120
Mahu2021: calls 60
*** FLOP *** [5h 8c 6s]
Mahu2021: checks 
Acex0fSpades: bets 410 and is all-in
Mahu2021: folds 
Uncalled bet (410) returned to Acex0fSpades
Acex0fSpades collected 240 from pot
*** SUMMARY ***
Total pot 240 | Rake 0 
Board [5h 8c 6s]
Seat 2: Acex0fSpades (button) (small blind) collected (240)
Seat 3: Mahu2021 (big blind) folded on the Flop



PokerStars Hand #252739795660: Tournament #3807523493, $1.84+$0.16 USD Hold'em No Limit - Level V (40/80) - 2024/10/02 21:12:38 CET [2024/10/02 15:12:38 ET]
Table '3807523493 1' 3-max Seat #3 is the button
Seat 2: Acex0fSpades (650 in chips) 
Seat 3: Mahu2021 (850 in chips) 
Mahu2021: posts small blind 40
Acex0fSpades: posts big blind 80
*** HOLE CARDS ***
Dealt to Mahu2021 [Th Jh]
Mahu2021: raises 80 to 160
Acex0fSpades: calls 80
*** FLOP *** [Td 4c Ad]
Acex0fSpades: checks 
Mahu2021: bets 160
Acex0fSpades: folds 
Uncalled bet (160) returned to Mahu2021
Mahu2021 collected 320 from pot
Mahu2021: doesn't show hand 
*** SUMMARY ***
Total pot 320 | Rake 0 
Board [Td 4c Ad]
Seat 2: Acex0fSpades (big blind) folded on the Flop
Seat 3: Mahu2021 (button) (small blind) collected (320)



PokerStars Hand #252739803272: Tournament #3807523493, $1.84+$0.16 USD Hold'em No Limit - Level V (40/80) - 2024/10/02 21:13:02 CET [2024/10/02 15:13:02 ET]
Table '3807523493 1' 3-max Seat #2 is the button
Seat 2: Acex0fSpades (490 in chips) 
Seat 3: Mahu2021 (1010 in chips) 
Acex0fSpades: posts small blind 40
Mahu2021: posts big blind 80
*** HOLE CARDS ***
Dealt to Mahu2021 [Qs Ad]
Acex0fSpades has timed out
Acex0fSpades: folds 
Acex0fSpades is sitting out
Uncalled bet (40) returned to Mahu2021
Mahu2021 collected 80 from pot
Mahu2021: doesn't show hand 
*** SUMMARY ***
Total pot 80 | Rake 0 
Seat 2: Acex0fSpades (button) (small blind) folded before Flop
Seat 3: Mahu2021 (big blind) collected (80)



PokerStars Hand #252739815423: Tournament #3807523493, $1.84+$0.16 USD Hold'em No Limit - Level V (40/80) - 2024/10/02 21:13:41 CET [2024/10/02 15:13:41 ET]
Table '3807523493 1' 3-max Seat #3 is the button
Seat 2: Acex0fSpades (450 in chips) is sitting out
Seat 3: Mahu2021 (1050 in chips) 
Mahu2021: posts small blind 40
Acex0fSpades: posts big blind 80
*** HOLE CARDS ***
Dealt to Mahu2021 [Ts 4d]
Mahu2021: raises 80 to 160
Acex0fSpades: folds 
Uncalled bet (80) returned to Mahu2021
Mahu2021 collected 160 from pot
Mahu2021: doesn't show hand 
*** SUMMARY ***
Total pot 160 | Rake 0 
Seat 2: Acex0fSpades (big blind) folded before Flop
Seat 3: Mahu2021 (button) (small blind) collected (160)



PokerStars Hand #252739816542: Tournament #3807523493, $1.84+$0.16 USD Hold'em No Limit - Level V (40/80) - 2024/10/02 21:13:45 CET [2024/10/02 15:13:45 ET]
Table '3807523493 1' 3-max Seat #2 is the button
Seat 2: Acex0fSpades (370 in chips) is sitting out
Seat 3: Mahu2021 (1130 in chips) 
Acex0fSpades: posts small blind 40
Mahu2021: posts big blind 80
*** HOLE CARDS ***
Dealt to Mahu2021 [2c Jc]
Acex0fSpades: folds 
Uncalled bet (40) returned to Mahu2021
Mahu2021 collected 80 from pot
Mahu2021: doesn't show hand 
*** SUMMARY ***
Total pot 80 | Rake 0 
Seat 2: Acex0fSpades (button) (small blind) folded before Flop
Seat 3: Mahu2021 (big blind) collected (80)



PokerStars Hand #252739817164: Tournament #3807523493, $1.84+$0.16 USD Hold'em No Limit - Level V (40/80) - 2024/10/02 21:13:47 CET [2024/10/02 15:13:47 ET]
Table '3807523493 1' 3-max Seat #3 is the button
Seat 2: Acex0fSpades (330 in chips) is sitting out
Seat 3: Mahu2021 (1170 in chips) 
Mahu2021: posts small blind 40
Acex0fSpades: posts big blind 80
*** HOLE CARDS ***
Dealt to Mahu2021 [8c 3d]
Mahu2021: raises 80 to 160
Acex0fSpades: folds 
Uncalled bet (80) returned to Mahu2021
Mahu2021 collected 160 from pot
Mahu2021: doesn't show hand 
*** SUMMARY ***
Total pot 160 | Rake 0 
Seat 2: Acex0fSpades (big blind) folded before Flop
Seat 3: Mahu2021 (button) (small blind) collected (160)



PokerStars Hand #252739818511: Tournament #3807523493, $1.84+$0.16 USD Hold'em No Limit - Level V (40/80) - 2024/10/02 21:13:51 CET [2024/10/02 15:13:51 ET]
Table '3807523493 1' 3-max Seat #2 is the button
Seat 2: Acex0fSpades (250 in chips) is sitting out
Seat 3: Mahu2021 (1250 in chips) 
Acex0fSpades: posts small blind 40
Mahu2021: posts big blind 80
*** HOLE CARDS ***
Dealt to Mahu2021 [7d 6c]
Acex0fSpades: folds 
Uncalled bet (40) returned to Mahu2021
Mahu2021 collected 80 from pot
Mahu2021: doesn't show hand 
*** SUMMARY ***
Total pot 80 | Rake 0 
Seat 2: Acex0fSpades (button) (small blind) folded before Flop
Seat 3: Mahu2021 (big blind) collected (80)



PokerStars Hand #252739819110: Tournament #3807523493, $1.84+$0.16 USD Hold'em No Limit - Level V (40/80) - 2024/10/02 21:13:53 CET [2024/10/02 15:13:53 ET]
Table '3807523493 1' 3-max Seat #3 is the button
Seat 2: Acex0fSpades (210 in chips) is sitting out
Seat 3: Mahu2021 (1290 in chips) 
Mahu2021: posts small blind 40
Acex0fSpades: posts big blind 80
*** HOLE CARDS ***
Dealt to Mahu2021 [7c 6c]
Mahu2021: raises 80 to 160
Acex0fSpades: folds 
Uncalled bet (80) returned to Mahu2021
Mahu2021 collected 160 from pot
Mahu2021: doesn't show hand 
*** SUMMARY ***
Total pot 160 | Rake 0 
Seat 2: Acex0fSpades (big blind) folded before Flop
Seat 3: Mahu2021 (button) (small blind) collected (160)



PokerStars Hand #252739820368: Tournament #3807523493, $1.84+$0.16 USD Hold'em No Limit - Level V (40/80) - 2024/10/02 21:13:57 CET [2024/10/02 15:13:57 ET]
Table '3807523493 1' 3-max Seat #2 is the button
Seat 2: Acex0fSpades (130 in chips) is sitting out
Seat 3: Mahu2021 (1370 in chips) 
Acex0fSpades: posts small blind 40
Mahu2021: posts big blind 80
*** HOLE CARDS ***
Dealt to Mahu2021 [2c Ks]
Acex0fSpades: folds 
Uncalled bet (40) returned to Mahu2021
Mahu2021 collected 80 from pot
Mahu2021: doesn't show hand 
*** SUMMARY ***
Total pot 80 | Rake 0 
Seat 2: Acex0fSpades (button) (small blind) folded before Flop
Seat 3: Mahu2021 (big blind) collected (80)



PokerStars Hand #252739820950: Tournament #3807523493, $1.84+$0.16 USD Hold'em No Limit - Level V (40/80) - 2024/10/02 21:13:59 CET [2024/10/02 15:13:59 ET]
Table '3807523493 1' 3-max Seat #3 is the button
Seat 2: Acex0fSpades (90 in chips) is sitting out
Seat 3: Mahu2021 (1410 in chips) 
Mahu2021: posts small blind 40
Acex0fSpades: posts big blind 80
*** HOLE CARDS ***
Dealt to Mahu2021 [6s Th]
Mahu2021: raises 80 to 160
Acex0fSpades: folds 
Uncalled bet (80) returned to Mahu2021
Mahu2021 collected 160 from pot
Mahu2021: doesn't show hand 
*** SUMMARY ***
Total pot 160 | Rake 0 
Seat 2: Acex0fSpades (big blind) folded before Flop
Seat 3: Mahu2021 (button) (small blind) collected (160)



PokerStars Hand #252739822236: Tournament #3807523493, $1.84+$0.16 USD Hold'em No Limit - Level V (40/80) - 2024/10/02 21:14:03 CET [2024/10/02 15:14:03 ET]
Table '3807523493 1' 3-max Seat #2 is the button
Seat 2: Acex0fSpades (10 in chips) is sitting out
Seat 3: Mahu2021 (1490 in chips) 
Acex0fSpades: posts small blind 10 and is all-in
Mahu2021: posts big blind 80
*** HOLE CARDS ***
Dealt to Mahu2021 [5d 8h]
Acex0fSpades: folds 
Uncalled bet (70) returned to Mahu2021
Mahu2021 collected 20 from pot
Acex0fSpades finished the tournament in 2nd place
Mahu2021 wins the tournament and receives $4.00 - congratulations!
Mahu2021: doesn't show hand 
*** SUMMARY ***
Total pot 20 | Rake 0 
Seat 2: Acex0fSpades (button) (small blind) folded before Flop
Seat 3: Mahu2021 (big blind) collected (20)



