PokerStars Hand #248468284531: Tournament #3706147773, $1.84+$0.16 USD Hold'em No Limit - Level I (10/20) - 2024/01/24 16:47:58 CET [2024/01/24 10:47:58 ET]
Table '3706147773 1' 3-max Seat #1 is the button
Seat 1: Mahu2021 (500 in chips) 
Seat 2: Fakalin88 (500 in chips) 
Seat 3: galitario (500 in chips) 
Fakalin88: posts small blind 10
galitario: posts big blind 20
*** HOLE CARDS ***
Dealt to Mahu2021 [9s Kc]
Mahu2021: calls 20
Fakalin88: calls 10
galitario: checks 
*** FLOP *** [2s 5d Ad]
Fakalin88: checks 
galitario: bets 20
Mahu2021: folds 
Fakalin88: raises 20 to 40
galitario: calls 20
*** TURN *** [2s 5d Ad] [2h]
Fakalin88: checks 
galitario: bets 70
Fakalin88: raises 70 to 140
galitario: calls 70
*** RIVER *** [2s 5d Ad 2h] [Jh]
Fakalin88: bets 40
galitario: calls 40
*** SHOW DOWN ***
Fakalin88: shows [As 2c] (a full house, Deuces full of Aces)
galitario: mucks hand 
Fakalin88 collected 500 from pot
*** SUMMARY ***
Total pot 500 | Rake 0 
Board [2s 5d Ad 2h Jh]
Seat 1: Mahu2021 (button) folded on the Flop
Seat 2: Fakalin88 (small blind) showed [As 2c] and won (500) with a full house, Deuces full of Aces
Seat 3: galitario (big blind) mucked [4h Ac]



PokerStars Hand #248468297898: Tournament #3706147773, $1.84+$0.16 USD Hold'em No Limit - Level I (10/20) - 2024/01/24 16:48:50 CET [2024/01/24 10:48:50 ET]
Table '3706147773 1' 3-max Seat #2 is the button
Seat 1: Mahu2021 (480 in chips) 
Seat 2: Fakalin88 (760 in chips) 
Seat 3: galitario (260 in chips) 
galitario: posts small blind 10
Mahu2021: posts big blind 20
*** HOLE CARDS ***
Dealt to Mahu2021 [6d 7c]
Fakalin88: calls 20
galitario: folds 
Mahu2021: checks 
*** FLOP *** [4h 8c Qd]
Mahu2021: checks 
Fakalin88: checks 
*** TURN *** [4h 8c Qd] [Tc]
Mahu2021: bets 40
Fakalin88: calls 40
*** RIVER *** [4h 8c Qd Tc] [Jc]
Mahu2021: checks 
Fakalin88: checks 
*** SHOW DOWN ***
Mahu2021: shows [6d 7c] (high card Queen)
Fakalin88: shows [Qs Ks] (a pair of Queens)
Fakalin88 collected 130 from pot
*** SUMMARY ***
Total pot 130 | Rake 0 
Board [4h 8c Qd Tc Jc]
Seat 1: Mahu2021 (big blind) showed [6d 7c] and lost with high card Queen
Seat 2: Fakalin88 (button) showed [Qs Ks] and won (130) with a pair of Queens
Seat 3: galitario (small blind) folded before Flop



PokerStars Hand #248468303836: Tournament #3706147773, $1.84+$0.16 USD Hold'em No Limit - Level I (10/20) - 2024/01/24 16:49:13 CET [2024/01/24 10:49:13 ET]
Table '3706147773 1' 3-max Seat #3 is the button
Seat 1: Mahu2021 (420 in chips) 
Seat 2: Fakalin88 (830 in chips) 
Seat 3: galitario (250 in chips) 
Mahu2021: posts small blind 10
Fakalin88: posts big blind 20
*** HOLE CARDS ***
Dealt to Mahu2021 [3d 9d]
galitario: folds 
Mahu2021: folds 
Uncalled bet (10) returned to Fakalin88
Fakalin88 collected 20 from pot
*** SUMMARY ***
Total pot 20 | Rake 0 
Seat 1: Mahu2021 (small blind) folded before Flop
Seat 2: Fakalin88 (big blind) collected (20)
Seat 3: galitario (button) folded before Flop (didn't bet)



PokerStars Hand #248468305349: Tournament #3706147773, $1.84+$0.16 USD Hold'em No Limit - Level I (10/20) - 2024/01/24 16:49:19 CET [2024/01/24 10:49:19 ET]
Table '3706147773 1' 3-max Seat #1 is the button
Seat 1: Mahu2021 (410 in chips) 
Seat 2: Fakalin88 (840 in chips) 
Seat 3: galitario (250 in chips) 
Fakalin88: posts small blind 10
galitario: posts big blind 20
*** HOLE CARDS ***
Dealt to Mahu2021 [8d Kh]
Mahu2021: calls 20
Fakalin88: calls 10
galitario: checks 
*** FLOP *** [Jh Ks Jc]
Fakalin88: checks 
galitario: checks 
Mahu2021: bets 60
Fakalin88: folds 
galitario: calls 60
*** TURN *** [Jh Ks Jc] [Ts]
galitario: checks 
Mahu2021: bets 330 and is all-in
galitario: calls 170 and is all-in
Uncalled bet (160) returned to Mahu2021
*** RIVER *** [Jh Ks Jc Ts] [Js]
*** SHOW DOWN ***
galitario: shows [Kc 6s] (a full house, Jacks full of Kings)
Mahu2021: shows [8d Kh] (a full house, Jacks full of Kings)
galitario collected 260 from pot
Mahu2021 collected 260 from pot
*** SUMMARY ***
Total pot 520 | Rake 0 
Board [Jh Ks Jc Ts Js]
Seat 1: Mahu2021 (button) showed [8d Kh] and won (260) with a full house, Jacks full of Kings
Seat 2: Fakalin88 (small blind) folded on the Flop
Seat 3: galitario (big blind) showed [Kc 6s] and won (260) with a full house, Jacks full of Kings



PokerStars Hand #248468312188: Tournament #3706147773, $1.84+$0.16 USD Hold'em No Limit - Level I (10/20) - 2024/01/24 16:49:45 CET [2024/01/24 10:49:45 ET]
Table '3706147773 1' 3-max Seat #2 is the button
Seat 1: Mahu2021 (420 in chips) 
Seat 2: Fakalin88 (820 in chips) 
Seat 3: galitario (260 in chips) 
galitario: posts small blind 10
Mahu2021: posts big blind 20
*** HOLE CARDS ***
Dealt to Mahu2021 [Jd 8c]
Fakalin88: calls 20
galitario: calls 10
Mahu2021: checks 
*** FLOP *** [2c Qs 8d]
galitario: checks 
Mahu2021: bets 60
Fakalin88: folds 
galitario: folds 
Uncalled bet (60) returned to Mahu2021
Mahu2021 collected 60 from pot
Mahu2021: doesn't show hand 
*** SUMMARY ***
Total pot 60 | Rake 0 
Board [2c Qs 8d]
Seat 1: Mahu2021 (big blind) collected (60)
Seat 2: Fakalin88 (button) folded on the Flop
Seat 3: galitario (small blind) folded on the Flop



PokerStars Hand #248468321858: Tournament #3706147773, $1.84+$0.16 USD Hold'em No Limit - Level II (15/30) - 2024/01/24 16:50:23 CET [2024/01/24 10:50:23 ET]
Table '3706147773 1' 3-max Seat #3 is the button
Seat 1: Mahu2021 (460 in chips) 
Seat 2: Fakalin88 (800 in chips) 
Seat 3: galitario (240 in chips) 
Mahu2021: posts small blind 15
Fakalin88: posts big blind 30
*** HOLE CARDS ***
Dealt to Mahu2021 [2h 4d]
galitario: folds 
Mahu2021: folds 
Uncalled bet (15) returned to Fakalin88
Fakalin88 collected 30 from pot
*** SUMMARY ***
Total pot 30 | Rake 0 
Seat 1: Mahu2021 (small blind) folded before Flop
Seat 2: Fakalin88 (big blind) collected (30)
Seat 3: galitario (button) folded before Flop (didn't bet)



PokerStars Hand #248468324123: Tournament #3706147773, $1.84+$0.16 USD Hold'em No Limit - Level II (15/30) - 2024/01/24 16:50:32 CET [2024/01/24 10:50:32 ET]
Table '3706147773 1' 3-max Seat #1 is the button
Seat 1: Mahu2021 (445 in chips) 
Seat 2: Fakalin88 (815 in chips) 
Seat 3: galitario (240 in chips) 
Fakalin88: posts small blind 15
galitario: posts big blind 30
*** HOLE CARDS ***
Dealt to Mahu2021 [9d 7c]
Mahu2021: folds 
Fakalin88: calls 15
galitario: checks 
*** FLOP *** [2h As Kc]
Fakalin88: checks 
galitario: checks 
*** TURN *** [2h As Kc] [4d]
Fakalin88: checks 
galitario: checks 
*** RIVER *** [2h As Kc 4d] [9c]
Fakalin88: checks 
galitario: checks 
*** SHOW DOWN ***
Fakalin88: shows [4s 8h] (a pair of Fours)
galitario: mucks hand 
Fakalin88 collected 60 from pot
*** SUMMARY ***
Total pot 60 | Rake 0 
Board [2h As Kc 4d 9c]
Seat 1: Mahu2021 (button) folded before Flop (didn't bet)
Seat 2: Fakalin88 (small blind) showed [4s 8h] and won (60) with a pair of Fours
Seat 3: galitario (big blind) mucked [Jh 6c]



PokerStars Hand #248468329180: Tournament #3706147773, $1.84+$0.16 USD Hold'em No Limit - Level II (15/30) - 2024/01/24 16:50:51 CET [2024/01/24 10:50:51 ET]
Table '3706147773 1' 3-max Seat #2 is the button
Seat 1: Mahu2021 (445 in chips) 
Seat 2: Fakalin88 (845 in chips) 
Seat 3: galitario (210 in chips) 
galitario: posts small blind 15
Mahu2021: posts big blind 30
*** HOLE CARDS ***
Dealt to Mahu2021 [Jc 4d]
Fakalin88: calls 30
galitario: folds 
Mahu2021: checks 
*** FLOP *** [3d 9d 6d]
Mahu2021: checks 
Fakalin88: bets 30
Mahu2021: folds 
Uncalled bet (30) returned to Fakalin88
Fakalin88 collected 75 from pot
*** SUMMARY ***
Total pot 75 | Rake 0 
Board [3d 9d 6d]
Seat 1: Mahu2021 (big blind) folded on the Flop
Seat 2: Fakalin88 (button) collected (75)
Seat 3: galitario (small blind) folded before Flop



PokerStars Hand #248468333114: Tournament #3706147773, $1.84+$0.16 USD Hold'em No Limit - Level II (15/30) - 2024/01/24 16:51:07 CET [2024/01/24 10:51:07 ET]
Table '3706147773 1' 3-max Seat #3 is the button
Seat 1: Mahu2021 (415 in chips) 
Seat 2: Fakalin88 (890 in chips) 
Seat 3: galitario (195 in chips) 
Mahu2021: posts small blind 15
Fakalin88: posts big blind 30
*** HOLE CARDS ***
Dealt to Mahu2021 [Ks Kh]
galitario: folds 
Mahu2021: raises 385 to 415 and is all-in
Fakalin88: folds 
Uncalled bet (385) returned to Mahu2021
Mahu2021 collected 60 from pot
Mahu2021: doesn't show hand 
*** SUMMARY ***
Total pot 60 | Rake 0 
Seat 1: Mahu2021 (small blind) collected (60)
Seat 2: Fakalin88 (big blind) folded before Flop
Seat 3: galitario (button) folded before Flop (didn't bet)



PokerStars Hand #248468335395: Tournament #3706147773, $1.84+$0.16 USD Hold'em No Limit - Level II (15/30) - 2024/01/24 16:51:16 CET [2024/01/24 10:51:16 ET]
Table '3706147773 1' 3-max Seat #1 is the button
Seat 1: Mahu2021 (445 in chips) 
Seat 2: Fakalin88 (860 in chips) 
Seat 3: galitario (195 in chips) 
Fakalin88: posts small blind 15
galitario: posts big blind 30
*** HOLE CARDS ***
Dealt to Mahu2021 [Kc 5c]
Mahu2021: calls 30
Fakalin88: calls 15
galitario: raises 165 to 195 and is all-in
Mahu2021: folds 
Fakalin88: calls 165
*** FLOP *** [8c 6s Ad]
*** TURN *** [8c 6s Ad] [Jh]
*** RIVER *** [8c 6s Ad Jh] [2h]
*** SHOW DOWN ***
Fakalin88: shows [Ah 5h] (a pair of Aces)
galitario: shows [9d 9c] (a pair of Nines)
Fakalin88 collected 420 from pot
galitario finished the tournament in 3rd place
*** SUMMARY ***
Total pot 420 | Rake 0 
Board [8c 6s Ad Jh 2h]
Seat 1: Mahu2021 (button) folded before Flop
Seat 2: Fakalin88 (small blind) showed [Ah 5h] and won (420) with a pair of Aces
Seat 3: galitario (big blind) showed [9d 9c] and lost with a pair of Nines



PokerStars Hand #248468341155: Tournament #3706147773, $1.84+$0.16 USD Hold'em No Limit - Level II (15/30) - 2024/01/24 16:51:38 CET [2024/01/24 10:51:38 ET]
Table '3706147773 1' 3-max Seat #2 is the button
Seat 1: Mahu2021 (415 in chips) 
Seat 2: Fakalin88 (1085 in chips) 
Fakalin88: posts small blind 15
Mahu2021: posts big blind 30
*** HOLE CARDS ***
Dealt to Mahu2021 [Td 2s]
Fakalin88: calls 15
Mahu2021: checks 
*** FLOP *** [2c Kh 3c]
Mahu2021: checks 
Fakalin88: checks 
*** TURN *** [2c Kh 3c] [3s]
Mahu2021: bets 30
Fakalin88: folds 
Uncalled bet (30) returned to Mahu2021
Mahu2021 collected 60 from pot
Mahu2021: doesn't show hand 
*** SUMMARY ***
Total pot 60 | Rake 0 
Board [2c Kh 3c 3s]
Seat 1: Mahu2021 (big blind) collected (60)
Seat 2: Fakalin88 (button) (small blind) folded on the Turn



PokerStars Hand #248468344586: Tournament #3706147773, $1.84+$0.16 USD Hold'em No Limit - Level II (15/30) - 2024/01/24 16:51:51 CET [2024/01/24 10:51:51 ET]
Table '3706147773 1' 3-max Seat #1 is the button
Seat 1: Mahu2021 (445 in chips) 
Seat 2: Fakalin88 (1055 in chips) 
Mahu2021: posts small blind 15
Fakalin88: posts big blind 30
*** HOLE CARDS ***
Dealt to Mahu2021 [7c 5c]
Mahu2021: calls 15
Fakalin88: checks 
*** FLOP *** [3d 2c 9s]
Fakalin88: checks 
Mahu2021: checks 
*** TURN *** [3d 2c 9s] [2s]
Fakalin88: checks 
Mahu2021: checks 
*** RIVER *** [3d 2c 9s 2s] [2d]
Fakalin88: checks 
Mahu2021: checks 
*** SHOW DOWN ***
Fakalin88: shows [Jh 6h] (three of a kind, Deuces)
Mahu2021: mucks hand 
Fakalin88 collected 60 from pot
*** SUMMARY ***
Total pot 60 | Rake 0 
Board [3d 2c 9s 2s 2d]
Seat 1: Mahu2021 (button) (small blind) mucked [7c 5c]
Seat 2: Fakalin88 (big blind) showed [Jh 6h] and won (60) with three of a kind, Deuces



PokerStars Hand #248468349520: Tournament #3706147773, $1.84+$0.16 USD Hold'em No Limit - Level III (20/40) - 2024/01/24 16:52:10 CET [2024/01/24 10:52:10 ET]
Table '3706147773 1' 3-max Seat #2 is the button
Seat 1: Mahu2021 (415 in chips) 
Seat 2: Fakalin88 (1085 in chips) 
Fakalin88: posts small blind 20
Mahu2021: posts big blind 40
*** HOLE CARDS ***
Dealt to Mahu2021 [As 5h]
Fakalin88: calls 20
Mahu2021: raises 80 to 120
Fakalin88: folds 
Uncalled bet (80) returned to Mahu2021
Mahu2021 collected 80 from pot
Mahu2021: doesn't show hand 
*** SUMMARY ***
Total pot 80 | Rake 0 
Seat 1: Mahu2021 (big blind) collected (80)
Seat 2: Fakalin88 (button) (small blind) folded before Flop



PokerStars Hand #248468351786: Tournament #3706147773, $1.84+$0.16 USD Hold'em No Limit - Level III (20/40) - 2024/01/24 16:52:19 CET [2024/01/24 10:52:19 ET]
Table '3706147773 1' 3-max Seat #1 is the button
Seat 1: Mahu2021 (455 in chips) 
Seat 2: Fakalin88 (1045 in chips) 
Mahu2021: posts small blind 20
Fakalin88: posts big blind 40
*** HOLE CARDS ***
Dealt to Mahu2021 [Qh 2c]
Mahu2021: raises 80 to 120
Fakalin88: calls 80
*** FLOP *** [4h 5s 8s]
Fakalin88: checks 
Mahu2021: bets 120
Fakalin88: folds 
Uncalled bet (120) returned to Mahu2021
Mahu2021 collected 240 from pot
Mahu2021: doesn't show hand 
*** SUMMARY ***
Total pot 240 | Rake 0 
Board [4h 5s 8s]
Seat 1: Mahu2021 (button) (small blind) collected (240)
Seat 2: Fakalin88 (big blind) folded on the Flop



PokerStars Hand #248468355352: Tournament #3706147773, $1.84+$0.16 USD Hold'em No Limit - Level III (20/40) - 2024/01/24 16:52:32 CET [2024/01/24 10:52:32 ET]
Table '3706147773 1' 3-max Seat #2 is the button
Seat 1: Mahu2021 (575 in chips) 
Seat 2: Fakalin88 (925 in chips) 
Fakalin88: posts small blind 20
Mahu2021: posts big blind 40
*** HOLE CARDS ***
Dealt to Mahu2021 [3s 9d]
Fakalin88: calls 20
Mahu2021: checks 
*** FLOP *** [7c Th 2h]
Mahu2021: checks 
Fakalin88: checks 
*** TURN *** [7c Th 2h] [6h]
Mahu2021: checks 
Fakalin88: checks 
*** RIVER *** [7c Th 2h 6h] [Jc]
Mahu2021: checks 
Fakalin88: checks 
*** SHOW DOWN ***
Mahu2021: shows [3s 9d] (high card Jack)
Fakalin88: shows [8d Ac] (high card Ace)
Fakalin88 collected 80 from pot
*** SUMMARY ***
Total pot 80 | Rake 0 
Board [7c Th 2h 6h Jc]
Seat 1: Mahu2021 (big blind) showed [3s 9d] and lost with high card Jack
Seat 2: Fakalin88 (button) (small blind) showed [8d Ac] and won (80) with high card Ace



PokerStars Hand #248468358689: Tournament #3706147773, $1.84+$0.16 USD Hold'em No Limit - Level III (20/40) - 2024/01/24 16:52:45 CET [2024/01/24 10:52:45 ET]
Table '3706147773 1' 3-max Seat #1 is the button
Seat 1: Mahu2021 (535 in chips) 
Seat 2: Fakalin88 (965 in chips) 
Mahu2021: posts small blind 20
Fakalin88: posts big blind 40
*** HOLE CARDS ***
Dealt to Mahu2021 [7s 2h]
Mahu2021: folds 
Uncalled bet (20) returned to Fakalin88
Fakalin88 collected 40 from pot
*** SUMMARY ***
Total pot 40 | Rake 0 
Seat 1: Mahu2021 (button) (small blind) folded before Flop
Seat 2: Fakalin88 (big blind) collected (40)



PokerStars Hand #248468359887: Tournament #3706147773, $1.84+$0.16 USD Hold'em No Limit - Level III (20/40) - 2024/01/24 16:52:50 CET [2024/01/24 10:52:50 ET]
Table '3706147773 1' 3-max Seat #2 is the button
Seat 1: Mahu2021 (515 in chips) 
Seat 2: Fakalin88 (985 in chips) 
Fakalin88: posts small blind 20
Mahu2021: posts big blind 40
*** HOLE CARDS ***
Dealt to Mahu2021 [3c 7c]
Fakalin88: calls 20
Mahu2021: checks 
*** FLOP *** [Ts Jh 3h]
Mahu2021: checks 
Fakalin88: checks 
*** TURN *** [Ts Jh 3h] [5s]
Mahu2021: checks 
Fakalin88: checks 
*** RIVER *** [Ts Jh 3h 5s] [7d]
Mahu2021: bets 120
Fakalin88: folds 
Uncalled bet (120) returned to Mahu2021
Mahu2021 collected 80 from pot
Mahu2021: doesn't show hand 
*** SUMMARY ***
Total pot 80 | Rake 0 
Board [Ts Jh 3h 5s 7d]
Seat 1: Mahu2021 (big blind) collected (80)
Seat 2: Fakalin88 (button) (small blind) folded on the River



PokerStars Hand #248468365473: Tournament #3706147773, $1.84+$0.16 USD Hold'em No Limit - Level III (20/40) - 2024/01/24 16:53:12 CET [2024/01/24 10:53:12 ET]
Table '3706147773 1' 3-max Seat #1 is the button
Seat 1: Mahu2021 (555 in chips) 
Seat 2: Fakalin88 (945 in chips) 
Mahu2021: posts small blind 20
Fakalin88: posts big blind 40
*** HOLE CARDS ***
Dealt to Mahu2021 [7s 9c]
Mahu2021: calls 20
Fakalin88: raises 40 to 80
Mahu2021: calls 40
*** FLOP *** [8s Td Kd]
Fakalin88: bets 120
Mahu2021: calls 120
*** TURN *** [8s Td Kd] [Qd]
Fakalin88: bets 240
Mahu2021: raises 115 to 355 and is all-in
Fakalin88: calls 115
*** RIVER *** [8s Td Kd Qd] [5c]
*** SHOW DOWN ***
Fakalin88: shows [Ad 9d] (a flush, Ace high)
Mahu2021: shows [7s 9c] (high card King)
Fakalin88 collected 1110 from pot
Mahu2021 finished the tournament in 2nd place
Fakalin88 wins the tournament and receives $4.00 - congratulations!
*** SUMMARY ***
Total pot 1110 | Rake 0 
Board [8s Td Kd Qd 5c]
Seat 1: Mahu2021 (button) (small blind) showed [7s 9c] and lost with high card King
Seat 2: Fakalin88 (big blind) showed [Ad 9d] and won (1110) with a flush, Ace high



