PokerStars Hand #248820201243: Tournament #3714366054, $1.84+$0.16 USD Hold'em No Limit - Level I (10/20) - 2024/02/11 17:39:12 CET [2024/02/11 11:39:12 ET]
Table '3714366054 1' 3-max Seat #1 is the button
Seat 1: Hoegh93 (500 in chips) 
Seat 2: takssist (500 in chips) 
Seat 3: Mahu2021 (500 in chips) 
takssist: posts small blind 10
Mahu2021: posts big blind 20
*** HOLE CARDS ***
Dealt to Mahu2021 [Ad 4d]
Hoegh93: folds 
takssist: raises 120 to 140
Mahu2021: raises 360 to 500 and is all-in
takssist: calls 360 and is all-in
*** FLOP *** [2d Jh Kc]
*** TURN *** [2d Jh Kc] [7c]
*** RIVER *** [2d Jh Kc 7c] [2c]
*** SHOW DOWN ***
takssist: shows [4c 9d] (a pair of Deuces)
Mahu2021: shows [Ad 4d] (a pair of Deuces - Ace kicker)
Mahu2021 collected 1000 from pot
takssist finished the tournament in 3rd place
*** SUMMARY ***
Total pot 1000 | Rake 0 
Board [2d Jh Kc 7c 2c]
Seat 1: Hoegh93 (button) folded before Flop (didn't bet)
Seat 2: takssist (small blind) showed [4c 9d] and lost with a pair of Deuces
Seat 3: Mahu2021 (big blind) showed [Ad 4d] and won (1000) with a pair of Deuces



PokerStars Hand #248820207554: Tournament #3714366054, $1.84+$0.16 USD Hold'em No Limit - Level I (10/20) - 2024/02/11 17:39:31 CET [2024/02/11 11:39:31 ET]
Table '3714366054 1' 3-max Seat #3 is the button
Seat 1: Hoegh93 (500 in chips) 
Seat 3: Mahu2021 (1000 in chips) 
Mahu2021: posts small blind 10
Hoegh93: posts big blind 20
*** HOLE CARDS ***
Dealt to Mahu2021 [7c 3s]
Mahu2021: folds 
Uncalled bet (10) returned to Hoegh93
Hoegh93 collected 20 from pot
Hoegh93: doesn't show hand 
*** SUMMARY ***
Total pot 20 | Rake 0 
Seat 1: Hoegh93 (big blind) collected (20)
Seat 3: Mahu2021 (button) (small blind) folded before Flop



PokerStars Hand #248820209049: Tournament #3714366054, $1.84+$0.16 USD Hold'em No Limit - Level I (10/20) - 2024/02/11 17:39:35 CET [2024/02/11 11:39:35 ET]
Table '3714366054 1' 3-max Seat #1 is the button
Seat 1: Hoegh93 (510 in chips) 
Seat 3: Mahu2021 (990 in chips) 
Hoegh93: posts small blind 10
Mahu2021: posts big blind 20
*** HOLE CARDS ***
Dealt to Mahu2021 [8d 7s]
Hoegh93: folds 
Uncalled bet (10) returned to Mahu2021
Mahu2021 collected 20 from pot
Mahu2021: doesn't show hand 
*** SUMMARY ***
Total pot 20 | Rake 0 
Seat 1: Hoegh93 (button) (small blind) folded before Flop
Seat 3: Mahu2021 (big blind) collected (20)



PokerStars Hand #248820210402: Tournament #3714366054, $1.84+$0.16 USD Hold'em No Limit - Level I (10/20) - 2024/02/11 17:39:39 CET [2024/02/11 11:39:39 ET]
Table '3714366054 1' 3-max Seat #3 is the button
Seat 1: Hoegh93 (500 in chips) 
Seat 3: Mahu2021 (1000 in chips) 
Mahu2021: posts small blind 10
Hoegh93: posts big blind 20
*** HOLE CARDS ***
Dealt to Mahu2021 [Ad Jd]
Mahu2021: raises 40 to 60
Hoegh93: folds 
Uncalled bet (40) returned to Mahu2021
Mahu2021 collected 40 from pot
Mahu2021: doesn't show hand 
*** SUMMARY ***
Total pot 40 | Rake 0 
Seat 1: Hoegh93 (big blind) folded before Flop
Seat 3: Mahu2021 (button) (small blind) collected (40)



PokerStars Hand #248820212841: Tournament #3714366054, $1.84+$0.16 USD Hold'em No Limit - Level I (10/20) - 2024/02/11 17:39:47 CET [2024/02/11 11:39:47 ET]
Table '3714366054 1' 3-max Seat #1 is the button
Seat 1: Hoegh93 (480 in chips) 
Seat 3: Mahu2021 (1020 in chips) 
Hoegh93: posts small blind 10
Mahu2021: posts big blind 20
*** HOLE CARDS ***
Dealt to Mahu2021 [Qd 4c]
Hoegh93: calls 10
Mahu2021: checks 
*** FLOP *** [Qs Ah Qc]
Mahu2021: checks 
Hoegh93: bets 20
Mahu2021: calls 20
*** TURN *** [Qs Ah Qc] [2c]
Mahu2021: checks 
Hoegh93: bets 40
Mahu2021: raises 60 to 100
Hoegh93: folds 
Uncalled bet (60) returned to Mahu2021
Mahu2021 collected 160 from pot
Mahu2021: doesn't show hand 
*** SUMMARY ***
Total pot 160 | Rake 0 
Board [Qs Ah Qc 2c]
Seat 1: Hoegh93 (button) (small blind) folded on the Turn
Seat 3: Mahu2021 (big blind) collected (160)



PokerStars Hand #248820221183: Tournament #3714366054, $1.84+$0.16 USD Hold'em No Limit - Level I (10/20) - 2024/02/11 17:40:12 CET [2024/02/11 11:40:12 ET]
Table '3714366054 1' 3-max Seat #3 is the button
Seat 1: Hoegh93 (400 in chips) 
Seat 3: Mahu2021 (1100 in chips) 
Mahu2021: posts small blind 10
Hoegh93: posts big blind 20
*** HOLE CARDS ***
Dealt to Mahu2021 [2h 5s]
Mahu2021: folds 
Uncalled bet (10) returned to Hoegh93
Hoegh93 collected 20 from pot
Hoegh93: doesn't show hand 
*** SUMMARY ***
Total pot 20 | Rake 0 
Seat 1: Hoegh93 (big blind) collected (20)
Seat 3: Mahu2021 (button) (small blind) folded before Flop



PokerStars Hand #248820222697: Tournament #3714366054, $1.84+$0.16 USD Hold'em No Limit - Level I (10/20) - 2024/02/11 17:40:16 CET [2024/02/11 11:40:16 ET]
Table '3714366054 1' 3-max Seat #1 is the button
Seat 1: Hoegh93 (410 in chips) 
Seat 3: Mahu2021 (1090 in chips) 
Hoegh93: posts small blind 10
Mahu2021: posts big blind 20
*** HOLE CARDS ***
Dealt to Mahu2021 [Ac 5s]
Hoegh93: calls 10
Mahu2021: raises 40 to 60
Hoegh93: calls 40
*** FLOP *** [7h 2h Qh]
Mahu2021: checks 
Hoegh93: checks 
*** TURN *** [7h 2h Qh] [Js]
Mahu2021: checks 
Hoegh93: checks 
*** RIVER *** [7h 2h Qh Js] [7c]
Mahu2021: checks 
Hoegh93: checks 
*** SHOW DOWN ***
Mahu2021: shows [Ac 5s] (a pair of Sevens)
Hoegh93: mucks hand 
Mahu2021 collected 120 from pot
*** SUMMARY ***
Total pot 120 | Rake 0 
Board [7h 2h Qh Js 7c]
Seat 1: Hoegh93 (button) (small blind) mucked [9c 8c]
Seat 3: Mahu2021 (big blind) showed [Ac 5s] and won (120) with a pair of Sevens



PokerStars Hand #248820230109: Tournament #3714366054, $1.84+$0.16 USD Hold'em No Limit - Level I (10/20) - 2024/02/11 17:40:39 CET [2024/02/11 11:40:39 ET]
Table '3714366054 1' 3-max Seat #3 is the button
Seat 1: Hoegh93 (350 in chips) 
Seat 3: Mahu2021 (1150 in chips) 
Mahu2021: posts small blind 10
Hoegh93: posts big blind 20
*** HOLE CARDS ***
Dealt to Mahu2021 [Ac 2h]
Mahu2021: raises 20 to 40
Hoegh93: calls 20
*** FLOP *** [4h Js 6d]
Hoegh93: checks 
Mahu2021: bets 20
Hoegh93: folds 
Uncalled bet (20) returned to Mahu2021
Mahu2021 collected 80 from pot
Mahu2021: doesn't show hand 
*** SUMMARY ***
Total pot 80 | Rake 0 
Board [4h Js 6d]
Seat 1: Hoegh93 (big blind) folded on the Flop
Seat 3: Mahu2021 (button) (small blind) collected (80)



PokerStars Hand #248820234866: Tournament #3714366054, $1.84+$0.16 USD Hold'em No Limit - Level I (10/20) - 2024/02/11 17:40:53 CET [2024/02/11 11:40:53 ET]
Table '3714366054 1' 3-max Seat #1 is the button
Seat 1: Hoegh93 (310 in chips) 
Seat 3: Mahu2021 (1190 in chips) 
Hoegh93: posts small blind 10
Mahu2021: posts big blind 20
*** HOLE CARDS ***
Dealt to Mahu2021 [9s 7d]
Hoegh93: raises 20 to 40
Mahu2021: calls 20
*** FLOP *** [3s Qs 7c]
Mahu2021: checks 
Hoegh93: bets 20
Mahu2021: calls 20
*** TURN *** [3s Qs 7c] [Ad]
Mahu2021: checks 
Hoegh93: checks 
*** RIVER *** [3s Qs 7c Ad] [6d]
Mahu2021: bets 40
Hoegh93: folds 
Uncalled bet (40) returned to Mahu2021
Mahu2021 collected 120 from pot
Mahu2021: doesn't show hand 
*** SUMMARY ***
Total pot 120 | Rake 0 
Board [3s Qs 7c Ad 6d]
Seat 1: Hoegh93 (button) (small blind) folded on the River
Seat 3: Mahu2021 (big blind) collected (120)



PokerStars Hand #248820242226: Tournament #3714366054, $1.84+$0.16 USD Hold'em No Limit - Level I (10/20) - 2024/02/11 17:41:15 CET [2024/02/11 11:41:15 ET]
Table '3714366054 1' 3-max Seat #3 is the button
Seat 1: Hoegh93 (250 in chips) 
Seat 3: Mahu2021 (1250 in chips) 
Mahu2021: posts small blind 10
Hoegh93: posts big blind 20
*** HOLE CARDS ***
Dealt to Mahu2021 [Kd 2h]
Mahu2021: raises 20 to 40
Hoegh93: calls 20
*** FLOP *** [4h Ts 4c]
Hoegh93: checks 
Mahu2021: bets 40
Hoegh93: folds 
Uncalled bet (40) returned to Mahu2021
Mahu2021 collected 80 from pot
Mahu2021: doesn't show hand 
*** SUMMARY ***
Total pot 80 | Rake 0 
Board [4h Ts 4c]
Seat 1: Hoegh93 (big blind) folded on the Flop
Seat 3: Mahu2021 (button) (small blind) collected (80)



PokerStars Hand #248820248430: Tournament #3714366054, $1.84+$0.16 USD Hold'em No Limit - Level I (10/20) - 2024/02/11 17:41:34 CET [2024/02/11 11:41:34 ET]
Table '3714366054 1' 3-max Seat #1 is the button
Seat 1: Hoegh93 (210 in chips) 
Seat 3: Mahu2021 (1290 in chips) 
Hoegh93: posts small blind 10
Mahu2021: posts big blind 20
*** HOLE CARDS ***
Dealt to Mahu2021 [9h 2c]
Hoegh93: raises 190 to 210 and is all-in
Mahu2021: folds 
Uncalled bet (190) returned to Hoegh93
Hoegh93 collected 40 from pot
Hoegh93: doesn't show hand 
*** SUMMARY ***
Total pot 40 | Rake 0 
Seat 1: Hoegh93 (button) (small blind) collected (40)
Seat 3: Mahu2021 (big blind) folded before Flop



PokerStars Hand #248820250618: Tournament #3714366054, $1.84+$0.16 USD Hold'em No Limit - Level I (10/20) - 2024/02/11 17:41:40 CET [2024/02/11 11:41:40 ET]
Table '3714366054 1' 3-max Seat #3 is the button
Seat 1: Hoegh93 (230 in chips) 
Seat 3: Mahu2021 (1270 in chips) 
Mahu2021: posts small blind 10
Hoegh93: posts big blind 20
*** HOLE CARDS ***
Dealt to Mahu2021 [8s Qh]
Mahu2021: raises 20 to 40
Hoegh93: raises 190 to 230 and is all-in
Mahu2021: calls 190
*** FLOP *** [Jc 4c 6h]
*** TURN *** [Jc 4c 6h] [Kh]
*** RIVER *** [Jc 4c 6h Kh] [3c]
*** SHOW DOWN ***
Hoegh93: shows [3h As] (a pair of Threes)
Mahu2021: shows [8s Qh] (high card King)
Hoegh93 collected 460 from pot
*** SUMMARY ***
Total pot 460 | Rake 0 
Board [Jc 4c 6h Kh 3c]
Seat 1: Hoegh93 (big blind) showed [3h As] and won (460) with a pair of Threes
Seat 3: Mahu2021 (button) (small blind) showed [8s Qh] and lost with high card King



PokerStars Hand #248820256699: Tournament #3714366054, $1.84+$0.16 USD Hold'em No Limit - Level I (10/20) - 2024/02/11 17:41:58 CET [2024/02/11 11:41:58 ET]
Table '3714366054 1' 3-max Seat #1 is the button
Seat 1: Hoegh93 (460 in chips) 
Seat 3: Mahu2021 (1040 in chips) 
Hoegh93: posts small blind 10
Mahu2021: posts big blind 20
*** HOLE CARDS ***
Dealt to Mahu2021 [Kh 4c]
Hoegh93: raises 20 to 40
Mahu2021: calls 20
*** FLOP *** [7d Kc 2s]
Mahu2021: checks 
Hoegh93: bets 20
Mahu2021: raises 40 to 60
Hoegh93: folds 
Uncalled bet (40) returned to Mahu2021
Mahu2021 collected 120 from pot
Mahu2021: doesn't show hand 
*** SUMMARY ***
Total pot 120 | Rake 0 
Board [7d Kc 2s]
Seat 1: Hoegh93 (button) (small blind) folded on the Flop
Seat 3: Mahu2021 (big blind) collected (120)



PokerStars Hand #248820264681: Tournament #3714366054, $1.84+$0.16 USD Hold'em No Limit - Level II (15/30) - 2024/02/11 17:42:22 CET [2024/02/11 11:42:22 ET]
Table '3714366054 1' 3-max Seat #3 is the button
Seat 1: Hoegh93 (400 in chips) 
Seat 3: Mahu2021 (1100 in chips) 
Mahu2021: posts small blind 15
Hoegh93: posts big blind 30
*** HOLE CARDS ***
Dealt to Mahu2021 [Ts Qh]
Mahu2021: raises 30 to 60
Hoegh93: raises 340 to 400 and is all-in
Mahu2021: calls 340
*** FLOP *** [Qd 8s 2d]
*** TURN *** [Qd 8s 2d] [Kc]
*** RIVER *** [Qd 8s 2d Kc] [Qc]
*** SHOW DOWN ***
Hoegh93: shows [Kh 9c] (two pair, Kings and Queens)
Mahu2021: shows [Ts Qh] (three of a kind, Queens)
Mahu2021 collected 800 from pot
Hoegh93 finished the tournament in 2nd place
Mahu2021 wins the tournament and receives $6.00 - congratulations!
*** SUMMARY ***
Total pot 800 | Rake 0 
Board [Qd 8s 2d Kc Qc]
Seat 1: Hoegh93 (big blind) showed [Kh 9c] and lost with two pair, Kings and Queens
Seat 3: Mahu2021 (button) (small blind) showed [Ts Qh] and won (800) with three of a kind, Queens



