PokerStars Hand #248930512754: Tournament #3716971092, $1.84+$0.16 USD Hold'em No Limit - Level I (10/20) - 2024/02/17 15:24:51 CET [2024/02/17 9:24:51 ET]
Table '3716971092 1' 3-max Seat #1 is the button
Seat 1: Vyga444 (500 in chips) 
Seat 2: doute888 (500 in chips) 
Seat 3: Mahu2021 (500 in chips) 
doute888: posts small blind 10
Mahu2021: posts big blind 20
*** HOLE CARDS ***
Dealt to Mahu2021 [Th 5s]
Vyga444: folds 
doute888: folds 
Uncalled bet (10) returned to Mahu2021
Mahu2021 collected 20 from pot
Mahu2021: doesn't show hand 
*** SUMMARY ***
Total pot 20 | Rake 0 
Seat 1: Vyga444 (button) folded before Flop (didn't bet)
Seat 2: doute888 (small blind) folded before Flop
Seat 3: Mahu2021 (big blind) collected (20)



PokerStars Hand #248930514818: Tournament #3716971092, $1.84+$0.16 USD Hold'em No Limit - Level I (10/20) - 2024/02/17 15:25:01 CET [2024/02/17 9:25:01 ET]
Table '3716971092 1' 3-max Seat #2 is the button
Seat 1: Vyga444 (500 in chips) 
Seat 2: doute888 (490 in chips) 
Seat 3: Mahu2021 (510 in chips) 
Mahu2021: posts small blind 10
Vyga444: posts big blind 20
*** HOLE CARDS ***
Dealt to Mahu2021 [7c Ts]
doute888: raises 20 to 40
Mahu2021: folds 
Vyga444: calls 20
*** FLOP *** [Qh 9h 4d]
Vyga444: checks 
doute888: checks 
*** TURN *** [Qh 9h 4d] [Kc]
Vyga444: checks 
doute888: bets 90
Vyga444: calls 90
*** RIVER *** [Qh 9h 4d Kc] [Js]
Vyga444: checks 
doute888: checks 
*** SHOW DOWN ***
Vyga444: shows [8h Ac] (high card Ace)
doute888: shows [Ah 5d] (high card Ace)
Vyga444 collected 135 from pot
doute888 collected 135 from pot
*** SUMMARY ***
Total pot 270 | Rake 0 
Board [Qh 9h 4d Kc Js]
Seat 1: Vyga444 (big blind) showed [8h Ac] and won (135) with high card Ace
Seat 2: doute888 (button) showed [Ah 5d] and won (135) with high card Ace
Seat 3: Mahu2021 (small blind) folded before Flop



PokerStars Hand #248930518946: Tournament #3716971092, $1.84+$0.16 USD Hold'em No Limit - Level I (10/20) - 2024/02/17 15:25:18 CET [2024/02/17 9:25:18 ET]
Table '3716971092 1' 3-max Seat #3 is the button
Seat 1: Vyga444 (505 in chips) 
Seat 2: doute888 (495 in chips) 
Seat 3: Mahu2021 (500 in chips) 
Vyga444: posts small blind 10
doute888: posts big blind 20
*** HOLE CARDS ***
Dealt to Mahu2021 [7h 2h]
Mahu2021: folds 
Vyga444: calls 10
doute888: checks 
*** FLOP *** [4s 9h Jh]
Vyga444: checks 
doute888: bets 40
Vyga444: calls 40
*** TURN *** [4s 9h Jh] [8d]
Vyga444: checks 
doute888: bets 60
Vyga444: calls 60
*** RIVER *** [4s 9h Jh 8d] [4c]
Vyga444: checks 
doute888: checks 
*** SHOW DOWN ***
Vyga444: shows [Kd 8s] (two pair, Eights and Fours)
doute888: shows [Th Js] (two pair, Jacks and Fours)
doute888 collected 240 from pot
*** SUMMARY ***
Total pot 240 | Rake 0 
Board [4s 9h Jh 8d 4c]
Seat 1: Vyga444 (small blind) showed [Kd 8s] and lost with two pair, Eights and Fours
Seat 2: doute888 (big blind) showed [Th Js] and won (240) with two pair, Jacks and Fours
Seat 3: Mahu2021 (button) folded before Flop (didn't bet)



PokerStars Hand #248930523511: Tournament #3716971092, $1.84+$0.16 USD Hold'em No Limit - Level I (10/20) - 2024/02/17 15:25:38 CET [2024/02/17 9:25:38 ET]
Table '3716971092 1' 3-max Seat #1 is the button
Seat 1: Vyga444 (385 in chips) 
Seat 2: doute888 (615 in chips) 
Seat 3: Mahu2021 (500 in chips) 
doute888: posts small blind 10
Mahu2021: posts big blind 20
*** HOLE CARDS ***
Dealt to Mahu2021 [Th Qc]
Vyga444: calls 20
doute888: calls 10
Mahu2021: checks 
*** FLOP *** [9h 6c Ts]
doute888: checks 
Mahu2021: bets 40
Vyga444: calls 40
doute888: folds 
*** TURN *** [9h 6c Ts] [4c]
Mahu2021: bets 40
Vyga444: calls 40
*** RIVER *** [9h 6c Ts 4c] [2h]
Mahu2021: bets 40
Vyga444: folds 
Uncalled bet (40) returned to Mahu2021
Mahu2021 collected 220 from pot
Mahu2021: doesn't show hand 
*** SUMMARY ***
Total pot 220 | Rake 0 
Board [9h 6c Ts 4c 2h]
Seat 1: Vyga444 (button) folded on the River
Seat 2: doute888 (small blind) folded on the Flop
Seat 3: Mahu2021 (big blind) collected (220)



PokerStars Hand #248930528250: Tournament #3716971092, $1.84+$0.16 USD Hold'em No Limit - Level I (10/20) - 2024/02/17 15:25:59 CET [2024/02/17 9:25:59 ET]
Table '3716971092 1' 3-max Seat #2 is the button
Seat 1: Vyga444 (285 in chips) 
Seat 2: doute888 (595 in chips) 
Seat 3: Mahu2021 (620 in chips) 
Mahu2021: posts small blind 10
Vyga444: posts big blind 20
*** HOLE CARDS ***
Dealt to Mahu2021 [Qs 6h]
doute888: folds 
Mahu2021: folds 
Uncalled bet (10) returned to Vyga444
Vyga444 collected 20 from pot
Vyga444: doesn't show hand 
*** SUMMARY ***
Total pot 20 | Rake 0 
Seat 1: Vyga444 (big blind) collected (20)
Seat 2: doute888 (button) folded before Flop (didn't bet)
Seat 3: Mahu2021 (small blind) folded before Flop



PokerStars Hand #248930529287: Tournament #3716971092, $1.84+$0.16 USD Hold'em No Limit - Level I (10/20) - 2024/02/17 15:26:04 CET [2024/02/17 9:26:04 ET]
Table '3716971092 1' 3-max Seat #3 is the button
Seat 1: Vyga444 (295 in chips) 
Seat 2: doute888 (595 in chips) 
Seat 3: Mahu2021 (610 in chips) 
Vyga444: posts small blind 10
doute888: posts big blind 20
*** HOLE CARDS ***
Dealt to Mahu2021 [Th 7d]
Mahu2021: folds 
Vyga444: calls 10
doute888: checks 
*** FLOP *** [2d 4c 8d]
Vyga444: bets 40
doute888: calls 40
*** TURN *** [2d 4c 8d] [3s]
Vyga444: bets 20
doute888: calls 20
*** RIVER *** [2d 4c 8d 3s] [3h]
Vyga444: bets 20
doute888: calls 20
*** SHOW DOWN ***
Vyga444: shows [8h Qc] (two pair, Eights and Threes)
doute888: mucks hand 
Vyga444 collected 200 from pot
*** SUMMARY ***
Total pot 200 | Rake 0 
Board [2d 4c 8d 3s 3h]
Seat 1: Vyga444 (small blind) showed [8h Qc] and won (200) with two pair, Eights and Threes
Seat 2: doute888 (big blind) mucked [8c 9d]
Seat 3: Mahu2021 (button) folded before Flop (didn't bet)



PokerStars Hand #248930533411: Tournament #3716971092, $1.84+$0.16 USD Hold'em No Limit - Level I (10/20) - 2024/02/17 15:26:22 CET [2024/02/17 9:26:22 ET]
Table '3716971092 1' 3-max Seat #1 is the button
Seat 1: Vyga444 (395 in chips) 
Seat 2: doute888 (495 in chips) 
Seat 3: Mahu2021 (610 in chips) 
doute888: posts small blind 10
Mahu2021: posts big blind 20
*** HOLE CARDS ***
Dealt to Mahu2021 [6h 7c]
Vyga444: raises 50 to 70
doute888: folds 
Mahu2021: folds 
Uncalled bet (50) returned to Vyga444
Vyga444 collected 50 from pot
Vyga444: doesn't show hand 
*** SUMMARY ***
Total pot 50 | Rake 0 
Seat 1: Vyga444 (button) collected (50)
Seat 2: doute888 (small blind) folded before Flop
Seat 3: Mahu2021 (big blind) folded before Flop



PokerStars Hand #248930535558: Tournament #3716971092, $1.84+$0.16 USD Hold'em No Limit - Level I (10/20) - 2024/02/17 15:26:31 CET [2024/02/17 9:26:31 ET]
Table '3716971092 1' 3-max Seat #2 is the button
Seat 1: Vyga444 (425 in chips) 
Seat 2: doute888 (485 in chips) 
Seat 3: Mahu2021 (590 in chips) 
Mahu2021: posts small blind 10
Vyga444: posts big blind 20
*** HOLE CARDS ***
Dealt to Mahu2021 [4s Kc]
doute888: folds 
Mahu2021: calls 10
Vyga444: checks 
*** FLOP *** [6s Ac 9d]
Mahu2021: checks 
Vyga444: bets 40
Mahu2021: folds 
Uncalled bet (40) returned to Vyga444
Vyga444 collected 40 from pot
Vyga444: doesn't show hand 
*** SUMMARY ***
Total pot 40 | Rake 0 
Board [6s Ac 9d]
Seat 1: Vyga444 (big blind) collected (40)
Seat 2: doute888 (button) folded before Flop (didn't bet)
Seat 3: Mahu2021 (small blind) folded on the Flop



PokerStars Hand #248930538700: Tournament #3716971092, $1.84+$0.16 USD Hold'em No Limit - Level I (10/20) - 2024/02/17 15:26:45 CET [2024/02/17 9:26:45 ET]
Table '3716971092 1' 3-max Seat #3 is the button
Seat 1: Vyga444 (445 in chips) 
Seat 2: doute888 (485 in chips) 
Seat 3: Mahu2021 (570 in chips) 
Vyga444: posts small blind 10
doute888: posts big blind 20
*** HOLE CARDS ***
Dealt to Mahu2021 [4c 9s]
Mahu2021: folds 
Vyga444: calls 10
doute888: checks 
*** FLOP *** [7s Jh 2s]
Vyga444: checks 
doute888: checks 
*** TURN *** [7s Jh 2s] [Qc]
Vyga444: checks 
doute888: bets 20
Vyga444: calls 20
*** RIVER *** [7s Jh 2s Qc] [Th]
Vyga444: bets 80
doute888: calls 80
*** SHOW DOWN ***
Vyga444: shows [Qs 7c] (two pair, Queens and Sevens)
doute888: mucks hand 
Vyga444 collected 240 from pot
*** SUMMARY ***
Total pot 240 | Rake 0 
Board [7s Jh 2s Qc Th]
Seat 1: Vyga444 (small blind) showed [Qs 7c] and won (240) with two pair, Queens and Sevens
Seat 2: doute888 (big blind) mucked [2d Qh]
Seat 3: Mahu2021 (button) folded before Flop (didn't bet)



PokerStars Hand #248930543335: Tournament #3716971092, $1.84+$0.16 USD Hold'em No Limit - Level I (10/20) - 2024/02/17 15:27:05 CET [2024/02/17 9:27:05 ET]
Table '3716971092 1' 3-max Seat #1 is the button
Seat 1: Vyga444 (565 in chips) 
Seat 2: doute888 (365 in chips) 
Seat 3: Mahu2021 (570 in chips) 
doute888: posts small blind 10
Mahu2021: posts big blind 20
*** HOLE CARDS ***
Dealt to Mahu2021 [4c 5s]
Vyga444: folds 
doute888: calls 10
Mahu2021: checks 
*** FLOP *** [Td 3d 6d]
doute888: checks 
Mahu2021: bets 20
doute888: calls 20
*** TURN *** [Td 3d 6d] [Kc]
doute888: checks 
Mahu2021: checks 
*** RIVER *** [Td 3d 6d Kc] [8s]
doute888: checks 
Mahu2021: checks 
*** SHOW DOWN ***
doute888: shows [7c 8d] (a pair of Eights)
Mahu2021: mucks hand 
doute888 collected 80 from pot
*** SUMMARY ***
Total pot 80 | Rake 0 
Board [Td 3d 6d Kc 8s]
Seat 1: Vyga444 (button) folded before Flop (didn't bet)
Seat 2: doute888 (small blind) showed [7c 8d] and won (80) with a pair of Eights
Seat 3: Mahu2021 (big blind) mucked [4c 5s]



PokerStars Hand #248930547402: Tournament #3716971092, $1.84+$0.16 USD Hold'em No Limit - Level I (10/20) - 2024/02/17 15:27:22 CET [2024/02/17 9:27:22 ET]
Table '3716971092 1' 3-max Seat #2 is the button
Seat 1: Vyga444 (565 in chips) 
Seat 2: doute888 (405 in chips) 
Seat 3: Mahu2021 (530 in chips) 
Mahu2021: posts small blind 10
Vyga444: posts big blind 20
*** HOLE CARDS ***
Dealt to Mahu2021 [Jh 7d]
doute888: folds 
Mahu2021: folds 
Uncalled bet (10) returned to Vyga444
Vyga444 collected 20 from pot
Vyga444: doesn't show hand 
*** SUMMARY ***
Total pot 20 | Rake 0 
Seat 1: Vyga444 (big blind) collected (20)
Seat 2: doute888 (button) folded before Flop (didn't bet)
Seat 3: Mahu2021 (small blind) folded before Flop



PokerStars Hand #248930548489: Tournament #3716971092, $1.84+$0.16 USD Hold'em No Limit - Level I (10/20) - 2024/02/17 15:27:27 CET [2024/02/17 9:27:27 ET]
Table '3716971092 1' 3-max Seat #3 is the button
Seat 1: Vyga444 (575 in chips) 
Seat 2: doute888 (405 in chips) 
Seat 3: Mahu2021 (520 in chips) 
Vyga444: posts small blind 10
doute888: posts big blind 20
*** HOLE CARDS ***
Dealt to Mahu2021 [Ah Kd]
Mahu2021: raises 40 to 60
Vyga444: calls 50
doute888: calls 40
*** FLOP *** [9h 2h Qd]
Vyga444: checks 
doute888: checks 
Mahu2021: checks 
*** TURN *** [9h 2h Qd] [Ac]
Vyga444: checks 
doute888: checks 
Mahu2021: bets 180
Vyga444: folds 
doute888: folds 
Uncalled bet (180) returned to Mahu2021
Mahu2021 collected 180 from pot
Mahu2021: doesn't show hand 
*** SUMMARY ***
Total pot 180 | Rake 0 
Board [9h 2h Qd Ac]
Seat 1: Vyga444 (small blind) folded on the Turn
Seat 2: doute888 (big blind) folded on the Turn
Seat 3: Mahu2021 (button) collected (180)



PokerStars Hand #248930553776: Tournament #3716971092, $1.84+$0.16 USD Hold'em No Limit - Level I (10/20) - 2024/02/17 15:27:50 CET [2024/02/17 9:27:50 ET]
Table '3716971092 1' 3-max Seat #1 is the button
Seat 1: Vyga444 (515 in chips) 
Seat 2: doute888 (345 in chips) 
Seat 3: Mahu2021 (640 in chips) 
doute888: posts small blind 10
Mahu2021: posts big blind 20
*** HOLE CARDS ***
Dealt to Mahu2021 [5s 7h]
Vyga444: folds 
doute888: folds 
Uncalled bet (10) returned to Mahu2021
Mahu2021 collected 20 from pot
Mahu2021: doesn't show hand 
*** SUMMARY ***
Total pot 20 | Rake 0 
Seat 1: Vyga444 (button) folded before Flop (didn't bet)
Seat 2: doute888 (small blind) folded before Flop
Seat 3: Mahu2021 (big blind) collected (20)



PokerStars Hand #248930555691: Tournament #3716971092, $1.84+$0.16 USD Hold'em No Limit - Level II (15/30) - 2024/02/17 15:27:58 CET [2024/02/17 9:27:58 ET]
Table '3716971092 1' 3-max Seat #2 is the button
Seat 1: Vyga444 (515 in chips) 
Seat 2: doute888 (335 in chips) 
Seat 3: Mahu2021 (650 in chips) 
Mahu2021: posts small blind 15
Vyga444: posts big blind 30
*** HOLE CARDS ***
Dealt to Mahu2021 [Ts Qh]
doute888: folds 
Mahu2021: calls 15
Vyga444: raises 60 to 90
Mahu2021: calls 60
*** FLOP *** [9c 3c 9d]
Mahu2021: checks 
Vyga444: bets 60
Mahu2021: folds 
Uncalled bet (60) returned to Vyga444
Vyga444 collected 180 from pot
Vyga444: doesn't show hand 
*** SUMMARY ***
Total pot 180 | Rake 0 
Board [9c 3c 9d]
Seat 1: Vyga444 (big blind) collected (180)
Seat 2: doute888 (button) folded before Flop (didn't bet)
Seat 3: Mahu2021 (small blind) folded on the Flop



PokerStars Hand #248930559310: Tournament #3716971092, $1.84+$0.16 USD Hold'em No Limit - Level II (15/30) - 2024/02/17 15:28:14 CET [2024/02/17 9:28:14 ET]
Table '3716971092 1' 3-max Seat #3 is the button
Seat 1: Vyga444 (605 in chips) 
Seat 2: doute888 (335 in chips) 
Seat 3: Mahu2021 (560 in chips) 
Vyga444: posts small blind 15
doute888: posts big blind 30
*** HOLE CARDS ***
Dealt to Mahu2021 [Th 9c]
Mahu2021: folds 
Vyga444: calls 15
doute888: checks 
*** FLOP *** [6h 3d 9h]
Vyga444: checks 
doute888: checks 
*** TURN *** [6h 3d 9h] [6d]
Vyga444: checks 
doute888: checks 
*** RIVER *** [6h 3d 9h 6d] [Ks]
Vyga444: checks 
doute888: bets 30
Vyga444: calls 30
*** SHOW DOWN ***
doute888: shows [Kc 3h] (two pair, Kings and Sixes)
Vyga444: mucks hand 
doute888 collected 120 from pot
*** SUMMARY ***
Total pot 120 | Rake 0 
Board [6h 3d 9h 6d Ks]
Seat 1: Vyga444 (small blind) mucked [Td Js]
Seat 2: doute888 (big blind) showed [Kc 3h] and won (120) with two pair, Kings and Sixes
Seat 3: Mahu2021 (button) folded before Flop (didn't bet)



PokerStars Hand #248930562753: Tournament #3716971092, $1.84+$0.16 USD Hold'em No Limit - Level II (15/30) - 2024/02/17 15:28:29 CET [2024/02/17 9:28:29 ET]
Table '3716971092 1' 3-max Seat #1 is the button
Seat 1: Vyga444 (545 in chips) 
Seat 2: doute888 (395 in chips) 
Seat 3: Mahu2021 (560 in chips) 
doute888: posts small blind 15
Mahu2021: posts big blind 30
*** HOLE CARDS ***
Dealt to Mahu2021 [Th Jc]
Vyga444: raises 60 to 90
doute888: folds 
Mahu2021: calls 60
*** FLOP *** [5s Jd 6d]
Mahu2021: bets 195
Vyga444: folds 
Uncalled bet (195) returned to Mahu2021
Mahu2021 collected 195 from pot
Mahu2021: doesn't show hand 
*** SUMMARY ***
Total pot 195 | Rake 0 
Board [5s Jd 6d]
Seat 1: Vyga444 (button) folded on the Flop
Seat 2: doute888 (small blind) folded before Flop
Seat 3: Mahu2021 (big blind) collected (195)



PokerStars Hand #248930566010: Tournament #3716971092, $1.84+$0.16 USD Hold'em No Limit - Level II (15/30) - 2024/02/17 15:28:43 CET [2024/02/17 9:28:43 ET]
Table '3716971092 1' 3-max Seat #2 is the button
Seat 1: Vyga444 (455 in chips) 
Seat 2: doute888 (380 in chips) 
Seat 3: Mahu2021 (665 in chips) 
Mahu2021: posts small blind 15
Vyga444: posts big blind 30
*** HOLE CARDS ***
Dealt to Mahu2021 [4c 3s]
doute888: raises 75 to 105
Mahu2021: folds 
Vyga444: calls 75
*** FLOP *** [7d 8d 2h]
Vyga444: checks 
doute888: bets 83
Vyga444: folds 
Uncalled bet (83) returned to doute888
doute888 collected 225 from pot
*** SUMMARY ***
Total pot 225 | Rake 0 
Board [7d 8d 2h]
Seat 1: Vyga444 (big blind) folded on the Flop
Seat 2: doute888 (button) collected (225)
Seat 3: Mahu2021 (small blind) folded before Flop



PokerStars Hand #248930571089: Tournament #3716971092, $1.84+$0.16 USD Hold'em No Limit - Level II (15/30) - 2024/02/17 15:29:06 CET [2024/02/17 9:29:06 ET]
Table '3716971092 1' 3-max Seat #3 is the button
Seat 1: Vyga444 (350 in chips) 
Seat 2: doute888 (500 in chips) 
Seat 3: Mahu2021 (650 in chips) 
Vyga444: posts small blind 15
doute888: posts big blind 30
*** HOLE CARDS ***
Dealt to Mahu2021 [5d Js]
Mahu2021: folds 
Vyga444: calls 15
doute888: checks 
*** FLOP *** [Tc Jc 6s]
Vyga444: checks 
doute888: bets 60
Vyga444: calls 60
*** TURN *** [Tc Jc 6s] [2c]
Vyga444: checks 
doute888: checks 
*** RIVER *** [Tc Jc 6s 2c] [9d]
Vyga444: checks 
doute888: checks 
*** SHOW DOWN ***
Vyga444: shows [6d 7s] (a pair of Sixes)
doute888: shows [4h Ts] (a pair of Tens)
doute888 collected 180 from pot
*** SUMMARY ***
Total pot 180 | Rake 0 
Board [Tc Jc 6s 2c 9d]
Seat 1: Vyga444 (small blind) showed [6d 7s] and lost with a pair of Sixes
Seat 2: doute888 (big blind) showed [4h Ts] and won (180) with a pair of Tens
Seat 3: Mahu2021 (button) folded before Flop (didn't bet)



PokerStars Hand #248930576382: Tournament #3716971092, $1.84+$0.16 USD Hold'em No Limit - Level II (15/30) - 2024/02/17 15:29:29 CET [2024/02/17 9:29:29 ET]
Table '3716971092 1' 3-max Seat #1 is the button
Seat 1: Vyga444 (260 in chips) 
Seat 2: doute888 (590 in chips) 
Seat 3: Mahu2021 (650 in chips) 
doute888: posts small blind 15
Mahu2021: posts big blind 30
*** HOLE CARDS ***
Dealt to Mahu2021 [3s 8d]
Vyga444: folds 
doute888: folds 
Uncalled bet (15) returned to Mahu2021
Mahu2021 collected 30 from pot
Mahu2021: doesn't show hand 
*** SUMMARY ***
Total pot 30 | Rake 0 
Seat 1: Vyga444 (button) folded before Flop (didn't bet)
Seat 2: doute888 (small blind) folded before Flop
Seat 3: Mahu2021 (big blind) collected (30)



PokerStars Hand #248930578105: Tournament #3716971092, $1.84+$0.16 USD Hold'em No Limit - Level II (15/30) - 2024/02/17 15:29:36 CET [2024/02/17 9:29:36 ET]
Table '3716971092 1' 3-max Seat #2 is the button
Seat 1: Vyga444 (260 in chips) 
Seat 2: doute888 (575 in chips) 
Seat 3: Mahu2021 (665 in chips) 
Mahu2021: posts small blind 15
Vyga444: posts big blind 30
*** HOLE CARDS ***
Dealt to Mahu2021 [Ad Qd]
doute888: folds 
Mahu2021: raises 60 to 90
Vyga444: calls 60
*** FLOP *** [Qs 7s 6d]
Mahu2021: bets 180
Vyga444: calls 170 and is all-in
Uncalled bet (10) returned to Mahu2021
*** TURN *** [Qs 7s 6d] [5s]
*** RIVER *** [Qs 7s 6d 5s] [2d]
*** SHOW DOWN ***
Mahu2021: shows [Ad Qd] (a pair of Queens)
Vyga444: shows [9s Jh] (high card Queen)
Mahu2021 collected 520 from pot
Vyga444 finished the tournament in 3rd place
*** SUMMARY ***
Total pot 520 | Rake 0 
Board [Qs 7s 6d 5s 2d]
Seat 1: Vyga444 (big blind) showed [9s Jh] and lost with high card Queen
Seat 2: doute888 (button) folded before Flop (didn't bet)
Seat 3: Mahu2021 (small blind) showed [Ad Qd] and won (520) with a pair of Queens



PokerStars Hand #248930582508: Tournament #3716971092, $1.84+$0.16 USD Hold'em No Limit - Level II (15/30) - 2024/02/17 15:29:56 CET [2024/02/17 9:29:56 ET]
Table '3716971092 1' 3-max Seat #3 is the button
Seat 2: doute888 (575 in chips) 
Seat 3: Mahu2021 (925 in chips) 
Mahu2021: posts small blind 15
doute888: posts big blind 30
*** HOLE CARDS ***
Dealt to Mahu2021 [Js 7h]
Mahu2021: calls 15
doute888: checks 
*** FLOP *** [Qs Qh 4h]
doute888: checks 
Mahu2021: checks 
*** TURN *** [Qs Qh 4h] [8h]
doute888: checks 
Mahu2021: checks 
*** RIVER *** [Qs Qh 4h 8h] [Tc]
doute888: bets 30
Mahu2021: folds 
Uncalled bet (30) returned to doute888
doute888 collected 60 from pot
*** SUMMARY ***
Total pot 60 | Rake 0 
Board [Qs Qh 4h 8h Tc]
Seat 2: doute888 (big blind) collected (60)
Seat 3: Mahu2021 (button) (small blind) folded on the River



PokerStars Hand #248930586829: Tournament #3716971092, $1.84+$0.16 USD Hold'em No Limit - Level II (15/30) - 2024/02/17 15:30:14 CET [2024/02/17 9:30:14 ET]
Table '3716971092 1' 3-max Seat #2 is the button
Seat 2: doute888 (605 in chips) 
Seat 3: Mahu2021 (895 in chips) 
doute888: posts small blind 15
Mahu2021: posts big blind 30
*** HOLE CARDS ***
Dealt to Mahu2021 [9c 7h]
doute888: folds 
Uncalled bet (15) returned to Mahu2021
Mahu2021 collected 30 from pot
Mahu2021: doesn't show hand 
*** SUMMARY ***
Total pot 30 | Rake 0 
Seat 2: doute888 (button) (small blind) folded before Flop
Seat 3: Mahu2021 (big blind) collected (30)



PokerStars Hand #248930587771: Tournament #3716971092, $1.84+$0.16 USD Hold'em No Limit - Level II (15/30) - 2024/02/17 15:30:18 CET [2024/02/17 9:30:18 ET]
Table '3716971092 1' 3-max Seat #3 is the button
Seat 2: doute888 (590 in chips) 
Seat 3: Mahu2021 (910 in chips) 
Mahu2021: posts small blind 15
doute888: posts big blind 30
*** HOLE CARDS ***
Dealt to Mahu2021 [5h 9s]
Mahu2021: folds 
Uncalled bet (15) returned to doute888
doute888 collected 30 from pot
*** SUMMARY ***
Total pot 30 | Rake 0 
Seat 2: doute888 (big blind) collected (30)
Seat 3: Mahu2021 (button) (small blind) folded before Flop



PokerStars Hand #248930588885: Tournament #3716971092, $1.84+$0.16 USD Hold'em No Limit - Level II (15/30) - 2024/02/17 15:30:23 CET [2024/02/17 9:30:23 ET]
Table '3716971092 1' 3-max Seat #2 is the button
Seat 2: doute888 (605 in chips) 
Seat 3: Mahu2021 (895 in chips) 
doute888: posts small blind 15
Mahu2021: posts big blind 30
*** HOLE CARDS ***
Dealt to Mahu2021 [8c 2s]
doute888: raises 30 to 60
Mahu2021: folds 
Uncalled bet (30) returned to doute888
doute888 collected 60 from pot
*** SUMMARY ***
Total pot 60 | Rake 0 
Seat 2: doute888 (button) (small blind) collected (60)
Seat 3: Mahu2021 (big blind) folded before Flop



PokerStars Hand #248930590611: Tournament #3716971092, $1.84+$0.16 USD Hold'em No Limit - Level II (15/30) - 2024/02/17 15:30:31 CET [2024/02/17 9:30:31 ET]
Table '3716971092 1' 3-max Seat #3 is the button
Seat 2: doute888 (635 in chips) 
Seat 3: Mahu2021 (865 in chips) 
Mahu2021: posts small blind 15
doute888: posts big blind 30
*** HOLE CARDS ***
Dealt to Mahu2021 [Qs 6c]
Mahu2021: folds 
Uncalled bet (15) returned to doute888
doute888 collected 30 from pot
*** SUMMARY ***
Total pot 30 | Rake 0 
Seat 2: doute888 (big blind) collected (30)
Seat 3: Mahu2021 (button) (small blind) folded before Flop



PokerStars Hand #248930591673: Tournament #3716971092, $1.84+$0.16 USD Hold'em No Limit - Level II (15/30) - 2024/02/17 15:30:35 CET [2024/02/17 9:30:35 ET]
Table '3716971092 1' 3-max Seat #2 is the button
Seat 2: doute888 (650 in chips) 
Seat 3: Mahu2021 (850 in chips) 
doute888: posts small blind 15
Mahu2021: posts big blind 30
*** HOLE CARDS ***
Dealt to Mahu2021 [8c 4c]
doute888: calls 15
Mahu2021: checks 
*** FLOP *** [Js 8s 5s]
Mahu2021: checks 
doute888: checks 
*** TURN *** [Js 8s 5s] [8h]
Mahu2021: bets 60
doute888: folds 
Uncalled bet (60) returned to Mahu2021
Mahu2021 collected 60 from pot
Mahu2021: doesn't show hand 
*** SUMMARY ***
Total pot 60 | Rake 0 
Board [Js 8s 5s 8h]
Seat 2: doute888 (button) (small blind) folded on the Turn
Seat 3: Mahu2021 (big blind) collected (60)



PokerStars Hand #248930595283: Tournament #3716971092, $1.84+$0.16 USD Hold'em No Limit - Level II (15/30) - 2024/02/17 15:30:51 CET [2024/02/17 9:30:51 ET]
Table '3716971092 1' 3-max Seat #3 is the button
Seat 2: doute888 (620 in chips) 
Seat 3: Mahu2021 (880 in chips) 
Mahu2021: posts small blind 15
doute888: posts big blind 30
*** HOLE CARDS ***
Dealt to Mahu2021 [2c 7c]
Mahu2021: folds 
Uncalled bet (15) returned to doute888
doute888 collected 30 from pot
*** SUMMARY ***
Total pot 30 | Rake 0 
Seat 2: doute888 (big blind) collected (30)
Seat 3: Mahu2021 (button) (small blind) folded before Flop



PokerStars Hand #248930596906: Tournament #3716971092, $1.84+$0.16 USD Hold'em No Limit - Level III (20/40) - 2024/02/17 15:30:58 CET [2024/02/17 9:30:58 ET]
Table '3716971092 1' 3-max Seat #2 is the button
Seat 2: doute888 (635 in chips) 
Seat 3: Mahu2021 (865 in chips) 
doute888: posts small blind 20
Mahu2021: posts big blind 40
*** HOLE CARDS ***
Dealt to Mahu2021 [2s Qd]
doute888: folds 
Uncalled bet (20) returned to Mahu2021
Mahu2021 collected 40 from pot
Mahu2021: doesn't show hand 
*** SUMMARY ***
Total pot 40 | Rake 0 
Seat 2: doute888 (button) (small blind) folded before Flop
Seat 3: Mahu2021 (big blind) collected (40)



PokerStars Hand #248930597799: Tournament #3716971092, $1.84+$0.16 USD Hold'em No Limit - Level III (20/40) - 2024/02/17 15:31:02 CET [2024/02/17 9:31:02 ET]
Table '3716971092 1' 3-max Seat #3 is the button
Seat 2: doute888 (615 in chips) 
Seat 3: Mahu2021 (885 in chips) 
Mahu2021: posts small blind 20
doute888: posts big blind 40
*** HOLE CARDS ***
Dealt to Mahu2021 [7h Ts]
Mahu2021: folds 
Uncalled bet (20) returned to doute888
doute888 collected 40 from pot
*** SUMMARY ***
Total pot 40 | Rake 0 
Seat 2: doute888 (big blind) collected (40)
Seat 3: Mahu2021 (button) (small blind) folded before Flop



PokerStars Hand #248930598685: Tournament #3716971092, $1.84+$0.16 USD Hold'em No Limit - Level III (20/40) - 2024/02/17 15:31:06 CET [2024/02/17 9:31:06 ET]
Table '3716971092 1' 3-max Seat #2 is the button
Seat 2: doute888 (635 in chips) 
Seat 3: Mahu2021 (865 in chips) 
doute888: posts small blind 20
Mahu2021: posts big blind 40
*** HOLE CARDS ***
Dealt to Mahu2021 [3h 2c]
doute888: raises 80 to 120
Mahu2021: folds 
Uncalled bet (80) returned to doute888
doute888 collected 80 from pot
*** SUMMARY ***
Total pot 80 | Rake 0 
Seat 2: doute888 (button) (small blind) collected (80)
Seat 3: Mahu2021 (big blind) folded before Flop



PokerStars Hand #248930600160: Tournament #3716971092, $1.84+$0.16 USD Hold'em No Limit - Level III (20/40) - 2024/02/17 15:31:12 CET [2024/02/17 9:31:12 ET]
Table '3716971092 1' 3-max Seat #3 is the button
Seat 2: doute888 (675 in chips) 
Seat 3: Mahu2021 (825 in chips) 
Mahu2021: posts small blind 20
doute888: posts big blind 40
*** HOLE CARDS ***
Dealt to Mahu2021 [5s 9d]
Mahu2021: folds 
Uncalled bet (20) returned to doute888
doute888 collected 40 from pot
*** SUMMARY ***
Total pot 40 | Rake 0 
Seat 2: doute888 (big blind) collected (40)
Seat 3: Mahu2021 (button) (small blind) folded before Flop



PokerStars Hand #248930601085: Tournament #3716971092, $1.84+$0.16 USD Hold'em No Limit - Level III (20/40) - 2024/02/17 15:31:16 CET [2024/02/17 9:31:16 ET]
Table '3716971092 1' 3-max Seat #2 is the button
Seat 2: doute888 (695 in chips) 
Seat 3: Mahu2021 (805 in chips) 
doute888: posts small blind 20
Mahu2021: posts big blind 40
*** HOLE CARDS ***
Dealt to Mahu2021 [4h Kh]
doute888: folds 
Uncalled bet (20) returned to Mahu2021
Mahu2021 collected 40 from pot
Mahu2021: doesn't show hand 
*** SUMMARY ***
Total pot 40 | Rake 0 
Seat 2: doute888 (button) (small blind) folded before Flop
Seat 3: Mahu2021 (big blind) collected (40)



PokerStars Hand #248930602410: Tournament #3716971092, $1.84+$0.16 USD Hold'em No Limit - Level III (20/40) - 2024/02/17 15:31:22 CET [2024/02/17 9:31:22 ET]
Table '3716971092 1' 3-max Seat #3 is the button
Seat 2: doute888 (675 in chips) 
Seat 3: Mahu2021 (825 in chips) 
Mahu2021: posts small blind 20
doute888: posts big blind 40
*** HOLE CARDS ***
Dealt to Mahu2021 [Kc 5c]
Mahu2021: raises 40 to 80
doute888: calls 40
*** FLOP *** [8h 7s As]
doute888: bets 40
Mahu2021: folds 
Uncalled bet (40) returned to doute888
doute888 collected 160 from pot
*** SUMMARY ***
Total pot 160 | Rake 0 
Board [8h 7s As]
Seat 2: doute888 (big blind) collected (160)
Seat 3: Mahu2021 (button) (small blind) folded on the Flop



PokerStars Hand #248930604362: Tournament #3716971092, $1.84+$0.16 USD Hold'em No Limit - Level III (20/40) - 2024/02/17 15:31:31 CET [2024/02/17 9:31:31 ET]
Table '3716971092 1' 3-max Seat #2 is the button
Seat 2: doute888 (755 in chips) 
Seat 3: Mahu2021 (745 in chips) 
doute888: posts small blind 20
Mahu2021: posts big blind 40
*** HOLE CARDS ***
Dealt to Mahu2021 [2c Qs]
doute888: raises 40 to 80
Mahu2021: calls 40
*** FLOP *** [Jd 8d 5d]
Mahu2021: checks 
doute888: bets 675 and is all-in
Mahu2021: folds 
Uncalled bet (675) returned to doute888
doute888 collected 160 from pot
*** SUMMARY ***
Total pot 160 | Rake 0 
Board [Jd 8d 5d]
Seat 2: doute888 (button) (small blind) collected (160)
Seat 3: Mahu2021 (big blind) folded on the Flop



PokerStars Hand #248930606525: Tournament #3716971092, $1.84+$0.16 USD Hold'em No Limit - Level III (20/40) - 2024/02/17 15:31:40 CET [2024/02/17 9:31:40 ET]
Table '3716971092 1' 3-max Seat #3 is the button
Seat 2: doute888 (835 in chips) 
Seat 3: Mahu2021 (665 in chips) 
Mahu2021: posts small blind 20
doute888: posts big blind 40
*** HOLE CARDS ***
Dealt to Mahu2021 [Jd Ts]
Mahu2021: raises 40 to 80
doute888: calls 40
*** FLOP *** [Kc 4d Qd]
doute888: checks 
Mahu2021: bets 80
doute888: folds 
Uncalled bet (80) returned to Mahu2021
Mahu2021 collected 160 from pot
Mahu2021: doesn't show hand 
*** SUMMARY ***
Total pot 160 | Rake 0 
Board [Kc 4d Qd]
Seat 2: doute888 (big blind) folded on the Flop
Seat 3: Mahu2021 (button) (small blind) collected (160)



PokerStars Hand #248930608885: Tournament #3716971092, $1.84+$0.16 USD Hold'em No Limit - Level III (20/40) - 2024/02/17 15:31:51 CET [2024/02/17 9:31:51 ET]
Table '3716971092 1' 3-max Seat #2 is the button
Seat 2: doute888 (755 in chips) 
Seat 3: Mahu2021 (745 in chips) 
doute888: posts small blind 20
Mahu2021: posts big blind 40
*** HOLE CARDS ***
Dealt to Mahu2021 [5c 3c]
doute888: raises 80 to 120
Mahu2021: calls 80
*** FLOP *** [7h 9h 4h]
Mahu2021: checks 
doute888: bets 635 and is all-in
Mahu2021: folds 
Uncalled bet (635) returned to doute888
doute888 collected 240 from pot
*** SUMMARY ***
Total pot 240 | Rake 0 
Board [7h 9h 4h]
Seat 2: doute888 (button) (small blind) collected (240)
Seat 3: Mahu2021 (big blind) folded on the Flop



PokerStars Hand #248930612090: Tournament #3716971092, $1.84+$0.16 USD Hold'em No Limit - Level III (20/40) - 2024/02/17 15:32:05 CET [2024/02/17 9:32:05 ET]
Table '3716971092 1' 3-max Seat #3 is the button
Seat 2: doute888 (875 in chips) 
Seat 3: Mahu2021 (625 in chips) 
Mahu2021: posts small blind 20
doute888: posts big blind 40
*** HOLE CARDS ***
Dealt to Mahu2021 [Tc 5d]
Mahu2021: folds 
Uncalled bet (20) returned to doute888
doute888 collected 40 from pot
*** SUMMARY ***
Total pot 40 | Rake 0 
Seat 2: doute888 (big blind) collected (40)
Seat 3: Mahu2021 (button) (small blind) folded before Flop



PokerStars Hand #248930613080: Tournament #3716971092, $1.84+$0.16 USD Hold'em No Limit - Level III (20/40) - 2024/02/17 15:32:09 CET [2024/02/17 9:32:09 ET]
Table '3716971092 1' 3-max Seat #2 is the button
Seat 2: doute888 (895 in chips) 
Seat 3: Mahu2021 (605 in chips) 
doute888: posts small blind 20
Mahu2021: posts big blind 40
*** HOLE CARDS ***
Dealt to Mahu2021 [Qh 7h]
doute888: folds 
Uncalled bet (20) returned to Mahu2021
Mahu2021 collected 40 from pot
Mahu2021: doesn't show hand 
*** SUMMARY ***
Total pot 40 | Rake 0 
Seat 2: doute888 (button) (small blind) folded before Flop
Seat 3: Mahu2021 (big blind) collected (40)



PokerStars Hand #248930614301: Tournament #3716971092, $1.84+$0.16 USD Hold'em No Limit - Level III (20/40) - 2024/02/17 15:32:14 CET [2024/02/17 9:32:14 ET]
Table '3716971092 1' 3-max Seat #3 is the button
Seat 2: doute888 (875 in chips) 
Seat 3: Mahu2021 (625 in chips) 
Mahu2021: posts small blind 20
doute888: posts big blind 40
*** HOLE CARDS ***
Dealt to Mahu2021 [5h 2s]
Mahu2021: folds 
Uncalled bet (20) returned to doute888
doute888 collected 40 from pot
*** SUMMARY ***
Total pot 40 | Rake 0 
Seat 2: doute888 (big blind) collected (40)
Seat 3: Mahu2021 (button) (small blind) folded before Flop



PokerStars Hand #248930615297: Tournament #3716971092, $1.84+$0.16 USD Hold'em No Limit - Level III (20/40) - 2024/02/17 15:32:18 CET [2024/02/17 9:32:18 ET]
Table '3716971092 1' 3-max Seat #2 is the button
Seat 2: doute888 (895 in chips) 
Seat 3: Mahu2021 (605 in chips) 
doute888: posts small blind 20
Mahu2021: posts big blind 40
*** HOLE CARDS ***
Dealt to Mahu2021 [5s Jd]
doute888: raises 80 to 120
Mahu2021: folds 
Uncalled bet (80) returned to doute888
doute888 collected 80 from pot
*** SUMMARY ***
Total pot 80 | Rake 0 
Seat 2: doute888 (button) (small blind) collected (80)
Seat 3: Mahu2021 (big blind) folded before Flop



PokerStars Hand #248930616740: Tournament #3716971092, $1.84+$0.16 USD Hold'em No Limit - Level III (20/40) - 2024/02/17 15:32:25 CET [2024/02/17 9:32:25 ET]
Table '3716971092 1' 3-max Seat #3 is the button
Seat 2: doute888 (935 in chips) 
Seat 3: Mahu2021 (565 in chips) 
Mahu2021: posts small blind 20
doute888: posts big blind 40
*** HOLE CARDS ***
Dealt to Mahu2021 [Kc 2c]
Mahu2021: raises 40 to 80
doute888: calls 40
*** FLOP *** [9d 6s Ts]
doute888: checks 
Mahu2021: checks 
*** TURN *** [9d 6s Ts] [Jc]
doute888: checks 
Mahu2021: checks 
*** RIVER *** [9d 6s Ts Jc] [5h]
doute888: bets 80
Mahu2021: folds 
Uncalled bet (80) returned to doute888
doute888 collected 160 from pot
*** SUMMARY ***
Total pot 160 | Rake 0 
Board [9d 6s Ts Jc 5h]
Seat 2: doute888 (big blind) collected (160)
Seat 3: Mahu2021 (button) (small blind) folded on the River



PokerStars Hand #248930619745: Tournament #3716971092, $1.84+$0.16 USD Hold'em No Limit - Level III (20/40) - 2024/02/17 15:32:38 CET [2024/02/17 9:32:38 ET]
Table '3716971092 1' 3-max Seat #2 is the button
Seat 2: doute888 (1015 in chips) 
Seat 3: Mahu2021 (485 in chips) 
doute888: posts small blind 20
Mahu2021: posts big blind 40
*** HOLE CARDS ***
Dealt to Mahu2021 [7d Th]
doute888: folds 
Uncalled bet (20) returned to Mahu2021
Mahu2021 collected 40 from pot
Mahu2021: doesn't show hand 
*** SUMMARY ***
Total pot 40 | Rake 0 
Seat 2: doute888 (button) (small blind) folded before Flop
Seat 3: Mahu2021 (big blind) collected (40)



PokerStars Hand #248930620698: Tournament #3716971092, $1.84+$0.16 USD Hold'em No Limit - Level III (20/40) - 2024/02/17 15:32:42 CET [2024/02/17 9:32:42 ET]
Table '3716971092 1' 3-max Seat #3 is the button
Seat 2: doute888 (995 in chips) 
Seat 3: Mahu2021 (505 in chips) 
Mahu2021: posts small blind 20
doute888: posts big blind 40
*** HOLE CARDS ***
Dealt to Mahu2021 [2h 9c]
Mahu2021: folds 
Uncalled bet (20) returned to doute888
doute888 collected 40 from pot
*** SUMMARY ***
Total pot 40 | Rake 0 
Seat 2: doute888 (big blind) collected (40)
Seat 3: Mahu2021 (button) (small blind) folded before Flop



PokerStars Hand #248930621660: Tournament #3716971092, $1.84+$0.16 USD Hold'em No Limit - Level III (20/40) - 2024/02/17 15:32:46 CET [2024/02/17 9:32:46 ET]
Table '3716971092 1' 3-max Seat #2 is the button
Seat 2: doute888 (1015 in chips) 
Seat 3: Mahu2021 (485 in chips) 
doute888: posts small blind 20
Mahu2021: posts big blind 40
*** HOLE CARDS ***
Dealt to Mahu2021 [7c Kc]
doute888: raises 80 to 120
Mahu2021: calls 80
*** FLOP *** [Qh 8c 7s]
Mahu2021: bets 365 and is all-in
doute888: calls 365
*** TURN *** [Qh 8c 7s] [9d]
*** RIVER *** [Qh 8c 7s 9d] [2h]
*** SHOW DOWN ***
Mahu2021: shows [7c Kc] (a pair of Sevens)
doute888: shows [8s Js] (a pair of Eights)
doute888 collected 970 from pot
Mahu2021 finished the tournament in 2nd place
doute888 wins the tournament and receives $6.00 - congratulations!
*** SUMMARY ***
Total pot 970 | Rake 0 
Board [Qh 8c 7s 9d 2h]
Seat 2: doute888 (button) (small blind) showed [8s Js] and won (970) with a pair of Eights
Seat 3: Mahu2021 (big blind) showed [7c Kc] and lost with a pair of Sevens



