PokerStars Hand #250053452671: Tournament #3743716673, $1.84+$0.16 USD Hold'em No Limit - Level I (10/20) - 2024/04/19 12:23:46 CET [2024/04/19 6:23:46 ET]
Table '3743716673 1' 3-max Seat #1 is the button
Seat 1: Mahu2021 (500 in chips) 
Seat 2: Kashevo (500 in chips) 
Seat 3: Roney04 (500 in chips) 
Kashevo: posts small blind 10
Roney04: posts big blind 20
*** HOLE CARDS ***
Dealt to Mahu2021 [6h 9c]
Mahu2021: folds 
Kashevo: calls 10
Roney04: checks 
*** FLOP *** [Qh Td Th]
Kashevo: checks 
Roney04: checks 
*** TURN *** [Qh Td Th] [4d]
Kashevo: checks 
Roney04: checks 
*** RIVER *** [Qh Td Th 4d] [Ks]
Kashevo: checks 
Roney04: checks 
*** SHOW DOWN ***
Kashevo: shows [7d 2d] (a pair of Tens)
Roney04: shows [2h Ad] (a pair of Tens - Ace kicker)
Roney04 collected 40 from pot
*** SUMMARY ***
Total pot 40 | Rake 0 
Board [Qh Td Th 4d Ks]
Seat 1: Mahu2021 (button) folded before Flop (didn't bet)
Seat 2: Kashevo (small blind) showed [7d 2d] and lost with a pair of Tens
Seat 3: Roney04 (big blind) showed [2h Ad] and won (40) with a pair of Tens



PokerStars Hand #250053455572: Tournament #3743716673, $1.84+$0.16 USD Hold'em No Limit - Level I (10/20) - 2024/04/19 12:24:07 CET [2024/04/19 6:24:07 ET]
Table '3743716673 1' 3-max Seat #2 is the button
Seat 1: Mahu2021 (500 in chips) 
Seat 2: Kashevo (480 in chips) 
Seat 3: Roney04 (520 in chips) 
Roney04: posts small blind 10
Mahu2021: posts big blind 20
*** HOLE CARDS ***
Dealt to Mahu2021 [4h 2c]
Kashevo: folds 
Roney04: folds 
Uncalled bet (10) returned to Mahu2021
Mahu2021 collected 20 from pot
Mahu2021: doesn't show hand 
*** SUMMARY ***
Total pot 20 | Rake 0 
Seat 1: Mahu2021 (big blind) collected (20)
Seat 2: Kashevo (button) folded before Flop (didn't bet)
Seat 3: Roney04 (small blind) folded before Flop



PokerStars Hand #250053457094: Tournament #3743716673, $1.84+$0.16 USD Hold'em No Limit - Level I (10/20) - 2024/04/19 12:24:18 CET [2024/04/19 6:24:18 ET]
Table '3743716673 1' 3-max Seat #3 is the button
Seat 1: Mahu2021 (510 in chips) 
Seat 2: Kashevo (480 in chips) 
Seat 3: Roney04 (510 in chips) 
Mahu2021: posts small blind 10
Kashevo: posts big blind 20
*** HOLE CARDS ***
Dealt to Mahu2021 [6c 8h]
Roney04: raises 20 to 40
Mahu2021: folds 
Kashevo: calls 20
*** FLOP *** [Ts Tc 9c]
Kashevo: checks 
Roney04: bets 23
Kashevo: raises 68 to 91
Roney04: calls 68
*** TURN *** [Ts Tc 9c] [Qc]
Kashevo: checks 
Roney04: checks 
*** RIVER *** [Ts Tc 9c Qc] [2d]
Kashevo: bets 60
Roney04: folds 
Uncalled bet (60) returned to Kashevo
Kashevo collected 272 from pot
*** SUMMARY ***
Total pot 272 | Rake 0 
Board [Ts Tc 9c Qc 2d]
Seat 1: Mahu2021 (small blind) folded before Flop
Seat 2: Kashevo (big blind) collected (272)
Seat 3: Roney04 (button) folded on the River



PokerStars Hand #250053460017: Tournament #3743716673, $1.84+$0.16 USD Hold'em No Limit - Level I (10/20) - 2024/04/19 12:24:39 CET [2024/04/19 6:24:39 ET]
Table '3743716673 1' 3-max Seat #1 is the button
Seat 1: Mahu2021 (500 in chips) 
Seat 2: Kashevo (621 in chips) 
Seat 3: Roney04 (379 in chips) 
Kashevo: posts small blind 10
Roney04: posts big blind 20
*** HOLE CARDS ***
Dealt to Mahu2021 [2s 9d]
Mahu2021: folds 
Kashevo: raises 20 to 40
Roney04: calls 20
*** FLOP *** [3h 7h 4h]
Kashevo: checks 
Roney04: checks 
*** TURN *** [3h 7h 4h] [3s]
Kashevo: bets 40
Roney04: folds 
Uncalled bet (40) returned to Kashevo
Kashevo collected 80 from pot
*** SUMMARY ***
Total pot 80 | Rake 0 
Board [3h 7h 4h 3s]
Seat 1: Mahu2021 (button) folded before Flop (didn't bet)
Seat 2: Kashevo (small blind) collected (80)
Seat 3: Roney04 (big blind) folded on the Turn



PokerStars Hand #250053462041: Tournament #3743716673, $1.84+$0.16 USD Hold'em No Limit - Level I (10/20) - 2024/04/19 12:24:54 CET [2024/04/19 6:24:54 ET]
Table '3743716673 1' 3-max Seat #2 is the button
Seat 1: Mahu2021 (500 in chips) 
Seat 2: Kashevo (661 in chips) 
Seat 3: Roney04 (339 in chips) 
Roney04: posts small blind 10
Mahu2021: posts big blind 20
*** HOLE CARDS ***
Dealt to Mahu2021 [Jc 5h]
Kashevo: raises 40 to 60
Roney04: folds 
Mahu2021: folds 
Uncalled bet (40) returned to Kashevo
Kashevo collected 50 from pot
*** SUMMARY ***
Total pot 50 | Rake 0 
Seat 1: Mahu2021 (big blind) folded before Flop
Seat 2: Kashevo (button) collected (50)
Seat 3: Roney04 (small blind) folded before Flop



PokerStars Hand #250053463227: Tournament #3743716673, $1.84+$0.16 USD Hold'em No Limit - Level I (10/20) - 2024/04/19 12:25:02 CET [2024/04/19 6:25:02 ET]
Table '3743716673 1' 3-max Seat #3 is the button
Seat 1: Mahu2021 (480 in chips) 
Seat 2: Kashevo (691 in chips) 
Seat 3: Roney04 (329 in chips) 
Mahu2021: posts small blind 10
Kashevo: posts big blind 20
*** HOLE CARDS ***
Dealt to Mahu2021 [3d Jh]
Roney04: raises 309 to 329 and is all-in
Mahu2021: folds 
Kashevo: folds 
Uncalled bet (309) returned to Roney04
Roney04 collected 50 from pot
Roney04: doesn't show hand 
*** SUMMARY ***
Total pot 50 | Rake 0 
Seat 1: Mahu2021 (small blind) folded before Flop
Seat 2: Kashevo (big blind) folded before Flop
Seat 3: Roney04 (button) collected (50)



PokerStars Hand #250053464107: Tournament #3743716673, $1.84+$0.16 USD Hold'em No Limit - Level I (10/20) - 2024/04/19 12:25:09 CET [2024/04/19 6:25:09 ET]
Table '3743716673 1' 3-max Seat #1 is the button
Seat 1: Mahu2021 (470 in chips) 
Seat 2: Kashevo (671 in chips) 
Seat 3: Roney04 (359 in chips) 
Kashevo: posts small blind 10
Roney04: posts big blind 20
*** HOLE CARDS ***
Dealt to Mahu2021 [Qh Jc]
Mahu2021: raises 20 to 40
Kashevo: folds 
Roney04: folds 
Uncalled bet (20) returned to Mahu2021
Mahu2021 collected 50 from pot
Mahu2021: doesn't show hand 
*** SUMMARY ***
Total pot 50 | Rake 0 
Seat 1: Mahu2021 (button) collected (50)
Seat 2: Kashevo (small blind) folded before Flop
Seat 3: Roney04 (big blind) folded before Flop



PokerStars Hand #250053465332: Tournament #3743716673, $1.84+$0.16 USD Hold'em No Limit - Level I (10/20) - 2024/04/19 12:25:18 CET [2024/04/19 6:25:18 ET]
Table '3743716673 1' 3-max Seat #2 is the button
Seat 1: Mahu2021 (500 in chips) 
Seat 2: Kashevo (661 in chips) 
Seat 3: Roney04 (339 in chips) 
Roney04: posts small blind 10
Mahu2021: posts big blind 20
*** HOLE CARDS ***
Dealt to Mahu2021 [7c Qc]
Kashevo: calls 20
Roney04: folds 
Mahu2021: checks 
*** FLOP *** [4h 7d 4d]
Mahu2021: bets 40
Kashevo: calls 40
*** TURN *** [4h 7d 4d] [5d]
Mahu2021: checks 
Kashevo: bets 80
Mahu2021: folds 
Uncalled bet (80) returned to Kashevo
Kashevo collected 130 from pot
*** SUMMARY ***
Total pot 130 | Rake 0 
Board [4h 7d 4d 5d]
Seat 1: Mahu2021 (big blind) folded on the Turn
Seat 2: Kashevo (button) collected (130)
Seat 3: Roney04 (small blind) folded before Flop



PokerStars Hand #250053468338: Tournament #3743716673, $1.84+$0.16 USD Hold'em No Limit - Level I (10/20) - 2024/04/19 12:25:40 CET [2024/04/19 6:25:40 ET]
Table '3743716673 1' 3-max Seat #3 is the button
Seat 1: Mahu2021 (440 in chips) 
Seat 2: Kashevo (731 in chips) 
Seat 3: Roney04 (329 in chips) 
Mahu2021: posts small blind 10
Kashevo: posts big blind 20
*** HOLE CARDS ***
Dealt to Mahu2021 [7h 7d]
Roney04: folds 
Mahu2021: raises 420 to 440 and is all-in
Kashevo: folds 
Uncalled bet (420) returned to Mahu2021
Mahu2021 collected 40 from pot
Mahu2021: doesn't show hand 
*** SUMMARY ***
Total pot 40 | Rake 0 
Seat 1: Mahu2021 (small blind) collected (40)
Seat 2: Kashevo (big blind) folded before Flop
Seat 3: Roney04 (button) folded before Flop (didn't bet)



PokerStars Hand #250053469344: Tournament #3743716673, $1.84+$0.16 USD Hold'em No Limit - Level I (10/20) - 2024/04/19 12:25:47 CET [2024/04/19 6:25:47 ET]
Table '3743716673 1' 3-max Seat #1 is the button
Seat 1: Mahu2021 (460 in chips) 
Seat 2: Kashevo (711 in chips) 
Seat 3: Roney04 (329 in chips) 
Kashevo: posts small blind 10
Roney04: posts big blind 20
*** HOLE CARDS ***
Dealt to Mahu2021 [2c Qc]
Mahu2021: folds 
Kashevo: folds 
Uncalled bet (10) returned to Roney04
Roney04 collected 20 from pot
Roney04: doesn't show hand 
*** SUMMARY ***
Total pot 20 | Rake 0 
Seat 1: Mahu2021 (button) folded before Flop (didn't bet)
Seat 2: Kashevo (small blind) folded before Flop
Seat 3: Roney04 (big blind) collected (20)



PokerStars Hand #250053470554: Tournament #3743716673, $1.84+$0.16 USD Hold'em No Limit - Level II (15/30) - 2024/04/19 12:25:56 CET [2024/04/19 6:25:56 ET]
Table '3743716673 1' 3-max Seat #2 is the button
Seat 1: Mahu2021 (460 in chips) 
Seat 2: Kashevo (701 in chips) 
Seat 3: Roney04 (339 in chips) 
Roney04: posts small blind 15
Mahu2021: posts big blind 30
*** HOLE CARDS ***
Dealt to Mahu2021 [Qd 3d]
Kashevo: folds 
Roney04: raises 309 to 339 and is all-in
Mahu2021: folds 
Uncalled bet (309) returned to Roney04
Roney04 collected 60 from pot
Roney04: doesn't show hand 
*** SUMMARY ***
Total pot 60 | Rake 0 
Seat 1: Mahu2021 (big blind) folded before Flop
Seat 2: Kashevo (button) folded before Flop (didn't bet)
Seat 3: Roney04 (small blind) collected (60)



PokerStars Hand #250053472166: Tournament #3743716673, $1.84+$0.16 USD Hold'em No Limit - Level II (15/30) - 2024/04/19 12:26:08 CET [2024/04/19 6:26:08 ET]
Table '3743716673 1' 3-max Seat #3 is the button
Seat 1: Mahu2021 (430 in chips) 
Seat 2: Kashevo (701 in chips) 
Seat 3: Roney04 (369 in chips) 
Mahu2021: posts small blind 15
Kashevo: posts big blind 30
*** HOLE CARDS ***
Dealt to Mahu2021 [6c Ah]
Roney04: folds 
Mahu2021: calls 15
Kashevo: checks 
*** FLOP *** [4c 3c As]
Mahu2021: checks 
Kashevo: bets 30
Mahu2021: calls 30
*** TURN *** [4c 3c As] [Qc]
Mahu2021: checks 
Kashevo: bets 60
Mahu2021: calls 60
*** RIVER *** [4c 3c As Qc] [Jc]
Mahu2021: bets 310 and is all-in
Kashevo: folds 
Uncalled bet (310) returned to Mahu2021
Mahu2021 collected 240 from pot
Mahu2021: doesn't show hand 
*** SUMMARY ***
Total pot 240 | Rake 0 
Board [4c 3c As Qc Jc]
Seat 1: Mahu2021 (small blind) collected (240)
Seat 2: Kashevo (big blind) folded on the River
Seat 3: Roney04 (button) folded before Flop (didn't bet)



PokerStars Hand #250053475476: Tournament #3743716673, $1.84+$0.16 USD Hold'em No Limit - Level II (15/30) - 2024/04/19 12:26:33 CET [2024/04/19 6:26:33 ET]
Table '3743716673 1' 3-max Seat #1 is the button
Seat 1: Mahu2021 (550 in chips) 
Seat 2: Kashevo (581 in chips) 
Seat 3: Roney04 (369 in chips) 
Kashevo: posts small blind 15
Roney04: posts big blind 30
*** HOLE CARDS ***
Dealt to Mahu2021 [9c 7s]
Mahu2021: folds 
Kashevo: folds 
Uncalled bet (15) returned to Roney04
Roney04 collected 30 from pot
Roney04: doesn't show hand 
*** SUMMARY ***
Total pot 30 | Rake 0 
Seat 1: Mahu2021 (button) folded before Flop (didn't bet)
Seat 2: Kashevo (small blind) folded before Flop
Seat 3: Roney04 (big blind) collected (30)



PokerStars Hand #250053476184: Tournament #3743716673, $1.84+$0.16 USD Hold'em No Limit - Level II (15/30) - 2024/04/19 12:26:38 CET [2024/04/19 6:26:38 ET]
Table '3743716673 1' 3-max Seat #2 is the button
Seat 1: Mahu2021 (550 in chips) 
Seat 2: Kashevo (566 in chips) 
Seat 3: Roney04 (384 in chips) 
Roney04: posts small blind 15
Mahu2021: posts big blind 30
*** HOLE CARDS ***
Dealt to Mahu2021 [Qc Qh]
Kashevo: folds 
Roney04: folds 
Uncalled bet (15) returned to Mahu2021
Mahu2021 collected 30 from pot
Mahu2021: doesn't show hand 
*** SUMMARY ***
Total pot 30 | Rake 0 
Seat 1: Mahu2021 (big blind) collected (30)
Seat 2: Kashevo (button) folded before Flop (didn't bet)
Seat 3: Roney04 (small blind) folded before Flop



PokerStars Hand #250053476851: Tournament #3743716673, $1.84+$0.16 USD Hold'em No Limit - Level II (15/30) - 2024/04/19 12:26:42 CET [2024/04/19 6:26:42 ET]
Table '3743716673 1' 3-max Seat #3 is the button
Seat 1: Mahu2021 (565 in chips) 
Seat 2: Kashevo (566 in chips) 
Seat 3: Roney04 (369 in chips) 
Mahu2021: posts small blind 15
Kashevo: posts big blind 30
*** HOLE CARDS ***
Dealt to Mahu2021 [7c 2s]
Roney04: folds 
Mahu2021: folds 
Uncalled bet (15) returned to Kashevo
Kashevo collected 30 from pot
*** SUMMARY ***
Total pot 30 | Rake 0 
Seat 1: Mahu2021 (small blind) folded before Flop
Seat 2: Kashevo (big blind) collected (30)
Seat 3: Roney04 (button) folded before Flop (didn't bet)



PokerStars Hand #250053477529: Tournament #3743716673, $1.84+$0.16 USD Hold'em No Limit - Level II (15/30) - 2024/04/19 12:26:47 CET [2024/04/19 6:26:47 ET]
Table '3743716673 1' 3-max Seat #1 is the button
Seat 1: Mahu2021 (550 in chips) 
Seat 2: Kashevo (581 in chips) 
Seat 3: Roney04 (369 in chips) 
Kashevo: posts small blind 15
Roney04: posts big blind 30
*** HOLE CARDS ***
Dealt to Mahu2021 [Th Qd]
Mahu2021: calls 30
Kashevo: calls 15
Roney04: raises 339 to 369 and is all-in
Mahu2021: folds 
Kashevo: folds 
Uncalled bet (339) returned to Roney04
Roney04 collected 90 from pot
Roney04: doesn't show hand 
*** SUMMARY ***
Total pot 90 | Rake 0 
Seat 1: Mahu2021 (button) folded before Flop
Seat 2: Kashevo (small blind) folded before Flop
Seat 3: Roney04 (big blind) collected (90)



PokerStars Hand #250053478759: Tournament #3743716673, $1.84+$0.16 USD Hold'em No Limit - Level II (15/30) - 2024/04/19 12:26:56 CET [2024/04/19 6:26:56 ET]
Table '3743716673 1' 3-max Seat #2 is the button
Seat 1: Mahu2021 (520 in chips) 
Seat 2: Kashevo (551 in chips) 
Seat 3: Roney04 (429 in chips) 
Roney04: posts small blind 15
Mahu2021: posts big blind 30
*** HOLE CARDS ***
Dealt to Mahu2021 [2c 7d]
Kashevo: raises 60 to 90
Roney04: folds 
Mahu2021: folds 
Uncalled bet (60) returned to Kashevo
Kashevo collected 75 from pot
*** SUMMARY ***
Total pot 75 | Rake 0 
Seat 1: Mahu2021 (big blind) folded before Flop
Seat 2: Kashevo (button) collected (75)
Seat 3: Roney04 (small blind) folded before Flop



PokerStars Hand #250053479445: Tournament #3743716673, $1.84+$0.16 USD Hold'em No Limit - Level II (15/30) - 2024/04/19 12:27:02 CET [2024/04/19 6:27:02 ET]
Table '3743716673 1' 3-max Seat #3 is the button
Seat 1: Mahu2021 (490 in chips) 
Seat 2: Kashevo (596 in chips) 
Seat 3: Roney04 (414 in chips) 
Mahu2021: posts small blind 15
Kashevo: posts big blind 30
*** HOLE CARDS ***
Dealt to Mahu2021 [2c 2h]
Roney04: folds 
Mahu2021: raises 460 to 490 and is all-in
Kashevo: folds 
Uncalled bet (460) returned to Mahu2021
Mahu2021 collected 60 from pot
Mahu2021: doesn't show hand 
*** SUMMARY ***
Total pot 60 | Rake 0 
Seat 1: Mahu2021 (small blind) collected (60)
Seat 2: Kashevo (big blind) folded before Flop
Seat 3: Roney04 (button) folded before Flop (didn't bet)



PokerStars Hand #250053480593: Tournament #3743716673, $1.84+$0.16 USD Hold'em No Limit - Level II (15/30) - 2024/04/19 12:27:10 CET [2024/04/19 6:27:10 ET]
Table '3743716673 1' 3-max Seat #1 is the button
Seat 1: Mahu2021 (520 in chips) 
Seat 2: Kashevo (566 in chips) 
Seat 3: Roney04 (414 in chips) 
Kashevo: posts small blind 15
Roney04: posts big blind 30
*** HOLE CARDS ***
Dealt to Mahu2021 [Th Td]
Mahu2021: calls 30
Kashevo: raises 60 to 90
Roney04: folds 
Mahu2021: raises 430 to 520 and is all-in
Kashevo: calls 430
*** FLOP *** [Qs 9h 5h]
*** TURN *** [Qs 9h 5h] [4s]
*** RIVER *** [Qs 9h 5h 4s] [8d]
*** SHOW DOWN ***
Kashevo: shows [Kd 9d] (a pair of Nines)
Mahu2021: shows [Th Td] (a pair of Tens)
Mahu2021 collected 1070 from pot
*** SUMMARY ***
Total pot 1070 | Rake 0 
Board [Qs 9h 5h 4s 8d]
Seat 1: Mahu2021 (button) showed [Th Td] and won (1070) with a pair of Tens
Seat 2: Kashevo (small blind) showed [Kd 9d] and lost with a pair of Nines
Seat 3: Roney04 (big blind) folded before Flop



PokerStars Hand #250053483030: Tournament #3743716673, $1.84+$0.16 USD Hold'em No Limit - Level II (15/30) - 2024/04/19 12:27:28 CET [2024/04/19 6:27:28 ET]
Table '3743716673 1' 3-max Seat #2 is the button
Seat 1: Mahu2021 (1070 in chips) 
Seat 2: Kashevo (46 in chips) 
Seat 3: Roney04 (384 in chips) 
Roney04: posts small blind 15
Mahu2021: posts big blind 30
*** HOLE CARDS ***
Dealt to Mahu2021 [Qd 9s]
Kashevo: raises 16 to 46 and is all-in
Roney04: folds 
Mahu2021: calls 16
*** FLOP *** [2d 9d Ac]
*** TURN *** [2d 9d Ac] [6d]
*** RIVER *** [2d 9d Ac 6d] [Jc]
*** SHOW DOWN ***
Mahu2021: shows [Qd 9s] (a pair of Nines)
Kashevo: shows [8d Ah] (a pair of Aces)
Kashevo collected 107 from pot
*** SUMMARY ***
Total pot 107 | Rake 0 
Board [2d 9d Ac 6d Jc]
Seat 1: Mahu2021 (big blind) showed [Qd 9s] and lost with a pair of Nines
Seat 2: Kashevo (button) showed [8d Ah] and won (107) with a pair of Aces
Seat 3: Roney04 (small blind) folded before Flop



PokerStars Hand #250053484779: Tournament #3743716673, $1.84+$0.16 USD Hold'em No Limit - Level II (15/30) - 2024/04/19 12:27:41 CET [2024/04/19 6:27:41 ET]
Table '3743716673 1' 3-max Seat #3 is the button
Seat 1: Mahu2021 (1024 in chips) 
Seat 2: Kashevo (107 in chips) 
Seat 3: Roney04 (369 in chips) 
Mahu2021: posts small blind 15
Kashevo: posts big blind 30
*** HOLE CARDS ***
Dealt to Mahu2021 [5d Kh]
Roney04: folds 
Mahu2021: folds 
Uncalled bet (15) returned to Kashevo
Kashevo collected 30 from pot
*** SUMMARY ***
Total pot 30 | Rake 0 
Seat 1: Mahu2021 (small blind) folded before Flop
Seat 2: Kashevo (big blind) collected (30)
Seat 3: Roney04 (button) folded before Flop (didn't bet)



PokerStars Hand #250053485517: Tournament #3743716673, $1.84+$0.16 USD Hold'em No Limit - Level II (15/30) - 2024/04/19 12:27:46 CET [2024/04/19 6:27:46 ET]
Table '3743716673 1' 3-max Seat #1 is the button
Seat 1: Mahu2021 (1009 in chips) 
Seat 2: Kashevo (122 in chips) 
Seat 3: Roney04 (369 in chips) 
Kashevo: posts small blind 15
Roney04: posts big blind 30
*** HOLE CARDS ***
Dealt to Mahu2021 [2d 6h]
Mahu2021: folds 
Kashevo: raises 92 to 122 and is all-in
Roney04: folds 
Uncalled bet (92) returned to Kashevo
Kashevo collected 60 from pot
*** SUMMARY ***
Total pot 60 | Rake 0 
Seat 1: Mahu2021 (button) folded before Flop (didn't bet)
Seat 2: Kashevo (small blind) collected (60)
Seat 3: Roney04 (big blind) folded before Flop



PokerStars Hand #250053487016: Tournament #3743716673, $1.84+$0.16 USD Hold'em No Limit - Level III (20/40) - 2024/04/19 12:27:56 CET [2024/04/19 6:27:56 ET]
Table '3743716673 1' 3-max Seat #2 is the button
Seat 1: Mahu2021 (1009 in chips) 
Seat 2: Kashevo (152 in chips) 
Seat 3: Roney04 (339 in chips) 
Roney04: posts small blind 20
Mahu2021: posts big blind 40
*** HOLE CARDS ***
Dealt to Mahu2021 [2d Jh]
Kashevo: folds 
Roney04: folds 
Uncalled bet (20) returned to Mahu2021
Mahu2021 collected 40 from pot
Mahu2021: doesn't show hand 
*** SUMMARY ***
Total pot 40 | Rake 0 
Seat 1: Mahu2021 (big blind) collected (40)
Seat 2: Kashevo (button) folded before Flop (didn't bet)
Seat 3: Roney04 (small blind) folded before Flop



PokerStars Hand #250053487565: Tournament #3743716673, $1.84+$0.16 USD Hold'em No Limit - Level III (20/40) - 2024/04/19 12:28:01 CET [2024/04/19 6:28:01 ET]
Table '3743716673 1' 3-max Seat #3 is the button
Seat 1: Mahu2021 (1029 in chips) 
Seat 2: Kashevo (152 in chips) 
Seat 3: Roney04 (319 in chips) 
Mahu2021: posts small blind 20
Kashevo: posts big blind 40
*** HOLE CARDS ***
Dealt to Mahu2021 [3c Ad]
Roney04: folds 
Mahu2021: raises 989 to 1029 and is all-in
Kashevo: folds 
Uncalled bet (989) returned to Mahu2021
Mahu2021 collected 80 from pot
Mahu2021: doesn't show hand 
*** SUMMARY ***
Total pot 80 | Rake 0 
Seat 1: Mahu2021 (small blind) collected (80)
Seat 2: Kashevo (big blind) folded before Flop
Seat 3: Roney04 (button) folded before Flop (didn't bet)



PokerStars Hand #250053488600: Tournament #3743716673, $1.84+$0.16 USD Hold'em No Limit - Level III (20/40) - 2024/04/19 12:28:08 CET [2024/04/19 6:28:08 ET]
Table '3743716673 1' 3-max Seat #1 is the button
Seat 1: Mahu2021 (1069 in chips) 
Seat 2: Kashevo (112 in chips) 
Seat 3: Roney04 (319 in chips) 
Kashevo: posts small blind 20
Roney04: posts big blind 40
*** HOLE CARDS ***
Dealt to Mahu2021 [2d 8s]
Mahu2021: folds 
Kashevo: raises 72 to 112 and is all-in
Roney04: calls 72
*** FLOP *** [9c Qc 7h]
*** TURN *** [9c Qc 7h] [4d]
*** RIVER *** [9c Qc 7h 4d] [Jd]
*** SHOW DOWN ***
Kashevo: shows [Ks As] (high card Ace)
Roney04: shows [5h Kd] (high card King)
Kashevo collected 224 from pot
*** SUMMARY ***
Total pot 224 | Rake 0 
Board [9c Qc 7h 4d Jd]
Seat 1: Mahu2021 (button) folded before Flop (didn't bet)
Seat 2: Kashevo (small blind) showed [Ks As] and won (224) with high card Ace
Seat 3: Roney04 (big blind) showed [5h Kd] and lost with high card King



PokerStars Hand #250053490549: Tournament #3743716673, $1.84+$0.16 USD Hold'em No Limit - Level III (20/40) - 2024/04/19 12:28:22 CET [2024/04/19 6:28:22 ET]
Table '3743716673 1' 3-max Seat #2 is the button
Seat 1: Mahu2021 (1069 in chips) 
Seat 2: Kashevo (224 in chips) 
Seat 3: Roney04 (207 in chips) 
Roney04: posts small blind 20
Mahu2021: posts big blind 40
*** HOLE CARDS ***
Dealt to Mahu2021 [Kh Ks]
Kashevo: raises 184 to 224 and is all-in
Roney04: calls 187 and is all-in
Mahu2021: calls 184
*** FLOP *** [3c 2c 4s]
*** TURN *** [3c 2c 4s] [Qd]
*** RIVER *** [3c 2c 4s Qd] [9h]
*** SHOW DOWN ***
Mahu2021: shows [Kh Ks] (a pair of Kings)
Kashevo: shows [Kd 8c] (high card King)
Mahu2021 collected 34 from side pot
Roney04: shows [7c 7h] (a pair of Sevens)
Mahu2021 collected 621 from main pot
Kashevo finished the tournament in 2nd place
Roney04 finished the tournament in 3rd place
Mahu2021 wins the tournament and receives $4.00 - congratulations!
*** SUMMARY ***
Total pot 655 Main pot 621. Side pot 34. | Rake 0 
Board [3c 2c 4s Qd 9h]
Seat 1: Mahu2021 (big blind) showed [Kh Ks] and won (655) with a pair of Kings
Seat 2: Kashevo (button) showed [Kd 8c] and lost with high card King
Seat 3: Roney04 (small blind) showed [7c 7h] and lost with a pair of Sevens



