PokerStars Zoom Hand #254141301989:  Hold'em No Limit ($0.05/$0.10) - 2025/01/01 21:00:26 CET [2025/01/01 15:00:26 ET]
Table 'Aludra' 6-max Seat #1 is the button
Seat 1: Dino78000 ($5.46 in chips) 
Seat 2: Axel Logan ($10.98 in chips) 
Seat 3: Mahu2021 ($10 in chips) 
Seat 4: Textures777 ($94.89 in chips) 
Seat 5: Julian.S1989 ($10.10 in chips) 
Seat 6: DoncasterSux ($17.98 in chips) 
Axel Logan: posts small blind $0.05
Mahu2021: posts big blind $0.10
*** HOLE CARDS ***
Dealt to Mahu2021 [4c Ks]
Textures777: folds 
Julian.S1989: folds 
DoncasterSux: folds 
Dino78000: folds 
Axel Logan: raises $0.20 to $0.30
Mahu2021: calls $0.20
*** FLOP *** [6s As 2d]
Axel Logan: checks 
Mahu2021: checks 
*** TURN *** [6s As 2d] [Qc]
Axel Logan: checks 
Mahu2021: checks 
*** RIVER *** [6s As 2d Qc] [Ad]
Axel Logan: checks 
Mahu2021: checks 
*** SHOW DOWN ***
Axel Logan: shows [Kh 6h] (two pair, Aces and Sixes)
Mahu2021: mucks hand 
Axel Logan collected $0.57 from pot
*** SUMMARY ***
Total pot $0.60 | Rake $0.03 
Board [6s As 2d Qc Ad]
Seat 1: Dino78000 (button) folded before Flop (didn't bet)
Seat 2: Axel Logan (small blind) showed [Kh 6h] and won ($0.57) with two pair, Aces and Sixes
Seat 3: Mahu2021 (big blind) mucked [4c Ks]
Seat 4: Textures777 folded before Flop (didn't bet)
Seat 5: Julian.S1989 folded before Flop (didn't bet)
Seat 6: DoncasterSux folded before Flop (didn't bet)



PokerStars Zoom Hand #254141310654:  Hold'em No Limit ($0.05/$0.10) - 2025/01/01 21:01:01 CET [2025/01/01 15:01:01 ET]
Table 'Aludra' 6-max Seat #1 is the button
Seat 1: hasanpoker123 ($19.94 in chips) 
Seat 2: Mahu2021 ($9.70 in chips) 
Seat 3: Corey6191203 ($26.10 in chips) 
Seat 4: rGiosa ($18.43 in chips) 
Seat 5: arkham12795 ($8.35 in chips) 
Seat 6: BGold999 ($8.38 in chips) 
Mahu2021: posts small blind $0.05
Corey6191203: posts big blind $0.10
*** HOLE CARDS ***
Dealt to Mahu2021 [3s 7d]
rGiosa: folds 
arkham12795: folds 
BGold999: folds 
hasanpoker123: folds 
Mahu2021: folds 
Uncalled bet ($0.05) returned to Corey6191203
Corey6191203 collected $0.10 from pot
Corey6191203: doesn't show hand 
*** SUMMARY ***
Total pot $0.10 | Rake $0 
Seat 1: hasanpoker123 (button) folded before Flop (didn't bet)
Seat 2: Mahu2021 (small blind) folded before Flop
Seat 3: Corey6191203 (big blind) collected ($0.10)
Seat 4: rGiosa folded before Flop (didn't bet)
Seat 5: arkham12795 folded before Flop (didn't bet)
Seat 6: BGold999 folded before Flop (didn't bet)



PokerStars Zoom Hand #254141312060:  Hold'em No Limit ($0.05/$0.10) - 2025/01/01 21:01:06 CET [2025/01/01 15:01:06 ET]
Table 'Aludra' 6-max Seat #1 is the button
Seat 1: Mahu2021 ($9.65 in chips) 
Seat 2: BGold999 ($8.38 in chips) 
Seat 3: Axel Logan ($10 in chips) 
Seat 4: BorisNuts ($16.11 in chips) 
Seat 5: Rubbernicks ($10.15 in chips) 
Seat 6: Vandalar ($13.71 in chips) 
BGold999: posts small blind $0.05
Axel Logan: posts big blind $0.10
*** HOLE CARDS ***
Dealt to Mahu2021 [Td Ts]
BorisNuts: folds 
Rubbernicks: folds 
Vandalar: raises $0.11 to $0.21
Mahu2021: calls $0.21
BGold999: folds 
Axel Logan: folds 
*** FLOP *** [5h Jd 2d]
Vandalar: checks 
Mahu2021: bets $0.54
Vandalar: folds 
Uncalled bet ($0.54) returned to Mahu2021
Mahu2021 collected $0.54 from pot
Mahu2021: doesn't show hand 
*** SUMMARY ***
Total pot $0.57 | Rake $0.03 
Board [5h Jd 2d]
Seat 1: Mahu2021 (button) collected ($0.54)
Seat 2: BGold999 (small blind) folded before Flop
Seat 3: Axel Logan (big blind) folded before Flop
Seat 4: BorisNuts folded before Flop (didn't bet)
Seat 5: Rubbernicks folded before Flop (didn't bet)
Seat 6: Vandalar folded on the Flop



PokerStars Zoom Hand #254141317445:  Hold'em No Limit ($0.05/$0.10) - 2025/01/01 21:01:25 CET [2025/01/01 15:01:25 ET]
Table 'Aludra' 6-max Seat #1 is the button
Seat 1: Articcathartic ($12.06 in chips) 
Seat 2: Garateguy ($12.05 in chips) 
Seat 3: BGold999 ($8.33 in chips) 
Seat 4: Lumoco ($7.55 in chips) 
Seat 5: Julian.S1989 ($10 in chips) 
Seat 6: Mahu2021 ($9.98 in chips) 
Garateguy: posts small blind $0.05
BGold999: posts big blind $0.10
*** HOLE CARDS ***
Dealt to Mahu2021 [5c Jc]
Lumoco: folds 
Julian.S1989: folds 
Mahu2021: folds 
Articcathartic: folds 
Garateguy: folds 
Uncalled bet ($0.05) returned to BGold999
BGold999 collected $0.10 from pot
BGold999: doesn't show hand 
*** SUMMARY ***
Total pot $0.10 | Rake $0 
Seat 1: Articcathartic (button) folded before Flop (didn't bet)
Seat 2: Garateguy (small blind) folded before Flop
Seat 3: BGold999 (big blind) collected ($0.10)
Seat 4: Lumoco folded before Flop (didn't bet)
Seat 5: Julian.S1989 folded before Flop (didn't bet)
Seat 6: Mahu2021 folded before Flop (didn't bet)



PokerStars Zoom Hand #254141320101:  Hold'em No Limit ($0.05/$0.10) - 2025/01/01 21:01:33 CET [2025/01/01 15:01:33 ET]
Table 'Aludra' 6-max Seat #1 is the button
Seat 1: rGiosa ($12.25 in chips) 
Seat 2: Mr_Plejer7x ($10.76 in chips) 
Seat 3: kazyxaz ($9.05 in chips) 
Seat 4: JakkeLew ($10.34 in chips) 
Seat 5: Mahu2021 ($9.98 in chips) 
Seat 6: BonnyFlash ($16.38 in chips) 
Mr_Plejer7x: posts small blind $0.05
kazyxaz: posts big blind $0.10
*** HOLE CARDS ***
Dealt to Mahu2021 [6s Tc]
JakkeLew: folds 
Mahu2021: folds 
BonnyFlash: folds 
rGiosa: folds 
Mr_Plejer7x: folds 
Uncalled bet ($0.05) returned to kazyxaz
kazyxaz collected $0.10 from pot
kazyxaz: doesn't show hand 
*** SUMMARY ***
Total pot $0.10 | Rake $0 
Seat 1: rGiosa (button) folded before Flop (didn't bet)
Seat 2: Mr_Plejer7x (small blind) folded before Flop
Seat 3: kazyxaz (big blind) collected ($0.10)
Seat 4: JakkeLew folded before Flop (didn't bet)
Seat 5: Mahu2021 folded before Flop (didn't bet)
Seat 6: BonnyFlash folded before Flop (didn't bet)



PokerStars Zoom Hand #254141318838:  Hold'em No Limit ($0.05/$0.10) - 2025/01/01 21:01:29 CET [2025/01/01 15:01:29 ET]
Table 'Aludra' 6-max Seat #1 is the button
Seat 1: hiding.by ($10.72 in chips) 
Seat 2: Axel Logan ($10.73 in chips) 
Seat 3: Mr_Plejer7x ($10 in chips) 
Seat 4: Steadyeddie98 ($6.15 in chips) 
Seat 5: Mahu2021 ($9.98 in chips) 
Seat 6: Hyde0000 ($11.49 in chips) 
Axel Logan: posts small blind $0.05
Mr_Plejer7x: posts big blind $0.10
*** HOLE CARDS ***
Dealt to Mahu2021 [2h Ac]
Steadyeddie98: calls $0.10
Mahu2021: folds 
Hyde0000: folds 
hiding.by: raises $0.35 to $0.45
Axel Logan: folds 
Mr_Plejer7x: folds 
Steadyeddie98: calls $0.35
*** FLOP *** [6c Qc Qs]
Steadyeddie98: checks 
hiding.by: bets $0.50
Steadyeddie98: calls $0.50
*** TURN *** [6c Qc Qs] [7d]
Steadyeddie98: checks 
hiding.by: checks 
*** RIVER *** [6c Qc Qs 7d] [6h]
Steadyeddie98: checks 
hiding.by: checks 
*** SHOW DOWN ***
Steadyeddie98: shows [Jc Tc] (two pair, Queens and Sixes)
hiding.by: shows [Kd Td] (two pair, Queens and Sixes - King kicker)
hiding.by collected $1.96 from pot
*** SUMMARY ***
Total pot $2.05 | Rake $0.09 
Board [6c Qc Qs 7d 6h]
Seat 1: hiding.by (button) showed [Kd Td] and won ($1.96) with two pair, Queens and Sixes
Seat 2: Axel Logan (small blind) folded before Flop
Seat 3: Mr_Plejer7x (big blind) folded before Flop
Seat 4: Steadyeddie98 showed [Jc Tc] and lost with two pair, Queens and Sixes
Seat 5: Mahu2021 folded before Flop (didn't bet)
Seat 6: Hyde0000 folded before Flop (didn't bet)



PokerStars Zoom Hand #254141325592:  Hold'em No Limit ($0.05/$0.10) - 2025/01/01 21:01:52 CET [2025/01/01 15:01:52 ET]
Table 'Aludra' 6-max Seat #1 is the button
Seat 1: anniebabybg ($20.47 in chips) 
Seat 2: Mahu2021 ($9.88 in chips) 
Seat 3: 1975BABAK ($15.20 in chips) 
Seat 4: Limksfuss54 ($11.26 in chips) 
Seat 5: szabarna ($11.36 in chips) 
Seat 6: Vandalar ($10 in chips) 
Mahu2021: posts small blind $0.05
1975BABAK: posts big blind $0.10
*** HOLE CARDS ***
Dealt to Mahu2021 [Qc 2s]
Limksfuss54: raises $0.20 to $0.30
szabarna: folds 
Vandalar: folds 
anniebabybg: folds 
Mahu2021: folds 
1975BABAK: folds 
Uncalled bet ($0.20) returned to Limksfuss54
Limksfuss54 collected $0.25 from pot
Limksfuss54: doesn't show hand 
*** SUMMARY ***
Total pot $0.25 | Rake $0 
Seat 1: anniebabybg (button) folded before Flop (didn't bet)
Seat 2: Mahu2021 (small blind) folded before Flop
Seat 3: 1975BABAK (big blind) folded before Flop
Seat 4: Limksfuss54 collected ($0.25)
Seat 5: szabarna folded before Flop (didn't bet)
Seat 6: Vandalar folded before Flop (didn't bet)



PokerStars Zoom Hand #254141321280:  Hold'em No Limit ($0.05/$0.10) - 2025/01/01 21:01:37 CET [2025/01/01 15:01:37 ET]
Table 'Aludra' 6-max Seat #1 is the button
Seat 1: tommi327 ($14.23 in chips) 
Seat 2: lucasdorre ($10 in chips) 
Seat 3: Mahu2021 ($9.98 in chips) 
Seat 4: Baratrum777 ($10.05 in chips) 
Seat 5: BonnyFlash ($16.38 in chips) 
Seat 6: aintn0way ($28.12 in chips) 
lucasdorre: posts small blind $0.05
Mahu2021: posts big blind $0.10
*** HOLE CARDS ***
Dealt to Mahu2021 [9d 8s]
Baratrum777: folds 
BonnyFlash: raises $0.20 to $0.30
aintn0way: calls $0.30
tommi327: calls $0.30
lucasdorre: folds 
Mahu2021: folds 
*** FLOP *** [2h 4s 3d]
BonnyFlash: checks 
aintn0way: bets $0.50
tommi327: folds 
BonnyFlash: folds 
Uncalled bet ($0.50) returned to aintn0way
aintn0way collected $0.99 from pot
aintn0way: doesn't show hand 
*** SUMMARY ***
Total pot $1.05 | Rake $0.06 
Board [2h 4s 3d]
Seat 1: tommi327 (button) folded on the Flop
Seat 2: lucasdorre (small blind) folded before Flop
Seat 3: Mahu2021 (big blind) folded before Flop
Seat 4: Baratrum777 folded before Flop (didn't bet)
Seat 5: BonnyFlash folded on the Flop
Seat 6: aintn0way collected ($0.99)



PokerStars Zoom Hand #254141329364:  Hold'em No Limit ($0.05/$0.10) - 2025/01/01 21:02:04 CET [2025/01/01 15:02:04 ET]
Table 'Aludra' 6-max Seat #1 is the button
Seat 1: Cheepo1963 ($10.60 in chips) 
Seat 2: DoncasterSux ($17.73 in chips) 
Seat 3: BonnyFlash ($16.08 in chips) 
Seat 4: Vandalar ($13.45 in chips) 
Seat 5: JYCKF ($10 in chips) 
Seat 6: Mahu2021 ($9.83 in chips) 
DoncasterSux: posts small blind $0.05
BonnyFlash: posts big blind $0.10
*** HOLE CARDS ***
Dealt to Mahu2021 [6s Th]
Vandalar: folds 
JYCKF: folds 
Mahu2021: folds 
Cheepo1963: folds 
DoncasterSux: folds 
Uncalled bet ($0.05) returned to BonnyFlash
BonnyFlash collected $0.10 from pot
BonnyFlash: doesn't show hand 
*** SUMMARY ***
Total pot $0.10 | Rake $0 
Seat 1: Cheepo1963 (button) folded before Flop (didn't bet)
Seat 2: DoncasterSux (small blind) folded before Flop
Seat 3: BonnyFlash (big blind) collected ($0.10)
Seat 4: Vandalar folded before Flop (didn't bet)
Seat 5: JYCKF folded before Flop (didn't bet)
Seat 6: Mahu2021 folded before Flop (didn't bet)



PokerStars Zoom Hand #254141326715:  Hold'em No Limit ($0.05/$0.10) - 2025/01/01 21:01:55 CET [2025/01/01 15:01:55 ET]
Table 'Aludra' 6-max Seat #1 is the button
Seat 1: Mahu2021 ($9.83 in chips) 
Seat 2: szabarna ($11.36 in chips) 
Seat 3: lagoon2607 ($24.03 in chips) 
Seat 4: Two of Seven ($8.10 in chips) 
Seat 5: anniebabybg ($20.47 in chips) 
Seat 6: kazyxaz ($9.05 in chips) 
szabarna: posts small blind $0.05
lagoon2607: posts big blind $0.10
*** HOLE CARDS ***
Dealt to Mahu2021 [5h 6d]
Two of Seven: folds 
anniebabybg: raises $0.10 to $0.20
kazyxaz: folds 
Mahu2021: folds 
szabarna: folds 
lagoon2607: calls $0.10
*** FLOP *** [Ac 6h 6c]
lagoon2607: checks 
anniebabybg: bets $0.20
lagoon2607: folds 
Uncalled bet ($0.20) returned to anniebabybg
anniebabybg collected $0.43 from pot
anniebabybg: doesn't show hand 
*** SUMMARY ***
Total pot $0.45 | Rake $0.02 
Board [Ac 6h 6c]
Seat 1: Mahu2021 (button) folded before Flop (didn't bet)
Seat 2: szabarna (small blind) folded before Flop
Seat 3: lagoon2607 (big blind) folded on the Flop
Seat 4: Two of Seven folded before Flop (didn't bet)
Seat 5: anniebabybg collected ($0.43)
Seat 6: kazyxaz folded before Flop (didn't bet)



PokerStars Zoom Hand #254141328195:  Hold'em No Limit ($0.05/$0.10) - 2025/01/01 21:02:00 CET [2025/01/01 15:02:00 ET]
Table 'Aludra' 6-max Seat #1 is the button
Seat 1: DoncasterSux ($17.73 in chips) 
Seat 2: Windows 21xp ($11.62 in chips) 
Seat 3: KingOlafsonV ($10.23 in chips) 
Seat 4: Mahu2021 ($9.83 in chips) 
Seat 5: Sossela ($3.49 in chips) 
Seat 6: Baratrum777 ($10 in chips) 
Windows 21xp: posts small blind $0.05
KingOlafsonV: posts big blind $0.10
*** HOLE CARDS ***
Dealt to Mahu2021 [8d 2c]
Mahu2021: folds 
Sossela: folds 
Baratrum777: folds 
DoncasterSux: folds 
Windows 21xp: calls $0.05
KingOlafsonV: raises $0.40 to $0.50
Windows 21xp: folds 
Uncalled bet ($0.40) returned to KingOlafsonV
KingOlafsonV collected $0.20 from pot
KingOlafsonV: doesn't show hand 
*** SUMMARY ***
Total pot $0.20 | Rake $0 
Seat 1: DoncasterSux (button) folded before Flop (didn't bet)
Seat 2: Windows 21xp (small blind) folded before Flop
Seat 3: KingOlafsonV (big blind) collected ($0.20)
Seat 4: Mahu2021 folded before Flop (didn't bet)
Seat 5: Sossela folded before Flop (didn't bet)
Seat 6: Baratrum777 folded before Flop (didn't bet)



PokerStars Zoom Hand #254141331843:  Hold'em No Limit ($0.05/$0.10) - 2025/01/01 21:02:12 CET [2025/01/01 15:02:12 ET]
Table 'Aludra' 6-max Seat #1 is the button
Seat 1: Hyde0000 ($11.39 in chips) 
Seat 2: Mahu2021 ($9.83 in chips) 
Seat 3: miffay ($10 in chips) 
Seat 4: chocoemon ($10.71 in chips) 
Seat 5: GIORGI5909 ($25.71 in chips) 
Seat 6: Garateguy ($10 in chips) 
Mahu2021: posts small blind $0.05
miffay: posts big blind $0.10
*** HOLE CARDS ***
Dealt to Mahu2021 [4h 8d]
chocoemon: folds 
GIORGI5909: folds 
Garateguy: raises $0.15 to $0.25
Hyde0000: folds 
Mahu2021: folds 
miffay: folds 
Uncalled bet ($0.15) returned to Garateguy
Garateguy collected $0.25 from pot
Garateguy: doesn't show hand 
*** SUMMARY ***
Total pot $0.25 | Rake $0 
Seat 1: Hyde0000 (button) folded before Flop (didn't bet)
Seat 2: Mahu2021 (small blind) folded before Flop
Seat 3: miffay (big blind) folded before Flop
Seat 4: chocoemon folded before Flop (didn't bet)
Seat 5: GIORGI5909 folded before Flop (didn't bet)
Seat 6: Garateguy collected ($0.25)



PokerStars Zoom Hand #254141333104:  Hold'em No Limit ($0.05/$0.10) - 2025/01/01 21:02:16 CET [2025/01/01 15:02:16 ET]
Table 'Aludra' 6-max Seat #1 is the button
Seat 1: Thatguy12501 ($19.19 in chips) 
Seat 2: hiding.by ($11.63 in chips) 
Seat 3: Mahu2021 ($9.78 in chips) 
Seat 4: aalewee56 ($7.65 in chips) 
Seat 5: Axel Logan ($12.31 in chips) 
Seat 6: AndyMilo2 ($8.60 in chips) 
hiding.by: posts small blind $0.05
Mahu2021: posts big blind $0.10
*** HOLE CARDS ***
Dealt to Mahu2021 [Qd Th]
aalewee56: folds 
Axel Logan: folds 
AndyMilo2: calls $0.10
Thatguy12501: calls $0.10
hiding.by: calls $0.05
Mahu2021: checks 
*** FLOP *** [Ts 2d 2s]
hiding.by: checks 
Mahu2021: bets $0.20
AndyMilo2: folds 
Thatguy12501: folds 
hiding.by: calls $0.20
*** TURN *** [Ts 2d 2s] [3h]
hiding.by: checks 
Mahu2021: bets $0.20
hiding.by: calls $0.20
*** RIVER *** [Ts 2d 2s 3h] [Jh]
hiding.by: checks 
Mahu2021: checks 
*** SHOW DOWN ***
hiding.by: shows [6d 6h] (two pair, Sixes and Deuces)
Mahu2021: shows [Qd Th] (two pair, Tens and Deuces)
Mahu2021 collected $1.15 from pot
*** SUMMARY ***
Total pot $1.20 | Rake $0.05 
Board [Ts 2d 2s 3h Jh]
Seat 1: Thatguy12501 (button) folded on the Flop
Seat 2: hiding.by (small blind) showed [6d 6h] and lost with two pair, Sixes and Deuces
Seat 3: Mahu2021 (big blind) showed [Qd Th] and won ($1.15) with two pair, Tens and Deuces
Seat 4: aalewee56 folded before Flop (didn't bet)
Seat 5: Axel Logan folded before Flop (didn't bet)
Seat 6: AndyMilo2 folded on the Flop



PokerStars Zoom Hand #254141348027:  Hold'em No Limit ($0.05/$0.10) - 2025/01/01 21:03:02 CET [2025/01/01 15:03:02 ET]
Table 'Aludra' 6-max Seat #1 is the button
Seat 1: sonyks2007 ($9.85 in chips) 
Seat 2: Corey6191203 ($25.75 in chips) 
Seat 3: Vandalar ($12.38 in chips) 
Seat 4: FHstyles ($7.19 in chips) 
Seat 5: Mahu2021 ($10.43 in chips) 
Seat 6: Windows 21xp ($32.69 in chips) 
Corey6191203: posts small blind $0.05
Vandalar: posts big blind $0.10
*** HOLE CARDS ***
Dealt to Mahu2021 [Qs Ac]
FHstyles: folds 
Mahu2021: raises $0.20 to $0.30
Windows 21xp: folds 
sonyks2007: folds 
Corey6191203: folds 
Vandalar: folds 
Uncalled bet ($0.20) returned to Mahu2021
Mahu2021 collected $0.25 from pot
Mahu2021: doesn't show hand 
*** SUMMARY ***
Total pot $0.25 | Rake $0 
Seat 1: sonyks2007 (button) folded before Flop (didn't bet)
Seat 2: Corey6191203 (small blind) folded before Flop
Seat 3: Vandalar (big blind) folded before Flop
Seat 4: FHstyles folded before Flop (didn't bet)
Seat 5: Mahu2021 collected ($0.25)
Seat 6: Windows 21xp folded before Flop (didn't bet)



PokerStars Zoom Hand #254141352081:  Hold'em No Limit ($0.05/$0.10) - 2025/01/01 21:03:15 CET [2025/01/01 15:03:15 ET]
Table 'Aludra' 6-max Seat #1 is the button
Seat 1: Rubbernicks ($10.29 in chips) 
Seat 2: Axel Logan ($10.38 in chips) 
Seat 3: stand123 ($9.01 in chips) 
Seat 4: Mahu2021 ($10.58 in chips) 
Seat 5: Windows 21xp ($32.69 in chips) 
Seat 6: Exclusiveby ($10.31 in chips) 
Axel Logan: posts small blind $0.05
stand123: posts big blind $0.10
*** HOLE CARDS ***
Dealt to Mahu2021 [5h 3h]
Mahu2021: folds 
Windows 21xp: folds 
Exclusiveby: folds 
Rubbernicks: folds 
Axel Logan: folds 
Uncalled bet ($0.05) returned to stand123
stand123 collected $0.10 from pot
stand123: doesn't show hand 
*** SUMMARY ***
Total pot $0.10 | Rake $0 
Seat 1: Rubbernicks (button) folded before Flop (didn't bet)
Seat 2: Axel Logan (small blind) folded before Flop
Seat 3: stand123 (big blind) collected ($0.10)
Seat 4: Mahu2021 folded before Flop (didn't bet)
Seat 5: Windows 21xp folded before Flop (didn't bet)
Seat 6: Exclusiveby folded before Flop (didn't bet)



PokerStars Zoom Hand #254141344881:  Hold'em No Limit ($0.05/$0.10) - 2025/01/01 21:02:52 CET [2025/01/01 15:02:52 ET]
Table 'Aludra' 6-max Seat #1 is the button
Seat 1: CDMPKR ($10.46 in chips) 
Seat 2: Rob20219 ($3.16 in chips) 
Seat 3: DoncasterSux ($17.53 in chips) 
Seat 4: kieselwicht ($6.21 in chips) 
Seat 5: hiding.by ($11.13 in chips) 
Seat 6: Mahu2021 ($10.43 in chips) 
Rob20219: posts small blind $0.05
DoncasterSux: posts big blind $0.10
*** HOLE CARDS ***
Dealt to Mahu2021 [8c 5d]
kieselwicht: folds 
hiding.by: folds 
Mahu2021: folds 
CDMPKR: folds 
Rob20219: raises $0.10 to $0.20
DoncasterSux: calls $0.10
*** FLOP *** [Ks 9d 4c]
Rob20219: checks 
DoncasterSux: bets $0.10
Rob20219: calls $0.10
*** TURN *** [Ks 9d 4c] [Ts]
Rob20219: checks 
DoncasterSux: checks 
*** RIVER *** [Ks 9d 4c Ts] [4h]
Rob20219: bets $0.29
DoncasterSux: folds 
Uncalled bet ($0.29) returned to Rob20219
Rob20219 collected $0.57 from pot
Rob20219: doesn't show hand 
*** SUMMARY ***
Total pot $0.60 | Rake $0.03 
Board [Ks 9d 4c Ts 4h]
Seat 1: CDMPKR (button) folded before Flop (didn't bet)
Seat 2: Rob20219 (small blind) collected ($0.57)
Seat 3: DoncasterSux (big blind) folded on the River
Seat 4: kieselwicht folded before Flop (didn't bet)
Seat 5: hiding.by folded before Flop (didn't bet)
Seat 6: Mahu2021 folded before Flop (didn't bet)



PokerStars Zoom Hand #254141330432:  Hold'em No Limit ($0.05/$0.10) - 2025/01/01 21:02:07 CET [2025/01/01 15:02:07 ET]
Table 'Aludra' 6-max Seat #1 is the button
Seat 1: Mahu2021 ($9.83 in chips) 
Seat 2: shortstackpro ($5.59 in chips) 
Seat 3: Vandalar ($13.45 in chips) 
Seat 4: kazyxaz ($9.53 in chips) 
Seat 5: Baratrum777 ($10 in chips) 
Seat 6: Cheepo1963 ($10.60 in chips) 
shortstackpro: posts small blind $0.05
Vandalar: posts big blind $0.10
*** HOLE CARDS ***
Dealt to Mahu2021 [5d 6c]
kazyxaz: raises $0.13 to $0.23
Baratrum777: calls $0.23
Cheepo1963: calls $0.23
Mahu2021: folds 
shortstackpro: folds 
Vandalar: calls $0.13
*** FLOP *** [5c 4s Kc]
Vandalar: checks 
kazyxaz: bets $0.40
Baratrum777: folds 
Cheepo1963: calls $0.40
Vandalar: folds 
*** TURN *** [5c 4s Kc] [9s]
kazyxaz: checks 
Cheepo1963: checks 
*** RIVER *** [5c 4s Kc 9s] [2c]
kazyxaz: bets $1.25
Cheepo1963: raises $8.72 to $9.97 and is all-in
kazyxaz: calls $7.65 and is all-in
Uncalled bet ($1.07) returned to Cheepo1963
*** SHOW DOWN ***
Cheepo1963: shows [Jc 7c] (a flush, King high)
kazyxaz: shows [9c Tc] (a flush, King high - lower cards)
Cheepo1963 collected $18.69 from pot
*** SUMMARY ***
Total pot $19.57 | Rake $0.88 
Board [5c 4s Kc 9s 2c]
Seat 1: Mahu2021 (button) folded before Flop (didn't bet)
Seat 2: shortstackpro (small blind) folded before Flop
Seat 3: Vandalar (big blind) folded on the Flop
Seat 4: kazyxaz showed [9c Tc] and lost with a flush, King high
Seat 5: Baratrum777 folded on the Flop
Seat 6: Cheepo1963 showed [Jc 7c] and won ($18.69) with a flush, King high



PokerStars Zoom Hand #254141353327:  Hold'em No Limit ($0.05/$0.10) - 2025/01/01 21:03:19 CET [2025/01/01 15:03:19 ET]
Table 'Aludra' 6-max Seat #1 is the button
Seat 1: kazyxaz ($8.60 in chips) 
Seat 2: Mahu2021 ($10.58 in chips) 
Seat 3: tommi327 ($15.41 in chips) 
Seat 4: Julian.S1989 ($10.63 in chips) 
Seat 5: Andrei070190 ($10 in chips) 
Seat 6: Windows 21xp ($11.37 in chips) 
Mahu2021: posts small blind $0.05
tommi327: posts big blind $0.10
*** HOLE CARDS ***
Dealt to Mahu2021 [Kc Qh]
Julian.S1989: raises $0.15 to $0.25
Andrei070190: folds 
Windows 21xp: folds 
kazyxaz: folds 
Mahu2021: calls $0.20
tommi327: calls $0.15
*** FLOP *** [Qd 7c Ks]
Mahu2021: checks 
tommi327: checks 
Julian.S1989: bets $0.21
Mahu2021: calls $0.21
tommi327: folds 
*** TURN *** [Qd 7c Ks] [9d]
Mahu2021: checks 
Julian.S1989: checks 
*** RIVER *** [Qd 7c Ks 9d] [3c]
Mahu2021: bets $1.12
Julian.S1989: folds 
Uncalled bet ($1.12) returned to Mahu2021
Mahu2021 collected $1.12 from pot
Mahu2021: doesn't show hand 
*** SUMMARY ***
Total pot $1.17 | Rake $0.05 
Board [Qd 7c Ks 9d 3c]
Seat 1: kazyxaz (button) folded before Flop (didn't bet)
Seat 2: Mahu2021 (small blind) collected ($1.12)
Seat 3: tommi327 (big blind) folded on the Flop
Seat 4: Julian.S1989 folded on the River
Seat 5: Andrei070190 folded before Flop (didn't bet)
Seat 6: Windows 21xp folded before Flop (didn't bet)



PokerStars Zoom Hand #254141366977:  Hold'em No Limit ($0.05/$0.10) - 2025/01/01 21:04:02 CET [2025/01/01 15:04:02 ET]
Table 'Aludra' 6-max Seat #1 is the button
Seat 1: Jamie_Manns ($13.15 in chips) 
Seat 2: BonnyFlash ($14.99 in chips) 
Seat 3: Mahu2021 ($11.24 in chips) 
Seat 4: jwpwml ($10 in chips) 
Seat 5: Luffy V ($10.88 in chips) 
Seat 6: blysk ($10.15 in chips) 
BonnyFlash: posts small blind $0.05
Mahu2021: posts big blind $0.10
*** HOLE CARDS ***
Dealt to Mahu2021 [7c 9h]
jwpwml: folds 
Luffy V: folds 
blysk: folds 
Jamie_Manns: raises $0.15 to $0.25
BonnyFlash: folds 
Mahu2021: folds 
Uncalled bet ($0.15) returned to Jamie_Manns
Jamie_Manns collected $0.25 from pot
Jamie_Manns: doesn't show hand 
*** SUMMARY ***
Total pot $0.25 | Rake $0 
Seat 1: Jamie_Manns (button) collected ($0.25)
Seat 2: BonnyFlash (small blind) folded before Flop
Seat 3: Mahu2021 (big blind) folded before Flop
Seat 4: jwpwml folded before Flop (didn't bet)
Seat 5: Luffy V folded before Flop (didn't bet)
Seat 6: blysk folded before Flop (didn't bet)



PokerStars Zoom Hand #254141371255:  Hold'em No Limit ($0.05/$0.10) - 2025/01/01 21:04:16 CET [2025/01/01 15:04:16 ET]
Table 'Aludra' 6-max Seat #1 is the button
Seat 1: Mahu2021 ($11.14 in chips) 
Seat 2: JakkeLew ($9.90 in chips) 
Seat 3: B0SSD3M ($15.04 in chips) 
Seat 4: stand123 ($11.05 in chips) 
Seat 5: Karelliacastle ($13.92 in chips) 
Seat 6: Axel Logan ($10.51 in chips) 
JakkeLew: posts small blind $0.05
B0SSD3M: posts big blind $0.10
*** HOLE CARDS ***
Dealt to Mahu2021 [2d As]
stand123: folds 
Karelliacastle: raises $0.13 to $0.23
Axel Logan: folds 
Mahu2021: folds 
JakkeLew: folds 
B0SSD3M: folds 
Uncalled bet ($0.13) returned to Karelliacastle
Karelliacastle collected $0.25 from pot
Karelliacastle: doesn't show hand 
*** SUMMARY ***
Total pot $0.25 | Rake $0 
Seat 1: Mahu2021 (button) folded before Flop (didn't bet)
Seat 2: JakkeLew (small blind) folded before Flop
Seat 3: B0SSD3M (big blind) folded before Flop
Seat 4: stand123 folded before Flop (didn't bet)
Seat 5: Karelliacastle collected ($0.25)
Seat 6: Axel Logan folded before Flop (didn't bet)



PokerStars Zoom Hand #254141375317:  Hold'em No Limit ($0.05/$0.10) - 2025/01/01 21:04:28 CET [2025/01/01 15:04:28 ET]
Table 'Aludra' 6-max Seat #1 is the button
Seat 1: zaf0007 ($6.13 in chips) 
Seat 2: Axel Logan ($10.51 in chips) 
Seat 3: TragicBro ($10.53 in chips) 
Seat 4: digones88 ($10 in chips) 
Seat 5: tjehovstar ($4.10 in chips) 
Seat 6: Mahu2021 ($11.14 in chips) 
Axel Logan: posts small blind $0.05
TragicBro: posts big blind $0.10
*** HOLE CARDS ***
Dealt to Mahu2021 [Kd 4s]
digones88: raises $0.30 to $0.40
tjehovstar: folds 
Mahu2021: folds 
zaf0007: folds 
Axel Logan: folds 
TragicBro: folds 
Uncalled bet ($0.30) returned to digones88
digones88 collected $0.25 from pot
digones88: doesn't show hand 
*** SUMMARY ***
Total pot $0.25 | Rake $0 
Seat 1: zaf0007 (button) folded before Flop (didn't bet)
Seat 2: Axel Logan (small blind) folded before Flop
Seat 3: TragicBro (big blind) folded before Flop
Seat 4: digones88 collected ($0.25)
Seat 5: tjehovstar folded before Flop (didn't bet)
Seat 6: Mahu2021 folded before Flop (didn't bet)



PokerStars Zoom Hand #254141377789:  Hold'em No Limit ($0.05/$0.10) - 2025/01/01 21:04:35 CET [2025/01/01 15:04:35 ET]
Table 'Aludra' 6-max Seat #1 is the button
Seat 1: kazyxaz ($8.40 in chips) 
Seat 2: Karelliacastle ($14.07 in chips) 
Seat 3: ingenskillz ($24.80 in chips) 
Seat 4: bwmv ($18.82 in chips) 
Seat 5: Mahu2021 ($11.14 in chips) 
Seat 6: kiks220272 ($20.95 in chips) 
Karelliacastle: posts small blind $0.05
ingenskillz: posts big blind $0.10
*** HOLE CARDS ***
Dealt to Mahu2021 [Jc 3d]
bwmv: raises $0.12 to $0.22
Mahu2021: folds 
kiks220272: folds 
kazyxaz: folds 
Karelliacastle: folds 
ingenskillz: folds 
Uncalled bet ($0.12) returned to bwmv
bwmv collected $0.25 from pot
bwmv: doesn't show hand 
*** SUMMARY ***
Total pot $0.25 | Rake $0 
Seat 1: kazyxaz (button) folded before Flop (didn't bet)
Seat 2: Karelliacastle (small blind) folded before Flop
Seat 3: ingenskillz (big blind) folded before Flop
Seat 4: bwmv collected ($0.25)
Seat 5: Mahu2021 folded before Flop (didn't bet)
Seat 6: kiks220272 folded before Flop (didn't bet)



PokerStars Zoom Hand #254141379303:  Hold'em No Limit ($0.05/$0.10) - 2025/01/01 21:04:39 CET [2025/01/01 15:04:39 ET]
Table 'Aludra' 6-max Seat #1 is the button
Seat 1: enankova ($30.19 in chips) 
Seat 2: Mahu2021 ($11.14 in chips) 
Seat 3: Midaz71 ($22.71 in chips) 
Seat 4: Vandalar ($10 in chips) 
Seat 5: digones88 ($10.15 in chips) 
Seat 6: T-Bird_Tom ($12.38 in chips) 
Mahu2021: posts small blind $0.05
Midaz71: posts big blind $0.10
*** HOLE CARDS ***
Dealt to Mahu2021 [4h 8s]
Vandalar: folds 
digones88: folds 
T-Bird_Tom: folds 
enankova: folds 
Mahu2021: folds 
Uncalled bet ($0.05) returned to Midaz71
Midaz71 collected $0.10 from pot
Midaz71: doesn't show hand 
*** SUMMARY ***
Total pot $0.10 | Rake $0 
Seat 1: enankova (button) folded before Flop (didn't bet)
Seat 2: Mahu2021 (small blind) folded before Flop
Seat 3: Midaz71 (big blind) collected ($0.10)
Seat 4: Vandalar folded before Flop (didn't bet)
Seat 5: digones88 folded before Flop (didn't bet)
Seat 6: T-Bird_Tom folded before Flop (didn't bet)



PokerStars Zoom Hand #254141380247:  Hold'em No Limit ($0.05/$0.10) - 2025/01/01 21:04:42 CET [2025/01/01 15:04:42 ET]
Table 'Aludra' 6-max Seat #1 is the button
Seat 1: oocs ($21.53 in chips) 
Seat 2: bwmv ($10.14 in chips) 
Seat 3: Mahu2021 ($11.09 in chips) 
Seat 4: Julian.S1989 ($10.81 in chips) 
Seat 5: Ph4nToM89 ($12.63 in chips) 
Seat 6: Fabomas ($9.90 in chips) 
bwmv: posts small blind $0.05
Mahu2021: posts big blind $0.10
*** HOLE CARDS ***
Dealt to Mahu2021 [6d Jh]
Julian.S1989: folds 
Ph4nToM89: raises $0.15 to $0.25
Fabomas: folds 
oocs: folds 
bwmv: folds 
Mahu2021: folds 
Uncalled bet ($0.15) returned to Ph4nToM89
Ph4nToM89 collected $0.25 from pot
Ph4nToM89: doesn't show hand 
*** SUMMARY ***
Total pot $0.25 | Rake $0 
Seat 1: oocs (button) folded before Flop (didn't bet)
Seat 2: bwmv (small blind) folded before Flop
Seat 3: Mahu2021 (big blind) folded before Flop
Seat 4: Julian.S1989 folded before Flop (didn't bet)
Seat 5: Ph4nToM89 collected ($0.25)
Seat 6: Fabomas folded before Flop (didn't bet)



PokerStars Zoom Hand #254141385390:  Hold'em No Limit ($0.05/$0.10) - 2025/01/01 21:04:58 CET [2025/01/01 15:04:58 ET]
Table 'Aludra' 6-max Seat #1 is the button
Seat 1: Mahu2021 ($10.99 in chips) 
Seat 2: Cheepo1963 ($10.05 in chips) 
Seat 3: rGiosa ($31.32 in chips) 
Seat 4: Jamie_Manns ($13.30 in chips) 
Seat 5: samsuthx ($20.07 in chips) 
Seat 6: Axel Logan ($10.70 in chips) 
Cheepo1963: posts small blind $0.05
rGiosa: posts big blind $0.10
*** HOLE CARDS ***
Dealt to Mahu2021 [8s 9h]
Jamie_Manns: folds 
samsuthx: folds 
Axel Logan: folds 
Mahu2021: folds 
Cheepo1963: folds 
Uncalled bet ($0.05) returned to rGiosa
rGiosa collected $0.10 from pot
rGiosa: doesn't show hand 
*** SUMMARY ***
Total pot $0.10 | Rake $0 
Seat 1: Mahu2021 (button) folded before Flop (didn't bet)
Seat 2: Cheepo1963 (small blind) folded before Flop
Seat 3: rGiosa (big blind) collected ($0.10)
Seat 4: Jamie_Manns folded before Flop (didn't bet)
Seat 5: samsuthx folded before Flop (didn't bet)
Seat 6: Axel Logan folded before Flop (didn't bet)



PokerStars Zoom Hand #254141387117:  Hold'em No Limit ($0.05/$0.10) - 2025/01/01 21:05:02 CET [2025/01/01 15:05:02 ET]
Table 'Aludra' 6-max Seat #1 is the button
Seat 1: foreveryoung99 ($6.94 in chips) 
Seat 2: Ph4nToM89 ($12.78 in chips) 
Seat 3: Luffy V ($14.46 in chips) 
Seat 4: maurinhonob ($10.65 in chips) 
Seat 5: Windows 21xp ($32.84 in chips) 
Seat 6: Mahu2021 ($10.99 in chips) 
Ph4nToM89: posts small blind $0.05
Luffy V: posts big blind $0.10
*** HOLE CARDS ***
Dealt to Mahu2021 [Jc Kd]
maurinhonob: folds 
Windows 21xp: folds 
Mahu2021: raises $0.20 to $0.30
foreveryoung99: folds 
Ph4nToM89: folds 
Luffy V: folds 
Uncalled bet ($0.20) returned to Mahu2021
Mahu2021 collected $0.25 from pot
Mahu2021: doesn't show hand 
*** SUMMARY ***
Total pot $0.25 | Rake $0 
Seat 1: foreveryoung99 (button) folded before Flop (didn't bet)
Seat 2: Ph4nToM89 (small blind) folded before Flop
Seat 3: Luffy V (big blind) folded before Flop
Seat 4: maurinhonob folded before Flop (didn't bet)
Seat 5: Windows 21xp folded before Flop (didn't bet)
Seat 6: Mahu2021 collected ($0.25)



PokerStars Zoom Hand #254141376764:  Hold'em No Limit ($0.05/$0.10) - 2025/01/01 21:04:31 CET [2025/01/01 15:04:31 ET]
Table 'Aludra' 6-max Seat #1 is the button
Seat 1: Exclusiveby ($10.38 in chips) 
Seat 2: Luffy V ($16.26 in chips) 
Seat 3: tjehovstar ($4.10 in chips) 
Seat 4: Mahu2021 ($11.14 in chips) 
Seat 5: GotBushed ($9.95 in chips) 
Seat 6: büffel2000 ($9.70 in chips) 
Luffy V: posts small blind $0.05
tjehovstar: posts big blind $0.10
*** HOLE CARDS ***
Dealt to Mahu2021 [Ks 5s]
Mahu2021: folds 
GotBushed: folds 
büffel2000: folds 
Exclusiveby: raises $0.15 to $0.25
Luffy V: folds 
tjehovstar: calls $0.15
*** FLOP *** [9d Kc Ad]
tjehovstar: bets $0.10
Exclusiveby: raises $0.37 to $0.47
tjehovstar: calls $0.37
*** TURN *** [9d Kc Ad] [Qs]
tjehovstar: bets $0.10
Exclusiveby: raises $0.81 to $0.91
tjehovstar: calls $0.81
*** RIVER *** [9d Kc Ad Qs] [2d]
tjehovstar: checks 
Exclusiveby: bets $3.16
tjehovstar: calls $2.47 and is all-in
Uncalled bet ($0.69) returned to Exclusiveby
*** SHOW DOWN ***
Exclusiveby: shows [Js Td] (a straight, Ten to Ace)
tjehovstar: shows [As Qc] (two pair, Aces and Queens)
Exclusiveby collected $7.88 from pot
*** SUMMARY ***
Total pot $8.25 | Rake $0.37 
Board [9d Kc Ad Qs 2d]
Seat 1: Exclusiveby (button) showed [Js Td] and won ($7.88) with a straight, Ten to Ace
Seat 2: Luffy V (small blind) folded before Flop
Seat 3: tjehovstar (big blind) showed [As Qc] and lost with two pair, Aces and Queens
Seat 4: Mahu2021 folded before Flop (didn't bet)
Seat 5: GotBushed folded before Flop (didn't bet)
Seat 6: büffel2000 folded before Flop (didn't bet)



PokerStars Zoom Hand #254141392026:  Hold'em No Limit ($0.05/$0.10) - 2025/01/01 21:05:17 CET [2025/01/01 15:05:17 ET]
Table 'Aludra' 6-max Seat #1 is the button
Seat 1: Mahu2021 ($11.14 in chips) 
Seat 2: checkthedif ($10.15 in chips) 
Seat 3: tommi327 ($15.57 in chips) 
Seat 4: Exclusiveby ($12.31 in chips) 
Seat 5: Two of Seven ($8.50 in chips) 
Seat 6: JakkeLew ($9.93 in chips) 
checkthedif: posts small blind $0.05
tommi327: posts big blind $0.10
*** HOLE CARDS ***
Dealt to Mahu2021 [6s Td]
Exclusiveby: folds 
Two of Seven: folds 
JakkeLew: folds 
Mahu2021: folds 
checkthedif: folds 
Uncalled bet ($0.05) returned to tommi327
tommi327 collected $0.10 from pot
tommi327: doesn't show hand 
*** SUMMARY ***
Total pot $0.10 | Rake $0 
Seat 1: Mahu2021 (button) folded before Flop (didn't bet)
Seat 2: checkthedif (small blind) folded before Flop
Seat 3: tommi327 (big blind) collected ($0.10)
Seat 4: Exclusiveby folded before Flop (didn't bet)
Seat 5: Two of Seven folded before Flop (didn't bet)
Seat 6: JakkeLew folded before Flop (didn't bet)



PokerStars Zoom Hand #254141393018:  Hold'em No Limit ($0.05/$0.10) - 2025/01/01 21:05:20 CET [2025/01/01 15:05:20 ET]
Table 'Aludra' 6-max Seat #1 is the button
Seat 1: shortstackpro ($5.29 in chips) 
Seat 2: Mahu2021 ($11.14 in chips) 
Seat 3: oocs ($24.85 in chips) 
Seat 4: JakkeLew ($9.93 in chips) 
Seat 5: kieselwicht ($6.18 in chips) 
Seat 6: Julian.S1989 ($10.81 in chips) 
Mahu2021: posts small blind $0.05
oocs: posts big blind $0.10
*** HOLE CARDS ***
Dealt to Mahu2021 [2d 6h]
JakkeLew: folds 
kieselwicht: folds 
Julian.S1989: raises $0.15 to $0.25
shortstackpro: folds 
Mahu2021: folds 
oocs: calls $0.15
*** FLOP *** [5h Qd Ac]
oocs: checks 
Julian.S1989: bets $0.15
oocs: folds 
Uncalled bet ($0.15) returned to Julian.S1989
Julian.S1989 collected $0.53 from pot
Julian.S1989: doesn't show hand 
*** SUMMARY ***
Total pot $0.55 | Rake $0.02 
Board [5h Qd Ac]
Seat 1: shortstackpro (button) folded before Flop (didn't bet)
Seat 2: Mahu2021 (small blind) folded before Flop
Seat 3: oocs (big blind) folded on the Flop
Seat 4: JakkeLew folded before Flop (didn't bet)
Seat 5: kieselwicht folded before Flop (didn't bet)
Seat 6: Julian.S1989 collected ($0.53)



PokerStars Zoom Hand #254141396368:  Hold'em No Limit ($0.05/$0.10) - 2025/01/01 21:05:30 CET [2025/01/01 15:05:30 ET]
Table 'Aludra' 6-max Seat #1 is the button
Seat 1: chocoemon ($10 in chips) 
Seat 2: SoiledFool ($10 in chips) 
Seat 3: Mahu2021 ($11.09 in chips) 
Seat 4: oocs ($17.16 in chips) 
Seat 5: sonyks2007 ($9.74 in chips) 
Seat 6: nikomarado ($9.88 in chips) 
SoiledFool: posts small blind $0.05
Mahu2021: posts big blind $0.10
*** HOLE CARDS ***
Dealt to Mahu2021 [4d Kh]
oocs: folds 
sonyks2007: folds 
nikomarado: raises $0.20 to $0.30
chocoemon: folds 
SoiledFool: folds 
Mahu2021: folds 
Uncalled bet ($0.20) returned to nikomarado
nikomarado collected $0.25 from pot
nikomarado: doesn't show hand 
*** SUMMARY ***
Total pot $0.25 | Rake $0 
Seat 1: chocoemon (button) folded before Flop (didn't bet)
Seat 2: SoiledFool (small blind) folded before Flop
Seat 3: Mahu2021 (big blind) folded before Flop
Seat 4: oocs folded before Flop (didn't bet)
Seat 5: sonyks2007 folded before Flop (didn't bet)
Seat 6: nikomarado collected ($0.25)



PokerStars Zoom Hand #254141365901:  Hold'em No Limit ($0.05/$0.10) - 2025/01/01 21:03:59 CET [2025/01/01 15:03:59 ET]
Table 'Aludra' 6-max Seat #1 is the button
Seat 1: samsuthx ($20.03 in chips) 
Seat 2: Andrei070190 ($10 in chips) 
Seat 3: FHstyles ($7.19 in chips) 
Seat 4: KingOlafsonV ($16.35 in chips) 
Seat 5: Mahu2021 ($11.24 in chips) 
Seat 6: Toggy14 ($24.02 in chips) 
Andrei070190: posts small blind $0.05
FHstyles: posts big blind $0.10
*** HOLE CARDS ***
Dealt to Mahu2021 [7s Tc]
KingOlafsonV: raises $0.14 to $0.24
Mahu2021: folds 
Toggy14: calls $0.24
samsuthx: folds 
Andrei070190: folds 
FHstyles: calls $0.14
*** FLOP *** [Qs 7h 2c]
FHstyles: checks 
KingOlafsonV: checks 
Toggy14: bets $0.37
FHstyles is disconnected 
FHstyles has timed out while disconnected
FHstyles: folds 
KingOlafsonV: calls $0.37
*** TURN *** [Qs 7h 2c] [3d]
KingOlafsonV: checks 
Toggy14: bets $1
KingOlafsonV: folds 
Uncalled bet ($1) returned to Toggy14
Toggy14 collected $1.44 from pot
Toggy14: doesn't show hand 
*** SUMMARY ***
Total pot $1.51 | Rake $0.07 
Board [Qs 7h 2c 3d]
Seat 1: samsuthx (button) folded before Flop (didn't bet)
Seat 2: Andrei070190 (small blind) folded before Flop
Seat 3: FHstyles (big blind) folded on the Flop
Seat 4: KingOlafsonV folded on the Turn
Seat 5: Mahu2021 folded before Flop (didn't bet)
Seat 6: Toggy14 collected ($1.44)



PokerStars Zoom Hand #254141406429:  Hold'em No Limit ($0.05/$0.10) - 2025/01/01 21:05:59 CET [2025/01/01 15:05:59 ET]
Table 'Aludra' 6-max Seat #1 is the button
Seat 1: Axel Logan ($10.70 in chips) 
Seat 2: bwmv ($18.97 in chips) 
Seat 3: Textures777 ($100.31 in chips) 
Seat 4: miffay ($9.90 in chips) 
Seat 5: Mahu2021 ($10.99 in chips) 
Seat 6: arkham12795 ($9.30 in chips) 
bwmv: posts small blind $0.05
Textures777: posts big blind $0.10
*** HOLE CARDS ***
Dealt to Mahu2021 [9s As]
miffay: folds 
Mahu2021: raises $0.20 to $0.30
arkham12795: folds 
Axel Logan: folds 
bwmv: folds 
Textures777: folds 
Uncalled bet ($0.20) returned to Mahu2021
Mahu2021 collected $0.25 from pot
Mahu2021: doesn't show hand 
*** SUMMARY ***
Total pot $0.25 | Rake $0 
Seat 1: Axel Logan (button) folded before Flop (didn't bet)
Seat 2: bwmv (small blind) folded before Flop
Seat 3: Textures777 (big blind) folded before Flop
Seat 4: miffay folded before Flop (didn't bet)
Seat 5: Mahu2021 collected ($0.25)
Seat 6: arkham12795 folded before Flop (didn't bet)



PokerStars Zoom Hand #254141404930:  Hold'em No Limit ($0.05/$0.10) - 2025/01/01 21:05:55 CET [2025/01/01 15:05:55 ET]
Table 'Aludra' 6-max Seat #1 is the button
Seat 1: Fabomas ($9.36 in chips) 
Seat 2: aintn0way ($28.82 in chips) 
Seat 3: metel-sky ($4.62 in chips) 
Seat 4: kazyxaz ($8.54 in chips) 
Seat 5: shoromonoko ($10.48 in chips) 
Seat 6: Mahu2021 ($10.99 in chips) 
aintn0way: posts small blind $0.05
metel-sky: posts big blind $0.10
*** HOLE CARDS ***
Dealt to Mahu2021 [7s Jd]
kazyxaz: folds 
shoromonoko: folds 
Mahu2021: folds 
Fabomas: folds 
aintn0way: raises $0.20 to $0.30
metel-sky: folds 
Uncalled bet ($0.20) returned to aintn0way
aintn0way collected $0.20 from pot
aintn0way: doesn't show hand 
*** SUMMARY ***
Total pot $0.20 | Rake $0 
Seat 1: Fabomas (button) folded before Flop (didn't bet)
Seat 2: aintn0way (small blind) collected ($0.20)
Seat 3: metel-sky (big blind) folded before Flop
Seat 4: kazyxaz folded before Flop (didn't bet)
Seat 5: shoromonoko folded before Flop (didn't bet)
Seat 6: Mahu2021 folded before Flop (didn't bet)



PokerStars Zoom Hand #254141403445:  Hold'em No Limit ($0.05/$0.10) - 2025/01/01 21:05:51 CET [2025/01/01 15:05:51 ET]
Table 'Aludra' 6-max Seat #1 is the button
Seat 1: Windows 21xp ($32.84 in chips) 
Seat 2: Julian.S1989 ($10 in chips) 
Seat 3: fkdupshit ($32.44 in chips) 
Seat 4: Mahu2021 ($10.99 in chips) 
Seat 5: Caracter17 ($30.86 in chips) 
Seat 6: 1goodreason ($10.92 in chips) 
Julian.S1989: posts small blind $0.05
fkdupshit: posts big blind $0.10
*** HOLE CARDS ***
Dealt to Mahu2021 [5h 6c]
Mahu2021: folds 
Caracter17: raises $0.20 to $0.30
1goodreason: folds 
Windows 21xp: calls $0.30
Julian.S1989: folds 
fkdupshit: folds 
*** FLOP *** [7d 9h 4d]
Caracter17: checks 
Windows 21xp: checks 
*** TURN *** [7d 9h 4d] [3c]
Caracter17: checks 
Windows 21xp: checks 
*** RIVER *** [7d 9h 4d 3c] [Kh]
Caracter17: checks 
Windows 21xp: checks 
*** SHOW DOWN ***
Caracter17: shows [Ac Jc] (high card Ace)
Windows 21xp: shows [As Qs] (high card Ace - King+Queen kicker)
Windows 21xp collected $0.72 from pot
*** SUMMARY ***
Total pot $0.75 | Rake $0.03 
Board [7d 9h 4d 3c Kh]
Seat 1: Windows 21xp (button) showed [As Qs] and won ($0.72) with high card Ace
Seat 2: Julian.S1989 (small blind) folded before Flop
Seat 3: fkdupshit (big blind) folded before Flop
Seat 4: Mahu2021 folded before Flop (didn't bet)
Seat 5: Caracter17 showed [Ac Jc] and lost with high card Ace
Seat 6: 1goodreason folded before Flop (didn't bet)



PokerStars Zoom Hand #254141413066:  Hold'em No Limit ($0.05/$0.10) - 2025/01/01 21:06:19 CET [2025/01/01 15:06:19 ET]
Table 'Aludra' 6-max Seat #1 is the button
Seat 1: jwpwml ($12.81 in chips) 
Seat 2: Mahu2021 ($11.14 in chips) 
Seat 3: stand123 ($8.86 in chips) 
Seat 4: sonyks2007 ($9.69 in chips) 
Seat 5: SoiledFool ($10 in chips) 
Seat 6: Exclusiveby ($13.96 in chips) 
Mahu2021: posts small blind $0.05
stand123: posts big blind $0.10
*** HOLE CARDS ***
Dealt to Mahu2021 [Kc Qh]
sonyks2007: calls $0.10
SoiledFool: folds 
Exclusiveby: folds 
jwpwml: folds 
Mahu2021: calls $0.05
stand123: checks 
*** FLOP *** [Kd Kh Jd]
Mahu2021: checks 
stand123: checks 
sonyks2007: bets $0.29
Mahu2021: calls $0.29
stand123: folds 
*** TURN *** [Kd Kh Jd] [7d]
Mahu2021: checks 
sonyks2007: checks 
*** RIVER *** [Kd Kh Jd 7d] [9c]
Mahu2021: bets $0.84
sonyks2007: folds 
Uncalled bet ($0.84) returned to Mahu2021
Mahu2021 collected $0.84 from pot
Mahu2021: doesn't show hand 
*** SUMMARY ***
Total pot $0.88 | Rake $0.04 
Board [Kd Kh Jd 7d 9c]
Seat 1: jwpwml (button) folded before Flop (didn't bet)
Seat 2: Mahu2021 (small blind) collected ($0.84)
Seat 3: stand123 (big blind) folded on the Flop
Seat 4: sonyks2007 folded on the River
Seat 5: SoiledFool folded before Flop (didn't bet)
Seat 6: Exclusiveby folded before Flop (didn't bet)



PokerStars Zoom Hand #254141426320:  Hold'em No Limit ($0.05/$0.10) - 2025/01/01 21:06:58 CET [2025/01/01 15:06:58 ET]
Table 'Aludra' 6-max Seat #1 is the button
Seat 1: Julian.S1989 ($10.92 in chips) 
Seat 2: Textures777 ($61.49 in chips) 
Seat 3: Mahu2021 ($11.59 in chips) 
Seat 4: MatuKovac ($10.15 in chips) 
Seat 5: Karelliacastle ($13.02 in chips) 
Seat 6: goldmine111 ($5.10 in chips) 
Textures777: posts small blind $0.05
Mahu2021: posts big blind $0.10
*** HOLE CARDS ***
Dealt to Mahu2021 [7h 8d]
MatuKovac: folds 
Karelliacastle: folds 
goldmine111: folds 
Julian.S1989: raises $0.15 to $0.25
Textures777: folds 
Mahu2021: folds 
Uncalled bet ($0.15) returned to Julian.S1989
Julian.S1989 collected $0.25 from pot
Julian.S1989: doesn't show hand 
*** SUMMARY ***
Total pot $0.25 | Rake $0 
Seat 1: Julian.S1989 (button) collected ($0.25)
Seat 2: Textures777 (small blind) folded before Flop
Seat 3: Mahu2021 (big blind) folded before Flop
Seat 4: MatuKovac folded before Flop (didn't bet)
Seat 5: Karelliacastle folded before Flop (didn't bet)
Seat 6: goldmine111 folded before Flop (didn't bet)



PokerStars Zoom Hand #254141432394:  Hold'em No Limit ($0.05/$0.10) - 2025/01/01 21:07:16 CET [2025/01/01 15:07:16 ET]
Table 'Aludra' 6-max Seat #1 is the button
Seat 1: arkham12795 ($9.85 in chips) 
Seat 2: Luffy V ($14.44 in chips) 
Seat 3: hiding.by ($10.32 in chips) 
Seat 4: Mahu2021 ($11.49 in chips) 
Seat 5: BorisNuts ($14.57 in chips) 
Seat 6: TragicBro ($10.82 in chips) 
Luffy V: posts small blind $0.05
hiding.by: posts big blind $0.10
*** HOLE CARDS ***
Dealt to Mahu2021 [Tc 7s]
Mahu2021: folds 
BorisNuts: folds 
TragicBro: folds 
arkham12795: folds 
Luffy V: folds 
Uncalled bet ($0.05) returned to hiding.by
hiding.by collected $0.10 from pot
hiding.by: doesn't show hand 
*** SUMMARY ***
Total pot $0.10 | Rake $0 
Seat 1: arkham12795 (button) folded before Flop (didn't bet)
Seat 2: Luffy V (small blind) folded before Flop
Seat 3: hiding.by (big blind) collected ($0.10)
Seat 4: Mahu2021 folded before Flop (didn't bet)
Seat 5: BorisNuts folded before Flop (didn't bet)
Seat 6: TragicBro folded before Flop (didn't bet)



PokerStars Zoom Hand #254141424986:  Hold'em No Limit ($0.05/$0.10) - 2025/01/01 21:06:54 CET [2025/01/01 15:06:54 ET]
Table 'Aludra' 6-max Seat #1 is the button
Seat 1: kazyxaz ($9.60 in chips) 
Seat 2: T-Bird_Tom ($11.38 in chips) 
Seat 3: tommi327 ($14.89 in chips) 
Seat 4: Mahu2021 ($11.59 in chips) 
Seat 5: JacDs ($36.64 in chips) 
Seat 6: kieselwicht ($6.23 in chips) 
T-Bird_Tom: posts small blind $0.05
tommi327: posts big blind $0.10
*** HOLE CARDS ***
Dealt to Mahu2021 [Qc 6s]
Mahu2021: folds 
JacDs: folds 
kieselwicht: folds 
kazyxaz: raises $0.10 to $0.20
T-Bird_Tom: folds 
tommi327: calls $0.10
*** FLOP *** [2s 4h 2c]
tommi327: bets $0.22
kazyxaz: folds 
Uncalled bet ($0.22) returned to tommi327
tommi327 collected $0.43 from pot
tommi327: doesn't show hand 
*** SUMMARY ***
Total pot $0.45 | Rake $0.02 
Board [2s 4h 2c]
Seat 1: kazyxaz (button) folded on the Flop
Seat 2: T-Bird_Tom (small blind) folded before Flop
Seat 3: tommi327 (big blind) collected ($0.43)
Seat 4: Mahu2021 folded before Flop (didn't bet)
Seat 5: JacDs folded before Flop (didn't bet)
Seat 6: kieselwicht folded before Flop (didn't bet)



PokerStars Zoom Hand #254141433846:  Hold'em No Limit ($0.05/$0.10) - 2025/01/01 21:07:20 CET [2025/01/01 15:07:20 ET]
Table 'Aludra' 6-max Seat #1 is the button
Seat 1: Mahu2021 ($11.49 in chips) 
Seat 2: Vadim91_blr ($10.14 in chips) 
Seat 3: jj2213 ($9.58 in chips) 
Seat 4: TragicBro ($10.82 in chips) 
Seat 5: bwmv ($18.82 in chips) 
Seat 6: jwpwml ($13.16 in chips) 
Vadim91_blr: posts small blind $0.05
jj2213: posts big blind $0.10
*** HOLE CARDS ***
Dealt to Mahu2021 [Kd As]
TragicBro: folds 
bwmv: folds 
jwpwml: folds 
Mahu2021: raises $0.20 to $0.30
Vadim91_blr: folds 
jj2213: folds 
Uncalled bet ($0.20) returned to Mahu2021
Mahu2021 collected $0.25 from pot
Mahu2021: doesn't show hand 
*** SUMMARY ***
Total pot $0.25 | Rake $0 
Seat 1: Mahu2021 (button) collected ($0.25)
Seat 2: Vadim91_blr (small blind) folded before Flop
Seat 3: jj2213 (big blind) folded before Flop
Seat 4: TragicBro folded before Flop (didn't bet)
Seat 5: bwmv folded before Flop (didn't bet)
Seat 6: jwpwml folded before Flop (didn't bet)



PokerStars Zoom Hand #254141441362:  Hold'em No Limit ($0.05/$0.10) - 2025/01/01 21:07:42 CET [2025/01/01 15:07:42 ET]
Table 'Aludra' 6-max Seat #1 is the button
Seat 1: chocoemon ($11.04 in chips) 
Seat 2: mundurjon ($19.05 in chips) 
Seat 3: Two of Seven ($8.77 in chips) 
Seat 4: rGiosa ($10.77 in chips) 
Seat 5: Mahu2021 ($11.64 in chips) 
Seat 6: oocs ($16.81 in chips) 
mundurjon: posts small blind $0.05
Two of Seven: posts big blind $0.10
*** HOLE CARDS ***
Dealt to Mahu2021 [8c Qd]
rGiosa: folds 
Mahu2021: folds 
oocs: raises $0.15 to $0.25
chocoemon: folds 
mundurjon: raises $0.60 to $0.85
Two of Seven: folds 
oocs: folds 
Uncalled bet ($0.60) returned to mundurjon
mundurjon collected $0.60 from pot
mundurjon: doesn't show hand 
*** SUMMARY ***
Total pot $0.60 | Rake $0 
Seat 1: chocoemon (button) folded before Flop (didn't bet)
Seat 2: mundurjon (small blind) collected ($0.60)
Seat 3: Two of Seven (big blind) folded before Flop
Seat 4: rGiosa folded before Flop (didn't bet)
Seat 5: Mahu2021 folded before Flop (didn't bet)
Seat 6: oocs folded before Flop



PokerStars Zoom Hand #254141446140:  Hold'em No Limit ($0.05/$0.10) - 2025/01/01 21:07:56 CET [2025/01/01 15:07:56 ET]
Table 'Aludra' 6-max Seat #1 is the button
Seat 1: Cheepo1963 ($18.08 in chips) 
Seat 2: Mahu2021 ($11.64 in chips) 
Seat 3: 00524 ($10.37 in chips) 
Seat 4: kieselwicht ($5.38 in chips) 
Seat 5: Luffy V ($15.11 in chips) 
Seat 6: Vadim91_blr ($10.10 in chips) 
Mahu2021: posts small blind $0.05
00524: posts big blind $0.10
*** HOLE CARDS ***
Dealt to Mahu2021 [3d Jh]
kieselwicht: folds 
Luffy V: folds 
Vadim91_blr: folds 
Cheepo1963: raises $0.10 to $0.20
Mahu2021: folds 
00524: folds 
Uncalled bet ($0.10) returned to Cheepo1963
Cheepo1963 collected $0.25 from pot
Cheepo1963: doesn't show hand 
*** SUMMARY ***
Total pot $0.25 | Rake $0 
Seat 1: Cheepo1963 (button) collected ($0.25)
Seat 2: Mahu2021 (small blind) folded before Flop
Seat 3: 00524 (big blind) folded before Flop
Seat 4: kieselwicht folded before Flop (didn't bet)
Seat 5: Luffy V folded before Flop (didn't bet)
Seat 6: Vadim91_blr folded before Flop (didn't bet)



PokerStars Zoom Hand #254141447532:  Hold'em No Limit ($0.05/$0.10) - 2025/01/01 21:08:00 CET [2025/01/01 15:08:00 ET]
Table 'Aludra' 6-max Seat #1 is the button
Seat 1: Windows 21xp ($10.45 in chips) 
Seat 2: BorisNuts ($14.47 in chips) 
Seat 3: Mahu2021 ($11.59 in chips) 
Seat 4: SoiledFool ($10 in chips) 
Seat 5: Rubbernicks ($10 in chips) 
Seat 6: JacDs ($36.49 in chips) 
BorisNuts: posts small blind $0.05
Mahu2021: posts big blind $0.10
*** HOLE CARDS ***
Dealt to Mahu2021 [Kd 9d]
SoiledFool: folds 
Rubbernicks: folds 
JacDs: folds 
Windows 21xp: folds 
BorisNuts: raises $0.15 to $0.25
Mahu2021: calls $0.15
*** FLOP *** [6d Kh Qs]
BorisNuts: checks 
Mahu2021: checks 
*** TURN *** [6d Kh Qs] [7c]
BorisNuts: checks 
Mahu2021: checks 
*** RIVER *** [6d Kh Qs 7c] [3h]
BorisNuts: checks 
Mahu2021: bets $0.48
BorisNuts: calls $0.48
*** SHOW DOWN ***
Mahu2021: shows [Kd 9d] (a pair of Kings)
BorisNuts: mucks hand 
Mahu2021 collected $1.39 from pot
*** SUMMARY ***
Total pot $1.46 | Rake $0.07 
Board [6d Kh Qs 7c 3h]
Seat 1: Windows 21xp (button) folded before Flop (didn't bet)
Seat 2: BorisNuts (small blind) mucked [Ac 6c]
Seat 3: Mahu2021 (big blind) showed [Kd 9d] and won ($1.39) with a pair of Kings
Seat 4: SoiledFool folded before Flop (didn't bet)
Seat 5: Rubbernicks folded before Flop (didn't bet)
Seat 6: JacDs folded before Flop (didn't bet)



PokerStars Zoom Hand #254141463869:  Hold'em No Limit ($0.05/$0.10) - 2025/01/01 21:08:48 CET [2025/01/01 15:08:48 ET]
Table 'Aludra' 6-max Seat #1 is the button
Seat 1: shoromonoko ($5.04 in chips) 
Seat 2: Lady-Giegie ($19.30 in chips) 
Seat 3: Vandalar ($10 in chips) 
Seat 4: foreveryoung99 ($10.13 in chips) 
Seat 5: Mahu2021 ($12.25 in chips) 
Seat 6: bwmv ($14.86 in chips) 
Lady-Giegie: posts small blind $0.05
Vandalar: posts big blind $0.10
*** HOLE CARDS ***
Dealt to Mahu2021 [9h 3d]
foreveryoung99: calls $0.10
Mahu2021: folds 
bwmv: folds 
shoromonoko: folds 
Lady-Giegie: raises $0.10 to $0.20
Vandalar: folds 
foreveryoung99: raises $0.50 to $0.70
Lady-Giegie: calls $0.50
*** FLOP *** [Jd 3s 3h]
Lady-Giegie: checks 
foreveryoung99: bets $0.72
Lady-Giegie: folds 
Uncalled bet ($0.72) returned to foreveryoung99
foreveryoung99 collected $1.43 from pot
foreveryoung99: doesn't show hand 
*** SUMMARY ***
Total pot $1.50 | Rake $0.07 
Board [Jd 3s 3h]
Seat 1: shoromonoko (button) folded before Flop (didn't bet)
Seat 2: Lady-Giegie (small blind) folded on the Flop
Seat 3: Vandalar (big blind) folded before Flop
Seat 4: foreveryoung99 collected ($1.43)
Seat 5: Mahu2021 folded before Flop (didn't bet)
Seat 6: bwmv folded before Flop (didn't bet)



PokerStars Zoom Hand #254141442522:  Hold'em No Limit ($0.05/$0.10) - 2025/01/01 21:07:46 CET [2025/01/01 15:07:46 ET]
Table 'Aludra' 6-max Seat #1 is the button
Seat 1: Midaz71 ($24.13 in chips) 
Seat 2: Baratrum777 ($10 in chips) 
Seat 3: ingenskillz ($29.57 in chips) 
Seat 4: Textures777 ($99.98 in chips) 
Seat 5: KingOlafsonV ($10.97 in chips) 
Seat 6: Mahu2021 ($11.64 in chips) 
Baratrum777: posts small blind $0.05
ingenskillz: posts big blind $0.10
*** HOLE CARDS ***
Dealt to Mahu2021 [3d 4d]
Textures777: folds 
KingOlafsonV: folds 
Mahu2021: folds 
Midaz71: raises $0.10 to $0.20
Baratrum777: folds 
ingenskillz: calls $0.10
*** FLOP *** [2h Kh Ks]
ingenskillz: checks 
Midaz71: checks 
*** TURN *** [2h Kh Ks] [Qc]
ingenskillz: checks 
Midaz71 has timed out
Midaz71: checks 
*** RIVER *** [2h Kh Ks Qc] [Qs]
ingenskillz: checks 
Midaz71: checks 
*** SHOW DOWN ***
ingenskillz: shows [4c 5c] (two pair, Kings and Queens)
Midaz71: shows [7d Ad] (two pair, Kings and Queens - Ace kicker)
Midaz71 collected $0.43 from pot
*** SUMMARY ***
Total pot $0.45 | Rake $0.02 
Board [2h Kh Ks Qc Qs]
Seat 1: Midaz71 (button) showed [7d Ad] and won ($0.43) with two pair, Kings and Queens
Seat 2: Baratrum777 (small blind) folded before Flop
Seat 3: ingenskillz (big blind) showed [4c 5c] and lost with two pair, Kings and Queens
Seat 4: Textures777 folded before Flop (didn't bet)
Seat 5: KingOlafsonV folded before Flop (didn't bet)
Seat 6: Mahu2021 folded before Flop (didn't bet)



PokerStars Zoom Hand #254141467187:  Hold'em No Limit ($0.05/$0.10) - 2025/01/01 21:08:57 CET [2025/01/01 15:08:57 ET]
Table 'Aludra' 6-max Seat #1 is the button
Seat 1: Garateguy ($10 in chips) 
Seat 2: Axel Logan ($10.93 in chips) 
Seat 3: Exclusiveby ($15.95 in chips) 
Seat 4: Mahu2021 ($12.25 in chips) 
Seat 5: Articcathartic ($12.34 in chips) 
Seat 6: T-Bird_Tom ($12.74 in chips) 
Axel Logan: posts small blind $0.05
Exclusiveby: posts big blind $0.10
*** HOLE CARDS ***
Dealt to Mahu2021 [Kh As]
Mahu2021: raises $0.20 to $0.30
Articcathartic: calls $0.30
T-Bird_Tom: folds 
Garateguy: folds 
Axel Logan: folds 
Exclusiveby: folds 
*** FLOP *** [Ts 3s Ac]
Mahu2021: bets $0.30
Articcathartic: calls $0.30
*** TURN *** [Ts 3s Ac] [7s]
Mahu2021: bets $0.30
Articcathartic: calls $0.30
*** RIVER *** [Ts 3s Ac 7s] [7h]
Mahu2021: bets $0.30
Articcathartic: raises $1.56 to $1.86
Mahu2021: folds 
Uncalled bet ($1.56) returned to Articcathartic
Articcathartic collected $2.44 from pot
Articcathartic: doesn't show hand 
*** SUMMARY ***
Total pot $2.55 | Rake $0.11 
Board [Ts 3s Ac 7s 7h]
Seat 1: Garateguy (button) folded before Flop (didn't bet)
Seat 2: Axel Logan (small blind) folded before Flop
Seat 3: Exclusiveby (big blind) folded before Flop
Seat 4: Mahu2021 folded on the River
Seat 5: Articcathartic collected ($2.44)
Seat 6: T-Bird_Tom folded before Flop (didn't bet)



PokerStars Zoom Hand #254141492350:  Hold'em No Limit ($0.05/$0.10) - 2025/01/01 21:10:10 CET [2025/01/01 15:10:10 ET]
Table 'Aludra' 6-max Seat #1 is the button
Seat 1: Vandalar ($17 in chips) 
Seat 2: arkham12795 ($11.12 in chips) 
Seat 3: adambuddy2 ($10.40 in chips) 
Seat 4: SoiledFool ($10 in chips) 
Seat 5: coolskill666 ($10 in chips) 
Seat 6: Mahu2021 ($11.05 in chips) 
arkham12795: posts small blind $0.05
adambuddy2: posts big blind $0.10
*** HOLE CARDS ***
Dealt to Mahu2021 [5c As]
SoiledFool: folds 
coolskill666: folds 
Mahu2021: raises $0.20 to $0.30
Vandalar: raises $0.90 to $1.20
arkham12795: folds 
adambuddy2: folds 
Mahu2021: folds 
Uncalled bet ($0.90) returned to Vandalar
Vandalar collected $0.75 from pot
Vandalar: doesn't show hand 
*** SUMMARY ***
Total pot $0.75 | Rake $0 
Seat 1: Vandalar (button) collected ($0.75)
Seat 2: arkham12795 (small blind) folded before Flop
Seat 3: adambuddy2 (big blind) folded before Flop
Seat 4: SoiledFool folded before Flop (didn't bet)
Seat 5: coolskill666 folded before Flop (didn't bet)
Seat 6: Mahu2021 folded before Flop



PokerStars Zoom Hand #254141498978:  Hold'em No Limit ($0.05/$0.10) - 2025/01/01 21:10:29 CET [2025/01/01 15:10:29 ET]
Table 'Aludra' 6-max Seat #1 is the button
Seat 1: Julian.S1989 ($10 in chips) 
Seat 2: T-Bird_Tom ($10 in chips) 
Seat 3: Mahu2021 ($10.75 in chips) 
Seat 4: Vadim91_blr ($10.80 in chips) 
Seat 5: oocs ($15 in chips) 
Seat 6: arkham12795 ($11.07 in chips) 
T-Bird_Tom: posts small blind $0.05
Mahu2021: posts big blind $0.10
*** HOLE CARDS ***
Dealt to Mahu2021 [5s Kc]
Vadim91_blr: folds 
oocs: raises $0.15 to $0.25
arkham12795: folds 
Julian.S1989: folds 
T-Bird_Tom: folds 
Mahu2021: folds 
Uncalled bet ($0.15) returned to oocs
oocs collected $0.25 from pot
oocs: doesn't show hand 
*** SUMMARY ***
Total pot $0.25 | Rake $0 
Seat 1: Julian.S1989 (button) folded before Flop (didn't bet)
Seat 2: T-Bird_Tom (small blind) folded before Flop
Seat 3: Mahu2021 (big blind) folded before Flop
Seat 4: Vadim91_blr folded before Flop (didn't bet)
Seat 5: oocs collected ($0.25)
Seat 6: arkham12795 folded before Flop (didn't bet)



PokerStars Zoom Hand #254141490693:  Hold'em No Limit ($0.05/$0.10) - 2025/01/01 21:10:05 CET [2025/01/01 15:10:05 ET]
Table 'Aludra' 6-max Seat #1 is the button
Seat 1: Mahu2021 ($11.05 in chips) 
Seat 2: Magisa ($9.85 in chips) 
Seat 3: CDMPKR ($13.07 in chips) 
Seat 4: GlendiBoy ($8.90 in chips) 
Seat 5: Lady-Giegie ($18.60 in chips) 
Seat 6: coolskill666 ($10 in chips) 
Magisa: posts small blind $0.05
CDMPKR: posts big blind $0.10
*** HOLE CARDS ***
Dealt to Mahu2021 [2h 3h]
GlendiBoy: folds 
Lady-Giegie: folds 
coolskill666: folds 
Mahu2021: folds 
Magisa: raises $0.20 to $0.30
CDMPKR: calls $0.20
*** FLOP *** [6h 2d 5s]
Magisa: bets $0.30
CDMPKR: calls $0.30
*** TURN *** [6h 2d 5s] [Ad]
Magisa: bets $0.60
CDMPKR: calls $0.60
*** RIVER *** [6h 2d 5s Ad] [8h]
Magisa: checks 
CDMPKR: bets $1.72
Magisa: calls $1.72
*** SHOW DOWN ***
CDMPKR: shows [5h 6c] (two pair, Sixes and Fives)
Magisa: mucks hand 
CDMPKR collected $5.58 from pot
*** SUMMARY ***
Total pot $5.84 | Rake $0.26 
Board [6h 2d 5s Ad 8h]
Seat 1: Mahu2021 (button) folded before Flop (didn't bet)
Seat 2: Magisa (small blind) mucked [7d 7s]
Seat 3: CDMPKR (big blind) showed [5h 6c] and won ($5.58) with two pair, Sixes and Fives
Seat 4: GlendiBoy folded before Flop (didn't bet)
Seat 5: Lady-Giegie folded before Flop (didn't bet)
Seat 6: coolskill666 folded before Flop (didn't bet)



PokerStars Zoom Hand #254141512454:  Hold'em No Limit ($0.05/$0.10) - 2025/01/01 21:11:07 CET [2025/01/01 15:11:07 ET]
Table 'Aludra' 6-max Seat #1 is the button
Seat 1: bwmv ($23.25 in chips) 
Seat 2: TragicBro ($11.90 in chips) 
Seat 3: Textures777 ($71.48 in chips) 
Seat 4: Mahu2021 ($10.50 in chips) 
Seat 5: CDMPKR ($15.73 in chips) 
Seat 6: guixablau ($13.98 in chips) 
TragicBro: posts small blind $0.05
Textures777: posts big blind $0.10
*** HOLE CARDS ***
Dealt to Mahu2021 [Ac 6s]
Mahu2021: folds 
CDMPKR: folds 
guixablau: folds 
bwmv: folds 
TragicBro: folds 
Uncalled bet ($0.05) returned to Textures777
Textures777 collected $0.10 from pot
Textures777: doesn't show hand 
*** SUMMARY ***
Total pot $0.10 | Rake $0 
Seat 1: bwmv (button) folded before Flop (didn't bet)
Seat 2: TragicBro (small blind) folded before Flop
Seat 3: Textures777 (big blind) collected ($0.10)
Seat 4: Mahu2021 folded before Flop (didn't bet)
Seat 5: CDMPKR folded before Flop (didn't bet)
Seat 6: guixablau folded before Flop (didn't bet)



PokerStars Zoom Hand #254141501558:  Hold'em No Limit ($0.05/$0.10) - 2025/01/01 21:10:37 CET [2025/01/01 15:10:37 ET]
Table 'Aludra' 6-max Seat #1 is the button
Seat 1: Mahu2021 ($10.65 in chips) 
Seat 2: maurinhonob ($15.77 in chips) 
Seat 3: miffay ($10.10 in chips) 
Seat 4: PhoenixPoker85 ($63.39 in chips) 
Seat 5: Zonizo ($13.80 in chips) 
Seat 6: Icegc ($8.67 in chips) 
maurinhonob: posts small blind $0.05
miffay: posts big blind $0.10
*** HOLE CARDS ***
Dealt to Mahu2021 [Qd Kd]
PhoenixPoker85: folds 
Zonizo: folds 
Icegc: calls $0.10
Mahu2021: calls $0.10
maurinhonob: folds 
miffay: checks 
*** FLOP *** [2s 6c 3d]
miffay: bets $0.30
Icegc: calls $0.30
Mahu2021: folds 
*** TURN *** [2s 6c 3d] [Jc]
miffay: checks 
Icegc: bets $0.76
miffay: calls $0.76
*** RIVER *** [2s 6c 3d Jc] [7c]
miffay: checks 
Icegc: checks 
*** SHOW DOWN ***
miffay: shows [3s Qs] (a pair of Threes)
Icegc: shows [8c 7d] (a pair of Sevens)
Icegc collected $2.36 from pot
*** SUMMARY ***
Total pot $2.47 | Rake $0.11 
Board [2s 6c 3d Jc 7c]
Seat 1: Mahu2021 (button) folded on the Flop
Seat 2: maurinhonob (small blind) folded before Flop
Seat 3: miffay (big blind) showed [3s Qs] and lost with a pair of Threes
Seat 4: PhoenixPoker85 folded before Flop (didn't bet)
Seat 5: Zonizo folded before Flop (didn't bet)
Seat 6: Icegc showed [8c 7d] and won ($2.36) with a pair of Sevens



PokerStars Zoom Hand #254141513795:  Hold'em No Limit ($0.05/$0.10) - 2025/01/01 21:11:11 CET [2025/01/01 15:11:11 ET]
Table 'Aludra' 6-max Seat #1 is the button
Seat 1: Baratrum777 ($10.87 in chips) 
Seat 2: Toggy14 ($25.55 in chips) 
Seat 3: oocs ($24.48 in chips) 
Seat 4: digones88 ($14.76 in chips) 
Seat 5: Mahu2021 ($10.50 in chips) 
Seat 6: t1a2n330 ($9.95 in chips) 
Toggy14: posts small blind $0.05
oocs: posts big blind $0.10
*** HOLE CARDS ***
Dealt to Mahu2021 [9d 4d]
digones88: folds 
Mahu2021: folds 
t1a2n330: folds 
Baratrum777: folds 
Toggy14: folds 
Uncalled bet ($0.05) returned to oocs
oocs collected $0.10 from pot
oocs: doesn't show hand 
*** SUMMARY ***
Total pot $0.10 | Rake $0 
Seat 1: Baratrum777 (button) folded before Flop (didn't bet)
Seat 2: Toggy14 (small blind) folded before Flop
Seat 3: oocs (big blind) collected ($0.10)
Seat 4: digones88 folded before Flop (didn't bet)
Seat 5: Mahu2021 folded before Flop (didn't bet)
Seat 6: t1a2n330 folded before Flop (didn't bet)



PokerStars Zoom Hand #254141516986:  Hold'em No Limit ($0.05/$0.10) - 2025/01/01 21:11:20 CET [2025/01/01 15:11:20 ET]
Table 'Aludra' 6-max Seat #1 is the button
Seat 1: stand123 ($21.15 in chips) 
Seat 2: Zonizo ($14.48 in chips) 
Seat 3: Garateguy ($10 in chips) 
Seat 4: t1a2n330 ($9.95 in chips) 
Seat 5: Mahu2021 ($10.50 in chips) 
Seat 6: blysk ($10.44 in chips) 
Zonizo: posts small blind $0.05
Garateguy: posts big blind $0.10
*** HOLE CARDS ***
Dealt to Mahu2021 [Td Jc]
t1a2n330: folds 
Mahu2021: folds 
blysk: raises $0.15 to $0.25
stand123: folds 
Zonizo: folds 
Garateguy: folds 
Uncalled bet ($0.15) returned to blysk
blysk collected $0.25 from pot
blysk: doesn't show hand 
*** SUMMARY ***
Total pot $0.25 | Rake $0 
Seat 1: stand123 (button) folded before Flop (didn't bet)
Seat 2: Zonizo (small blind) folded before Flop
Seat 3: Garateguy (big blind) folded before Flop
Seat 4: t1a2n330 folded before Flop (didn't bet)
Seat 5: Mahu2021 folded before Flop (didn't bet)
Seat 6: blysk collected ($0.25)



PokerStars Zoom Hand #254141518369:  Hold'em No Limit ($0.05/$0.10) - 2025/01/01 21:11:24 CET [2025/01/01 15:11:24 ET]
Table 'Aludra' 6-max Seat #1 is the button
Seat 1: miffay ($8.94 in chips) 
Seat 2: Karelliacastle ($10.15 in chips) 
Seat 3: Mahu2021 ($10.50 in chips) 
Seat 4: tommi327 ($7.30 in chips) 
Seat 5: adambuddy2 ($10 in chips) 
Seat 6: ksk05 ($11.75 in chips) 
Karelliacastle: posts small blind $0.05
Mahu2021: posts big blind $0.10
*** HOLE CARDS ***
Dealt to Mahu2021 [7h 5h]
tommi327: folds 
adambuddy2: folds 
ksk05: folds 
miffay: folds 
Karelliacastle: raises $0.13 to $0.23
Mahu2021: calls $0.13
*** FLOP *** [Js Kc 2s]
Karelliacastle: bets $0.23
Mahu2021: folds 
Uncalled bet ($0.23) returned to Karelliacastle
Karelliacastle collected $0.44 from pot
Karelliacastle: doesn't show hand 
*** SUMMARY ***
Total pot $0.46 | Rake $0.02 
Board [Js Kc 2s]
Seat 1: miffay (button) folded before Flop (didn't bet)
Seat 2: Karelliacastle (small blind) collected ($0.44)
Seat 3: Mahu2021 (big blind) folded on the Flop
Seat 4: tommi327 folded before Flop (didn't bet)
Seat 5: adambuddy2 folded before Flop (didn't bet)
Seat 6: ksk05 folded before Flop (didn't bet)



PokerStars Zoom Hand #254141515392:  Hold'em No Limit ($0.05/$0.10) - 2025/01/01 21:11:16 CET [2025/01/01 15:11:16 ET]
Table 'Aludra' 6-max Seat #1 is the button
Seat 1: Vadim91_blr ($10.65 in chips) 
Seat 2: GotBushed ($11.20 in chips) 
Seat 3: T-Bird_Tom ($12.59 in chips) 
Seat 4: Rubbernicks ($10 in chips) 
Seat 5: NicieSue ($4.71 in chips) 
Seat 6: Mahu2021 ($10.50 in chips) 
GotBushed: posts small blind $0.05
T-Bird_Tom: posts big blind $0.10
*** HOLE CARDS ***
Dealt to Mahu2021 [5c Qs]
Rubbernicks: folds 
NicieSue: raises $0.20 to $0.30
Mahu2021: folds 
Vadim91_blr: folds 
GotBushed: folds 
T-Bird_Tom: raises $0.90 to $1.20
NicieSue: calls $0.90
*** FLOP *** [2c 5d 4d]
T-Bird_Tom: bets $1.80
NicieSue: calls $1.80
*** TURN *** [2c 5d 4d] [4c]
T-Bird_Tom: bets $9.59 and is all-in
NicieSue: calls $1.71 and is all-in
Uncalled bet ($7.88) returned to T-Bird_Tom
*** RIVER *** [2c 5d 4d 4c] [9s]
*** SHOW DOWN ***
T-Bird_Tom: shows [Ah Ac] (two pair, Aces and Fours)
NicieSue: shows [Qd Qc] (two pair, Queens and Fours)
T-Bird_Tom collected $9.04 from pot
*** SUMMARY ***
Total pot $9.47 | Rake $0.43 
Board [2c 5d 4d 4c 9s]
Seat 1: Vadim91_blr (button) folded before Flop (didn't bet)
Seat 2: GotBushed (small blind) folded before Flop
Seat 3: T-Bird_Tom (big blind) showed [Ah Ac] and won ($9.04) with two pair, Aces and Fours
Seat 4: Rubbernicks folded before Flop (didn't bet)
Seat 5: NicieSue showed [Qd Qc] and lost with two pair, Queens and Fours
Seat 6: Mahu2021 folded before Flop (didn't bet)



PokerStars Zoom Hand #254141511123:  Hold'em No Limit ($0.05/$0.10) - 2025/01/01 21:11:03 CET [2025/01/01 15:11:03 ET]
Table 'Aludra' 6-max Seat #1 is the button
Seat 1: gio!!!160490 ($10.05 in chips) 
Seat 2: Mahu2021 ($10.55 in chips) 
Seat 3: chocoemon ($10 in chips) 
Seat 4: Textures777 ($71.48 in chips) 
Seat 5: Axel Logan ($11.82 in chips) 
Seat 6: oocs ($15.10 in chips) 
Mahu2021: posts small blind $0.05
chocoemon: posts big blind $0.10
*** HOLE CARDS ***
Dealt to Mahu2021 [Ts 2h]
Textures777: folds 
Axel Logan: folds 
oocs: folds 
gio!!!160490: raises $0.15 to $0.25
Mahu2021: folds 
chocoemon: calls $0.15
*** FLOP *** [5h 3h Kd]
chocoemon: checks 
gio!!!160490: checks 
*** TURN *** [5h 3h Kd] [Tc]
chocoemon: bets $0.17
gio!!!160490: raises $0.78 to $0.95
chocoemon: calls $0.78
*** RIVER *** [5h 3h Kd Tc] [9d]
chocoemon: checks 
gio!!!160490: bets $3.75
chocoemon: folds 
Uncalled bet ($3.75) returned to gio!!!160490
gio!!!160490 collected $2.34 from pot
gio!!!160490: doesn't show hand 
*** SUMMARY ***
Total pot $2.45 | Rake $0.11 
Board [5h 3h Kd Tc 9d]
Seat 1: gio!!!160490 (button) collected ($2.34)
Seat 2: Mahu2021 (small blind) folded before Flop
Seat 3: chocoemon (big blind) folded on the River
Seat 4: Textures777 folded before Flop (didn't bet)
Seat 5: Axel Logan folded before Flop (didn't bet)
Seat 6: oocs folded before Flop (didn't bet)



PokerStars Zoom Hand #254141527626:  Hold'em No Limit ($0.05/$0.10) - 2025/01/01 21:11:51 CET [2025/01/01 15:11:51 ET]
Table 'Aludra' 6-max Seat #1 is the button
Seat 1: ingenskillz ($12.53 in chips) 
Seat 2: Mahu2021 ($10.27 in chips) 
Seat 3: KingOlafsonV ($19.39 in chips) 
Seat 4: PhoenixPoker85 ($63.29 in chips) 
Seat 5: Textures777 ($59.88 in chips) 
Seat 6: Vandalar ($10.24 in chips) 
Mahu2021: posts small blind $0.05
KingOlafsonV: posts big blind $0.10
*** HOLE CARDS ***
Dealt to Mahu2021 [Ah 6s]
PhoenixPoker85: folds 
Textures777: folds 
Vandalar: folds 
ingenskillz has timed out
ingenskillz: folds 
Mahu2021: raises $0.20 to $0.30
KingOlafsonV: calls $0.20
*** FLOP *** [6c 2h Ks]
Mahu2021: bets $0.30
KingOlafsonV: calls $0.30
*** TURN *** [6c 2h Ks] [Qc]
Mahu2021: bets $0.30
KingOlafsonV: raises $0.70 to $1
Mahu2021: calls $0.70
*** RIVER *** [6c 2h Ks Qc] [4h]
Mahu2021: checks 
KingOlafsonV: checks 
*** SHOW DOWN ***
Mahu2021: shows [Ah 6s] (a pair of Sixes)
KingOlafsonV: mucks hand 
Mahu2021 collected $3.06 from pot
*** SUMMARY ***
Total pot $3.20 | Rake $0.14 
Board [6c 2h Ks Qc 4h]
Seat 1: ingenskillz (button) folded before Flop (didn't bet)
Seat 2: Mahu2021 (small blind) showed [Ah 6s] and won ($3.06) with a pair of Sixes
Seat 3: KingOlafsonV (big blind) mucked [7c 8c]
Seat 4: PhoenixPoker85 folded before Flop (didn't bet)
Seat 5: Textures777 folded before Flop (didn't bet)
Seat 6: Vandalar folded before Flop (didn't bet)



PokerStars Zoom Hand #254141547487:  Hold'em No Limit ($0.05/$0.10) - 2025/01/01 21:12:48 CET [2025/01/01 15:12:48 ET]
Table 'Aludra' 6-max Seat #1 is the button
Seat 1: Mahu2021 ($11.73 in chips) 
Seat 2: Exclusiveby ($15.36 in chips) 
Seat 3: bwmv ($14.31 in chips) 
Seat 4: JonnHsk ($3.27 in chips) 
Seat 5: MatuKovac ($10.58 in chips) 
Seat 6: KingOlafsonV ($17.79 in chips) 
Exclusiveby: posts small blind $0.05
bwmv: posts big blind $0.10
*** HOLE CARDS ***
Dealt to Mahu2021 [4h 4s]
JonnHsk: raises $0.10 to $0.20
MatuKovac: folds 
KingOlafsonV: calls $0.20
Mahu2021: calls $0.20
Exclusiveby: folds 
bwmv: folds 
*** FLOP *** [Qh As Kd]
JonnHsk: checks 
KingOlafsonV: checks 
Mahu2021: checks 
*** TURN *** [Qh As Kd] [4c]
JonnHsk: bets $0.10
KingOlafsonV: calls $0.10
Mahu2021: raises $0.40 to $0.50
JonnHsk: folds 
KingOlafsonV: folds 
Uncalled bet ($0.40) returned to Mahu2021
Mahu2021 collected $1 from pot
Mahu2021: doesn't show hand 
*** SUMMARY ***
Total pot $1.05 | Rake $0.05 
Board [Qh As Kd 4c]
Seat 1: Mahu2021 (button) collected ($1)
Seat 2: Exclusiveby (small blind) folded before Flop
Seat 3: bwmv (big blind) folded before Flop
Seat 4: JonnHsk folded on the Turn
Seat 5: MatuKovac folded before Flop (didn't bet)
Seat 6: KingOlafsonV folded on the Turn



PokerStars Zoom Hand #254141561783:  Hold'em No Limit ($0.05/$0.10) - 2025/01/01 21:13:29 CET [2025/01/01 15:13:29 ET]
Table 'Aludra' 6-max Seat #1 is the button
Seat 1: gelik32 ($10 in chips) 
Seat 2: Julian.S1989 ($10.61 in chips) 
Seat 3: chocoemon ($10.15 in chips) 
Seat 4: 1goodreason ($10.46 in chips) 
Seat 5: Mahu2021 ($12.43 in chips) 
Seat 6: PhoenixPoker85 ($44.74 in chips) 
Julian.S1989: posts small blind $0.05
chocoemon: posts big blind $0.10
*** HOLE CARDS ***
Dealt to Mahu2021 [7d Jh]
1goodreason: raises $0.15 to $0.25
Mahu2021: folds 
PhoenixPoker85: calls $0.25
gelik32: folds 
Julian.S1989: folds 
chocoemon: folds 
*** FLOP *** [8d Ah 8h]
1goodreason: bets $0.31
PhoenixPoker85: folds 
Uncalled bet ($0.31) returned to 1goodreason
1goodreason collected $0.62 from pot
1goodreason: doesn't show hand 
*** SUMMARY ***
Total pot $0.65 | Rake $0.03 
Board [8d Ah 8h]
Seat 1: gelik32 (button) folded before Flop (didn't bet)
Seat 2: Julian.S1989 (small blind) folded before Flop
Seat 3: chocoemon (big blind) folded before Flop
Seat 4: 1goodreason collected ($0.62)
Seat 5: Mahu2021 folded before Flop (didn't bet)
Seat 6: PhoenixPoker85 folded on the Flop



PokerStars Zoom Hand #254141563932:  Hold'em No Limit ($0.05/$0.10) - 2025/01/01 21:13:35 CET [2025/01/01 15:13:35 ET]
Table 'Aludra' 6-max Seat #1 is the button
Seat 1: stand123 ($4.95 in chips) 
Seat 2: MatuKovac ($14.99 in chips) 
Seat 3: ksk05 ($28.89 in chips) 
Seat 4: Mahu2021 ($12.43 in chips) 
Seat 5: Magisa ($9.75 in chips) 
Seat 6: Julian.S1989 ($12.66 in chips) 
MatuKovac: posts small blind $0.05
ksk05: posts big blind $0.10
*** HOLE CARDS ***
Dealt to Mahu2021 [4h 5d]
Mahu2021: folds 
Magisa: raises $0.10 to $0.20
Julian.S1989: raises $0.60 to $0.80
stand123: folds 
MatuKovac: folds 
ksk05: folds 
Magisa: folds 
Uncalled bet ($0.60) returned to Julian.S1989
Julian.S1989 collected $0.55 from pot
Julian.S1989: doesn't show hand 
*** SUMMARY ***
Total pot $0.55 | Rake $0 
Seat 1: stand123 (button) folded before Flop (didn't bet)
Seat 2: MatuKovac (small blind) folded before Flop
Seat 3: ksk05 (big blind) folded before Flop
Seat 4: Mahu2021 folded before Flop (didn't bet)
Seat 5: Magisa folded before Flop
Seat 6: Julian.S1989 collected ($0.55)



PokerStars Zoom Hand #254141565095:  Hold'em No Limit ($0.05/$0.10) - 2025/01/01 21:13:38 CET [2025/01/01 15:13:38 ET]
Table 'Aludra' 6-max Seat #1 is the button
Seat 1: B0SSD3M ($18.62 in chips) 
Seat 2: Count Mole ($10.05 in chips) 
Seat 3: Mahu2021 ($12.43 in chips) 
Seat 4: Exclusiveby ($15.16 in chips) 
Seat 5: Ph4nToM89 ($10.87 in chips) 
Seat 6: Julian.S1989 ($10.46 in chips) 
Count Mole: posts small blind $0.05
Mahu2021: posts big blind $0.10
*** HOLE CARDS ***
Dealt to Mahu2021 [As 6d]
Exclusiveby: folds 
Ph4nToM89: folds 
Julian.S1989: raises $0.15 to $0.25
B0SSD3M: calls $0.25
Count Mole: folds 
Mahu2021: folds 
*** FLOP *** [4h 8c Ah]
Julian.S1989: bets $0.30
B0SSD3M: folds 
Uncalled bet ($0.30) returned to Julian.S1989
Julian.S1989 collected $0.61 from pot
Julian.S1989: doesn't show hand 
*** SUMMARY ***
Total pot $0.65 | Rake $0.04 
Board [4h 8c Ah]
Seat 1: B0SSD3M (button) folded on the Flop
Seat 2: Count Mole (small blind) folded before Flop
Seat 3: Mahu2021 (big blind) folded before Flop
Seat 4: Exclusiveby folded before Flop (didn't bet)
Seat 5: Ph4nToM89 folded before Flop (didn't bet)
Seat 6: Julian.S1989 collected ($0.61)



PokerStars Zoom Hand #254141568476:  Hold'em No Limit ($0.05/$0.10) - 2025/01/01 21:13:48 CET [2025/01/01 15:13:48 ET]
Table 'Aludra' 6-max Seat #1 is the button
Seat 1: Mahu2021 ($12.33 in chips) 
Seat 2: Baratrum777 ($11.35 in chips) 
Seat 3: CDMPKR ($17.03 in chips) 
Seat 4: aalewee56 ($9.83 in chips) 
Seat 5: gelik32 ($10 in chips) 
Seat 6: Count Mole ($10 in chips) 
Baratrum777: posts small blind $0.05
CDMPKR: posts big blind $0.10
*** HOLE CARDS ***
Dealt to Mahu2021 [4c 5d]
aalewee56: raises $0.15 to $0.25
gelik32: folds 
Count Mole: folds 
Mahu2021: folds 
Baratrum777: folds 
CDMPKR: folds 
Uncalled bet ($0.15) returned to aalewee56
aalewee56 collected $0.25 from pot
aalewee56: doesn't show hand 
*** SUMMARY ***
Total pot $0.25 | Rake $0 
Seat 1: Mahu2021 (button) folded before Flop (didn't bet)
Seat 2: Baratrum777 (small blind) folded before Flop
Seat 3: CDMPKR (big blind) folded before Flop
Seat 4: aalewee56 collected ($0.25)
Seat 5: gelik32 folded before Flop (didn't bet)
Seat 6: Count Mole folded before Flop (didn't bet)



PokerStars Zoom Hand #254141571567:  Hold'em No Limit ($0.05/$0.10) - 2025/01/01 21:13:57 CET [2025/01/01 15:13:57 ET]
Table 'Aludra' 6-max Seat #1 is the button
Seat 1: MatuKovac ($15.09 in chips) 
Seat 2: guixablau ($13.96 in chips) 
Seat 3: SirEndy7 ($4.40 in chips) 
Seat 4: Axel Logan ($10.29 in chips) 
Seat 5: checkthedif ($12.41 in chips) 
Seat 6: Mahu2021 ($12.28 in chips) 
guixablau: posts small blind $0.05
SirEndy7: posts big blind $0.10
*** HOLE CARDS ***
Dealt to Mahu2021 [8s 6c]
Axel Logan: raises $0.14 to $0.24
checkthedif: folds 
Mahu2021: folds 
MatuKovac: folds 
guixablau: folds 
SirEndy7: folds 
Uncalled bet ($0.14) returned to Axel Logan
Axel Logan collected $0.25 from pot
Axel Logan: doesn't show hand 
*** SUMMARY ***
Total pot $0.25 | Rake $0 
Seat 1: MatuKovac (button) folded before Flop (didn't bet)
Seat 2: guixablau (small blind) folded before Flop
Seat 3: SirEndy7 (big blind) folded before Flop
Seat 4: Axel Logan collected ($0.25)
Seat 5: checkthedif folded before Flop (didn't bet)
Seat 6: Mahu2021 folded before Flop (didn't bet)



PokerStars Zoom Hand #254141560339:  Hold'em No Limit ($0.05/$0.10) - 2025/01/01 21:13:25 CET [2025/01/01 15:13:25 ET]
Table 'Aludra' 6-max Seat #1 is the button
Seat 1: ingenskillz ($28.65 in chips) 
Seat 2: SirEndy7 ($4.70 in chips) 
Seat 3: Textures777 ($59.68 in chips) 
Seat 4: Vadim91_blr ($10 in chips) 
Seat 5: t1a2n330 ($7.98 in chips) 
Seat 6: Mahu2021 ($12.43 in chips) 
SirEndy7: posts small blind $0.05
Textures777: posts big blind $0.10
*** HOLE CARDS ***
Dealt to Mahu2021 [4h Jc]
Vadim91_blr: folds 
t1a2n330: raises $0.20 to $0.30
Mahu2021: folds 
ingenskillz: folds 
SirEndy7: calls $0.25
Textures777: calls $0.20
*** FLOP *** [8s 8d Jd]
SirEndy7: checks 
Textures777: bets $0.50
t1a2n330: calls $0.50
SirEndy7: folds 
*** TURN *** [8s 8d Jd] [9s]
Textures777: bets $1.81
t1a2n330: folds 
Uncalled bet ($1.81) returned to Textures777
Textures777 collected $1.81 from pot
Textures777: doesn't show hand 
*** SUMMARY ***
Total pot $1.90 | Rake $0.09 
Board [8s 8d Jd 9s]
Seat 1: ingenskillz (button) folded before Flop (didn't bet)
Seat 2: SirEndy7 (small blind) folded on the Flop
Seat 3: Textures777 (big blind) collected ($1.81)
Seat 4: Vadim91_blr folded before Flop (didn't bet)
Seat 5: t1a2n330 folded on the Turn
Seat 6: Mahu2021 folded before Flop (didn't bet)



PokerStars Zoom Hand #254141570175:  Hold'em No Limit ($0.05/$0.10) - 2025/01/01 21:13:53 CET [2025/01/01 15:13:53 ET]
Table 'Aludra' 6-max Seat #1 is the button
Seat 1: mundurjon ($22.74 in chips) 
Seat 2: Mahu2021 ($12.33 in chips) 
Seat 3: bernardi1323 ($15.48 in chips) 
Seat 4: 777aprilia ($5.09 in chips) 
Seat 5: SirEndy7 ($4.40 in chips) 
Seat 6: MatuKovac ($15.09 in chips) 
Mahu2021: posts small blind $0.05
bernardi1323: posts big blind $0.10
*** HOLE CARDS ***
Dealt to Mahu2021 [9h 7d]
777aprilia: folds 
SirEndy7: folds 
MatuKovac: folds 
mundurjon: raises $0.15 to $0.25
Mahu2021: folds 
bernardi1323: calls $0.15
*** FLOP *** [Qd 5s 5c]
bernardi1323: checks 
mundurjon: bets $0.17
bernardi1323: raises $0.43 to $0.60
mundurjon: folds 
Uncalled bet ($0.43) returned to bernardi1323
bernardi1323 collected $0.85 from pot
bernardi1323: doesn't show hand 
*** SUMMARY ***
Total pot $0.89 | Rake $0.04 
Board [Qd 5s 5c]
Seat 1: mundurjon (button) folded on the Flop
Seat 2: Mahu2021 (small blind) folded before Flop
Seat 3: bernardi1323 (big blind) collected ($0.85)
Seat 4: 777aprilia folded before Flop (didn't bet)
Seat 5: SirEndy7 folded before Flop (didn't bet)
Seat 6: MatuKovac folded before Flop (didn't bet)



PokerStars Zoom Hand #254141572889:  Hold'em No Limit ($0.05/$0.10) - 2025/01/01 21:14:01 CET [2025/01/01 15:14:01 ET]
Table 'Aludra' 6-max Seat #1 is the button
Seat 1: T-Bird_Tom ($11.28 in chips) 
Seat 2: JonnHsk ($3.50 in chips) 
Seat 3: Garateguy ($10 in chips) 
Seat 4: Mahu2021 ($12.28 in chips) 
Seat 5: Julian.S1989 ($10.52 in chips) 
Seat 6: stand123 ($8.31 in chips) 
JonnHsk: posts small blind $0.05
Garateguy: posts big blind $0.10
*** HOLE CARDS ***
Dealt to Mahu2021 [2d 9s]
Mahu2021: folds 
Julian.S1989: folds 
stand123: folds 
T-Bird_Tom: folds 
JonnHsk: calls $0.05
Garateguy: checks 
*** FLOP *** [Jh Ah 2h]
JonnHsk: bets $0.10
Garateguy: folds 
Uncalled bet ($0.10) returned to JonnHsk
JonnHsk collected $0.19 from pot
JonnHsk: doesn't show hand 
*** SUMMARY ***
Total pot $0.20 | Rake $0.01 
Board [Jh Ah 2h]
Seat 1: T-Bird_Tom (button) folded before Flop (didn't bet)
Seat 2: JonnHsk (small blind) collected ($0.19)
Seat 3: Garateguy (big blind) folded on the Flop
Seat 4: Mahu2021 folded before Flop (didn't bet)
Seat 5: Julian.S1989 folded before Flop (didn't bet)
Seat 6: stand123 folded before Flop (didn't bet)



PokerStars Zoom Hand #254141575057:  Hold'em No Limit ($0.05/$0.10) - 2025/01/01 21:14:07 CET [2025/01/01 15:14:07 ET]
Table 'Aludra' 6-max Seat #1 is the button
Seat 1: PhoenixPoker85 ($65.45 in chips) 
Seat 2: stand123 ($8.31 in chips) 
Seat 3: GlendiBoy ($7.56 in chips) 
Seat 4: Mahu2021 ($12.28 in chips) 
Seat 5: Fabomas ($9.19 in chips) 
Seat 6: adambuddy2 ($10 in chips) 
stand123: posts small blind $0.05
GlendiBoy: posts big blind $0.10
*** HOLE CARDS ***
Dealt to Mahu2021 [Ad Td]
Mahu2021: raises $0.20 to $0.30
Fabomas: folds 
adambuddy2: folds 
PhoenixPoker85: calls $0.30
stand123: calls $0.25
GlendiBoy: folds 
*** FLOP *** [Kh 5s Jh]
stand123: checks 
Mahu2021: checks 
PhoenixPoker85: bets $0.24
stand123: folds 
Mahu2021: calls $0.24
*** TURN *** [Kh 5s Jh] [5c]
Mahu2021: checks 
PhoenixPoker85: checks 
*** RIVER *** [Kh 5s Jh 5c] [2d]
Mahu2021: bets $1.41
PhoenixPoker85: folds 
Uncalled bet ($1.41) returned to Mahu2021
Mahu2021 collected $1.41 from pot
Mahu2021: doesn't show hand 
*** SUMMARY ***
Total pot $1.48 | Rake $0.07 
Board [Kh 5s Jh 5c 2d]
Seat 1: PhoenixPoker85 (button) folded on the River
Seat 2: stand123 (small blind) folded on the Flop
Seat 3: GlendiBoy (big blind) folded before Flop
Seat 4: Mahu2021 collected ($1.41)
Seat 5: Fabomas folded before Flop (didn't bet)
Seat 6: adambuddy2 folded before Flop (didn't bet)



PokerStars Zoom Hand #254141592476:  Hold'em No Limit ($0.05/$0.10) - 2025/01/01 21:14:57 CET [2025/01/01 15:14:57 ET]
Table 'Aludra' 6-max Seat #1 is the button
Seat 1: MatuKovac ($10.60 in chips) 
Seat 2: KillerBosSaad ($16.29 in chips) 
Seat 3: Mahu2021 ($13.15 in chips) 
Seat 4: CDMPKR ($10 in chips) 
Seat 5: T-Bird_Tom ($11.28 in chips) 
Seat 6: miffay ($11.51 in chips) 
KillerBosSaad: posts small blind $0.05
Mahu2021: posts big blind $0.10
*** HOLE CARDS ***
Dealt to Mahu2021 [4d 7c]
CDMPKR: folds 
T-Bird_Tom: folds 
miffay: folds 
MatuKovac: folds 
KillerBosSaad: folds 
Uncalled bet ($0.05) returned to Mahu2021
Mahu2021 collected $0.10 from pot
Mahu2021: doesn't show hand 
*** SUMMARY ***
Total pot $0.10 | Rake $0 
Seat 1: MatuKovac (button) folded before Flop (didn't bet)
Seat 2: KillerBosSaad (small blind) folded before Flop
Seat 3: Mahu2021 (big blind) collected ($0.10)
Seat 4: CDMPKR folded before Flop (didn't bet)
Seat 5: T-Bird_Tom folded before Flop (didn't bet)
Seat 6: miffay folded before Flop (didn't bet)



PokerStars Zoom Hand #254141590926:  Hold'em No Limit ($0.05/$0.10) - 2025/01/01 21:14:52 CET [2025/01/01 15:14:52 ET]
Table 'Aludra' 6-max Seat #1 is the button
Seat 1: Mahu2021 ($13.15 in chips) 
Seat 2: GlendiBoy ($9.56 in chips) 
Seat 3: Rubbernicks ($10.75 in chips) 
Seat 4: Magisa ($10.30 in chips) 
Seat 5: blysk ($14 in chips) 
Seat 6: Vadim91_blr ($11.23 in chips) 
GlendiBoy: posts small blind $0.05
Rubbernicks: posts big blind $0.10
*** HOLE CARDS ***
Dealt to Mahu2021 [6s 3c]
Magisa has timed out
Magisa: folds 
blysk: folds 
Vadim91_blr: folds 
Mahu2021: folds 
GlendiBoy: calls $0.05
Rubbernicks: checks 
*** FLOP *** [4s Ks Kc]
GlendiBoy: bets $0.10
Rubbernicks: raises $0.39 to $0.49
GlendiBoy: folds 
Uncalled bet ($0.39) returned to Rubbernicks
Rubbernicks collected $0.38 from pot
Rubbernicks: doesn't show hand 
*** SUMMARY ***
Total pot $0.40 | Rake $0.02 
Board [4s Ks Kc]
Seat 1: Mahu2021 (button) folded before Flop (didn't bet)
Seat 2: GlendiBoy (small blind) folded on the Flop
Seat 3: Rubbernicks (big blind) collected ($0.38)
Seat 4: Magisa folded before Flop (didn't bet)
Seat 5: blysk folded before Flop (didn't bet)
Seat 6: Vadim91_blr folded before Flop (didn't bet)



PokerStars Zoom Hand #254141609567:  Hold'em No Limit ($0.05/$0.10) - 2025/01/01 21:15:46 CET [2025/01/01 15:15:46 ET]
Table 'Aludra' 6-max Seat #1 is the button
Seat 1: Karelliacastle ($12.78 in chips) 
Seat 2: KingOlafsonV ($10 in chips) 
Seat 3: Vandalar ($10.73 in chips) 
Seat 4: arkham12795 ($10.72 in chips) 
Seat 5: Mahu2021 ($12.99 in chips) 
Seat 6: Fabomas ($10.92 in chips) 
KingOlafsonV: posts small blind $0.05
Vandalar: posts big blind $0.10
*** HOLE CARDS ***
Dealt to Mahu2021 [8c Qd]
arkham12795: folds 
Mahu2021: folds 
Fabomas: folds 
Karelliacastle: raises $0.13 to $0.23
KingOlafsonV: folds 
Vandalar: folds 
Uncalled bet ($0.13) returned to Karelliacastle
Karelliacastle collected $0.25 from pot
Karelliacastle: doesn't show hand 
*** SUMMARY ***
Total pot $0.25 | Rake $0 
Seat 1: Karelliacastle (button) collected ($0.25)
Seat 2: KingOlafsonV (small blind) folded before Flop
Seat 3: Vandalar (big blind) folded before Flop
Seat 4: arkham12795 folded before Flop (didn't bet)
Seat 5: Mahu2021 folded before Flop (didn't bet)
Seat 6: Fabomas folded before Flop (didn't bet)



PokerStars Zoom Hand #254141610890:  Hold'em No Limit ($0.05/$0.10) - 2025/01/01 21:15:50 CET [2025/01/01 15:15:50 ET]
Table 'Aludra' 6-max Seat #1 is the button
Seat 1: bwmv ($17.99 in chips) 
Seat 2: DoncasterSux ($19.95 in chips) 
Seat 3: Mahu2021 ($12.99 in chips) 
Seat 4: PhoenixPoker85 ($44.64 in chips) 
Seat 5: samsuthx ($19.20 in chips) 
Seat 6: 1goodreason ($19.13 in chips) 
DoncasterSux: posts small blind $0.05
Mahu2021: posts big blind $0.10
*** HOLE CARDS ***
Dealt to Mahu2021 [Js 4d]
PhoenixPoker85: folds 
samsuthx: folds 
1goodreason: raises $0.25 to $0.35
bwmv: folds 
DoncasterSux: folds 
Mahu2021: folds 
Uncalled bet ($0.25) returned to 1goodreason
1goodreason collected $0.25 from pot
1goodreason: doesn't show hand 
*** SUMMARY ***
Total pot $0.25 | Rake $0 
Seat 1: bwmv (button) folded before Flop (didn't bet)
Seat 2: DoncasterSux (small blind) folded before Flop
Seat 3: Mahu2021 (big blind) folded before Flop
Seat 4: PhoenixPoker85 folded before Flop (didn't bet)
Seat 5: samsuthx folded before Flop (didn't bet)
Seat 6: 1goodreason collected ($0.25)



PokerStars Zoom Hand #254141608677:  Hold'em No Limit ($0.05/$0.10) - 2025/01/01 21:15:44 CET [2025/01/01 15:15:44 ET]
Table 'Aludra' 6-max Seat #1 is the button
Seat 1: ingenskillz ($28.44 in chips) 
Seat 2: GIORGI5909 ($23.24 in chips) 
Seat 3: Vadim91_blr ($10.94 in chips) 
Seat 4: JYCKF ($14.74 in chips) 
Seat 5: Mahu2021 ($12.99 in chips) 
Seat 6: Zonizo ($18.46 in chips) 
GIORGI5909: posts small blind $0.05
Vadim91_blr: posts big blind $0.10
*** HOLE CARDS ***
Dealt to Mahu2021 [4h Ts]
JYCKF: folds 
Mahu2021: folds 
Zonizo: raises $0.10 to $0.20
ingenskillz: folds 
GIORGI5909: calls $0.15
Vadim91_blr: calls $0.10
*** FLOP *** [2d 3s Ac]
GIORGI5909: checks 
Vadim91_blr: checks 
Zonizo: checks 
*** TURN *** [2d 3s Ac] [9c]
GIORGI5909: checks 
Vadim91_blr: checks 
Zonizo: checks 
*** RIVER *** [2d 3s Ac 9c] [3c]
GIORGI5909: checks 
Vadim91_blr: checks 
Zonizo: checks 
*** SHOW DOWN ***
GIORGI5909: shows [7h 6h] (a pair of Threes)
Vadim91_blr: shows [9s 6s] (two pair, Nines and Threes)
Zonizo: shows [Td 9d] (two pair, Nines and Threes)
Vadim91_blr collected $0.29 from pot
Zonizo collected $0.28 from pot
*** SUMMARY ***
Total pot $0.60 | Rake $0.03 
Board [2d 3s Ac 9c 3c]
Seat 1: ingenskillz (button) folded before Flop (didn't bet)
Seat 2: GIORGI5909 (small blind) showed [7h 6h] and lost with a pair of Threes
Seat 3: Vadim91_blr (big blind) showed [9s 6s] and won ($0.29) with two pair, Nines and Threes
Seat 4: JYCKF folded before Flop (didn't bet)
Seat 5: Mahu2021 folded before Flop (didn't bet)
Seat 6: Zonizo showed [Td 9d] and won ($0.28) with two pair, Nines and Threes



PokerStars Zoom Hand #254141598286:  Hold'em No Limit ($0.05/$0.10) - 2025/01/01 21:15:14 CET [2025/01/01 15:15:14 ET]
Table 'Aludra' 6-max Seat #1 is the button
Seat 1: stand123 ($20.26 in chips) 
Seat 2: Mahu2021 ($13.20 in chips) 
Seat 3: kazyxaz ($10.30 in chips) 
Seat 4: bernardi1323 ($15.60 in chips) 
Seat 5: tommi327 ($14.27 in chips) 
Seat 6: Vandalar ($10.94 in chips) 
Mahu2021: posts small blind $0.05
kazyxaz: posts big blind $0.10
*** HOLE CARDS ***
Dealt to Mahu2021 [Tc Ah]
bernardi1323: raises $0.11 to $0.21
tommi327: folds 
Vandalar: folds 
stand123: folds 
Mahu2021: calls $0.16
kazyxaz: calls $0.11
*** FLOP *** [8c Jh Ts]
Mahu2021: checks 
kazyxaz: bets $0.26
bernardi1323: calls $0.26
Mahu2021: folds 
*** TURN *** [8c Jh Ts] [3d]
kazyxaz: checks 
bernardi1323: bets $0.63
kazyxaz: calls $0.63
*** RIVER *** [8c Jh Ts 3d] [Qd]
kazyxaz: checks 
bernardi1323: bets $0.38
kazyxaz: calls $0.38
*** SHOW DOWN ***
bernardi1323: shows [9c 6c] (a straight, Eight to Queen)
kazyxaz: shows [9h Th] (a straight, Eight to Queen)
kazyxaz collected $1.52 from pot
bernardi1323 collected $1.51 from pot
*** SUMMARY ***
Total pot $3.17 | Rake $0.14 
Board [8c Jh Ts 3d Qd]
Seat 1: stand123 (button) folded before Flop (didn't bet)
Seat 2: Mahu2021 (small blind) folded on the Flop
Seat 3: kazyxaz (big blind) showed [9h Th] and won ($1.52) with a straight, Eight to Queen
Seat 4: bernardi1323 showed [9c 6c] and won ($1.51) with a straight, Eight to Queen
Seat 5: tommi327 folded before Flop (didn't bet)
Seat 6: Vandalar folded before Flop (didn't bet)



PokerStars Zoom Hand #254141617940:  Hold'em No Limit ($0.05/$0.10) - 2025/01/01 21:16:10 CET [2025/01/01 15:16:10 ET]
Table 'Aludra' 6-max Seat #1 is the button
Seat 1: Ares_92PL ($10 in chips) 
Seat 2: T-Bird_Tom ($15.85 in chips) 
Seat 3: mundurjon ($12.21 in chips) 
Seat 4: Mahu2021 ($12.89 in chips) 
Seat 5: Zonizo ($18.54 in chips) 
Seat 6: GIORGI5909 ($23.04 in chips) 
T-Bird_Tom: posts small blind $0.05
mundurjon: posts big blind $0.10
*** HOLE CARDS ***
Dealt to Mahu2021 [8c Jh]
Mahu2021: folds 
Zonizo: folds 
GIORGI5909: folds 
Ares_92PL: raises $0.20 to $0.30
T-Bird_Tom: folds 
mundurjon: folds 
Uncalled bet ($0.20) returned to Ares_92PL
Ares_92PL collected $0.25 from pot
Ares_92PL: doesn't show hand 
*** SUMMARY ***
Total pot $0.25 | Rake $0 
Seat 1: Ares_92PL (button) collected ($0.25)
Seat 2: T-Bird_Tom (small blind) folded before Flop
Seat 3: mundurjon (big blind) folded before Flop
Seat 4: Mahu2021 folded before Flop (didn't bet)
Seat 5: Zonizo folded before Flop (didn't bet)
Seat 6: GIORGI5909 folded before Flop (didn't bet)



PokerStars Zoom Hand #254141619616:  Hold'em No Limit ($0.05/$0.10) - 2025/01/01 21:16:15 CET [2025/01/01 15:16:15 ET]
Table 'Aludra' 6-max Seat #1 is the button
Seat 1: Mahu2021 ($12.89 in chips) 
Seat 2: Fabomas ($10.82 in chips) 
Seat 3: miffay ($9.95 in chips) 
Seat 4: PhoenixPoker85 ($65.01 in chips) 
Seat 5: rGiosa ($23.87 in chips) 
Seat 6: JakkeLew ($9.90 in chips) 
Fabomas: posts small blind $0.05
miffay: posts big blind $0.10
*** HOLE CARDS ***
Dealt to Mahu2021 [6h Qd]
PhoenixPoker85: folds 
rGiosa: folds 
JakkeLew: folds 
Mahu2021: folds 
Fabomas: folds 
Uncalled bet ($0.05) returned to miffay
miffay collected $0.10 from pot
miffay: doesn't show hand 
*** SUMMARY ***
Total pot $0.10 | Rake $0 
Seat 1: Mahu2021 (button) folded before Flop (didn't bet)
Seat 2: Fabomas (small blind) folded before Flop
Seat 3: miffay (big blind) collected ($0.10)
Seat 4: PhoenixPoker85 folded before Flop (didn't bet)
Seat 5: rGiosa folded before Flop (didn't bet)
Seat 6: JakkeLew folded before Flop (didn't bet)



PokerStars Zoom Hand #254141621067:  Hold'em No Limit ($0.05/$0.10) - 2025/01/01 21:16:19 CET [2025/01/01 15:16:19 ET]
Table 'Aludra' 6-max Seat #1 is the button
Seat 1: Garateguy ($10.30 in chips) 
Seat 2: Mahu2021 ($12.89 in chips) 
Seat 3: xbengi ($5.21 in chips) 
Seat 4: Zonizo ($18.49 in chips) 
Seat 5: 00524 ($11.74 in chips) 
Seat 6: Fabomas ($10.77 in chips) 
Mahu2021: posts small blind $0.05
xbengi: posts big blind $0.10
*** HOLE CARDS ***
Dealt to Mahu2021 [Ac Ah]
Zonizo: folds 
00524: raises $0.20 to $0.30
Fabomas: folds 
Garateguy: folds 
Mahu2021: raises $12.59 to $12.89 and is all-in
xbengi: folds 
00524: folds 
Uncalled bet ($12.59) returned to Mahu2021
Mahu2021 collected $0.70 from pot
Mahu2021: doesn't show hand 
*** SUMMARY ***
Total pot $0.70 | Rake $0 
Seat 1: Garateguy (button) folded before Flop (didn't bet)
Seat 2: Mahu2021 (small blind) collected ($0.70)
Seat 3: xbengi (big blind) folded before Flop
Seat 4: Zonizo folded before Flop (didn't bet)
Seat 5: 00524 folded before Flop
Seat 6: Fabomas folded before Flop (didn't bet)



PokerStars Zoom Hand #254141630803:  Hold'em No Limit ($0.05/$0.10) - 2025/01/01 21:16:47 CET [2025/01/01 15:16:47 ET]
Table 'Aludra' 6-max Seat #1 is the button
Seat 1: Zonizo ($17.78 in chips) 
Seat 2: miffay ($10 in chips) 
Seat 3: Mahu2021 ($13.29 in chips) 
Seat 4: ingenskillz ($10.63 in chips) 
Seat 5: xbengi ($5.06 in chips) 
Seat 6: 00524 ($12.94 in chips) 
miffay: posts small blind $0.05
Mahu2021: posts big blind $0.10
*** HOLE CARDS ***
Dealt to Mahu2021 [5s 9c]
ingenskillz: folds 
xbengi: raises $0.10 to $0.20
00524: folds 
Zonizo: folds 
miffay: folds 
Mahu2021: folds 
Uncalled bet ($0.10) returned to xbengi
xbengi collected $0.25 from pot
xbengi: doesn't show hand 
*** SUMMARY ***
Total pot $0.25 | Rake $0 
Seat 1: Zonizo (button) folded before Flop (didn't bet)
Seat 2: miffay (small blind) folded before Flop
Seat 3: Mahu2021 (big blind) folded before Flop
Seat 4: ingenskillz folded before Flop (didn't bet)
Seat 5: xbengi collected ($0.25)
Seat 6: 00524 folded before Flop (didn't bet)



PokerStars Zoom Hand #254141596032:  Hold'em No Limit ($0.05/$0.10) - 2025/01/01 21:15:07 CET [2025/01/01 15:15:07 ET]
Table 'Aludra' 6-max Seat #1 is the button
Seat 1: Rob20219 ($5.23 in chips) 
Seat 2: Vadim91_blr ($10 in chips) 
Seat 3: kris_bjork ($10.51 in chips) 
Seat 4: Textures777 ($71.23 in chips) 
Seat 5: oocs ($27.10 in chips) 
Seat 6: Mahu2021 ($13.20 in chips) 
Vadim91_blr: posts small blind $0.05
kris_bjork: posts big blind $0.10
*** HOLE CARDS ***
Dealt to Mahu2021 [Qh 8h]
Textures777: folds 
oocs: raises $0.15 to $0.25
Mahu2021: folds 
Rob20219: folds 
Vadim91_blr: folds 
kris_bjork: calls $0.15
*** FLOP *** [9c Jc Ks]
kris_bjork: checks 
oocs: bets $0.16
kris_bjork: calls $0.16
*** TURN *** [9c Jc Ks] [4s]
kris_bjork: checks 
oocs: checks 
*** RIVER *** [9c Jc Ks 4s] [3d]
kris_bjork: bets $0.62
oocs: folds 
Uncalled bet ($0.62) returned to kris_bjork
kris_bjork collected $0.83 from pot
kris_bjork: doesn't show hand 
*** SUMMARY ***
Total pot $0.87 | Rake $0.04 
Board [9c Jc Ks 4s 3d]
Seat 1: Rob20219 (button) folded before Flop (didn't bet)
Seat 2: Vadim91_blr (small blind) folded before Flop
Seat 3: kris_bjork (big blind) collected ($0.83)
Seat 4: Textures777 folded before Flop (didn't bet)
Seat 5: oocs folded on the River
Seat 6: Mahu2021 folded before Flop (didn't bet)



PokerStars Zoom Hand #254141633222:  Hold'em No Limit ($0.05/$0.10) - 2025/01/01 21:16:54 CET [2025/01/01 15:16:54 ET]
Table 'Aludra' 6-max Seat #1 is the button
Seat 1: Mahu2021 ($13.19 in chips) 
Seat 2: rGiosa ($31.88 in chips) 
Seat 3: aintn0way ($24.19 in chips) 
Seat 4: Ph4nToM89 ($13.55 in chips) 
Seat 5: solareclipse24 ($10.82 in chips) 
Seat 6: JacDs ($35.20 in chips) 
rGiosa: posts small blind $0.05
aintn0way: posts big blind $0.10
*** HOLE CARDS ***
Dealt to Mahu2021 [8d Ah]
Ph4nToM89: folds 
solareclipse24: folds 
JacDs: folds 
Mahu2021: raises $0.20 to $0.30
rGiosa: raises $0.90 to $1.20
aintn0way: folds 
Mahu2021: folds 
Uncalled bet ($0.90) returned to rGiosa
rGiosa collected $0.70 from pot
rGiosa: doesn't show hand 
*** SUMMARY ***
Total pot $0.70 | Rake $0 
Seat 1: Mahu2021 (button) folded before Flop
Seat 2: rGiosa (small blind) collected ($0.70)
Seat 3: aintn0way (big blind) folded before Flop
Seat 4: Ph4nToM89 folded before Flop (didn't bet)
Seat 5: solareclipse24 folded before Flop (didn't bet)
Seat 6: JacDs folded before Flop (didn't bet)



PokerStars Zoom Hand #254141639599:  Hold'em No Limit ($0.05/$0.10) - 2025/01/01 21:17:12 CET [2025/01/01 15:17:12 ET]
Table 'Aludra' 6-max Seat #1 is the button
Seat 1: MatuKovac ($11.50 in chips) 
Seat 2: Baratrum777 ($10 in chips) 
Seat 3: gio!!!160490 ($10.97 in chips) 
Seat 4: oocs ($14.02 in chips) 
Seat 5: Mahu2021 ($12.89 in chips) 
Seat 6: aalewee56 ($15.77 in chips) 
Baratrum777: posts small blind $0.05
gio!!!160490: posts big blind $0.10
*** HOLE CARDS ***
Dealt to Mahu2021 [Kh 9d]
oocs: folds 
Mahu2021: folds 
aalewee56: folds 
MatuKovac: folds 
Baratrum777: folds 
Uncalled bet ($0.05) returned to gio!!!160490
gio!!!160490 collected $0.10 from pot
gio!!!160490: doesn't show hand 
*** SUMMARY ***
Total pot $0.10 | Rake $0 
Seat 1: MatuKovac (button) folded before Flop (didn't bet)
Seat 2: Baratrum777 (small blind) folded before Flop
Seat 3: gio!!!160490 (big blind) collected ($0.10)
Seat 4: oocs folded before Flop (didn't bet)
Seat 5: Mahu2021 folded before Flop (didn't bet)
Seat 6: aalewee56 folded before Flop (didn't bet)



PokerStars Zoom Hand #254141641268:  Hold'em No Limit ($0.05/$0.10) - 2025/01/01 21:17:17 CET [2025/01/01 15:17:17 ET]
Table 'Aludra' 6-max Seat #1 is the button
Seat 1: T-Bird_Tom ($10 in chips) 
Seat 2: Mahu2021 ($12.89 in chips) 
Seat 3: Textures777 ($72.06 in chips) 
Seat 4: MatuKovac ($14.01 in chips) 
Seat 5: coolskill666 ($10.85 in chips) 
Seat 6: ingenskillz ($28.29 in chips) 
Mahu2021: posts small blind $0.05
Textures777: posts big blind $0.10
*** HOLE CARDS ***
Dealt to Mahu2021 [9h 3h]
MatuKovac: folds 
coolskill666: raises $0.20 to $0.30
ingenskillz: folds 
T-Bird_Tom: folds 
Mahu2021: folds 
Textures777: folds 
Uncalled bet ($0.20) returned to coolskill666
coolskill666 collected $0.25 from pot
coolskill666: doesn't show hand 
*** SUMMARY ***
Total pot $0.25 | Rake $0 
Seat 1: T-Bird_Tom (button) folded before Flop (didn't bet)
Seat 2: Mahu2021 (small blind) folded before Flop
Seat 3: Textures777 (big blind) folded before Flop
Seat 4: MatuKovac folded before Flop (didn't bet)
Seat 5: coolskill666 collected ($0.25)
Seat 6: ingenskillz folded before Flop (didn't bet)



PokerStars Zoom Hand #254141642489:  Hold'em No Limit ($0.05/$0.10) - 2025/01/01 21:17:21 CET [2025/01/01 15:17:21 ET]
Table 'Aludra' 6-max Seat #1 is the button
Seat 1: JYCKF ($10 in chips) 
Seat 2: Baratrum777 ($10 in chips) 
Seat 3: wujaszek ($11.49 in chips) 
Seat 4: Toggy14 ($34.93 in chips) 
Seat 5: PhoenixPoker85 ($66.91 in chips) 
Seat 6: Mahu2021 ($12.84 in chips) 
Baratrum777: posts small blind $0.05
wujaszek: posts big blind $0.10
*** HOLE CARDS ***
Dealt to Mahu2021 [Qh 6s]
Toggy14: folds 
PhoenixPoker85: folds 
Mahu2021: folds 
JYCKF: folds 
Baratrum777: folds 
Uncalled bet ($0.05) returned to wujaszek
wujaszek collected $0.10 from pot
wujaszek: doesn't show hand 
*** SUMMARY ***
Total pot $0.10 | Rake $0 
Seat 1: JYCKF (button) folded before Flop (didn't bet)
Seat 2: Baratrum777 (small blind) folded before Flop
Seat 3: wujaszek (big blind) collected ($0.10)
Seat 4: Toggy14 folded before Flop (didn't bet)
Seat 5: PhoenixPoker85 folded before Flop (didn't bet)
Seat 6: Mahu2021 folded before Flop (didn't bet)



PokerStars Zoom Hand #254141645159:  Hold'em No Limit ($0.05/$0.10) - 2025/01/01 21:17:28 CET [2025/01/01 15:17:28 ET]
Table 'Aludra' 6-max Seat #1 is the button
Seat 1: Magisa ($7.76 in chips) 
Seat 2: arkham12795 ($8.35 in chips) 
Seat 3: Mahu2021 ($12.84 in chips) 
Seat 4: kazyxaz ($10.69 in chips) 
Seat 5: RiZZo2107 ($15.38 in chips) 
Seat 6: gelik32 ($10.05 in chips) 
arkham12795: posts small blind $0.05
Mahu2021: posts big blind $0.10
*** HOLE CARDS ***
Dealt to Mahu2021 [2h Qc]
kazyxaz: folds 
RiZZo2107: folds 
gelik32: folds 
Magisa: raises $0.20 to $0.30
arkham12795: folds 
Mahu2021: folds 
Uncalled bet ($0.20) returned to Magisa
Magisa collected $0.25 from pot
Magisa: doesn't show hand 
*** SUMMARY ***
Total pot $0.25 | Rake $0 
Seat 1: Magisa (button) collected ($0.25)
Seat 2: arkham12795 (small blind) folded before Flop
Seat 3: Mahu2021 (big blind) folded before Flop
Seat 4: kazyxaz folded before Flop (didn't bet)
Seat 5: RiZZo2107 folded before Flop (didn't bet)
Seat 6: gelik32 folded before Flop (didn't bet)



PokerStars Zoom Hand #254141628990:  Hold'em No Limit ($0.05/$0.10) - 2025/01/01 21:16:42 CET [2025/01/01 15:16:42 ET]
Table 'Aludra' 6-max Seat #1 is the button
Seat 1: TPS72 ($19.47 in chips) 
Seat 2: Vadim91_blr ($11.50 in chips) 
Seat 3: Stinkbueddel ($9.46 in chips) 
Seat 4: Mahu2021 ($13.29 in chips) 
Seat 5: shoromonoko ($12.10 in chips) 
Seat 6: Baratrum777 ($10 in chips) 
Vadim91_blr: posts small blind $0.05
Stinkbueddel: posts big blind $0.10
*** HOLE CARDS ***
Dealt to Mahu2021 [Jd 4h]
Mahu2021: folds 
shoromonoko: raises $0.20 to $0.30
Baratrum777: folds 
TPS72: calls $0.30
Vadim91_blr: folds 
Stinkbueddel: calls $0.20
*** FLOP *** [Js Ts 5c]
Stinkbueddel: checks 
shoromonoko: bets $0.70
TPS72: calls $0.70
Stinkbueddel: calls $0.70
*** TURN *** [Js Ts 5c] [Tc]
Stinkbueddel: checks 
shoromonoko: bets $2.50
TPS72: folds 
Stinkbueddel: calls $2.50
*** RIVER *** [Js Ts 5c Tc] [4c]
Stinkbueddel: bets $5.96 and is all-in
shoromonoko: calls $5.96
*** SHOW DOWN ***
Stinkbueddel: shows [6c Ac] (a flush, Ace high)
shoromonoko: shows [9h Jh] (two pair, Jacks and Tens)
Stinkbueddel collected $18.85 from pot
*** SUMMARY ***
Total pot $19.97 | Rake $1.12 
Board [Js Ts 5c Tc 4c]
Seat 1: TPS72 (button) folded on the Turn
Seat 2: Vadim91_blr (small blind) folded before Flop
Seat 3: Stinkbueddel (big blind) showed [6c Ac] and won ($18.85) with a flush, Ace high
Seat 4: Mahu2021 folded before Flop (didn't bet)
Seat 5: shoromonoko showed [9h Jh] and lost with two pair, Jacks and Tens
Seat 6: Baratrum777 folded before Flop (didn't bet)



PokerStars Zoom Hand #254141627700:  Hold'em No Limit ($0.05/$0.10) - 2025/01/01 21:16:38 CET [2025/01/01 15:16:38 ET]
Table 'Aludra' 6-max Seat #1 is the button
Seat 1: Garateguy ($10.03 in chips) 
Seat 2: BorisNuts ($10.76 in chips) 
Seat 3: MatuKovac ($14.59 in chips) 
Seat 4: RoBang ($17.15 in chips) 
Seat 5: Stinkbueddel ($9.46 in chips) 
Seat 6: Mahu2021 ($13.29 in chips) 
BorisNuts: posts small blind $0.05
MatuKovac: posts big blind $0.10
*** HOLE CARDS ***
Dealt to Mahu2021 [9c 6s]
RoBang: raises $0.20 to $0.30
Stinkbueddel: folds 
Mahu2021: folds 
Garateguy: raises $0.60 to $0.90
BorisNuts: calls $0.85
MatuKovac: folds 
RoBang: calls $0.60
*** FLOP *** [Jh 2d 4h]
BorisNuts: checks 
RoBang: checks 
Garateguy: checks 
*** TURN *** [Jh 2d 4h] [5h]
BorisNuts: checks 
RoBang: bets $1.34
Garateguy: folds 
BorisNuts: calls $1.34
*** RIVER *** [Jh 2d 4h 5h] [6c]
BorisNuts: checks 
RoBang: bets $7.20
BorisNuts: folds 
Uncalled bet ($7.20) returned to RoBang
RoBang collected $5.17 from pot
RoBang: doesn't show hand 
*** SUMMARY ***
Total pot $5.48 | Rake $0.31 
Board [Jh 2d 4h 5h 6c]
Seat 1: Garateguy (button) folded on the Turn
Seat 2: BorisNuts (small blind) folded on the River
Seat 3: MatuKovac (big blind) folded before Flop
Seat 4: RoBang collected ($5.17)
Seat 5: Stinkbueddel folded before Flop (didn't bet)
Seat 6: Mahu2021 folded before Flop (didn't bet)



PokerStars Zoom Hand #254141648219:  Hold'em No Limit ($0.05/$0.10) - 2025/01/01 21:17:37 CET [2025/01/01 15:17:37 ET]
Table 'Aludra' 6-max Seat #1 is the button
Seat 1: gio!!!160490 ($11.02 in chips) 
Seat 2: guixablau ($14.45 in chips) 
Seat 3: gelik32 ($10.05 in chips) 
Seat 4: Textures777 ($17.33 in chips) 
Seat 5: Mahu2021 ($12.74 in chips) 
Seat 6: RiZZo2107 ($15.38 in chips) 
guixablau: posts small blind $0.05
gelik32: posts big blind $0.10
*** HOLE CARDS ***
Dealt to Mahu2021 [As Ts]
Textures777: folds 
Mahu2021: raises $0.20 to $0.30
RiZZo2107: folds 
gio!!!160490: folds 
guixablau: calls $0.25
gelik32: folds 
*** FLOP *** [Kd Ah Kc]
guixablau: checks 
Mahu2021: bets $0.67
guixablau: folds 
Uncalled bet ($0.67) returned to Mahu2021
Mahu2021 collected $0.67 from pot
Mahu2021: doesn't show hand 
*** SUMMARY ***
Total pot $0.70 | Rake $0.03 
Board [Kd Ah Kc]
Seat 1: gio!!!160490 (button) folded before Flop (didn't bet)
Seat 2: guixablau (small blind) folded on the Flop
Seat 3: gelik32 (big blind) folded before Flop
Seat 4: Textures777 folded before Flop (didn't bet)
Seat 5: Mahu2021 collected ($0.67)
Seat 6: RiZZo2107 folded before Flop (didn't bet)



PokerStars Zoom Hand #254141644068:  Hold'em No Limit ($0.05/$0.10) - 2025/01/01 21:17:25 CET [2025/01/01 15:17:25 ET]
Table 'Aludra' 6-max Seat #1 is the button
Seat 1: lourenco2209 ($13.72 in chips) 
Seat 2: RiZZo2107 ($15.43 in chips) 
Seat 3: Baratrum777 ($10 in chips) 
Seat 4: Mahu2021 ($12.84 in chips) 
Seat 5: arkham12795 ($38.20 in chips) 
Seat 6: BorisNuts ($14.38 in chips) 
RiZZo2107: posts small blind $0.05
Baratrum777: posts big blind $0.10
*** HOLE CARDS ***
Dealt to Mahu2021 [5h Qs]
Mahu2021: folds 
arkham12795: folds 
BorisNuts: raises $0.10 to $0.20
lourenco2209: folds 
RiZZo2107: folds 
Baratrum777: calls $0.10
*** FLOP *** [4d 4h 9c]
Baratrum777: checks 
BorisNuts: checks 
*** TURN *** [4d 4h 9c] [7c]
Baratrum777: checks 
BorisNuts: checks 
*** RIVER *** [4d 4h 9c 7c] [Ts]
Baratrum777: checks 
BorisNuts: bets $0.43
Baratrum777: folds 
Uncalled bet ($0.43) returned to BorisNuts
BorisNuts collected $0.43 from pot
BorisNuts: doesn't show hand 
*** SUMMARY ***
Total pot $0.45 | Rake $0.02 
Board [4d 4h 9c 7c Ts]
Seat 1: lourenco2209 (button) folded before Flop (didn't bet)
Seat 2: RiZZo2107 (small blind) folded before Flop
Seat 3: Baratrum777 (big blind) folded on the River
Seat 4: Mahu2021 folded before Flop (didn't bet)
Seat 5: arkham12795 folded before Flop (didn't bet)
Seat 6: BorisNuts collected ($0.43)



PokerStars Zoom Hand #254141659713:  Hold'em No Limit ($0.05/$0.10) - 2025/01/01 21:18:10 CET [2025/01/01 15:18:10 ET]
Table 'Aludra' 6-max Seat #1 is the button
Seat 1: Baratrum777 ($10.10 in chips) 
Seat 2: Mahu2021 ($13.11 in chips) 
Seat 3: arkham12795 ($38.15 in chips) 
Seat 4: Cheepo1963 ($6.39 in chips) 
Seat 5: stand123 ($24.98 in chips) 
Seat 6: guixablau ($14.15 in chips) 
Mahu2021: posts small blind $0.05
arkham12795: posts big blind $0.10
*** HOLE CARDS ***
Dealt to Mahu2021 [Qs Qh]
Cheepo1963: folds 
stand123: folds 
guixablau: calls $0.10
Baratrum777: folds 
Mahu2021: raises $0.50 to $0.60
arkham12795: folds 
guixablau: folds 
Uncalled bet ($0.50) returned to Mahu2021
Mahu2021 collected $0.30 from pot
Mahu2021: doesn't show hand 
*** SUMMARY ***
Total pot $0.30 | Rake $0 
Seat 1: Baratrum777 (button) folded before Flop (didn't bet)
Seat 2: Mahu2021 (small blind) collected ($0.30)
Seat 3: arkham12795 (big blind) folded before Flop
Seat 4: Cheepo1963 folded before Flop (didn't bet)
Seat 5: stand123 folded before Flop (didn't bet)
Seat 6: guixablau folded before Flop



PokerStars Zoom Hand #254141671545:  Hold'em No Limit ($0.05/$0.10) - 2025/01/01 21:18:44 CET [2025/01/01 15:18:44 ET]
Table 'Aludra' 6-max Seat #1 is the button
Seat 1: Textures777 ($63.11 in chips) 
Seat 2: shoromonoko ($8.88 in chips) 
Seat 3: Mahu2021 ($13.31 in chips) 
Seat 4: adambuddy2 ($12.16 in chips) 
Seat 5: kazyxaz ($15.35 in chips) 
Seat 6: NicieSue ($4.77 in chips) 
shoromonoko: posts small blind $0.05
Mahu2021: posts big blind $0.10
*** HOLE CARDS ***
Dealt to Mahu2021 [5d Qd]
adambuddy2: folds 
kazyxaz: folds 
NicieSue: folds 
Textures777: folds 
shoromonoko: folds 
Uncalled bet ($0.05) returned to Mahu2021
Mahu2021 collected $0.10 from pot
Mahu2021: doesn't show hand 
*** SUMMARY ***
Total pot $0.10 | Rake $0 
Seat 1: Textures777 (button) folded before Flop (didn't bet)
Seat 2: shoromonoko (small blind) folded before Flop
Seat 3: Mahu2021 (big blind) collected ($0.10)
Seat 4: adambuddy2 folded before Flop (didn't bet)
Seat 5: kazyxaz folded before Flop (didn't bet)
Seat 6: NicieSue folded before Flop (didn't bet)



PokerStars Zoom Hand #254141668569:  Hold'em No Limit ($0.05/$0.10) - 2025/01/01 21:18:35 CET [2025/01/01 15:18:35 ET]
Table 'Aludra' 6-max Seat #1 is the button
Seat 1: shoromonoko ($10 in chips) 
Seat 2: Vadim91_blr ($10.95 in chips) 
Seat 3: tommi327 ($24.93 in chips) 
Seat 4: gelik32 ($10.55 in chips) 
Seat 5: oocs ($10 in chips) 
Seat 6: Mahu2021 ($13.31 in chips) 
Vadim91_blr: posts small blind $0.05
tommi327: posts big blind $0.10
*** HOLE CARDS ***
Dealt to Mahu2021 [4d 8h]
gelik32: folds 
oocs: raises $0.15 to $0.25
Mahu2021: folds 
shoromonoko: folds 
Vadim91_blr: folds 
tommi327: calls $0.15
*** FLOP *** [8s 4h Td]
tommi327: checks 
oocs: bets $0.41
tommi327: folds 
Uncalled bet ($0.41) returned to oocs
oocs collected $0.53 from pot
oocs: doesn't show hand 
*** SUMMARY ***
Total pot $0.55 | Rake $0.02 
Board [8s 4h Td]
Seat 1: shoromonoko (button) folded before Flop (didn't bet)
Seat 2: Vadim91_blr (small blind) folded before Flop
Seat 3: tommi327 (big blind) folded on the Flop
Seat 4: gelik32 folded before Flop (didn't bet)
Seat 5: oocs collected ($0.53)
Seat 6: Mahu2021 folded before Flop (didn't bet)



PokerStars Zoom Hand #254141670189:  Hold'em No Limit ($0.05/$0.10) - 2025/01/01 21:18:40 CET [2025/01/01 15:18:40 ET]
Table 'Aludra' 6-max Seat #1 is the button
Seat 1: Exclusiveby ($10.27 in chips) 
Seat 2: jun9077 ($10.92 in chips) 
Seat 3: Baratrum777 ($10.10 in chips) 
Seat 4: Textures777 ($63.11 in chips) 
Seat 5: Mahu2021 ($13.31 in chips) 
Seat 6: DJNezz ($11.42 in chips) 
jun9077: posts small blind $0.05
Baratrum777: posts big blind $0.10
*** HOLE CARDS ***
Dealt to Mahu2021 [2d Tc]
Textures777: folds 
Mahu2021: folds 
DJNezz: raises $0.12 to $0.22
Exclusiveby: folds 
jun9077: folds 
Baratrum777: folds 
Uncalled bet ($0.12) returned to DJNezz
DJNezz collected $0.25 from pot
DJNezz: doesn't show hand 
*** SUMMARY ***
Total pot $0.25 | Rake $0 
Seat 1: Exclusiveby (button) folded before Flop (didn't bet)
Seat 2: jun9077 (small blind) folded before Flop
Seat 3: Baratrum777 (big blind) folded before Flop
Seat 4: Textures777 folded before Flop (didn't bet)
Seat 5: Mahu2021 folded before Flop (didn't bet)
Seat 6: DJNezz collected ($0.25)



PokerStars Zoom Hand #254141667414:  Hold'em No Limit ($0.05/$0.10) - 2025/01/01 21:18:32 CET [2025/01/01 15:18:32 ET]
Table 'Aludra' 6-max Seat #1 is the button
Seat 1: Mahu2021 ($13.31 in chips) 
Seat 2: KingOlafsonV ($18.15 in chips) 
Seat 3: maurinhonob ($17.82 in chips) 
Seat 4: CDMPKR ($16.10 in chips) 
Seat 5: enghidu ($1.44 in chips) 
Seat 6: kazyxaz ($11.17 in chips) 
KingOlafsonV: posts small blind $0.05
maurinhonob: posts big blind $0.10
*** HOLE CARDS ***
Dealt to Mahu2021 [3d Js]
CDMPKR: folds 
enghidu: folds 
kazyxaz: folds 
Mahu2021: folds 
KingOlafsonV: raises $0.20 to $0.30
maurinhonob: calls $0.20
*** FLOP *** [5s 2s 5d]
KingOlafsonV: bets $0.20
maurinhonob: folds 
Uncalled bet ($0.20) returned to KingOlafsonV
KingOlafsonV collected $0.57 from pot
KingOlafsonV: doesn't show hand 
*** SUMMARY ***
Total pot $0.60 | Rake $0.03 
Board [5s 2s 5d]
Seat 1: Mahu2021 (button) folded before Flop (didn't bet)
Seat 2: KingOlafsonV (small blind) collected ($0.57)
Seat 3: maurinhonob (big blind) folded on the Flop
Seat 4: CDMPKR folded before Flop (didn't bet)
Seat 5: enghidu folded before Flop (didn't bet)
Seat 6: kazyxaz folded before Flop (didn't bet)



PokerStars Zoom Hand #254141677078:  Hold'em No Limit ($0.05/$0.10) - 2025/01/01 21:19:00 CET [2025/01/01 15:19:00 ET]
Table 'Aludra' 6-max Seat #1 is the button
Seat 1: Windows 21xp ($10 in chips) 
Seat 2: Mahu2021 ($13.36 in chips) 
Seat 3: TGVon ($13.55 in chips) 
Seat 4: stand123 ($6.08 in chips) 
Seat 5: kazyxaz ($6.60 in chips) 
Seat 6: Cheepo1963 ($6.59 in chips) 
Mahu2021: posts small blind $0.05
TGVon: posts big blind $0.10
*** HOLE CARDS ***
Dealt to Mahu2021 [Td 7h]
stand123: raises $0.15 to $0.25
kazyxaz: folds 
Cheepo1963: raises $6.34 to $6.59 and is all-in
Windows 21xp: folds 
Mahu2021: folds 
TGVon: folds 
stand123: folds 
Uncalled bet ($6.34) returned to Cheepo1963
Cheepo1963 collected $0.65 from pot
Cheepo1963: doesn't show hand 
*** SUMMARY ***
Total pot $0.65 | Rake $0 
Seat 1: Windows 21xp (button) folded before Flop (didn't bet)
Seat 2: Mahu2021 (small blind) folded before Flop
Seat 3: TGVon (big blind) folded before Flop
Seat 4: stand123 folded before Flop
Seat 5: kazyxaz folded before Flop (didn't bet)
Seat 6: Cheepo1963 collected ($0.65)



PokerStars Zoom Hand #254141681951:  Hold'em No Limit ($0.05/$0.10) - 2025/01/01 21:19:14 CET [2025/01/01 15:19:14 ET]
Table 'Aludra' 6-max Seat #1 is the button
Seat 1: bernardi1323 ($17.32 in chips) 
Seat 2: checkthedif ($18.65 in chips) 
Seat 3: Rob20219 ($10.68 in chips) 
Seat 4: kazyxaz ($11.17 in chips) 
Seat 5: kieselwicht ($5.77 in chips) 
Seat 6: Mahu2021 ($13.31 in chips) 
checkthedif: posts small blind $0.05
Rob20219: posts big blind $0.10
*** HOLE CARDS ***
Dealt to Mahu2021 [Jh 7c]
kazyxaz: folds 
kieselwicht: folds 
Mahu2021: folds 
bernardi1323: raises $0.11 to $0.21
checkthedif: folds 
Rob20219: folds 
Uncalled bet ($0.11) returned to bernardi1323
bernardi1323 collected $0.25 from pot
bernardi1323: doesn't show hand 
*** SUMMARY ***
Total pot $0.25 | Rake $0 
Seat 1: bernardi1323 (button) collected ($0.25)
Seat 2: checkthedif (small blind) folded before Flop
Seat 3: Rob20219 (big blind) folded before Flop
Seat 4: kazyxaz folded before Flop (didn't bet)
Seat 5: kieselwicht folded before Flop (didn't bet)
Seat 6: Mahu2021 folded before Flop (didn't bet)



PokerStars Zoom Hand #254141678488:  Hold'em No Limit ($0.05/$0.10) - 2025/01/01 21:19:04 CET [2025/01/01 15:19:04 ET]
Table 'Aludra' 6-max Seat #1 is the button
Seat 1: Mahu2021 ($13.31 in chips) 
Seat 2: rGiosa ($10 in chips) 
Seat 3: Lady-Giegie ($20.73 in chips) 
Seat 4: Vandalar ($10 in chips) 
Seat 5: oocs ($11.28 in chips) 
Seat 6: KingOlafsonV ($15 in chips) 
rGiosa: posts small blind $0.05
Lady-Giegie: posts big blind $0.10
*** HOLE CARDS ***
Dealt to Mahu2021 [7h 2h]
Vandalar: folds 
oocs: folds 
KingOlafsonV: folds 
Mahu2021: folds 
rGiosa: folds 
Uncalled bet ($0.05) returned to Lady-Giegie
Lady-Giegie collected $0.10 from pot
Lady-Giegie: doesn't show hand 
*** SUMMARY ***
Total pot $0.10 | Rake $0 
Seat 1: Mahu2021 (button) folded before Flop (didn't bet)
Seat 2: rGiosa (small blind) folded before Flop
Seat 3: Lady-Giegie (big blind) collected ($0.10)
Seat 4: Vandalar folded before Flop (didn't bet)
Seat 5: oocs folded before Flop (didn't bet)
Seat 6: KingOlafsonV folded before Flop (didn't bet)



PokerStars Zoom Hand #254141680531:  Hold'em No Limit ($0.05/$0.10) - 2025/01/01 21:19:10 CET [2025/01/01 15:19:10 ET]
Table 'Aludra' 6-max Seat #1 is the button
Seat 1: arkham12795 ($37.90 in chips) 
Seat 2: Two of Seven ($2.33 in chips) 
Seat 3: Mama_Perch ($10 in chips) 
Seat 4: Mahu2021 ($13.31 in chips) 
Seat 5: gelik32 ($10.30 in chips) 
Seat 6: Garateguy ($10.95 in chips) 
Two of Seven: posts small blind $0.05
Mama_Perch: posts big blind $0.10
*** HOLE CARDS ***
Dealt to Mahu2021 [9s Ad]
Mahu2021: folds 
gelik32: folds 
Garateguy: folds 
arkham12795: folds 
Two of Seven: calls $0.05
Mama_Perch: checks 
*** FLOP *** [3s Qs Kd]
Two of Seven: checks 
Mama_Perch: checks 
*** TURN *** [3s Qs Kd] [5c]
Two of Seven: bets $0.10
Mama_Perch: folds 
Uncalled bet ($0.10) returned to Two of Seven
Two of Seven collected $0.19 from pot
Two of Seven: doesn't show hand 
*** SUMMARY ***
Total pot $0.20 | Rake $0.01 
Board [3s Qs Kd 5c]
Seat 1: arkham12795 (button) folded before Flop (didn't bet)
Seat 2: Two of Seven (small blind) collected ($0.19)
Seat 3: Mama_Perch (big blind) folded on the Turn
Seat 4: Mahu2021 folded before Flop (didn't bet)
Seat 5: gelik32 folded before Flop (didn't bet)
Seat 6: Garateguy folded before Flop (didn't bet)



PokerStars Zoom Hand #254141683170:  Hold'em No Limit ($0.05/$0.10) - 2025/01/01 21:19:18 CET [2025/01/01 15:19:18 ET]
Table 'Aludra' 6-max Seat #1 is the button
Seat 1: johnggggtuck ($17.55 in chips) 
Seat 2: Lumoco ($4.22 in chips) 
Seat 3: Baratrum777 ($10.22 in chips) 
Seat 4: Mahu2021 ($13.31 in chips) 
Seat 5: arkham12795 ($37.90 in chips) 
Seat 6: shoromonoko ($8.83 in chips) 
Lumoco: posts small blind $0.05
Baratrum777: posts big blind $0.10
*** HOLE CARDS ***
Dealt to Mahu2021 [9s Jc]
Mahu2021: folds 
arkham12795: folds 
shoromonoko: raises $0.20 to $0.30
johnggggtuck: calls $0.30
Lumoco: calls $0.25
Baratrum777: folds 
*** FLOP *** [Ks 9h Kh]
Lumoco: checks 
shoromonoko: checks 
johnggggtuck: checks 
*** TURN *** [Ks 9h Kh] [2s]
Lumoco: checks 
shoromonoko: checks 
johnggggtuck: checks 
*** RIVER *** [Ks 9h Kh 2s] [7d]
Lumoco: checks 
shoromonoko: checks 
johnggggtuck: checks 
*** SHOW DOWN ***
Lumoco: shows [5h 6h] (a pair of Kings)
shoromonoko: shows [Jh Tc] (a pair of Kings - Jack kicker)
johnggggtuck: shows [Qs Ac] (a pair of Kings - Ace kicker)
johnggggtuck collected $0.95 from pot
*** SUMMARY ***
Total pot $1 | Rake $0.05 
Board [Ks 9h Kh 2s 7d]
Seat 1: johnggggtuck (button) showed [Qs Ac] and won ($0.95) with a pair of Kings
Seat 2: Lumoco (small blind) showed [5h 6h] and lost with a pair of Kings
Seat 3: Baratrum777 (big blind) folded before Flop
Seat 4: Mahu2021 folded before Flop (didn't bet)
Seat 5: arkham12795 folded before Flop (didn't bet)
Seat 6: shoromonoko showed [Jh Tc] and lost with a pair of Kings



PokerStars Zoom Hand #254141675521:  Hold'em No Limit ($0.05/$0.10) - 2025/01/01 21:18:56 CET [2025/01/01 15:18:56 ET]
Table 'Aludra' 6-max Seat #1 is the button
Seat 1: stand123 ($24.83 in chips) 
Seat 2: Relaxing616 ($13.45 in chips) 
Seat 3: ingenskillz ($23.33 in chips) 
Seat 4: Mahu2021 ($13.36 in chips) 
Seat 5: JonnHsk ($1.84 in chips) 
Seat 6: JYCKF ($17.39 in chips) 
Relaxing616: posts small blind $0.05
ingenskillz: posts big blind $0.10
*** HOLE CARDS ***
Dealt to Mahu2021 [9h 2h]
Mahu2021: folds 
JonnHsk: folds 
JYCKF: raises $0.13 to $0.23
stand123: folds 
Relaxing616: folds 
ingenskillz: calls $0.13
*** FLOP *** [Jh Ks 4s]
ingenskillz: bets $0.16
JYCKF: calls $0.16
*** TURN *** [Jh Ks 4s] [5d]
ingenskillz: bets $0.26
JYCKF: raises $1.05 to $1.31
ingenskillz: folds 
Uncalled bet ($1.05) returned to JYCKF
JYCKF collected $1.29 from pot
JYCKF: doesn't show hand 
*** SUMMARY ***
Total pot $1.35 | Rake $0.06 
Board [Jh Ks 4s 5d]
Seat 1: stand123 (button) folded before Flop (didn't bet)
Seat 2: Relaxing616 (small blind) folded before Flop
Seat 3: ingenskillz (big blind) folded on the Turn
Seat 4: Mahu2021 folded before Flop (didn't bet)
Seat 5: JonnHsk folded before Flop (didn't bet)
Seat 6: JYCKF collected ($1.29)



PokerStars Zoom Hand #254141684160:  Hold'em No Limit ($0.05/$0.10) - 2025/01/01 21:19:21 CET [2025/01/01 15:19:21 ET]
Table 'Aludra' 6-max Seat #1 is the button
Seat 1: gelik32 ($10.63 in chips) 
Seat 2: Ph4nToM89 ($13 in chips) 
Seat 3: Mahu2021 ($13.31 in chips) 
Seat 4: cris mulin ($4.04 in chips) 
Seat 5: Textures777 ($77.33 in chips) 
Seat 6: MarudaX ($9.50 in chips) 
Ph4nToM89: posts small blind $0.05
Mahu2021: posts big blind $0.10
*** HOLE CARDS ***
Dealt to Mahu2021 [4h Ac]
cris mulin: calls $0.10
Textures777: folds 
MarudaX: folds 
gelik32: folds 
Ph4nToM89: calls $0.05
Mahu2021: checks 
*** FLOP *** [As 9c 4s]
Ph4nToM89: checks 
Mahu2021: checks 
cris mulin: checks 
*** TURN *** [As 9c 4s] [Kh]
Ph4nToM89: checks 
Mahu2021: checks 
cris mulin: bets $0.10
Ph4nToM89: folds 
Mahu2021: calls $0.10
*** RIVER *** [As 9c 4s Kh] [8h]
Mahu2021: checks 
cris mulin: checks 
*** SHOW DOWN ***
Mahu2021: shows [4h Ac] (two pair, Aces and Fours)
cris mulin: mucks hand 
Mahu2021 collected $0.48 from pot
*** SUMMARY ***
Total pot $0.50 | Rake $0.02 
Board [As 9c 4s Kh 8h]
Seat 1: gelik32 (button) folded before Flop (didn't bet)
Seat 2: Ph4nToM89 (small blind) folded on the Turn
Seat 3: Mahu2021 (big blind) showed [4h Ac] and won ($0.48) with two pair, Aces and Fours
Seat 4: cris mulin mucked [Kc 7c]
Seat 5: Textures777 folded before Flop (didn't bet)
Seat 6: MarudaX folded before Flop (didn't bet)



PokerStars Zoom Hand #254141699931:  Hold'em No Limit ($0.05/$0.10) - 2025/01/01 21:20:06 CET [2025/01/01 15:20:06 ET]
Table 'Aludra' 6-max Seat #1 is the button
Seat 1: Mahu2021 ($13.59 in chips) 
Seat 2: Baratrum777 ($10.50 in chips) 
Seat 3: adambuddy2 ($10.25 in chips) 
Seat 4: arkham12795 ($37.85 in chips) 
Seat 5: ingenskillz ($28.03 in chips) 
Seat 6: Textures777 ($17.62 in chips) 
Baratrum777: posts small blind $0.05
adambuddy2: posts big blind $0.10
*** HOLE CARDS ***
Dealt to Mahu2021 [9h 8c]
arkham12795: raises $0.13 to $0.23
ingenskillz: folds 
Textures777: folds 
Mahu2021: folds 
Baratrum777: folds 
adambuddy2: folds 
Uncalled bet ($0.13) returned to arkham12795
arkham12795 collected $0.25 from pot
arkham12795: doesn't show hand 
*** SUMMARY ***
Total pot $0.25 | Rake $0 
Seat 1: Mahu2021 (button) folded before Flop (didn't bet)
Seat 2: Baratrum777 (small blind) folded before Flop
Seat 3: adambuddy2 (big blind) folded before Flop
Seat 4: arkham12795 collected ($0.25)
Seat 5: ingenskillz folded before Flop (didn't bet)
Seat 6: Textures777 folded before Flop (didn't bet)



PokerStars Zoom Hand #254141709015:  Hold'em No Limit ($0.05/$0.10) - 2025/01/01 21:20:33 CET [2025/01/01 15:20:33 ET]
Table 'Aludra' 6-max Seat #1 is the button
Seat 1: gelik32 ($10.15 in chips) 
Seat 2: Garateguy ($10.61 in chips) 
Seat 3: shoromonoko ($8.38 in chips) 
Seat 4: JonnHsk ($1.49 in chips) 
Seat 5: Mahu2021 ($13.44 in chips) 
Seat 6: Lumoco ($3.77 in chips) 
Garateguy: posts small blind $0.05
shoromonoko: posts big blind $0.10
*** HOLE CARDS ***
Dealt to Mahu2021 [5c 4d]
JonnHsk: folds 
Mahu2021: folds 
Lumoco: folds 
gelik32: folds 
Garateguy: raises $0.20 to $0.30
shoromonoko: folds 
Uncalled bet ($0.20) returned to Garateguy
Garateguy collected $0.20 from pot
Garateguy: doesn't show hand 
*** SUMMARY ***
Total pot $0.20 | Rake $0 
Seat 1: gelik32 (button) folded before Flop (didn't bet)
Seat 2: Garateguy (small blind) collected ($0.20)
Seat 3: shoromonoko (big blind) folded before Flop
Seat 4: JonnHsk folded before Flop (didn't bet)
Seat 5: Mahu2021 folded before Flop (didn't bet)
Seat 6: Lumoco folded before Flop (didn't bet)



PokerStars Zoom Hand #254141701381:  Hold'em No Limit ($0.05/$0.10) - 2025/01/01 21:20:11 CET [2025/01/01 15:20:11 ET]
Table 'Aludra' 6-max Seat #1 is the button
Seat 1: Vandalar ($17.15 in chips) 
Seat 2: Mahu2021 ($13.59 in chips) 
Seat 3: shoromonoko ($8.36 in chips) 
Seat 4: aalewee56 ($15.69 in chips) 
Seat 5: oocs ($11.28 in chips) 
Seat 6: ingenskillz ($10.63 in chips) 
Mahu2021: posts small blind $0.05
shoromonoko: posts big blind $0.10
*** HOLE CARDS ***
Dealt to Mahu2021 [8d Qh]
aalewee56: folds 
oocs: raises $0.15 to $0.25
ingenskillz: folds 
Vandalar: folds 
Mahu2021: folds 
shoromonoko: calls $0.15
*** FLOP *** [5d 5h Tc]
shoromonoko: checks 
oocs: checks 
*** TURN *** [5d 5h Tc] [9c]
shoromonoko: checks 
oocs: bets $0.41
shoromonoko: folds 
Uncalled bet ($0.41) returned to oocs
oocs collected $0.53 from pot
oocs: doesn't show hand 
*** SUMMARY ***
Total pot $0.55 | Rake $0.02 
Board [5d 5h Tc 9c]
Seat 1: Vandalar (button) folded before Flop (didn't bet)
Seat 2: Mahu2021 (small blind) folded before Flop
Seat 3: shoromonoko (big blind) folded on the Turn
Seat 4: aalewee56 folded before Flop (didn't bet)
Seat 5: oocs collected ($0.53)
Seat 6: ingenskillz folded before Flop (didn't bet)



PokerStars Zoom Hand #254141710436:  Hold'em No Limit ($0.05/$0.10) - 2025/01/01 21:20:37 CET [2025/01/01 15:20:37 ET]
Table 'Aludra' 6-max Seat #1 is the button
Seat 1: Senna_VF ($10.83 in chips) 
Seat 2: MatuKovac ($11.40 in chips) 
Seat 3: xbengi ($6.28 in chips) 
Seat 4: Textures777 ($17.67 in chips) 
Seat 5: CDMPKR ($20.93 in chips) 
Seat 6: Mahu2021 ($13.44 in chips) 
MatuKovac: posts small blind $0.05
xbengi: posts big blind $0.10
*** HOLE CARDS ***
Dealt to Mahu2021 [9s 9c]
Textures777: folds 
CDMPKR: folds 
Mahu2021: raises $0.20 to $0.30
Senna_VF: folds 
MatuKovac: folds 
xbengi: calls $0.20
*** FLOP *** [Jc 8c 2c]
xbengi: checks 
Mahu2021: bets $0.30
xbengi: folds 
Uncalled bet ($0.30) returned to Mahu2021
Mahu2021 collected $0.62 from pot
Mahu2021: doesn't show hand 
*** SUMMARY ***
Total pot $0.65 | Rake $0.03 
Board [Jc 8c 2c]
Seat 1: Senna_VF (button) folded before Flop (didn't bet)
Seat 2: MatuKovac (small blind) folded before Flop
Seat 3: xbengi (big blind) folded on the Flop
Seat 4: Textures777 folded before Flop (didn't bet)
Seat 5: CDMPKR folded before Flop (didn't bet)
Seat 6: Mahu2021 collected ($0.62)



PokerStars Zoom Hand #254141716878:  Hold'em No Limit ($0.05/$0.10) - 2025/01/01 21:20:55 CET [2025/01/01 15:20:55 ET]
Table 'Aludra' 6-max Seat #1 is the button
Seat 1: Mahu2021 ($13.76 in chips) 
Seat 2: tommi327 ($24.95 in chips) 
Seat 3: Count Mole ($12.16 in chips) 
Seat 4: xbengi ($5.98 in chips) 
Seat 5: Mama_Perch ($10.16 in chips) 
Seat 6: T-Bird_Tom ($44.06 in chips) 
tommi327: posts small blind $0.05
Count Mole: posts big blind $0.10
*** HOLE CARDS ***
Dealt to Mahu2021 [Td 5h]
xbengi: folds 
Mama_Perch: folds 
T-Bird_Tom: raises $0.13 to $0.23
Mahu2021: folds 
tommi327: folds 
Count Mole: folds 
Uncalled bet ($0.13) returned to T-Bird_Tom
T-Bird_Tom collected $0.25 from pot
T-Bird_Tom: doesn't show hand 
*** SUMMARY ***
Total pot $0.25 | Rake $0 
Seat 1: Mahu2021 (button) folded before Flop (didn't bet)
Seat 2: tommi327 (small blind) folded before Flop
Seat 3: Count Mole (big blind) folded before Flop
Seat 4: xbengi folded before Flop (didn't bet)
Seat 5: Mama_Perch folded before Flop (didn't bet)
Seat 6: T-Bird_Tom collected ($0.25)



PokerStars Zoom Hand #254141703416:  Hold'em No Limit ($0.05/$0.10) - 2025/01/01 21:20:16 CET [2025/01/01 15:20:16 ET]
Table 'Aludra' 6-max Seat #1 is the button
Seat 1: maurinhonob ($17.47 in chips) 
Seat 2: ingenskillz ($31.83 in chips) 
Seat 3: Mahu2021 ($13.54 in chips) 
Seat 4: kieselwicht ($5.82 in chips) 
Seat 5: rGiosa ($23.76 in chips) 
Seat 6: digones88 ($10 in chips) 
ingenskillz: posts small blind $0.05
Mahu2021: posts big blind $0.10
*** HOLE CARDS ***
Dealt to Mahu2021 [8h 5d]
kieselwicht: calls $0.10
rGiosa: raises $0.25 to $0.35
digones88: folds 
maurinhonob: folds 
ingenskillz: calls $0.30
Mahu2021: folds 
kieselwicht: calls $0.25
*** FLOP *** [3s 4s 9c]
ingenskillz: checks 
kieselwicht: bets $0.55
rGiosa: folds 
ingenskillz: calls $0.55
*** TURN *** [3s 4s 9c] [8s]
ingenskillz: checks 
kieselwicht: bets $1.08
ingenskillz: folds 
Uncalled bet ($1.08) returned to kieselwicht
kieselwicht collected $2.13 from pot
kieselwicht: doesn't show hand 
*** SUMMARY ***
Total pot $2.25 | Rake $0.12 
Board [3s 4s 9c 8s]
Seat 1: maurinhonob (button) folded before Flop (didn't bet)
Seat 2: ingenskillz (small blind) folded on the Turn
Seat 3: Mahu2021 (big blind) folded before Flop
Seat 4: kieselwicht collected ($2.13)
Seat 5: rGiosa folded on the Flop
Seat 6: digones88 folded before Flop (didn't bet)



PokerStars Zoom Hand #254141718545:  Hold'em No Limit ($0.05/$0.10) - 2025/01/01 21:21:00 CET [2025/01/01 15:21:00 ET]
Table 'Aludra' 6-max Seat #1 is the button
Seat 1: BorisNuts ($20.10 in chips) 
Seat 2: shoromonoko ($8.26 in chips) 
Seat 3: chocoemon ($10 in chips) 
Seat 4: Mahu2021 ($13.76 in chips) 
Seat 5: Vadim91_blr ($10.95 in chips) 
Seat 6: MrFreddie06 ($13.05 in chips) 
shoromonoko: posts small blind $0.05
chocoemon: posts big blind $0.10
*** HOLE CARDS ***
Dealt to Mahu2021 [Kc Ks]
Mahu2021: raises $0.20 to $0.30
Vadim91_blr: folds 
MrFreddie06: folds 
BorisNuts: raises $0.60 to $0.90
shoromonoko: calls $0.85
chocoemon: folds 
Mahu2021: raises $12.86 to $13.76 and is all-in
BorisNuts: folds 
shoromonoko: calls $7.36 and is all-in
Uncalled bet ($5.50) returned to Mahu2021
*** FLOP *** [4d Ts 9s]
*** TURN *** [4d Ts 9s] [4h]
*** RIVER *** [4d Ts 9s 4h] [Kh]
*** SHOW DOWN ***
shoromonoko: shows [5h 5s] (two pair, Fives and Fours)
Mahu2021: shows [Kc Ks] (a full house, Kings full of Fours)
Mahu2021 cashed out the hand for $13.19 | Cash Out Fee $0.27
*** SUMMARY ***
Total pot $17.52 | Rake $0.79 
Board [4d Ts 9s 4h Kh]
Seat 1: BorisNuts (button) folded before Flop
Seat 2: shoromonoko (small blind) showed [5h 5s] and lost with two pair, Fives and Fours
Seat 3: chocoemon (big blind) folded before Flop
Seat 4: Mahu2021 showed [Kc Ks] and won ($16.73) with a full house, Kings full of Fours (pot not awarded as player cashed out)
Seat 5: Vadim91_blr folded before Flop (didn't bet)
Seat 6: MrFreddie06 folded before Flop (didn't bet)



