PokerStars Hand #249093517982: Tournament #3721204897, $4.60+$0.40 USD Hold'em No Limit - Level I (10/20) - 2024/02/25 22:32:35 CET [2024/02/25 16:32:35 ET]
Table '3721204897 1' 3-max Seat #1 is the button
Seat 1: moygogur (500 in chips) 
Seat 2: Mahu2021 (500 in chips) 
Seat 3: Timmi244 (500 in chips) 
Mahu2021: posts small blind 10
Timmi244: posts big blind 20
*** HOLE CARDS ***
Dealt to Mahu2021 [Kc Ks]
moygogur: raises 20 to 40
Mahu2021: raises 460 to 500 and is all-in
Timmi244: folds 
moygogur: folds 
Uncalled bet (460) returned to Mahu2021
Mahu2021 collected 100 from pot
Mahu2021: doesn't show hand 
*** SUMMARY ***
Total pot 100 | Rake 0 
Seat 1: moygogur (button) folded before Flop
Seat 2: Mahu2021 (small blind) collected (100)
Seat 3: Timmi244 (big blind) folded before Flop



PokerStars Hand #249093526505: Tournament #3721204897, $4.60+$0.40 USD Hold'em No Limit - Level I (10/20) - 2024/02/25 22:32:55 CET [2024/02/25 16:32:55 ET]
Table '3721204897 1' 3-max Seat #2 is the button
Seat 1: moygogur (460 in chips) 
Seat 2: Mahu2021 (560 in chips) 
Seat 3: Timmi244 (480 in chips) 
Timmi244: posts small blind 10
moygogur: posts big blind 20
*** HOLE CARDS ***
Dealt to Mahu2021 [2c Qs]
Mahu2021: folds 
Timmi244: raises 40 to 60
moygogur: calls 40
*** FLOP *** [9h 3d 5d]
Timmi244 is disconnected 
Timmi244 is connected 
Timmi244 is connected 
Timmi244 has timed out
Timmi244: checks 
moygogur: checks 
*** TURN *** [9h 3d 5d] [Jc]
Timmi244: bets 60
moygogur: calls 60
*** RIVER *** [9h 3d 5d Jc] [Qd]
Timmi244: checks 
moygogur: checks 
*** SHOW DOWN ***
Timmi244: shows [Ah Kc] (high card Ace)
moygogur: shows [6s Js] (a pair of Jacks)
moygogur collected 240 from pot
*** SUMMARY ***
Total pot 240 | Rake 0 
Board [9h 3d 5d Jc Qd]
Seat 1: moygogur (big blind) showed [6s Js] and won (240) with a pair of Jacks
Seat 2: Mahu2021 (button) folded before Flop (didn't bet)
Seat 3: Timmi244 (small blind) showed [Ah Kc] and lost with high card Ace



PokerStars Hand #249093547816: Tournament #3721204897, $4.60+$0.40 USD Hold'em No Limit - Level I (10/20) - 2024/02/25 22:33:46 CET [2024/02/25 16:33:46 ET]
Table '3721204897 1' 3-max Seat #3 is the button
Seat 1: moygogur (580 in chips) 
Seat 2: Mahu2021 (560 in chips) 
Seat 3: Timmi244 (360 in chips) 
moygogur: posts small blind 10
Mahu2021: posts big blind 20
*** HOLE CARDS ***
Dealt to Mahu2021 [Jc Kd]
Timmi244: raises 340 to 360 and is all-in
moygogur: raises 220 to 580 and is all-in
Mahu2021: folds 
Uncalled bet (220) returned to moygogur
*** FLOP *** [Jd 8h Td]
*** TURN *** [Jd 8h Td] [Qs]
*** RIVER *** [Jd 8h Td Qs] [2s]
*** SHOW DOWN ***
moygogur: shows [3s 3c] (a pair of Threes)
Timmi244: shows [9s 9h] (a straight, Eight to Queen)
Timmi244 collected 740 from pot
*** SUMMARY ***
Total pot 740 | Rake 0 
Board [Jd 8h Td Qs 2s]
Seat 1: moygogur (small blind) showed [3s 3c] and lost with a pair of Threes
Seat 2: Mahu2021 (big blind) folded before Flop
Seat 3: Timmi244 (button) showed [9s 9h] and won (740) with a straight, Eight to Queen



PokerStars Hand #249093555300: Tournament #3721204897, $4.60+$0.40 USD Hold'em No Limit - Level I (10/20) - 2024/02/25 22:34:04 CET [2024/02/25 16:34:04 ET]
Table '3721204897 1' 3-max Seat #1 is the button
Seat 1: moygogur (220 in chips) 
Seat 2: Mahu2021 (540 in chips) 
Seat 3: Timmi244 (740 in chips) 
Mahu2021: posts small blind 10
Timmi244: posts big blind 20
*** HOLE CARDS ***
Dealt to Mahu2021 [4s 8c]
moygogur: folds 
Mahu2021: folds 
Uncalled bet (10) returned to Timmi244
Timmi244 collected 20 from pot
*** SUMMARY ***
Total pot 20 | Rake 0 
Seat 1: moygogur (button) folded before Flop (didn't bet)
Seat 2: Mahu2021 (small blind) folded before Flop
Seat 3: Timmi244 (big blind) collected (20)



PokerStars Hand #249093557918: Tournament #3721204897, $4.60+$0.40 USD Hold'em No Limit - Level I (10/20) - 2024/02/25 22:34:10 CET [2024/02/25 16:34:10 ET]
Table '3721204897 1' 3-max Seat #2 is the button
Seat 1: moygogur (220 in chips) 
Seat 2: Mahu2021 (530 in chips) 
Seat 3: Timmi244 (750 in chips) 
Timmi244: posts small blind 10
moygogur: posts big blind 20
*** HOLE CARDS ***
Dealt to Mahu2021 [Ks Ac]
Mahu2021: raises 40 to 60
Timmi244: folds 
moygogur: calls 40
*** FLOP *** [3d Qh Kh]
moygogur: checks 
Mahu2021: bets 60
moygogur: raises 100 to 160 and is all-in
Mahu2021: calls 100
*** TURN *** [3d Qh Kh] [Ad]
*** RIVER *** [3d Qh Kh Ad] [Kd]
*** SHOW DOWN ***
moygogur: shows [2h Jh] (a pair of Kings)
Mahu2021: shows [Ks Ac] (a full house, Kings full of Aces)
Mahu2021 collected 450 from pot
moygogur finished the tournament in 3rd place
*** SUMMARY ***
Total pot 450 | Rake 0 
Board [3d Qh Kh Ad Kd]
Seat 1: moygogur (big blind) showed [2h Jh] and lost with a pair of Kings
Seat 2: Mahu2021 (button) showed [Ks Ac] and won (450) with a full house, Kings full of Aces
Seat 3: Timmi244 (small blind) folded before Flop



PokerStars Hand #249093567751: Tournament #3721204897, $4.60+$0.40 USD Hold'em No Limit - Level I (10/20) - 2024/02/25 22:34:34 CET [2024/02/25 16:34:34 ET]
Table '3721204897 1' 3-max Seat #3 is the button
Seat 2: Mahu2021 (760 in chips) 
Seat 3: Timmi244 (740 in chips) 
Timmi244: posts small blind 10
Mahu2021: posts big blind 20
*** HOLE CARDS ***
Dealt to Mahu2021 [Th 4c]
Timmi244: raises 20 to 40
Mahu2021: folds 
Uncalled bet (20) returned to Timmi244
Timmi244 collected 40 from pot
*** SUMMARY ***
Total pot 40 | Rake 0 
Seat 2: Mahu2021 (big blind) folded before Flop
Seat 3: Timmi244 (button) (small blind) collected (40)



PokerStars Hand #249093569822: Tournament #3721204897, $4.60+$0.40 USD Hold'em No Limit - Level I (10/20) - 2024/02/25 22:34:39 CET [2024/02/25 16:34:39 ET]
Table '3721204897 1' 3-max Seat #2 is the button
Seat 2: Mahu2021 (740 in chips) 
Seat 3: Timmi244 (760 in chips) 
Mahu2021: posts small blind 10
Timmi244: posts big blind 20
*** HOLE CARDS ***
Dealt to Mahu2021 [4d 3d]
Mahu2021: calls 10
Timmi244: checks 
*** FLOP *** [As 5d Ts]
Timmi244: bets 40
Mahu2021: calls 40
*** TURN *** [As 5d Ts] [7d]
Timmi244: bets 120
Mahu2021: calls 120
*** RIVER *** [As 5d Ts 7d] [Jd]
Timmi244: checks 
Mahu2021: bets 560 and is all-in
Timmi244: folds [Ah]
Uncalled bet (560) returned to Mahu2021
Mahu2021 collected 360 from pot
Mahu2021: doesn't show hand 
*** SUMMARY ***
Total pot 360 | Rake 0 
Board [As 5d Ts 7d Jd]
Seat 2: Mahu2021 (button) (small blind) collected (360)
Seat 3: Timmi244 (big blind) folded on the River



PokerStars Hand #249093582919: Tournament #3721204897, $4.60+$0.40 USD Hold'em No Limit - Level I (10/20) - 2024/02/25 22:35:11 CET [2024/02/25 16:35:11 ET]
Table '3721204897 1' 3-max Seat #3 is the button
Seat 2: Mahu2021 (920 in chips) 
Seat 3: Timmi244 (580 in chips) 
Timmi244: posts small blind 10
Mahu2021: posts big blind 20
*** HOLE CARDS ***
Dealt to Mahu2021 [7c Th]
Timmi244: calls 10
Mahu2021: checks 
*** FLOP *** [9s 5s 6d]
Mahu2021: checks 
Timmi244: checks 
*** TURN *** [9s 5s 6d] [Qc]
Mahu2021: checks 
Timmi244: checks 
*** RIVER *** [9s 5s 6d Qc] [Kc]
Mahu2021: checks 
Timmi244: bets 100
Mahu2021: folds 
Uncalled bet (100) returned to Timmi244
Timmi244 collected 40 from pot
*** SUMMARY ***
Total pot 40 | Rake 0 
Board [9s 5s 6d Qc Kc]
Seat 2: Mahu2021 (big blind) folded on the River
Seat 3: Timmi244 (button) (small blind) collected (40)



PokerStars Hand #249093592027: Tournament #3721204897, $4.60+$0.40 USD Hold'em No Limit - Level I (10/20) - 2024/02/25 22:35:33 CET [2024/02/25 16:35:33 ET]
Table '3721204897 1' 3-max Seat #2 is the button
Seat 2: Mahu2021 (900 in chips) 
Seat 3: Timmi244 (600 in chips) 
Mahu2021: posts small blind 10
Timmi244: posts big blind 20
*** HOLE CARDS ***
Dealt to Mahu2021 [2s Jh]
Mahu2021: folds 
Uncalled bet (10) returned to Timmi244
Timmi244 collected 20 from pot
*** SUMMARY ***
Total pot 20 | Rake 0 
Seat 2: Mahu2021 (button) (small blind) folded before Flop
Seat 3: Timmi244 (big blind) collected (20)



PokerStars Hand #249093595187: Tournament #3721204897, $4.60+$0.40 USD Hold'em No Limit - Level II (15/30) - 2024/02/25 22:35:40 CET [2024/02/25 16:35:40 ET]
Table '3721204897 1' 3-max Seat #3 is the button
Seat 2: Mahu2021 (890 in chips) 
Seat 3: Timmi244 (610 in chips) 
Timmi244: posts small blind 15
Mahu2021: posts big blind 30
*** HOLE CARDS ***
Dealt to Mahu2021 [8d 6d]
Timmi244: calls 15
Mahu2021: checks 
*** FLOP *** [2h 7h Ts]
Mahu2021: checks 
Timmi244: checks 
*** TURN *** [2h 7h Ts] [Jh]
Mahu2021: checks 
Timmi244: bets 30
Mahu2021: folds 
Uncalled bet (30) returned to Timmi244
Timmi244 collected 60 from pot
*** SUMMARY ***
Total pot 60 | Rake 0 
Board [2h 7h Ts Jh]
Seat 2: Mahu2021 (big blind) folded on the Turn
Seat 3: Timmi244 (button) (small blind) collected (60)



PokerStars Hand #249093601659: Tournament #3721204897, $4.60+$0.40 USD Hold'em No Limit - Level II (15/30) - 2024/02/25 22:35:56 CET [2024/02/25 16:35:56 ET]
Table '3721204897 1' 3-max Seat #2 is the button
Seat 2: Mahu2021 (860 in chips) 
Seat 3: Timmi244 (640 in chips) 
Mahu2021: posts small blind 15
Timmi244: posts big blind 30
*** HOLE CARDS ***
Dealt to Mahu2021 [4s 5s]
Mahu2021: raises 30 to 60
Timmi244: calls 30
*** FLOP *** [Kh 7h 2d]
Timmi244: checks 
Mahu2021: bets 60
Timmi244: calls 60
*** TURN *** [Kh 7h 2d] [Qc]
Timmi244: checks 
Mahu2021: checks 
*** RIVER *** [Kh 7h 2d Qc] [Ts]
Timmi244: checks 
Mahu2021: checks 
*** SHOW DOWN ***
Timmi244: shows [8d Ad] (high card Ace)
Mahu2021: mucks hand 
Timmi244 collected 240 from pot
*** SUMMARY ***
Total pot 240 | Rake 0 
Board [Kh 7h 2d Qc Ts]
Seat 2: Mahu2021 (button) (small blind) mucked [4s 5s]
Seat 3: Timmi244 (big blind) showed [8d Ad] and won (240) with high card Ace



PokerStars Hand #249093610256: Tournament #3721204897, $4.60+$0.40 USD Hold'em No Limit - Level II (15/30) - 2024/02/25 22:36:17 CET [2024/02/25 16:36:17 ET]
Table '3721204897 1' 3-max Seat #3 is the button
Seat 2: Mahu2021 (740 in chips) 
Seat 3: Timmi244 (760 in chips) 
Timmi244: posts small blind 15
Mahu2021: posts big blind 30
*** HOLE CARDS ***
Dealt to Mahu2021 [6h As]
Timmi244: raises 30 to 60
Mahu2021: calls 30
*** FLOP *** [2c 4d Js]
Mahu2021: checks 
Timmi244: bets 120
Mahu2021: folds 
Uncalled bet (120) returned to Timmi244
Timmi244 collected 120 from pot
*** SUMMARY ***
Total pot 120 | Rake 0 
Board [2c 4d Js]
Seat 2: Mahu2021 (big blind) folded on the Flop
Seat 3: Timmi244 (button) (small blind) collected (120)



PokerStars Hand #249093615349: Tournament #3721204897, $4.60+$0.40 USD Hold'em No Limit - Level II (15/30) - 2024/02/25 22:36:29 CET [2024/02/25 16:36:29 ET]
Table '3721204897 1' 3-max Seat #2 is the button
Seat 2: Mahu2021 (680 in chips) 
Seat 3: Timmi244 (820 in chips) 
Mahu2021: posts small blind 15
Timmi244: posts big blind 30
*** HOLE CARDS ***
Dealt to Mahu2021 [Kh 7s]
Mahu2021: raises 30 to 60
Timmi244: folds 
Uncalled bet (30) returned to Mahu2021
Mahu2021 collected 60 from pot
Mahu2021: doesn't show hand 
*** SUMMARY ***
Total pot 60 | Rake 0 
Seat 2: Mahu2021 (button) (small blind) collected (60)
Seat 3: Timmi244 (big blind) folded before Flop



PokerStars Hand #249093617825: Tournament #3721204897, $4.60+$0.40 USD Hold'em No Limit - Level II (15/30) - 2024/02/25 22:36:35 CET [2024/02/25 16:36:35 ET]
Table '3721204897 1' 3-max Seat #3 is the button
Seat 2: Mahu2021 (710 in chips) 
Seat 3: Timmi244 (790 in chips) 
Timmi244: posts small blind 15
Mahu2021: posts big blind 30
*** HOLE CARDS ***
Dealt to Mahu2021 [8h Ac]
Timmi244: calls 15
Mahu2021: raises 90 to 120
Timmi244: folds 
Uncalled bet (90) returned to Mahu2021
Mahu2021 collected 60 from pot
Mahu2021: doesn't show hand 
*** SUMMARY ***
Total pot 60 | Rake 0 
Seat 2: Mahu2021 (big blind) collected (60)
Seat 3: Timmi244 (button) (small blind) folded before Flop



PokerStars Hand #249093621459: Tournament #3721204897, $4.60+$0.40 USD Hold'em No Limit - Level II (15/30) - 2024/02/25 22:36:44 CET [2024/02/25 16:36:44 ET]
Table '3721204897 1' 3-max Seat #2 is the button
Seat 2: Mahu2021 (740 in chips) 
Seat 3: Timmi244 (760 in chips) 
Mahu2021: posts small blind 15
Timmi244: posts big blind 30
*** HOLE CARDS ***
Dealt to Mahu2021 [3d 8d]
Mahu2021: folds 
Uncalled bet (15) returned to Timmi244
Timmi244 collected 30 from pot
*** SUMMARY ***
Total pot 30 | Rake 0 
Seat 2: Mahu2021 (button) (small blind) folded before Flop
Seat 3: Timmi244 (big blind) collected (30)



PokerStars Hand #249093623417: Tournament #3721204897, $4.60+$0.40 USD Hold'em No Limit - Level II (15/30) - 2024/02/25 22:36:49 CET [2024/02/25 16:36:49 ET]
Table '3721204897 1' 3-max Seat #3 is the button
Seat 2: Mahu2021 (725 in chips) 
Seat 3: Timmi244 (775 in chips) 
Timmi244: posts small blind 15
Mahu2021: posts big blind 30
*** HOLE CARDS ***
Dealt to Mahu2021 [Qc Js]
Timmi244: folds [2h 3c]
Uncalled bet (15) returned to Mahu2021
Mahu2021 collected 30 from pot
Mahu2021: doesn't show hand 
*** SUMMARY ***
Total pot 30 | Rake 0 
Seat 2: Mahu2021 (big blind) collected (30)
Seat 3: Timmi244 (button) (small blind) folded before Flop



PokerStars Hand #249093625950: Tournament #3721204897, $4.60+$0.40 USD Hold'em No Limit - Level II (15/30) - 2024/02/25 22:36:55 CET [2024/02/25 16:36:55 ET]
Table '3721204897 1' 3-max Seat #2 is the button
Seat 2: Mahu2021 (740 in chips) 
Seat 3: Timmi244 (760 in chips) 
Mahu2021: posts small blind 15
Timmi244: posts big blind 30
*** HOLE CARDS ***
Dealt to Mahu2021 [5s 6h]
Mahu2021: calls 15
Timmi244: checks 
*** FLOP *** [4s Kd Kh]
Timmi244: checks 
Mahu2021: checks 
*** TURN *** [4s Kd Kh] [3s]
Timmi244: checks 
Mahu2021: checks 
*** RIVER *** [4s Kd Kh 3s] [5d]
Timmi244: bets 30
Mahu2021: calls 30
*** SHOW DOWN ***
Timmi244: shows [8h 7d] (a pair of Kings)
Mahu2021: shows [5s 6h] (two pair, Kings and Fives)
Mahu2021 collected 120 from pot
*** SUMMARY ***
Total pot 120 | Rake 0 
Board [4s Kd Kh 3s 5d]
Seat 2: Mahu2021 (button) (small blind) showed [5s 6h] and won (120) with two pair, Kings and Fives
Seat 3: Timmi244 (big blind) showed [8h 7d] and lost with a pair of Kings



PokerStars Hand #249093632067: Tournament #3721204897, $4.60+$0.40 USD Hold'em No Limit - Level II (15/30) - 2024/02/25 22:37:10 CET [2024/02/25 16:37:10 ET]
Table '3721204897 1' 3-max Seat #3 is the button
Seat 2: Mahu2021 (800 in chips) 
Seat 3: Timmi244 (700 in chips) 
Timmi244: posts small blind 15
Mahu2021: posts big blind 30
*** HOLE CARDS ***
Dealt to Mahu2021 [Qs Qc]
Timmi244: folds 
Uncalled bet (15) returned to Mahu2021
Mahu2021 collected 30 from pot
Mahu2021: doesn't show hand 
*** SUMMARY ***
Total pot 30 | Rake 0 
Seat 2: Mahu2021 (big blind) collected (30)
Seat 3: Timmi244 (button) (small blind) folded before Flop



PokerStars Hand #249093634267: Tournament #3721204897, $4.60+$0.40 USD Hold'em No Limit - Level II (15/30) - 2024/02/25 22:37:15 CET [2024/02/25 16:37:15 ET]
Table '3721204897 1' 3-max Seat #2 is the button
Seat 2: Mahu2021 (815 in chips) 
Seat 3: Timmi244 (685 in chips) 
Mahu2021: posts small blind 15
Timmi244: posts big blind 30
*** HOLE CARDS ***
Dealt to Mahu2021 [9s 2d]
Mahu2021: folds 
Uncalled bet (15) returned to Timmi244
Timmi244 collected 30 from pot
*** SUMMARY ***
Total pot 30 | Rake 0 
Seat 2: Mahu2021 (button) (small blind) folded before Flop
Seat 3: Timmi244 (big blind) collected (30)



PokerStars Hand #249093636326: Tournament #3721204897, $4.60+$0.40 USD Hold'em No Limit - Level II (15/30) - 2024/02/25 22:37:20 CET [2024/02/25 16:37:20 ET]
Table '3721204897 1' 3-max Seat #3 is the button
Seat 2: Mahu2021 (800 in chips) 
Seat 3: Timmi244 (700 in chips) 
Timmi244: posts small blind 15
Mahu2021: posts big blind 30
*** HOLE CARDS ***
Dealt to Mahu2021 [Kd 4h]
Timmi244: folds 
Uncalled bet (15) returned to Mahu2021
Mahu2021 collected 30 from pot
Mahu2021: doesn't show hand 
*** SUMMARY ***
Total pot 30 | Rake 0 
Seat 2: Mahu2021 (big blind) collected (30)
Seat 3: Timmi244 (button) (small blind) folded before Flop



PokerStars Hand #249093641874: Tournament #3721204897, $4.60+$0.40 USD Hold'em No Limit - Level II (15/30) - 2024/02/25 22:37:34 CET [2024/02/25 16:37:34 ET]
Table '3721204897 1' 3-max Seat #2 is the button
Seat 2: Mahu2021 (815 in chips) 
Seat 3: Timmi244 (685 in chips) 
Mahu2021: posts small blind 15
Timmi244: posts big blind 30
*** HOLE CARDS ***
Dealt to Mahu2021 [Td Qd]
Mahu2021: raises 30 to 60
Timmi244: calls 30
*** FLOP *** [5h Kc 9d]
Timmi244: bets 60
Mahu2021: calls 60
*** TURN *** [5h Kc 9d] [4c]
Timmi244: checks 
Mahu2021: checks 
*** RIVER *** [5h Kc 9d 4c] [7c]
Timmi244: checks 
Mahu2021: bets 240
Timmi244: folds 
Uncalled bet (240) returned to Mahu2021
Mahu2021 collected 240 from pot
Mahu2021: doesn't show hand 
*** SUMMARY ***
Total pot 240 | Rake 0 
Board [5h Kc 9d 4c 7c]
Seat 2: Mahu2021 (button) (small blind) collected (240)
Seat 3: Timmi244 (big blind) folded on the River



PokerStars Hand #249093652330: Tournament #3721204897, $4.60+$0.40 USD Hold'em No Limit - Level II (15/30) - 2024/02/25 22:37:59 CET [2024/02/25 16:37:59 ET]
Table '3721204897 1' 3-max Seat #3 is the button
Seat 2: Mahu2021 (935 in chips) 
Seat 3: Timmi244 (565 in chips) 
Timmi244: posts small blind 15
Mahu2021: posts big blind 30
*** HOLE CARDS ***
Dealt to Mahu2021 [3d 9d]
Timmi244: folds 
Uncalled bet (15) returned to Mahu2021
Mahu2021 collected 30 from pot
Mahu2021: doesn't show hand 
*** SUMMARY ***
Total pot 30 | Rake 0 
Seat 2: Mahu2021 (big blind) collected (30)
Seat 3: Timmi244 (button) (small blind) folded before Flop



PokerStars Hand #249093654351: Tournament #3721204897, $4.60+$0.40 USD Hold'em No Limit - Level II (15/30) - 2024/02/25 22:38:04 CET [2024/02/25 16:38:04 ET]
Table '3721204897 1' 3-max Seat #2 is the button
Seat 2: Mahu2021 (950 in chips) 
Seat 3: Timmi244 (550 in chips) 
Mahu2021: posts small blind 15
Timmi244: posts big blind 30
*** HOLE CARDS ***
Dealt to Mahu2021 [8c 7s]
Mahu2021: calls 15
Timmi244: checks 
*** FLOP *** [7c Qh 2s]
Timmi244: checks 
Mahu2021: bets 60
Timmi244: folds [4s Jd]
Uncalled bet (60) returned to Mahu2021
Mahu2021 collected 60 from pot
Mahu2021: doesn't show hand 
*** SUMMARY ***
Total pot 60 | Rake 0 
Board [7c Qh 2s]
Seat 2: Mahu2021 (button) (small blind) collected (60)
Seat 3: Timmi244 (big blind) folded on the Flop



PokerStars Hand #249093659436: Tournament #3721204897, $4.60+$0.40 USD Hold'em No Limit - Level II (15/30) - 2024/02/25 22:38:16 CET [2024/02/25 16:38:16 ET]
Table '3721204897 1' 3-max Seat #3 is the button
Seat 2: Mahu2021 (980 in chips) 
Seat 3: Timmi244 (520 in chips) 
Timmi244: posts small blind 15
Mahu2021: posts big blind 30
*** HOLE CARDS ***
Dealt to Mahu2021 [Ah 8c]
Timmi244: raises 30 to 60
Mahu2021: calls 30
*** FLOP *** [3d Jc 8h]
Mahu2021: checks 
Timmi244: checks 
*** TURN *** [3d Jc 8h] [4d]
Mahu2021: checks 
Timmi244: bets 60
Mahu2021: raises 860 to 920 and is all-in
Timmi244: folds 
Uncalled bet (860) returned to Mahu2021
Mahu2021 collected 240 from pot
Mahu2021: doesn't show hand 
*** SUMMARY ***
Total pot 240 | Rake 0 
Board [3d Jc 8h 4d]
Seat 2: Mahu2021 (big blind) collected (240)
Seat 3: Timmi244 (button) (small blind) folded on the Turn



PokerStars Hand #249093670503: Tournament #3721204897, $4.60+$0.40 USD Hold'em No Limit - Level III (20/40) - 2024/02/25 22:38:44 CET [2024/02/25 16:38:44 ET]
Table '3721204897 1' 3-max Seat #2 is the button
Seat 2: Mahu2021 (1100 in chips) 
Seat 3: Timmi244 (400 in chips) 
Mahu2021: posts small blind 20
Timmi244: posts big blind 40
*** HOLE CARDS ***
Dealt to Mahu2021 [5c 9h]
Mahu2021: folds 
Uncalled bet (20) returned to Timmi244
Timmi244 collected 40 from pot
*** SUMMARY ***
Total pot 40 | Rake 0 
Seat 2: Mahu2021 (button) (small blind) folded before Flop
Seat 3: Timmi244 (big blind) collected (40)



PokerStars Hand #249093672435: Tournament #3721204897, $4.60+$0.40 USD Hold'em No Limit - Level III (20/40) - 2024/02/25 22:38:48 CET [2024/02/25 16:38:48 ET]
Table '3721204897 1' 3-max Seat #3 is the button
Seat 2: Mahu2021 (1080 in chips) 
Seat 3: Timmi244 (420 in chips) 
Timmi244: posts small blind 20
Mahu2021: posts big blind 40
*** HOLE CARDS ***
Dealt to Mahu2021 [6s Ah]
Timmi244: calls 20
Mahu2021: checks 
*** FLOP *** [Ts 4h 4d]
Mahu2021: checks 
Timmi244: checks 
*** TURN *** [Ts 4h 4d] [Qh]
Mahu2021: checks 
Timmi244: bets 40
Mahu2021: folds 
Uncalled bet (40) returned to Timmi244
Timmi244 collected 80 from pot
*** SUMMARY ***
Total pot 80 | Rake 0 
Board [Ts 4h 4d Qh]
Seat 2: Mahu2021 (big blind) folded on the Turn
Seat 3: Timmi244 (button) (small blind) collected (80)



PokerStars Hand #249093677983: Tournament #3721204897, $4.60+$0.40 USD Hold'em No Limit - Level III (20/40) - 2024/02/25 22:39:02 CET [2024/02/25 16:39:02 ET]
Table '3721204897 1' 3-max Seat #2 is the button
Seat 2: Mahu2021 (1040 in chips) 
Seat 3: Timmi244 (460 in chips) 
Mahu2021: posts small blind 20
Timmi244: posts big blind 40
*** HOLE CARDS ***
Dealt to Mahu2021 [Jh 8h]
Mahu2021: calls 20
Timmi244: checks 
*** FLOP *** [7h 7c 6d]
Timmi244: bets 40
Mahu2021: folds 
Uncalled bet (40) returned to Timmi244
Timmi244 collected 80 from pot
*** SUMMARY ***
Total pot 80 | Rake 0 
Board [7h 7c 6d]
Seat 2: Mahu2021 (button) (small blind) folded on the Flop
Seat 3: Timmi244 (big blind) collected (80)



PokerStars Hand #249093682213: Tournament #3721204897, $4.60+$0.40 USD Hold'em No Limit - Level III (20/40) - 2024/02/25 22:39:12 CET [2024/02/25 16:39:12 ET]
Table '3721204897 1' 3-max Seat #3 is the button
Seat 2: Mahu2021 (1000 in chips) 
Seat 3: Timmi244 (500 in chips) 
Timmi244: posts small blind 20
Mahu2021: posts big blind 40
*** HOLE CARDS ***
Dealt to Mahu2021 [Kh Kc]
Timmi244: folds 
Uncalled bet (20) returned to Mahu2021
Mahu2021 collected 40 from pot
Mahu2021: doesn't show hand 
*** SUMMARY ***
Total pot 40 | Rake 0 
Seat 2: Mahu2021 (big blind) collected (40)
Seat 3: Timmi244 (button) (small blind) folded before Flop



PokerStars Hand #249093684292: Tournament #3721204897, $4.60+$0.40 USD Hold'em No Limit - Level III (20/40) - 2024/02/25 22:39:17 CET [2024/02/25 16:39:17 ET]
Table '3721204897 1' 3-max Seat #2 is the button
Seat 2: Mahu2021 (1020 in chips) 
Seat 3: Timmi244 (480 in chips) 
Mahu2021: posts small blind 20
Timmi244: posts big blind 40
*** HOLE CARDS ***
Dealt to Mahu2021 [8h Jc]
Mahu2021: calls 20
Timmi244: checks 
*** FLOP *** [5c Ac 9c]
Timmi244: bets 40
Mahu2021: calls 40
*** TURN *** [5c Ac 9c] [4s]
Timmi244: checks 
Mahu2021: checks 
*** RIVER *** [5c Ac 9c 4s] [Qc]
Timmi244: bets 160
Mahu2021: calls 160
*** SHOW DOWN ***
Timmi244: shows [Qd Tc] (a flush, Ace high)
Mahu2021: shows [8h Jc] (a flush, Ace high - Jack higher)
Mahu2021 collected 480 from pot
*** SUMMARY ***
Total pot 480 | Rake 0 
Board [5c Ac 9c 4s Qc]
Seat 2: Mahu2021 (button) (small blind) showed [8h Jc] and won (480) with a flush, Ace high
Seat 3: Timmi244 (big blind) showed [Qd Tc] and lost with a flush, Ace high



PokerStars Hand #249093692578: Tournament #3721204897, $4.60+$0.40 USD Hold'em No Limit - Level III (20/40) - 2024/02/25 22:39:38 CET [2024/02/25 16:39:38 ET]
Table '3721204897 1' 3-max Seat #3 is the button
Seat 2: Mahu2021 (1260 in chips) 
Seat 3: Timmi244 (240 in chips) 
Timmi244: posts small blind 20
Mahu2021: posts big blind 40
*** HOLE CARDS ***
Dealt to Mahu2021 [7h 7s]
Timmi244: calls 20
Mahu2021: raises 1220 to 1260 and is all-in
Timmi244: folds 
Uncalled bet (1220) returned to Mahu2021
Mahu2021 collected 80 from pot
Mahu2021: doesn't show hand 
*** SUMMARY ***
Total pot 80 | Rake 0 
Seat 2: Mahu2021 (big blind) collected (80)
Seat 3: Timmi244 (button) (small blind) folded before Flop



PokerStars Hand #249093696898: Tournament #3721204897, $4.60+$0.40 USD Hold'em No Limit - Level III (20/40) - 2024/02/25 22:39:48 CET [2024/02/25 16:39:48 ET]
Table '3721204897 1' 3-max Seat #2 is the button
Seat 2: Mahu2021 (1300 in chips) 
Seat 3: Timmi244 (200 in chips) 
Mahu2021: posts small blind 20
Timmi244: posts big blind 40
*** HOLE CARDS ***
Dealt to Mahu2021 [7d 4h]
Mahu2021: folds 
Uncalled bet (20) returned to Timmi244
Timmi244 collected 40 from pot
*** SUMMARY ***
Total pot 40 | Rake 0 
Seat 2: Mahu2021 (button) (small blind) folded before Flop
Seat 3: Timmi244 (big blind) collected (40)



PokerStars Hand #249093698848: Tournament #3721204897, $4.60+$0.40 USD Hold'em No Limit - Level III (20/40) - 2024/02/25 22:39:53 CET [2024/02/25 16:39:53 ET]
Table '3721204897 1' 3-max Seat #3 is the button
Seat 2: Mahu2021 (1280 in chips) 
Seat 3: Timmi244 (220 in chips) 
Timmi244: posts small blind 20
Mahu2021: posts big blind 40
*** HOLE CARDS ***
Dealt to Mahu2021 [Qh Kd]
Timmi244: folds 
Uncalled bet (20) returned to Mahu2021
Mahu2021 collected 40 from pot
Mahu2021: doesn't show hand 
*** SUMMARY ***
Total pot 40 | Rake 0 
Seat 2: Mahu2021 (big blind) collected (40)
Seat 3: Timmi244 (button) (small blind) folded before Flop



PokerStars Hand #249093700768: Tournament #3721204897, $4.60+$0.40 USD Hold'em No Limit - Level III (20/40) - 2024/02/25 22:39:58 CET [2024/02/25 16:39:58 ET]
Table '3721204897 1' 3-max Seat #2 is the button
Seat 2: Mahu2021 (1300 in chips) 
Seat 3: Timmi244 (200 in chips) 
Mahu2021: posts small blind 20
Timmi244: posts big blind 40
*** HOLE CARDS ***
Dealt to Mahu2021 [4h 4d]
Mahu2021: raises 1260 to 1300 and is all-in
Timmi244: folds 
Uncalled bet (1260) returned to Mahu2021
Mahu2021 collected 80 from pot
Mahu2021: doesn't show hand 
*** SUMMARY ***
Total pot 80 | Rake 0 
Seat 2: Mahu2021 (button) (small blind) collected (80)
Seat 3: Timmi244 (big blind) folded before Flop



PokerStars Hand #249093702829: Tournament #3721204897, $4.60+$0.40 USD Hold'em No Limit - Level III (20/40) - 2024/02/25 22:40:03 CET [2024/02/25 16:40:03 ET]
Table '3721204897 1' 3-max Seat #3 is the button
Seat 2: Mahu2021 (1340 in chips) 
Seat 3: Timmi244 (160 in chips) 
Timmi244: posts small blind 20
Mahu2021: posts big blind 40
*** HOLE CARDS ***
Dealt to Mahu2021 [9d Th]
Timmi244: raises 120 to 160 and is all-in
Mahu2021: folds 
Uncalled bet (120) returned to Timmi244
Timmi244 collected 80 from pot
*** SUMMARY ***
Total pot 80 | Rake 0 
Seat 2: Mahu2021 (big blind) folded before Flop
Seat 3: Timmi244 (button) (small blind) collected (80)



PokerStars Hand #249093705812: Tournament #3721204897, $4.60+$0.40 USD Hold'em No Limit - Level III (20/40) - 2024/02/25 22:40:11 CET [2024/02/25 16:40:11 ET]
Table '3721204897 1' 3-max Seat #2 is the button
Seat 2: Mahu2021 (1300 in chips) 
Seat 3: Timmi244 (200 in chips) 
Mahu2021: posts small blind 20
Timmi244: posts big blind 40
*** HOLE CARDS ***
Dealt to Mahu2021 [6d Ah]
Mahu2021: raises 1260 to 1300 and is all-in
Timmi244: folds 
Uncalled bet (1260) returned to Mahu2021
Mahu2021 collected 80 from pot
Mahu2021: doesn't show hand 
*** SUMMARY ***
Total pot 80 | Rake 0 
Seat 2: Mahu2021 (button) (small blind) collected (80)
Seat 3: Timmi244 (big blind) folded before Flop



PokerStars Hand #249093708558: Tournament #3721204897, $4.60+$0.40 USD Hold'em No Limit - Level III (20/40) - 2024/02/25 22:40:18 CET [2024/02/25 16:40:18 ET]
Table '3721204897 1' 3-max Seat #3 is the button
Seat 2: Mahu2021 (1340 in chips) 
Seat 3: Timmi244 (160 in chips) 
Timmi244: posts small blind 20
Mahu2021: posts big blind 40
*** HOLE CARDS ***
Dealt to Mahu2021 [Js 9c]
Timmi244: folds 
Uncalled bet (20) returned to Mahu2021
Mahu2021 collected 40 from pot
Mahu2021: doesn't show hand 
*** SUMMARY ***
Total pot 40 | Rake 0 
Seat 2: Mahu2021 (big blind) collected (40)
Seat 3: Timmi244 (button) (small blind) folded before Flop



PokerStars Hand #249093710958: Tournament #3721204897, $4.60+$0.40 USD Hold'em No Limit - Level III (20/40) - 2024/02/25 22:40:23 CET [2024/02/25 16:40:23 ET]
Table '3721204897 1' 3-max Seat #2 is the button
Seat 2: Mahu2021 (1360 in chips) 
Seat 3: Timmi244 (140 in chips) 
Mahu2021: posts small blind 20
Timmi244: posts big blind 40
*** HOLE CARDS ***
Dealt to Mahu2021 [3h 6s]
Mahu2021: folds 
Uncalled bet (20) returned to Timmi244
Timmi244 collected 40 from pot
*** SUMMARY ***
Total pot 40 | Rake 0 
Seat 2: Mahu2021 (button) (small blind) folded before Flop
Seat 3: Timmi244 (big blind) collected (40)



PokerStars Hand #249093713024: Tournament #3721204897, $4.60+$0.40 USD Hold'em No Limit - Level III (20/40) - 2024/02/25 22:40:29 CET [2024/02/25 16:40:29 ET]
Table '3721204897 1' 3-max Seat #3 is the button
Seat 2: Mahu2021 (1340 in chips) 
Seat 3: Timmi244 (160 in chips) 
Timmi244: posts small blind 20
Mahu2021: posts big blind 40
*** HOLE CARDS ***
Dealt to Mahu2021 [3d Ah]
Timmi244: raises 120 to 160 and is all-in
Mahu2021: calls 120
*** FLOP *** [6d 6h 7h]
*** TURN *** [6d 6h 7h] [Th]
*** RIVER *** [6d 6h 7h Th] [5h]
*** SHOW DOWN ***
Mahu2021: shows [3d Ah] (a flush, Ace high)
Timmi244: shows [As 2h] (a flush, Ten high)
Mahu2021 collected 320 from pot
Timmi244 finished the tournament in 2nd place
Mahu2021 wins the tournament and receives $15.00 - congratulations!
*** SUMMARY ***
Total pot 320 | Rake 0 
Board [6d 6h 7h Th 5h]
Seat 2: Mahu2021 (big blind) showed [3d Ah] and won (320) with a flush, Ace high
Seat 3: Timmi244 (button) (small blind) showed [As 2h] and lost with a flush, Ten high



