PokerStars Hand #249400811474: Tournament #3728356009, $1.84+$0.16 USD Hold'em No Limit - Level I (10/20) - 2024/03/13 19:09:47 CET [2024/03/13 14:09:47 ET]
Table '3728356009 1' 3-max Seat #1 is the button
Seat 1: DanielP9808 (500 in chips) 
Seat 2: Mahu2021 (500 in chips) 
Seat 3: cal1um2 (500 in chips) 
Mahu2021: posts small blind 10
cal1um2: posts big blind 20
*** HOLE CARDS ***
Dealt to Mahu2021 [6h 9d]
DanielP9808: calls 20
Mahu2021: folds 
cal1um2: checks 
*** FLOP *** [Jd 6c 8s]
cal1um2: checks 
DanielP9808: checks 
*** TURN *** [Jd 6c 8s] [3d]
cal1um2: checks 
DanielP9808: checks 
*** RIVER *** [Jd 6c 8s 3d] [8c]
cal1um2: checks 
DanielP9808: checks 
*** SHOW DOWN ***
cal1um2: shows [2d 2s] (two pair, Eights and Deuces)
DanielP9808: mucks hand 
cal1um2 collected 50 from pot
*** SUMMARY ***
Total pot 50 | Rake 0 
Board [Jd 6c 8s 3d 8c]
Seat 1: DanielP9808 (button) mucked [Qh 9s]
Seat 2: Mahu2021 (small blind) folded before Flop
Seat 3: cal1um2 (big blind) showed [2d 2s] and won (50) with two pair, Eights and Deuces



PokerStars Hand #249400816762: Tournament #3728356009, $1.84+$0.16 USD Hold'em No Limit - Level I (10/20) - 2024/03/13 19:10:05 CET [2024/03/13 14:10:05 ET]
Table '3728356009 1' 3-max Seat #2 is the button
Seat 1: DanielP9808 (480 in chips) 
Seat 2: Mahu2021 (490 in chips) 
Seat 3: cal1um2 (530 in chips) 
cal1um2: posts small blind 10
DanielP9808: posts big blind 20
*** HOLE CARDS ***
Dealt to Mahu2021 [4s Ac]
Mahu2021: calls 20
cal1um2: folds 
DanielP9808: checks 
*** FLOP *** [7s 6d 5c]
DanielP9808: checks 
Mahu2021: bets 20
DanielP9808: calls 20
*** TURN *** [7s 6d 5c] [2d]
DanielP9808: checks 
Mahu2021: checks 
*** RIVER *** [7s 6d 5c 2d] [3s]
DanielP9808: checks 
Mahu2021: bets 90
DanielP9808: folds 
Uncalled bet (90) returned to Mahu2021
Mahu2021 collected 90 from pot
Mahu2021: doesn't show hand 
*** SUMMARY ***
Total pot 90 | Rake 0 
Board [7s 6d 5c 2d 3s]
Seat 1: DanielP9808 (big blind) folded on the River
Seat 2: Mahu2021 (button) collected (90)
Seat 3: cal1um2 (small blind) folded before Flop



PokerStars Hand #249400823496: Tournament #3728356009, $1.84+$0.16 USD Hold'em No Limit - Level I (10/20) - 2024/03/13 19:10:28 CET [2024/03/13 14:10:28 ET]
Table '3728356009 1' 3-max Seat #3 is the button
Seat 1: DanielP9808 (440 in chips) 
Seat 2: Mahu2021 (540 in chips) 
Seat 3: cal1um2 (520 in chips) 
DanielP9808: posts small blind 10
Mahu2021: posts big blind 20
*** HOLE CARDS ***
Dealt to Mahu2021 [7d 8d]
cal1um2: raises 20 to 40
DanielP9808: raises 400 to 440 and is all-in
Mahu2021: folds 
cal1um2: calls 400
*** FLOP *** [Ts Ad Qh]
*** TURN *** [Ts Ad Qh] [Tc]
*** RIVER *** [Ts Ad Qh Tc] [Jd]
*** SHOW DOWN ***
DanielP9808: shows [9d 9h] (two pair, Tens and Nines)
cal1um2: shows [As 8c] (two pair, Aces and Tens)
cal1um2 collected 900 from pot
DanielP9808 finished the tournament in 3rd place
*** SUMMARY ***
Total pot 900 | Rake 0 
Board [Ts Ad Qh Tc Jd]
Seat 1: DanielP9808 (small blind) showed [9d 9h] and lost with two pair, Tens and Nines
Seat 2: Mahu2021 (big blind) folded before Flop
Seat 3: cal1um2 (button) showed [As 8c] and won (900) with two pair, Aces and Tens



PokerStars Hand #249400829163: Tournament #3728356009, $1.84+$0.16 USD Hold'em No Limit - Level I (10/20) - 2024/03/13 19:10:47 CET [2024/03/13 14:10:47 ET]
Table '3728356009 1' 3-max Seat #2 is the button
Seat 2: Mahu2021 (520 in chips) 
Seat 3: cal1um2 (980 in chips) 
Mahu2021: posts small blind 10
cal1um2: posts big blind 20
*** HOLE CARDS ***
Dealt to Mahu2021 [6c Jc]
Mahu2021: calls 10
cal1um2: checks 
*** FLOP *** [3h 6d Qh]
cal1um2: checks 
Mahu2021: bets 20
cal1um2: folds 
Uncalled bet (20) returned to Mahu2021
Mahu2021 collected 40 from pot
Mahu2021: doesn't show hand 
*** SUMMARY ***
Total pot 40 | Rake 0 
Board [3h 6d Qh]
Seat 2: Mahu2021 (button) (small blind) collected (40)
Seat 3: cal1um2 (big blind) folded on the Flop



PokerStars Hand #249400833021: Tournament #3728356009, $1.84+$0.16 USD Hold'em No Limit - Level I (10/20) - 2024/03/13 19:11:00 CET [2024/03/13 14:11:00 ET]
Table '3728356009 1' 3-max Seat #3 is the button
Seat 2: Mahu2021 (540 in chips) 
Seat 3: cal1um2 (960 in chips) 
cal1um2: posts small blind 10
Mahu2021: posts big blind 20
*** HOLE CARDS ***
Dealt to Mahu2021 [Tc Kd]
cal1um2: raises 20 to 40
Mahu2021: calls 20
*** FLOP *** [Js Qh 6d]
Mahu2021: checks 
cal1um2: bets 26
Mahu2021: calls 26
*** TURN *** [Js Qh 6d] [9c]
Mahu2021: checks 
cal1um2: checks 
*** RIVER *** [Js Qh 6d 9c] [3c]
Mahu2021: bets 132
cal1um2: folds 
Uncalled bet (132) returned to Mahu2021
Mahu2021 collected 132 from pot
Mahu2021: doesn't show hand 
*** SUMMARY ***
Total pot 132 | Rake 0 
Board [Js Qh 6d 9c 3c]
Seat 2: Mahu2021 (big blind) collected (132)
Seat 3: cal1um2 (button) (small blind) folded on the River



PokerStars Hand #249400840443: Tournament #3728356009, $1.84+$0.16 USD Hold'em No Limit - Level I (10/20) - 2024/03/13 19:11:25 CET [2024/03/13 14:11:25 ET]
Table '3728356009 1' 3-max Seat #2 is the button
Seat 2: Mahu2021 (606 in chips) 
Seat 3: cal1um2 (894 in chips) 
Mahu2021: posts small blind 10
cal1um2: posts big blind 20
*** HOLE CARDS ***
Dealt to Mahu2021 [7h Th]
Mahu2021: calls 10
cal1um2: checks 
*** FLOP *** [4d 6c Jc]
cal1um2: checks 
Mahu2021: checks 
*** TURN *** [4d 6c Jc] [3d]
cal1um2: bets 20
Mahu2021: calls 20
*** RIVER *** [4d 6c Jc 3d] [4s]
cal1um2: checks 
Mahu2021: bets 80
cal1um2: calls 80
*** SHOW DOWN ***
Mahu2021: shows [7h Th] (a pair of Fours)
cal1um2: shows [Qh 5d] (a pair of Fours - Queen kicker)
cal1um2 collected 240 from pot
*** SUMMARY ***
Total pot 240 | Rake 0 
Board [4d 6c Jc 3d 4s]
Seat 2: Mahu2021 (button) (small blind) showed [7h Th] and lost with a pair of Fours
Seat 3: cal1um2 (big blind) showed [Qh 5d] and won (240) with a pair of Fours



PokerStars Hand #249400846994: Tournament #3728356009, $1.84+$0.16 USD Hold'em No Limit - Level I (10/20) - 2024/03/13 19:11:48 CET [2024/03/13 14:11:48 ET]
Table '3728356009 1' 3-max Seat #3 is the button
Seat 2: Mahu2021 (486 in chips) 
Seat 3: cal1um2 (1014 in chips) 
cal1um2: posts small blind 10
Mahu2021: posts big blind 20
*** HOLE CARDS ***
Dealt to Mahu2021 [Ad Ac]
cal1um2: calls 10
Mahu2021: raises 466 to 486 and is all-in
cal1um2: folds 
Uncalled bet (466) returned to Mahu2021
Mahu2021 collected 40 from pot
Mahu2021: doesn't show hand 
*** SUMMARY ***
Total pot 40 | Rake 0 
Seat 2: Mahu2021 (big blind) collected (40)
Seat 3: cal1um2 (button) (small blind) folded before Flop



PokerStars Hand #249400849983: Tournament #3728356009, $1.84+$0.16 USD Hold'em No Limit - Level II (15/30) - 2024/03/13 19:11:58 CET [2024/03/13 14:11:58 ET]
Table '3728356009 1' 3-max Seat #2 is the button
Seat 2: Mahu2021 (506 in chips) 
Seat 3: cal1um2 (994 in chips) 
Mahu2021: posts small blind 15
cal1um2: posts big blind 30
*** HOLE CARDS ***
Dealt to Mahu2021 [5c Jc]
Mahu2021: calls 15
cal1um2: checks 
*** FLOP *** [7c Tc 4c]
cal1um2: checks 
Mahu2021: bets 30
cal1um2: calls 30
*** TURN *** [7c Tc 4c] [Kd]
cal1um2: checks 
Mahu2021: bets 30
cal1um2: raises 90 to 120
Mahu2021: raises 326 to 446 and is all-in
cal1um2: calls 326
*** RIVER *** [7c Tc 4c Kd] [6c]
*** SHOW DOWN ***
cal1um2: shows [Kc 7d] (a flush, King high)
Mahu2021: shows [5c Jc] (a flush, Jack high)
cal1um2 collected 1012 from pot
Mahu2021 finished the tournament in 2nd place
cal1um2 wins the tournament and receives $4.00 - congratulations!
*** SUMMARY ***
Total pot 1012 | Rake 0 
Board [7c Tc 4c Kd 6c]
Seat 2: Mahu2021 (button) (small blind) showed [5c Jc] and lost with a flush, Jack high
Seat 3: cal1um2 (big blind) showed [Kc 7d] and won (1012) with a flush, King high



