PokerStars Hand #247764265033: Tournament #3688948120, $1.84+$0.16 USD Hold'em No Limit - Level I (10/20) - 2023/12/20 12:47:39 CET [2023/12/20 6:47:39 ET]
Table '3688948120 1' 3-max Seat #1 is the button
Seat 1: Mahu2021 (500 in chips) 
Seat 2: b!g_tr0uble (500 in chips) 
Seat 3: robis1965 (500 in chips) 
b!g_tr0uble: posts small blind 10
robis1965: posts big blind 20
*** HOLE CARDS ***
Dealt to Mahu2021 [Kh 7d]
Mahu2021: folds 
b!g_tr0uble: calls 10
robis1965: raises 460 to 480
b!g_tr0uble: folds 
Uncalled bet (460) returned to robis1965
robis1965 collected 40 from pot
robis1965: doesn't show hand 
*** SUMMARY ***
Total pot 40 | Rake 0 
Seat 1: Mahu2021 (button) folded before Flop (didn't bet)
Seat 2: b!g_tr0uble (small blind) folded before Flop
Seat 3: robis1965 (big blind) collected (40)



PokerStars Hand #247764268579: Tournament #3688948120, $1.84+$0.16 USD Hold'em No Limit - Level I (10/20) - 2023/12/20 12:48:01 CET [2023/12/20 6:48:01 ET]
Table '3688948120 1' 3-max Seat #2 is the button
Seat 1: Mahu2021 (500 in chips) 
Seat 2: b!g_tr0uble (480 in chips) 
Seat 3: robis1965 (520 in chips) 
robis1965: posts small blind 10
Mahu2021: posts big blind 20
*** HOLE CARDS ***
Dealt to Mahu2021 [9s 7s]
b!g_tr0uble: folds 
robis1965: raises 20 to 40
Mahu2021: calls 20
*** FLOP *** [Ks 2h Kc]
robis1965: checks 
Mahu2021: checks 
*** TURN *** [Ks 2h Kc] [Ts]
robis1965: checks 
Mahu2021: bets 80
robis1965: folds 
Uncalled bet (80) returned to Mahu2021
Mahu2021 collected 80 from pot
Mahu2021: doesn't show hand 
*** SUMMARY ***
Total pot 80 | Rake 0 
Board [Ks 2h Kc Ts]
Seat 1: Mahu2021 (big blind) collected (80)
Seat 2: b!g_tr0uble (button) folded before Flop (didn't bet)
Seat 3: robis1965 (small blind) folded on the Turn



PokerStars Hand #247764271931: Tournament #3688948120, $1.84+$0.16 USD Hold'em No Limit - Level I (10/20) - 2023/12/20 12:48:22 CET [2023/12/20 6:48:22 ET]
Table '3688948120 1' 3-max Seat #3 is the button
Seat 1: Mahu2021 (540 in chips) 
Seat 2: b!g_tr0uble (480 in chips) 
Seat 3: robis1965 (480 in chips) 
Mahu2021: posts small blind 10
b!g_tr0uble: posts big blind 20
*** HOLE CARDS ***
Dealt to Mahu2021 [Qh Ts]
robis1965: folds 
Mahu2021: calls 10
b!g_tr0uble: checks 
*** FLOP *** [Jd Js 3h]
Mahu2021: checks 
b!g_tr0uble: checks 
*** TURN *** [Jd Js 3h] [9d]
Mahu2021: bets 20
b!g_tr0uble: calls 20
*** RIVER *** [Jd Js 3h 9d] [Td]
Mahu2021: bets 20
b!g_tr0uble: calls 20
*** SHOW DOWN ***
Mahu2021: shows [Qh Ts] (two pair, Jacks and Tens)
b!g_tr0uble: shows [Ks Qs] (a straight, Nine to King)
b!g_tr0uble collected 120 from pot
*** SUMMARY ***
Total pot 120 | Rake 0 
Board [Jd Js 3h 9d Td]
Seat 1: Mahu2021 (small blind) showed [Qh Ts] and lost with two pair, Jacks and Tens
Seat 2: b!g_tr0uble (big blind) showed [Ks Qs] and won (120) with a straight, Nine to King
Seat 3: robis1965 (button) folded before Flop (didn't bet)



PokerStars Hand #247764276673: Tournament #3688948120, $1.84+$0.16 USD Hold'em No Limit - Level I (10/20) - 2023/12/20 12:48:52 CET [2023/12/20 6:48:52 ET]
Table '3688948120 1' 3-max Seat #1 is the button
Seat 1: Mahu2021 (480 in chips) 
Seat 2: b!g_tr0uble (540 in chips) 
Seat 3: robis1965 (480 in chips) 
b!g_tr0uble: posts small blind 10
robis1965: posts big blind 20
*** HOLE CARDS ***
Dealt to Mahu2021 [5s 2d]
Mahu2021: folds 
b!g_tr0uble: folds 
Uncalled bet (10) returned to robis1965
robis1965 collected 20 from pot
robis1965: doesn't show hand 
*** SUMMARY ***
Total pot 20 | Rake 0 
Seat 1: Mahu2021 (button) folded before Flop (didn't bet)
Seat 2: b!g_tr0uble (small blind) folded before Flop
Seat 3: robis1965 (big blind) collected (20)



PokerStars Hand #247764277563: Tournament #3688948120, $1.84+$0.16 USD Hold'em No Limit - Level I (10/20) - 2023/12/20 12:48:58 CET [2023/12/20 6:48:58 ET]
Table '3688948120 1' 3-max Seat #2 is the button
Seat 1: Mahu2021 (480 in chips) 
Seat 2: b!g_tr0uble (530 in chips) 
Seat 3: robis1965 (490 in chips) 
robis1965: posts small blind 10
Mahu2021: posts big blind 20
*** HOLE CARDS ***
Dealt to Mahu2021 [3h 7s]
b!g_tr0uble: folds 
robis1965: calls 10
Mahu2021: checks 
*** FLOP *** [Qs 5s Ac]
robis1965: checks 
Mahu2021: checks 
*** TURN *** [Qs 5s Ac] [9s]
robis1965: checks 
Mahu2021: checks 
*** RIVER *** [Qs 5s Ac 9s] [Kd]
robis1965: bets 20
Mahu2021: folds 
Uncalled bet (20) returned to robis1965
robis1965 collected 40 from pot
robis1965: doesn't show hand 
*** SUMMARY ***
Total pot 40 | Rake 0 
Board [Qs 5s Ac 9s Kd]
Seat 1: Mahu2021 (big blind) folded on the River
Seat 2: b!g_tr0uble (button) folded before Flop (didn't bet)
Seat 3: robis1965 (small blind) collected (40)



PokerStars Hand #247764281599: Tournament #3688948120, $1.84+$0.16 USD Hold'em No Limit - Level I (10/20) - 2023/12/20 12:49:23 CET [2023/12/20 6:49:23 ET]
Table '3688948120 1' 3-max Seat #3 is the button
Seat 1: Mahu2021 (460 in chips) 
Seat 2: b!g_tr0uble (530 in chips) 
Seat 3: robis1965 (510 in chips) 
Mahu2021: posts small blind 10
b!g_tr0uble: posts big blind 20
*** HOLE CARDS ***
Dealt to Mahu2021 [2d 6s]
robis1965: folds 
Mahu2021: folds 
Uncalled bet (10) returned to b!g_tr0uble
b!g_tr0uble collected 20 from pot
*** SUMMARY ***
Total pot 20 | Rake 0 
Seat 1: Mahu2021 (small blind) folded before Flop
Seat 2: b!g_tr0uble (big blind) collected (20)
Seat 3: robis1965 (button) folded before Flop (didn't bet)



PokerStars Hand #247764282606: Tournament #3688948120, $1.84+$0.16 USD Hold'em No Limit - Level I (10/20) - 2023/12/20 12:49:30 CET [2023/12/20 6:49:30 ET]
Table '3688948120 1' 3-max Seat #1 is the button
Seat 1: Mahu2021 (450 in chips) 
Seat 2: b!g_tr0uble (540 in chips) 
Seat 3: robis1965 (510 in chips) 
b!g_tr0uble: posts small blind 10
robis1965: posts big blind 20
*** HOLE CARDS ***
Dealt to Mahu2021 [4d 4h]
Mahu2021: raises 20 to 40
b!g_tr0uble: folds 
robis1965: calls 20
*** FLOP *** [8c 9h 7d]
robis1965: checks 
Mahu2021: bets 40
robis1965: calls 40
*** TURN *** [8c 9h 7d] [Ad]
robis1965: checks 
Mahu2021: checks 
*** RIVER *** [8c 9h 7d Ad] [Ac]
robis1965: checks 
Mahu2021: checks 
*** SHOW DOWN ***
robis1965: shows [Kc 9s] (two pair, Aces and Nines)
Mahu2021: mucks hand 
robis1965 collected 170 from pot
*** SUMMARY ***
Total pot 170 | Rake 0 
Board [8c 9h 7d Ad Ac]
Seat 1: Mahu2021 (button) mucked [4d 4h]
Seat 2: b!g_tr0uble (small blind) folded before Flop
Seat 3: robis1965 (big blind) showed [Kc 9s] and won (170) with two pair, Aces and Nines



PokerStars Hand #247764285670: Tournament #3688948120, $1.84+$0.16 USD Hold'em No Limit - Level I (10/20) - 2023/12/20 12:49:49 CET [2023/12/20 6:49:49 ET]
Table '3688948120 1' 3-max Seat #2 is the button
Seat 1: Mahu2021 (370 in chips) 
Seat 2: b!g_tr0uble (530 in chips) 
Seat 3: robis1965 (600 in chips) 
robis1965: posts small blind 10
Mahu2021: posts big blind 20
*** HOLE CARDS ***
Dealt to Mahu2021 [Ks Jc]
b!g_tr0uble: folds 
robis1965: raises 20 to 40
Mahu2021: calls 20
*** FLOP *** [Qd 2d 8h]
robis1965: bets 20
Mahu2021: folds 
Uncalled bet (20) returned to robis1965
robis1965 collected 80 from pot
robis1965: doesn't show hand 
*** SUMMARY ***
Total pot 80 | Rake 0 
Board [Qd 2d 8h]
Seat 1: Mahu2021 (big blind) folded on the Flop
Seat 2: b!g_tr0uble (button) folded before Flop (didn't bet)
Seat 3: robis1965 (small blind) collected (80)



PokerStars Hand #247764288306: Tournament #3688948120, $1.84+$0.16 USD Hold'em No Limit - Level I (10/20) - 2023/12/20 12:50:05 CET [2023/12/20 6:50:05 ET]
Table '3688948120 1' 3-max Seat #3 is the button
Seat 1: Mahu2021 (330 in chips) 
Seat 2: b!g_tr0uble (530 in chips) 
Seat 3: robis1965 (640 in chips) 
Mahu2021: posts small blind 10
b!g_tr0uble: posts big blind 20
*** HOLE CARDS ***
Dealt to Mahu2021 [3h 3d]
robis1965: folds 
Mahu2021: calls 10
b!g_tr0uble: checks 
*** FLOP *** [6d 3s Qh]
Mahu2021: checks 
b!g_tr0uble: checks 
*** TURN *** [6d 3s Qh] [7s]
Mahu2021: checks 
b!g_tr0uble: checks 
*** RIVER *** [6d 3s Qh 7s] [6c]
Mahu2021: bets 40
b!g_tr0uble: folds 
Uncalled bet (40) returned to Mahu2021
Mahu2021 collected 40 from pot
Mahu2021: doesn't show hand 
*** SUMMARY ***
Total pot 40 | Rake 0 
Board [6d 3s Qh 7s 6c]
Seat 1: Mahu2021 (small blind) collected (40)
Seat 2: b!g_tr0uble (big blind) folded on the River
Seat 3: robis1965 (button) folded before Flop (didn't bet)



PokerStars Hand #247764291983: Tournament #3688948120, $1.84+$0.16 USD Hold'em No Limit - Level I (10/20) - 2023/12/20 12:50:28 CET [2023/12/20 6:50:28 ET]
Table '3688948120 1' 3-max Seat #1 is the button
Seat 1: Mahu2021 (350 in chips) 
Seat 2: b!g_tr0uble (510 in chips) 
Seat 3: robis1965 (640 in chips) 
b!g_tr0uble: posts small blind 10
robis1965: posts big blind 20
*** HOLE CARDS ***
Dealt to Mahu2021 [Ah Kc]
Mahu2021: raises 20 to 40
b!g_tr0uble: folds 
robis1965: calls 20
*** FLOP *** [Kd Qd 9d]
robis1965: checks 
Mahu2021: bets 310 and is all-in
robis1965: calls 310
*** TURN *** [Kd Qd 9d] [6s]
*** RIVER *** [Kd Qd 9d 6s] [Th]
*** SHOW DOWN ***
robis1965: shows [Qc 8h] (a pair of Queens)
Mahu2021: shows [Ah Kc] (a pair of Kings)
Mahu2021 collected 710 from pot
*** SUMMARY ***
Total pot 710 | Rake 0 
Board [Kd Qd 9d 6s Th]
Seat 1: Mahu2021 (button) showed [Ah Kc] and won (710) with a pair of Kings
Seat 2: b!g_tr0uble (small blind) folded before Flop
Seat 3: robis1965 (big blind) showed [Qc 8h] and lost with a pair of Queens



PokerStars Hand #247764296295: Tournament #3688948120, $1.84+$0.16 USD Hold'em No Limit - Level II (15/30) - 2023/12/20 12:50:55 CET [2023/12/20 6:50:55 ET]
Table '3688948120 1' 3-max Seat #2 is the button
Seat 1: Mahu2021 (710 in chips) 
Seat 2: b!g_tr0uble (500 in chips) 
Seat 3: robis1965 (290 in chips) 
robis1965: posts small blind 15
Mahu2021: posts big blind 30
*** HOLE CARDS ***
Dealt to Mahu2021 [Ks 8s]
b!g_tr0uble: folds 
robis1965: raises 30 to 60
Mahu2021: calls 30
*** FLOP *** [6h 3c 2h]
robis1965: bets 120
Mahu2021: folds 
Uncalled bet (120) returned to robis1965
robis1965 collected 120 from pot
robis1965: doesn't show hand 
*** SUMMARY ***
Total pot 120 | Rake 0 
Board [6h 3c 2h]
Seat 1: Mahu2021 (big blind) folded on the Flop
Seat 2: b!g_tr0uble (button) folded before Flop (didn't bet)
Seat 3: robis1965 (small blind) collected (120)



PokerStars Hand #247764299013: Tournament #3688948120, $1.84+$0.16 USD Hold'em No Limit - Level II (15/30) - 2023/12/20 12:51:12 CET [2023/12/20 6:51:12 ET]
Table '3688948120 1' 3-max Seat #3 is the button
Seat 1: Mahu2021 (650 in chips) 
Seat 2: b!g_tr0uble (500 in chips) 
Seat 3: robis1965 (350 in chips) 
Mahu2021: posts small blind 15
b!g_tr0uble: posts big blind 30
*** HOLE CARDS ***
Dealt to Mahu2021 [5h Ks]
robis1965: raises 320 to 350 and is all-in
Mahu2021: folds 
b!g_tr0uble: folds 
Uncalled bet (320) returned to robis1965
robis1965 collected 75 from pot
robis1965: doesn't show hand 
*** SUMMARY ***
Total pot 75 | Rake 0 
Seat 1: Mahu2021 (small blind) folded before Flop
Seat 2: b!g_tr0uble (big blind) folded before Flop
Seat 3: robis1965 (button) collected (75)



PokerStars Hand #247764301107: Tournament #3688948120, $1.84+$0.16 USD Hold'em No Limit - Level II (15/30) - 2023/12/20 12:51:25 CET [2023/12/20 6:51:25 ET]
Table '3688948120 1' 3-max Seat #1 is the button
Seat 1: Mahu2021 (635 in chips) 
Seat 2: b!g_tr0uble (470 in chips) 
Seat 3: robis1965 (395 in chips) 
b!g_tr0uble: posts small blind 15
robis1965: posts big blind 30
*** HOLE CARDS ***
Dealt to Mahu2021 [3h 8c]
Mahu2021: folds 
b!g_tr0uble: folds 
Uncalled bet (15) returned to robis1965
robis1965 collected 30 from pot
robis1965: doesn't show hand 
*** SUMMARY ***
Total pot 30 | Rake 0 
Seat 1: Mahu2021 (button) folded before Flop (didn't bet)
Seat 2: b!g_tr0uble (small blind) folded before Flop
Seat 3: robis1965 (big blind) collected (30)



PokerStars Hand #247764302312: Tournament #3688948120, $1.84+$0.16 USD Hold'em No Limit - Level II (15/30) - 2023/12/20 12:51:32 CET [2023/12/20 6:51:32 ET]
Table '3688948120 1' 3-max Seat #2 is the button
Seat 1: Mahu2021 (635 in chips) 
Seat 2: b!g_tr0uble (455 in chips) 
Seat 3: robis1965 (410 in chips) 
robis1965: posts small blind 15
Mahu2021: posts big blind 30
*** HOLE CARDS ***
Dealt to Mahu2021 [Qs 3c]
b!g_tr0uble: calls 30
robis1965: folds 
Mahu2021: checks 
*** FLOP *** [Jh Ad 3s]
Mahu2021: checks 
b!g_tr0uble: checks 
*** TURN *** [Jh Ad 3s] [8h]
Mahu2021: bets 30
b!g_tr0uble: calls 30
*** RIVER *** [Jh Ad 3s 8h] [7s]
Mahu2021: checks 
b!g_tr0uble: bets 30
Mahu2021: folds 
Uncalled bet (30) returned to b!g_tr0uble
b!g_tr0uble collected 135 from pot
*** SUMMARY ***
Total pot 135 | Rake 0 
Board [Jh Ad 3s 8h 7s]
Seat 1: Mahu2021 (big blind) folded on the River
Seat 2: b!g_tr0uble (button) collected (135)
Seat 3: robis1965 (small blind) folded before Flop



PokerStars Hand #247764305915: Tournament #3688948120, $1.84+$0.16 USD Hold'em No Limit - Level II (15/30) - 2023/12/20 12:51:55 CET [2023/12/20 6:51:55 ET]
Table '3688948120 1' 3-max Seat #3 is the button
Seat 1: Mahu2021 (575 in chips) 
Seat 2: b!g_tr0uble (530 in chips) 
Seat 3: robis1965 (395 in chips) 
Mahu2021: posts small blind 15
b!g_tr0uble: posts big blind 30
*** HOLE CARDS ***
Dealt to Mahu2021 [4d 9c]
robis1965: folds 
Mahu2021: folds 
Uncalled bet (15) returned to b!g_tr0uble
b!g_tr0uble collected 30 from pot
*** SUMMARY ***
Total pot 30 | Rake 0 
Seat 1: Mahu2021 (small blind) folded before Flop
Seat 2: b!g_tr0uble (big blind) collected (30)
Seat 3: robis1965 (button) folded before Flop (didn't bet)



PokerStars Hand #247764306803: Tournament #3688948120, $1.84+$0.16 USD Hold'em No Limit - Level II (15/30) - 2023/12/20 12:52:00 CET [2023/12/20 6:52:00 ET]
Table '3688948120 1' 3-max Seat #1 is the button
Seat 1: Mahu2021 (560 in chips) 
Seat 2: b!g_tr0uble (545 in chips) 
Seat 3: robis1965 (395 in chips) 
b!g_tr0uble: posts small blind 15
robis1965: posts big blind 30
*** HOLE CARDS ***
Dealt to Mahu2021 [4h 6s]
Mahu2021: folds 
b!g_tr0uble: calls 15
robis1965: checks 
*** FLOP *** [5s Ac Tc]
b!g_tr0uble: checks 
robis1965: checks 
*** TURN *** [5s Ac Tc] [Ts]
b!g_tr0uble: checks 
robis1965: bets 30
b!g_tr0uble: folds 
Uncalled bet (30) returned to robis1965
robis1965 collected 60 from pot
robis1965: doesn't show hand 
*** SUMMARY ***
Total pot 60 | Rake 0 
Board [5s Ac Tc Ts]
Seat 1: Mahu2021 (button) folded before Flop (didn't bet)
Seat 2: b!g_tr0uble (small blind) folded on the Turn
Seat 3: robis1965 (big blind) collected (60)



PokerStars Hand #247764309960: Tournament #3688948120, $1.84+$0.16 USD Hold'em No Limit - Level II (15/30) - 2023/12/20 12:52:20 CET [2023/12/20 6:52:20 ET]
Table '3688948120 1' 3-max Seat #2 is the button
Seat 1: Mahu2021 (560 in chips) 
Seat 2: b!g_tr0uble (515 in chips) 
Seat 3: robis1965 (425 in chips) 
robis1965: posts small blind 15
Mahu2021: posts big blind 30
*** HOLE CARDS ***
Dealt to Mahu2021 [Js As]
b!g_tr0uble: calls 30
robis1965: raises 330 to 360
Mahu2021: raises 200 to 560 and is all-in
b!g_tr0uble: folds 
robis1965: calls 65 and is all-in
Uncalled bet (135) returned to Mahu2021
*** FLOP *** [6c 2d 9d]
*** TURN *** [6c 2d 9d] [5d]
*** RIVER *** [6c 2d 9d 5d] [9s]
*** SHOW DOWN ***
robis1965: shows [Qd Ts] (a pair of Nines)
Mahu2021: shows [Js As] (a pair of Nines - Ace kicker)
Mahu2021 collected 880 from pot
robis1965 finished the tournament in 3rd place
*** SUMMARY ***
Total pot 880 | Rake 0 
Board [6c 2d 9d 5d 9s]
Seat 1: Mahu2021 (big blind) showed [Js As] and won (880) with a pair of Nines
Seat 2: b!g_tr0uble (button) folded before Flop
Seat 3: robis1965 (small blind) showed [Qd Ts] and lost with a pair of Nines



PokerStars Hand #247764313366: Tournament #3688948120, $1.84+$0.16 USD Hold'em No Limit - Level II (15/30) - 2023/12/20 12:52:41 CET [2023/12/20 6:52:41 ET]
Table '3688948120 1' 3-max Seat #1 is the button
Seat 1: Mahu2021 (1015 in chips) 
Seat 2: b!g_tr0uble (485 in chips) 
Mahu2021: posts small blind 15
b!g_tr0uble: posts big blind 30
*** HOLE CARDS ***
Dealt to Mahu2021 [4c 3s]
Mahu2021: calls 15
b!g_tr0uble: checks 
*** FLOP *** [Qh 8s 7d]
b!g_tr0uble: checks 
Mahu2021: bets 30
b!g_tr0uble: folds 
Uncalled bet (30) returned to Mahu2021
Mahu2021 collected 60 from pot
Mahu2021: doesn't show hand 
*** SUMMARY ***
Total pot 60 | Rake 0 
Board [Qh 8s 7d]
Seat 1: Mahu2021 (button) (small blind) collected (60)
Seat 2: b!g_tr0uble (big blind) folded on the Flop



PokerStars Hand #247764316259: Tournament #3688948120, $1.84+$0.16 USD Hold'em No Limit - Level II (15/30) - 2023/12/20 12:52:59 CET [2023/12/20 6:52:59 ET]
Table '3688948120 1' 3-max Seat #2 is the button
Seat 1: Mahu2021 (1045 in chips) 
Seat 2: b!g_tr0uble (455 in chips) 
b!g_tr0uble: posts small blind 15
Mahu2021: posts big blind 30
*** HOLE CARDS ***
Dealt to Mahu2021 [4h Kc]
b!g_tr0uble: calls 15
Mahu2021: checks 
*** FLOP *** [3d 5c Kd]
Mahu2021: bets 30
b!g_tr0uble: calls 30
*** TURN *** [3d 5c Kd] [9d]
Mahu2021: bets 30
b!g_tr0uble: calls 30
*** RIVER *** [3d 5c Kd 9d] [8h]
Mahu2021: bets 30
b!g_tr0uble: calls 30
*** SHOW DOWN ***
Mahu2021: shows [4h Kc] (a pair of Kings)
b!g_tr0uble: shows [Js Ks] (a pair of Kings - Jack kicker)
b!g_tr0uble collected 240 from pot
*** SUMMARY ***
Total pot 240 | Rake 0 
Board [3d 5c Kd 9d 8h]
Seat 1: Mahu2021 (big blind) showed [4h Kc] and lost with a pair of Kings
Seat 2: b!g_tr0uble (button) (small blind) showed [Js Ks] and won (240) with a pair of Kings



PokerStars Hand #247764319524: Tournament #3688948120, $1.84+$0.16 USD Hold'em No Limit - Level II (15/30) - 2023/12/20 12:53:20 CET [2023/12/20 6:53:20 ET]
Table '3688948120 1' 3-max Seat #1 is the button
Seat 1: Mahu2021 (925 in chips) 
Seat 2: b!g_tr0uble (575 in chips) 
Mahu2021: posts small blind 15
b!g_tr0uble: posts big blind 30
*** HOLE CARDS ***
Dealt to Mahu2021 [2c 5d]
Mahu2021: folds 
Uncalled bet (15) returned to b!g_tr0uble
b!g_tr0uble collected 30 from pot
*** SUMMARY ***
Total pot 30 | Rake 0 
Seat 1: Mahu2021 (button) (small blind) folded before Flop
Seat 2: b!g_tr0uble (big blind) collected (30)



PokerStars Hand #247764320345: Tournament #3688948120, $1.84+$0.16 USD Hold'em No Limit - Level II (15/30) - 2023/12/20 12:53:25 CET [2023/12/20 6:53:25 ET]
Table '3688948120 1' 3-max Seat #2 is the button
Seat 1: Mahu2021 (910 in chips) 
Seat 2: b!g_tr0uble (590 in chips) 
b!g_tr0uble: posts small blind 15
Mahu2021: posts big blind 30
*** HOLE CARDS ***
Dealt to Mahu2021 [2h Ad]
b!g_tr0uble: calls 15
Mahu2021: checks 
*** FLOP *** [9h 7c 4d]
Mahu2021: checks 
b!g_tr0uble: checks 
*** TURN *** [9h 7c 4d] [4h]
Mahu2021: bets 30
b!g_tr0uble: folds 
Uncalled bet (30) returned to Mahu2021
Mahu2021 collected 60 from pot
Mahu2021: doesn't show hand 
*** SUMMARY ***
Total pot 60 | Rake 0 
Board [9h 7c 4d 4h]
Seat 1: Mahu2021 (big blind) collected (60)
Seat 2: b!g_tr0uble (button) (small blind) folded on the Turn



PokerStars Hand #247764323595: Tournament #3688948120, $1.84+$0.16 USD Hold'em No Limit - Level III (20/40) - 2023/12/20 12:53:45 CET [2023/12/20 6:53:45 ET]
Table '3688948120 1' 3-max Seat #1 is the button
Seat 1: Mahu2021 (940 in chips) 
Seat 2: b!g_tr0uble (560 in chips) 
Mahu2021: posts small blind 20
b!g_tr0uble: posts big blind 40
*** HOLE CARDS ***
Dealt to Mahu2021 [Ks Ad]
Mahu2021: raises 40 to 80
b!g_tr0uble: folds 
Uncalled bet (40) returned to Mahu2021
Mahu2021 collected 80 from pot
Mahu2021: doesn't show hand 
*** SUMMARY ***
Total pot 80 | Rake 0 
Seat 1: Mahu2021 (button) (small blind) collected (80)
Seat 2: b!g_tr0uble (big blind) folded before Flop



PokerStars Hand #247764324641: Tournament #3688948120, $1.84+$0.16 USD Hold'em No Limit - Level III (20/40) - 2023/12/20 12:53:52 CET [2023/12/20 6:53:52 ET]
Table '3688948120 1' 3-max Seat #2 is the button
Seat 1: Mahu2021 (980 in chips) 
Seat 2: b!g_tr0uble (520 in chips) 
b!g_tr0uble: posts small blind 20
Mahu2021: posts big blind 40
*** HOLE CARDS ***
Dealt to Mahu2021 [Kc 7d]
b!g_tr0uble: calls 20
Mahu2021: checks 
*** FLOP *** [As Ah Tc]
Mahu2021: checks 
b!g_tr0uble: checks 
*** TURN *** [As Ah Tc] [Td]
Mahu2021: bets 40
b!g_tr0uble: folds 
Uncalled bet (40) returned to Mahu2021
Mahu2021 collected 80 from pot
Mahu2021: doesn't show hand 
*** SUMMARY ***
Total pot 80 | Rake 0 
Board [As Ah Tc Td]
Seat 1: Mahu2021 (big blind) collected (80)
Seat 2: b!g_tr0uble (button) (small blind) folded on the Turn



PokerStars Hand #247764326800: Tournament #3688948120, $1.84+$0.16 USD Hold'em No Limit - Level III (20/40) - 2023/12/20 12:54:05 CET [2023/12/20 6:54:05 ET]
Table '3688948120 1' 3-max Seat #1 is the button
Seat 1: Mahu2021 (1020 in chips) 
Seat 2: b!g_tr0uble (480 in chips) 
Mahu2021: posts small blind 20
b!g_tr0uble: posts big blind 40
*** HOLE CARDS ***
Dealt to Mahu2021 [Th 3h]
Mahu2021: calls 20
b!g_tr0uble: checks 
*** FLOP *** [4h 5s Td]
b!g_tr0uble: checks 
Mahu2021: bets 40
b!g_tr0uble: calls 40
*** TURN *** [4h 5s Td] [7s]
b!g_tr0uble: checks 
Mahu2021: bets 40
b!g_tr0uble: calls 40
*** RIVER *** [4h 5s Td 7s] [7d]
b!g_tr0uble: checks 
Mahu2021: checks 
*** SHOW DOWN ***
b!g_tr0uble: shows [Ac Ts] (two pair, Tens and Sevens)
Mahu2021: mucks hand 
b!g_tr0uble collected 240 from pot
*** SUMMARY ***
Total pot 240 | Rake 0 
Board [4h 5s Td 7s 7d]
Seat 1: Mahu2021 (button) (small blind) mucked [Th 3h]
Seat 2: b!g_tr0uble (big blind) showed [Ac Ts] and won (240) with two pair, Tens and Sevens



PokerStars Hand #247764330513: Tournament #3688948120, $1.84+$0.16 USD Hold'em No Limit - Level III (20/40) - 2023/12/20 12:54:29 CET [2023/12/20 6:54:29 ET]
Table '3688948120 1' 3-max Seat #2 is the button
Seat 1: Mahu2021 (900 in chips) 
Seat 2: b!g_tr0uble (600 in chips) 
b!g_tr0uble: posts small blind 20
Mahu2021: posts big blind 40
*** HOLE CARDS ***
Dealt to Mahu2021 [Jh As]
b!g_tr0uble: calls 20
Mahu2021: raises 120 to 160
b!g_tr0uble: calls 120
*** FLOP *** [Ac Tc 2s]
Mahu2021: bets 740 and is all-in
b!g_tr0uble: folds 
Uncalled bet (740) returned to Mahu2021
Mahu2021 collected 320 from pot
Mahu2021: doesn't show hand 
*** SUMMARY ***
Total pot 320 | Rake 0 
Board [Ac Tc 2s]
Seat 1: Mahu2021 (big blind) collected (320)
Seat 2: b!g_tr0uble (button) (small blind) folded on the Flop



PokerStars Hand #247764333745: Tournament #3688948120, $1.84+$0.16 USD Hold'em No Limit - Level III (20/40) - 2023/12/20 12:54:49 CET [2023/12/20 6:54:49 ET]
Table '3688948120 1' 3-max Seat #1 is the button
Seat 1: Mahu2021 (1060 in chips) 
Seat 2: b!g_tr0uble (440 in chips) 
Mahu2021: posts small blind 20
b!g_tr0uble: posts big blind 40
*** HOLE CARDS ***
Dealt to Mahu2021 [Jc Ts]
Mahu2021: calls 20
b!g_tr0uble: checks 
*** FLOP *** [9c 9s 9d]
b!g_tr0uble: checks 
Mahu2021: checks 
*** TURN *** [9c 9s 9d] [6h]
b!g_tr0uble: checks 
Mahu2021: checks 
*** RIVER *** [9c 9s 9d 6h] [7s]
b!g_tr0uble: checks 
Mahu2021: checks 
*** SHOW DOWN ***
b!g_tr0uble: shows [3d 5c] (three of a kind, Nines)
Mahu2021: shows [Jc Ts] (three of a kind, Nines - Jack kicker)
Mahu2021 collected 80 from pot
*** SUMMARY ***
Total pot 80 | Rake 0 
Board [9c 9s 9d 6h 7s]
Seat 1: Mahu2021 (button) (small blind) showed [Jc Ts] and won (80) with three of a kind, Nines
Seat 2: b!g_tr0uble (big blind) showed [3d 5c] and lost with three of a kind, Nines



PokerStars Hand #247764337132: Tournament #3688948120, $1.84+$0.16 USD Hold'em No Limit - Level III (20/40) - 2023/12/20 12:55:11 CET [2023/12/20 6:55:11 ET]
Table '3688948120 1' 3-max Seat #2 is the button
Seat 1: Mahu2021 (1100 in chips) 
Seat 2: b!g_tr0uble (400 in chips) 
b!g_tr0uble: posts small blind 20
Mahu2021: posts big blind 40
*** HOLE CARDS ***
Dealt to Mahu2021 [5c 2s]
b!g_tr0uble: calls 20
Mahu2021: checks 
*** FLOP *** [5h 7h Qh]
Mahu2021: checks 
b!g_tr0uble: checks 
*** TURN *** [5h 7h Qh] [9c]
Mahu2021: checks 
b!g_tr0uble: checks 
*** RIVER *** [5h 7h Qh 9c] [8d]
Mahu2021: checks 
b!g_tr0uble: bets 40
Mahu2021: folds 
Uncalled bet (40) returned to b!g_tr0uble
b!g_tr0uble collected 80 from pot
*** SUMMARY ***
Total pot 80 | Rake 0 
Board [5h 7h Qh 9c 8d]
Seat 1: Mahu2021 (big blind) folded on the River
Seat 2: b!g_tr0uble (button) (small blind) collected (80)



PokerStars Hand #247764339577: Tournament #3688948120, $1.84+$0.16 USD Hold'em No Limit - Level III (20/40) - 2023/12/20 12:55:29 CET [2023/12/20 6:55:29 ET]
Table '3688948120 1' 3-max Seat #1 is the button
Seat 1: Mahu2021 (1060 in chips) 
Seat 2: b!g_tr0uble (440 in chips) 
Mahu2021: posts small blind 20
b!g_tr0uble: posts big blind 40
*** HOLE CARDS ***
Dealt to Mahu2021 [Qs Ks]
Mahu2021: raises 80 to 120
b!g_tr0uble: folds 
Uncalled bet (80) returned to Mahu2021
Mahu2021 collected 80 from pot
Mahu2021: doesn't show hand 
*** SUMMARY ***
Total pot 80 | Rake 0 
Seat 1: Mahu2021 (button) (small blind) collected (80)
Seat 2: b!g_tr0uble (big blind) folded before Flop



PokerStars Hand #247764340484: Tournament #3688948120, $1.84+$0.16 USD Hold'em No Limit - Level III (20/40) - 2023/12/20 12:55:37 CET [2023/12/20 6:55:37 ET]
Table '3688948120 1' 3-max Seat #2 is the button
Seat 1: Mahu2021 (1100 in chips) 
Seat 2: b!g_tr0uble (400 in chips) 
b!g_tr0uble: posts small blind 20
Mahu2021: posts big blind 40
*** HOLE CARDS ***
Dealt to Mahu2021 [Qd Qc]
b!g_tr0uble: calls 20
Mahu2021: raises 120 to 160
b!g_tr0uble: folds 
Uncalled bet (120) returned to Mahu2021
Mahu2021 collected 80 from pot
Mahu2021: doesn't show hand 
*** SUMMARY ***
Total pot 80 | Rake 0 
Seat 1: Mahu2021 (big blind) collected (80)
Seat 2: b!g_tr0uble (button) (small blind) folded before Flop



PokerStars Hand #247764341613: Tournament #3688948120, $1.84+$0.16 USD Hold'em No Limit - Level III (20/40) - 2023/12/20 12:55:46 CET [2023/12/20 6:55:46 ET]
Table '3688948120 1' 3-max Seat #1 is the button
Seat 1: Mahu2021 (1140 in chips) 
Seat 2: b!g_tr0uble (360 in chips) 
Mahu2021: posts small blind 20
b!g_tr0uble: posts big blind 40
*** HOLE CARDS ***
Dealt to Mahu2021 [4c 3d]
Mahu2021: calls 20
b!g_tr0uble: checks 
*** FLOP *** [Jc 8h Js]
b!g_tr0uble: checks 
Mahu2021: bets 40
b!g_tr0uble: raises 40 to 80
Mahu2021: folds 
Uncalled bet (40) returned to b!g_tr0uble
b!g_tr0uble collected 160 from pot
*** SUMMARY ***
Total pot 160 | Rake 0 
Board [Jc 8h Js]
Seat 1: Mahu2021 (button) (small blind) folded on the Flop
Seat 2: b!g_tr0uble (big blind) collected (160)



PokerStars Hand #247764344774: Tournament #3688948120, $1.84+$0.16 USD Hold'em No Limit - Level III (20/40) - 2023/12/20 12:56:10 CET [2023/12/20 6:56:10 ET]
Table '3688948120 1' 3-max Seat #2 is the button
Seat 1: Mahu2021 (1060 in chips) 
Seat 2: b!g_tr0uble (440 in chips) 
b!g_tr0uble: posts small blind 20
Mahu2021: posts big blind 40
*** HOLE CARDS ***
Dealt to Mahu2021 [9h 4d]
b!g_tr0uble: folds 
Uncalled bet (20) returned to Mahu2021
Mahu2021 collected 40 from pot
Mahu2021: doesn't show hand 
*** SUMMARY ***
Total pot 40 | Rake 0 
Seat 1: Mahu2021 (big blind) collected (40)
Seat 2: b!g_tr0uble (button) (small blind) folded before Flop



PokerStars Hand #247764345631: Tournament #3688948120, $1.84+$0.16 USD Hold'em No Limit - Level III (20/40) - 2023/12/20 12:56:17 CET [2023/12/20 6:56:17 ET]
Table '3688948120 1' 3-max Seat #1 is the button
Seat 1: Mahu2021 (1080 in chips) 
Seat 2: b!g_tr0uble (420 in chips) 
Mahu2021: posts small blind 20
b!g_tr0uble: posts big blind 40
*** HOLE CARDS ***
Dealt to Mahu2021 [2s Qc]
Mahu2021: calls 20
b!g_tr0uble: checks 
*** FLOP *** [5h 4d 3d]
b!g_tr0uble: checks 
Mahu2021: bets 80
b!g_tr0uble: calls 80
*** TURN *** [5h 4d 3d] [Qs]
b!g_tr0uble: checks 
Mahu2021: bets 960 and is all-in
b!g_tr0uble: calls 300 and is all-in
Uncalled bet (660) returned to Mahu2021
*** RIVER *** [5h 4d 3d Qs] [2h]
*** SHOW DOWN ***
b!g_tr0uble: shows [2d Kd] (a pair of Deuces)
Mahu2021: shows [2s Qc] (two pair, Queens and Deuces)
Mahu2021 collected 840 from pot
b!g_tr0uble finished the tournament in 2nd place
Mahu2021 wins the tournament and receives $6.00 - congratulations!
*** SUMMARY ***
Total pot 840 | Rake 0 
Board [5h 4d 3d Qs 2h]
Seat 1: Mahu2021 (button) (small blind) showed [2s Qc] and won (840) with two pair, Queens and Deuces
Seat 2: b!g_tr0uble (big blind) showed [2d Kd] and lost with a pair of Deuces



