PokerStars Hand #250507175040: Tournament #3754620366, $1.84+$0.16 USD Hold'em No Limit - Level I (10/20) - 2024/05/15 6:46:25 CET [2024/05/15 0:46:25 ET]
Table '3754620366 1' 3-max Seat #1 is the button
Seat 1: RosCentral (500 in chips) 
Seat 2: cabby2610 (500 in chips) 
Seat 3: Mahu2021 (500 in chips) 
cabby2610: posts small blind 10
Mahu2021: posts big blind 20
*** HOLE CARDS ***
Dealt to Mahu2021 [2c Kh]
RosCentral: raises 20 to 40
cabby2610: raises 20 to 60
Mahu2021: folds 
RosCentral: calls 20
*** FLOP *** [Ac 6h Kd]
cabby2610: bets 20
RosCentral: calls 20
*** TURN *** [Ac 6h Kd] [Ks]
cabby2610: bets 90
RosCentral: folds 
Uncalled bet (90) returned to cabby2610
cabby2610 collected 180 from pot
cabby2610: doesn't show hand 
*** SUMMARY ***
Total pot 180 | Rake 0 
Board [Ac 6h Kd Ks]
Seat 1: RosCentral (button) folded on the Turn
Seat 2: cabby2610 (small blind) collected (180)
Seat 3: Mahu2021 (big blind) folded before Flop



PokerStars Hand #250507177284: Tournament #3754620366, $1.84+$0.16 USD Hold'em No Limit - Level I (10/20) - 2024/05/15 6:46:48 CET [2024/05/15 0:46:48 ET]
Table '3754620366 1' 3-max Seat #2 is the button
Seat 1: RosCentral (420 in chips) 
Seat 2: cabby2610 (600 in chips) 
Seat 3: Mahu2021 (480 in chips) 
Mahu2021: posts small blind 10
RosCentral: posts big blind 20
*** HOLE CARDS ***
Dealt to Mahu2021 [Ac 9h]
cabby2610: folds 
Mahu2021: raises 20 to 40
RosCentral: calls 20
*** FLOP *** [Qh 6s 6d]
Mahu2021: checks 
RosCentral: checks 
*** TURN *** [Qh 6s 6d] [8d]
Mahu2021: checks 
RosCentral: checks 
*** RIVER *** [Qh 6s 6d 8d] [3s]
Mahu2021: bets 40
RosCentral: folds 
Uncalled bet (40) returned to Mahu2021
Mahu2021 collected 80 from pot
Mahu2021: doesn't show hand 
*** SUMMARY ***
Total pot 80 | Rake 0 
Board [Qh 6s 6d 8d 3s]
Seat 1: RosCentral (big blind) folded on the River
Seat 2: cabby2610 (button) folded before Flop (didn't bet)
Seat 3: Mahu2021 (small blind) collected (80)



PokerStars Hand #250507179227: Tournament #3754620366, $1.84+$0.16 USD Hold'em No Limit - Level I (10/20) - 2024/05/15 6:47:08 CET [2024/05/15 0:47:08 ET]
Table '3754620366 1' 3-max Seat #3 is the button
Seat 1: RosCentral (380 in chips) 
Seat 2: cabby2610 (600 in chips) 
Seat 3: Mahu2021 (520 in chips) 
RosCentral: posts small blind 10
cabby2610: posts big blind 20
*** HOLE CARDS ***
Dealt to Mahu2021 [Ad Kc]
Mahu2021: raises 20 to 40
RosCentral: folds 
cabby2610: folds 
Uncalled bet (20) returned to Mahu2021
Mahu2021 collected 50 from pot
Mahu2021: doesn't show hand 
*** SUMMARY ***
Total pot 50 | Rake 0 
Seat 1: RosCentral (small blind) folded before Flop
Seat 2: cabby2610 (big blind) folded before Flop
Seat 3: Mahu2021 (button) collected (50)



PokerStars Hand #250507180038: Tournament #3754620366, $1.84+$0.16 USD Hold'em No Limit - Level I (10/20) - 2024/05/15 6:47:17 CET [2024/05/15 0:47:17 ET]
Table '3754620366 1' 3-max Seat #1 is the button
Seat 1: RosCentral (370 in chips) 
Seat 2: cabby2610 (580 in chips) 
Seat 3: Mahu2021 (550 in chips) 
cabby2610: posts small blind 10
Mahu2021: posts big blind 20
*** HOLE CARDS ***
Dealt to Mahu2021 [3h As]
RosCentral: calls 20
cabby2610: folds 
Mahu2021: checks 
*** FLOP *** [Ac 7c 9s]
Mahu2021: checks 
RosCentral: bets 50
Mahu2021: calls 50
*** TURN *** [Ac 7c 9s] [5d]
Mahu2021: checks 
RosCentral: checks 
*** RIVER *** [Ac 7c 9s 5d] [7s]
Mahu2021: checks 
RosCentral: checks 
*** SHOW DOWN ***
Mahu2021: shows [3h As] (two pair, Aces and Sevens)
RosCentral: mucks hand 
Mahu2021 collected 150 from pot
*** SUMMARY ***
Total pot 150 | Rake 0 
Board [Ac 7c 9s 5d 7s]
Seat 1: RosCentral (button) mucked [4h 4d]
Seat 2: cabby2610 (small blind) folded before Flop
Seat 3: Mahu2021 (big blind) showed [3h As] and won (150) with two pair, Aces and Sevens



PokerStars Hand #250507181703: Tournament #3754620366, $1.84+$0.16 USD Hold'em No Limit - Level I (10/20) - 2024/05/15 6:47:34 CET [2024/05/15 0:47:34 ET]
Table '3754620366 1' 3-max Seat #2 is the button
Seat 1: RosCentral (300 in chips) 
Seat 2: cabby2610 (570 in chips) 
Seat 3: Mahu2021 (630 in chips) 
Mahu2021: posts small blind 10
RosCentral: posts big blind 20
*** HOLE CARDS ***
Dealt to Mahu2021 [Jh 6c]
cabby2610: raises 20 to 40
Mahu2021: folds 
RosCentral: calls 20
*** FLOP *** [8h 9c 2d]
RosCentral: checks 
cabby2610: bets 20
RosCentral: calls 20
*** TURN *** [8h 9c 2d] [4h]
RosCentral: checks 
cabby2610: bets 65
RosCentral: folds 
Uncalled bet (65) returned to cabby2610
cabby2610 collected 130 from pot
cabby2610: doesn't show hand 
*** SUMMARY ***
Total pot 130 | Rake 0 
Board [8h 9c 2d 4h]
Seat 1: RosCentral (big blind) folded on the Turn
Seat 2: cabby2610 (button) collected (130)
Seat 3: Mahu2021 (small blind) folded before Flop



PokerStars Hand #250507184156: Tournament #3754620366, $1.84+$0.16 USD Hold'em No Limit - Level I (10/20) - 2024/05/15 6:48:00 CET [2024/05/15 0:48:00 ET]
Table '3754620366 1' 3-max Seat #3 is the button
Seat 1: RosCentral (240 in chips) 
Seat 2: cabby2610 (640 in chips) 
Seat 3: Mahu2021 (620 in chips) 
RosCentral: posts small blind 10
cabby2610: posts big blind 20
*** HOLE CARDS ***
Dealt to Mahu2021 [Jd Kd]
Mahu2021: raises 20 to 40
RosCentral: raises 200 to 240 and is all-in
cabby2610: folds 
Mahu2021: calls 200
*** FLOP *** [8h 4c Tc]
*** TURN *** [8h 4c Tc] [4s]
*** RIVER *** [8h 4c Tc 4s] [7s]
*** SHOW DOWN ***
RosCentral: shows [2d Ad] (a pair of Fours)
Mahu2021: shows [Jd Kd] (a pair of Fours - lower kicker)
RosCentral collected 500 from pot
*** SUMMARY ***
Total pot 500 | Rake 0 
Board [8h 4c Tc 4s 7s]
Seat 1: RosCentral (small blind) showed [2d Ad] and won (500) with a pair of Fours
Seat 2: cabby2610 (big blind) folded before Flop
Seat 3: Mahu2021 (button) showed [Jd Kd] and lost with a pair of Fours



PokerStars Hand #250507186018: Tournament #3754620366, $1.84+$0.16 USD Hold'em No Limit - Level I (10/20) - 2024/05/15 6:48:19 CET [2024/05/15 0:48:19 ET]
Table '3754620366 1' 3-max Seat #1 is the button
Seat 1: RosCentral (500 in chips) 
Seat 2: cabby2610 (620 in chips) 
Seat 3: Mahu2021 (380 in chips) 
cabby2610: posts small blind 10
Mahu2021: posts big blind 20
*** HOLE CARDS ***
Dealt to Mahu2021 [Kd 5h]
RosCentral: calls 20
cabby2610: calls 10
Mahu2021: checks 
*** FLOP *** [6s Jc Jd]
cabby2610: checks 
Mahu2021: checks 
RosCentral: checks 
*** TURN *** [6s Jc Jd] [Ah]
cabby2610: bets 20
Mahu2021: folds 
RosCentral: folds 
Uncalled bet (20) returned to cabby2610
cabby2610 collected 60 from pot
cabby2610: doesn't show hand 
*** SUMMARY ***
Total pot 60 | Rake 0 
Board [6s Jc Jd Ah]
Seat 1: RosCentral (button) folded on the Turn
Seat 2: cabby2610 (small blind) collected (60)
Seat 3: Mahu2021 (big blind) folded on the Turn



PokerStars Hand #250507188094: Tournament #3754620366, $1.84+$0.16 USD Hold'em No Limit - Level I (10/20) - 2024/05/15 6:48:41 CET [2024/05/15 0:48:41 ET]
Table '3754620366 1' 3-max Seat #2 is the button
Seat 1: RosCentral (480 in chips) 
Seat 2: cabby2610 (660 in chips) 
Seat 3: Mahu2021 (360 in chips) 
Mahu2021: posts small blind 10
RosCentral: posts big blind 20
*** HOLE CARDS ***
Dealt to Mahu2021 [Qs Ac]
cabby2610: calls 20
Mahu2021: calls 10
RosCentral: checks 
*** FLOP *** [4s 2h Js]
Mahu2021: checks 
RosCentral: checks 
cabby2610: checks 
*** TURN *** [4s 2h Js] [Ts]
Mahu2021: bets 40
RosCentral: calls 40
cabby2610: calls 40
*** RIVER *** [4s 2h Js Ts] [5s]
Mahu2021: bets 300 and is all-in
RosCentral: folds 
cabby2610: calls 300
*** SHOW DOWN ***
Mahu2021: shows [Qs Ac] (a flush, Queen high)
cabby2610: shows [Ks 9c] (a flush, King high)
cabby2610 collected 780 from pot
Mahu2021 finished the tournament in 3rd place
*** SUMMARY ***
Total pot 780 | Rake 0 
Board [4s 2h Js Ts 5s]
Seat 1: RosCentral (big blind) folded on the River
Seat 2: cabby2610 (button) showed [Ks 9c] and won (780) with a flush, King high
Seat 3: Mahu2021 (small blind) showed [Qs Ac] and lost with a flush, Queen high



