PokerStars Hand #246405492455: Tournament #3655377543, $0.92+$0.08 USD Hold'em No Limit - Level I (10/20) - 2023/10/07 21:00:35 CET [2023/10/07 15:00:35 ET]
Table '3655377543 1' 3-max Seat #1 is the button
Seat 1: lackypik47 (500 in chips) 
Seat 2: Mahu2021 (500 in chips) 
Seat 3: werner07777 (500 in chips) 
Mahu2021: posts small blind 10
werner07777: posts big blind 20
*** HOLE CARDS ***
Dealt to Mahu2021 [4c 5c]
lackypik47: folds 
Mahu2021: calls 10
werner07777: checks 
*** FLOP *** [3h 8d Ah]
Mahu2021: checks 
werner07777: checks 
*** TURN *** [3h 8d Ah] [As]
Mahu2021: bets 20
werner07777: calls 20
*** RIVER *** [3h 8d Ah As] [4d]
Mahu2021: bets 20
werner07777: calls 20
*** SHOW DOWN ***
Mahu2021: shows [4c 5c] (two pair, Aces and Fours)
werner07777: mucks hand 
Mahu2021 collected 120 from pot
*** SUMMARY ***
Total pot 120 | Rake 0 
Board [3h 8d Ah As 4d]
Seat 1: lackypik47 (button) folded before Flop (didn't bet)
Seat 2: Mahu2021 (small blind) showed [4c 5c] and won (120) with two pair, Aces and Fours
Seat 3: werner07777 (big blind) mucked [9s Kh]



PokerStars Hand #246405496815: Tournament #3655377543, $0.92+$0.08 USD Hold'em No Limit - Level I (10/20) - 2023/10/07 21:00:53 CET [2023/10/07 15:00:53 ET]
Table '3655377543 1' 3-max Seat #2 is the button
Seat 1: lackypik47 (500 in chips) 
Seat 2: Mahu2021 (560 in chips) 
Seat 3: werner07777 (440 in chips) 
werner07777: posts small blind 10
lackypik47: posts big blind 20
*** HOLE CARDS ***
Dealt to Mahu2021 [6h Ah]
Mahu2021: raises 20 to 40
werner07777: calls 30
lackypik47: calls 20
*** FLOP *** [As 2s 6s]
werner07777: checks 
lackypik47: checks 
Mahu2021: bets 120
werner07777: folds 
lackypik47: calls 120
*** TURN *** [As 2s 6s] [2h]
lackypik47: checks 
Mahu2021: bets 400 and is all-in
lackypik47: calls 340 and is all-in
Uncalled bet (60) returned to Mahu2021
*** RIVER *** [As 2s 6s 2h] [Kc]
*** SHOW DOWN ***
lackypik47: shows [Js 6d] (two pair, Sixes and Deuces)
Mahu2021: shows [6h Ah] (two pair, Aces and Sixes)
Mahu2021 collected 1040 from pot
lackypik47 finished the tournament in 3rd place
*** SUMMARY ***
Total pot 1040 | Rake 0 
Board [As 2s 6s 2h Kc]
Seat 1: lackypik47 (big blind) showed [Js 6d] and lost with two pair, Sixes and Deuces
Seat 2: Mahu2021 (button) showed [6h Ah] and won (1040) with two pair, Aces and Sixes
Seat 3: werner07777 (small blind) folded on the Flop



PokerStars Hand #246405512036: Tournament #3655377543, $0.92+$0.08 USD Hold'em No Limit - Level I (10/20) - 2023/10/07 21:01:45 CET [2023/10/07 15:01:45 ET]
Table '3655377543 1' 3-max Seat #3 is the button
Seat 2: Mahu2021 (1100 in chips) 
Seat 3: werner07777 (400 in chips) 
werner07777: posts small blind 10
Mahu2021: posts big blind 20
*** HOLE CARDS ***
Dealt to Mahu2021 [Kd Ks]
werner07777: calls 10
Mahu2021: raises 40 to 60
werner07777: calls 40
*** FLOP *** [Ac Kh 3s]
Mahu2021: checks 
werner07777: checks 
*** TURN *** [Ac Kh 3s] [5h]
Mahu2021: checks 
werner07777: checks 
*** RIVER *** [Ac Kh 3s 5h] [6d]
Mahu2021: bets 120
werner07777: folds 
Uncalled bet (120) returned to Mahu2021
Mahu2021 collected 120 from pot
Mahu2021: doesn't show hand 
*** SUMMARY ***
Total pot 120 | Rake 0 
Board [Ac Kh 3s 5h 6d]
Seat 2: Mahu2021 (big blind) collected (120)
Seat 3: werner07777 (button) (small blind) folded on the River



PokerStars Hand #246405518288: Tournament #3655377543, $0.92+$0.08 USD Hold'em No Limit - Level I (10/20) - 2023/10/07 21:02:06 CET [2023/10/07 15:02:06 ET]
Table '3655377543 1' 3-max Seat #2 is the button
Seat 2: Mahu2021 (1160 in chips) 
Seat 3: werner07777 (340 in chips) 
Mahu2021: posts small blind 10
werner07777: posts big blind 20
*** HOLE CARDS ***
Dealt to Mahu2021 [Td 5h]
Mahu2021: folds 
Uncalled bet (10) returned to werner07777
werner07777 collected 20 from pot
werner07777: doesn't show hand 
*** SUMMARY ***
Total pot 20 | Rake 0 
Seat 2: Mahu2021 (button) (small blind) folded before Flop
Seat 3: werner07777 (big blind) collected (20)



PokerStars Hand #246405519909: Tournament #3655377543, $0.92+$0.08 USD Hold'em No Limit - Level I (10/20) - 2023/10/07 21:02:11 CET [2023/10/07 15:02:11 ET]
Table '3655377543 1' 3-max Seat #3 is the button
Seat 2: Mahu2021 (1150 in chips) 
Seat 3: werner07777 (350 in chips) 
werner07777: posts small blind 10
Mahu2021: posts big blind 20
*** HOLE CARDS ***
Dealt to Mahu2021 [9h Ah]
werner07777: raises 40 to 60
Mahu2021: calls 40
*** FLOP *** [3c Ad 3h]
Mahu2021: checks 
werner07777: bets 120
Mahu2021: raises 970 to 1090 and is all-in
werner07777: calls 170 and is all-in
Uncalled bet (800) returned to Mahu2021
*** TURN *** [3c Ad 3h] [Jh]
*** RIVER *** [3c Ad 3h Jh] [Qs]
*** SHOW DOWN ***
Mahu2021: shows [9h Ah] (two pair, Aces and Threes)
werner07777: shows [5d 5s] (two pair, Fives and Threes)
Mahu2021 collected 700 from pot
werner07777 finished the tournament in 2nd place
Mahu2021 wins the tournament and receives $2.00 - congratulations!
*** SUMMARY ***
Total pot 700 | Rake 0 
Board [3c Ad 3h Jh Qs]
Seat 2: Mahu2021 (big blind) showed [9h Ah] and won (700) with two pair, Aces and Threes
Seat 3: werner07777 (button) (small blind) showed [5d 5s] and lost with two pair, Fives and Threes



