PokerStars Hand #250499251237: Tournament #3754450951, $1.84+$0.16 USD Hold'em No Limit - Level I (10/20) - 2024/05/14 21:23:49 CET [2024/05/14 15:23:49 ET]
Table '3754450951 1' 3-max Seat #1 is the button
Seat 1: bczisti (500 in chips) 
Seat 2: Mahu2021 (500 in chips) 
Seat 3: KTM2021 (500 in chips) 
Mahu2021: posts small blind 10
KTM2021: posts big blind 20
*** HOLE CARDS ***
Dealt to Mahu2021 [Qc Td]
bczisti: calls 20
Mahu2021: calls 10
KTM2021: checks 
*** FLOP *** [8d 2d 5h]
Mahu2021: checks 
KTM2021: checks 
bczisti: bets 20
Mahu2021: calls 20
KTM2021: folds 
*** TURN *** [8d 2d 5h] [3d]
Mahu2021: checks 
bczisti: bets 460 and is all-in
Mahu2021: folds 
Uncalled bet (460) returned to bczisti
bczisti collected 100 from pot
*** SUMMARY ***
Total pot 100 | Rake 0 
Board [8d 2d 5h 3d]
Seat 1: bczisti (button) collected (100)
Seat 2: Mahu2021 (small blind) folded on the Turn
Seat 3: KTM2021 (big blind) folded on the Flop



PokerStars Hand #250499259268: Tournament #3754450951, $1.84+$0.16 USD Hold'em No Limit - Level I (10/20) - 2024/05/14 21:24:11 CET [2024/05/14 15:24:11 ET]
Table '3754450951 1' 3-max Seat #2 is the button
Seat 1: bczisti (560 in chips) 
Seat 2: Mahu2021 (460 in chips) 
Seat 3: KTM2021 (480 in chips) 
KTM2021: posts small blind 10
bczisti: posts big blind 20
*** HOLE CARDS ***
Dealt to Mahu2021 [7h Jd]
Mahu2021: folds 
KTM2021: calls 10
bczisti: checks 
*** FLOP *** [As 4s 5s]
KTM2021: checks 
bczisti: bets 40
KTM2021: folds 
Uncalled bet (40) returned to bczisti
bczisti collected 40 from pot
*** SUMMARY ***
Total pot 40 | Rake 0 
Board [As 4s 5s]
Seat 1: bczisti (big blind) collected (40)
Seat 2: Mahu2021 (button) folded before Flop (didn't bet)
Seat 3: KTM2021 (small blind) folded on the Flop



PokerStars Hand #250499265453: Tournament #3754450951, $1.84+$0.16 USD Hold'em No Limit - Level I (10/20) - 2024/05/14 21:24:28 CET [2024/05/14 15:24:28 ET]
Table '3754450951 1' 3-max Seat #3 is the button
Seat 1: bczisti (580 in chips) 
Seat 2: Mahu2021 (460 in chips) 
Seat 3: KTM2021 (460 in chips) 
bczisti: posts small blind 10
Mahu2021: posts big blind 20
*** HOLE CARDS ***
Dealt to Mahu2021 [3h 6s]
KTM2021: raises 20 to 40
bczisti: calls 30
Mahu2021: calls 20
*** FLOP *** [3c 4d Qs]
bczisti: bets 20
Mahu2021: calls 20
KTM2021: raises 80 to 100
bczisti: folds 
Mahu2021: folds 
Uncalled bet (80) returned to KTM2021
KTM2021 collected 180 from pot
*** SUMMARY ***
Total pot 180 | Rake 0 
Board [3c 4d Qs]
Seat 1: bczisti (small blind) folded on the Flop
Seat 2: Mahu2021 (big blind) folded on the Flop
Seat 3: KTM2021 (button) collected (180)



PokerStars Hand #250499271633: Tournament #3754450951, $1.84+$0.16 USD Hold'em No Limit - Level I (10/20) - 2024/05/14 21:24:45 CET [2024/05/14 15:24:45 ET]
Table '3754450951 1' 3-max Seat #1 is the button
Seat 1: bczisti (520 in chips) 
Seat 2: Mahu2021 (400 in chips) 
Seat 3: KTM2021 (580 in chips) 
Mahu2021: posts small blind 10
KTM2021: posts big blind 20
*** HOLE CARDS ***
Dealt to Mahu2021 [2h 5h]
bczisti: calls 20
Mahu2021: calls 10
KTM2021: checks 
*** FLOP *** [Ks 7s 4c]
Mahu2021: checks 
KTM2021: checks 
bczisti: checks 
*** TURN *** [Ks 7s 4c] [Qd]
Mahu2021: checks 
KTM2021: checks 
bczisti: checks 
*** RIVER *** [Ks 7s 4c Qd] [2c]
Mahu2021: bets 40
KTM2021: folds 
bczisti: folds 
Uncalled bet (40) returned to Mahu2021
Mahu2021 collected 60 from pot
Mahu2021: doesn't show hand 
*** SUMMARY ***
Total pot 60 | Rake 0 
Board [Ks 7s 4c Qd 2c]
Seat 1: bczisti (button) folded on the River
Seat 2: Mahu2021 (small blind) collected (60)
Seat 3: KTM2021 (big blind) folded on the River



PokerStars Hand #250499282027: Tournament #3754450951, $1.84+$0.16 USD Hold'em No Limit - Level I (10/20) - 2024/05/14 21:25:14 CET [2024/05/14 15:25:14 ET]
Table '3754450951 1' 3-max Seat #2 is the button
Seat 1: bczisti (500 in chips) 
Seat 2: Mahu2021 (440 in chips) 
Seat 3: KTM2021 (560 in chips) 
KTM2021: posts small blind 10
bczisti: posts big blind 20
*** HOLE CARDS ***
Dealt to Mahu2021 [4s Qd]
Mahu2021: folds 
KTM2021: raises 40 to 60
bczisti: calls 40
*** FLOP *** [2c 6h 7d]
KTM2021: bets 20
bczisti: calls 20
*** TURN *** [2c 6h 7d] [3c]
KTM2021: checks 
bczisti: bets 160
KTM2021: folds 
Uncalled bet (160) returned to bczisti
bczisti collected 160 from pot
*** SUMMARY ***
Total pot 160 | Rake 0 
Board [2c 6h 7d 3c]
Seat 1: bczisti (big blind) collected (160)
Seat 2: Mahu2021 (button) folded before Flop (didn't bet)
Seat 3: KTM2021 (small blind) folded on the Turn



PokerStars Hand #250499294785: Tournament #3754450951, $1.84+$0.16 USD Hold'em No Limit - Level I (10/20) - 2024/05/14 21:25:49 CET [2024/05/14 15:25:49 ET]
Table '3754450951 1' 3-max Seat #3 is the button
Seat 1: bczisti (580 in chips) 
Seat 2: Mahu2021 (440 in chips) 
Seat 3: KTM2021 (480 in chips) 
bczisti: posts small blind 10
Mahu2021: posts big blind 20
*** HOLE CARDS ***
Dealt to Mahu2021 [Qh 8h]
KTM2021: raises 80 to 100
bczisti: calls 90
Mahu2021: folds 
*** FLOP *** [8d 4c 8c]
bczisti: bets 20
KTM2021: calls 20
*** TURN *** [8d 4c 8c] [5h]
bczisti: bets 20
KTM2021: calls 20
*** RIVER *** [8d 4c 8c 5h] [9h]
bczisti: checks 
KTM2021: checks 
*** SHOW DOWN ***
bczisti: shows [3h 3c] (two pair, Eights and Threes)
KTM2021: mucks hand 
bczisti collected 300 from pot
*** SUMMARY ***
Total pot 300 | Rake 0 
Board [8d 4c 8c 5h 9h]
Seat 1: bczisti (small blind) showed [3h 3c] and won (300) with two pair, Eights and Threes
Seat 2: Mahu2021 (big blind) folded before Flop
Seat 3: KTM2021 (button) mucked [Ad Td]



PokerStars Hand #250499304567: Tournament #3754450951, $1.84+$0.16 USD Hold'em No Limit - Level II (15/30) - 2024/05/14 21:26:16 CET [2024/05/14 15:26:16 ET]
Table '3754450951 1' 3-max Seat #1 is the button
Seat 1: bczisti (740 in chips) 
Seat 2: Mahu2021 (420 in chips) 
Seat 3: KTM2021 (340 in chips) 
Mahu2021: posts small blind 15
KTM2021: posts big blind 30
*** HOLE CARDS ***
Dealt to Mahu2021 [Tc 3h]
bczisti: calls 30
Mahu2021: folds 
KTM2021: checks 
*** FLOP *** [4c 9h As]
KTM2021: checks 
bczisti: bets 30
KTM2021: folds 
Uncalled bet (30) returned to bczisti
bczisti collected 75 from pot
*** SUMMARY ***
Total pot 75 | Rake 0 
Board [4c 9h As]
Seat 1: bczisti (button) collected (75)
Seat 2: Mahu2021 (small blind) folded before Flop
Seat 3: KTM2021 (big blind) folded on the Flop



PokerStars Hand #250499309841: Tournament #3754450951, $1.84+$0.16 USD Hold'em No Limit - Level II (15/30) - 2024/05/14 21:26:31 CET [2024/05/14 15:26:31 ET]
Table '3754450951 1' 3-max Seat #2 is the button
Seat 1: bczisti (785 in chips) 
Seat 2: Mahu2021 (405 in chips) 
Seat 3: KTM2021 (310 in chips) 
KTM2021: posts small blind 15
bczisti: posts big blind 30
*** HOLE CARDS ***
Dealt to Mahu2021 [Th 5h]
Mahu2021: raises 30 to 60
KTM2021: calls 45
bczisti: calls 30
*** FLOP *** [Qd 6d Kc]
KTM2021: checks 
bczisti: bets 30
Mahu2021: folds 
KTM2021: calls 30
*** TURN *** [Qd 6d Kc] [9h]
KTM2021: checks 
bczisti: bets 30
KTM2021: calls 30
*** RIVER *** [Qd 6d Kc 9h] [7h]
KTM2021: bets 30
bczisti: calls 30
*** SHOW DOWN ***
KTM2021: shows [Ad 7d] (a pair of Sevens)
bczisti: shows [5c Qc] (a pair of Queens)
bczisti collected 360 from pot
*** SUMMARY ***
Total pot 360 | Rake 0 
Board [Qd 6d Kc 9h 7h]
Seat 1: bczisti (big blind) showed [5c Qc] and won (360) with a pair of Queens
Seat 2: Mahu2021 (button) folded on the Flop
Seat 3: KTM2021 (small blind) showed [Ad 7d] and lost with a pair of Sevens



PokerStars Hand #250499318757: Tournament #3754450951, $1.84+$0.16 USD Hold'em No Limit - Level II (15/30) - 2024/05/14 21:26:55 CET [2024/05/14 15:26:55 ET]
Table '3754450951 1' 3-max Seat #3 is the button
Seat 1: bczisti (995 in chips) 
Seat 2: Mahu2021 (345 in chips) 
Seat 3: KTM2021 (160 in chips) 
bczisti: posts small blind 15
Mahu2021: posts big blind 30
*** HOLE CARDS ***
Dealt to Mahu2021 [5s 2d]
KTM2021: raises 130 to 160 and is all-in
bczisti: folds 
Mahu2021: folds 
Uncalled bet (130) returned to KTM2021
KTM2021 collected 75 from pot
*** SUMMARY ***
Total pot 75 | Rake 0 
Seat 1: bczisti (small blind) folded before Flop
Seat 2: Mahu2021 (big blind) folded before Flop
Seat 3: KTM2021 (button) collected (75)



PokerStars Hand #250499322105: Tournament #3754450951, $1.84+$0.16 USD Hold'em No Limit - Level II (15/30) - 2024/05/14 21:27:04 CET [2024/05/14 15:27:04 ET]
Table '3754450951 1' 3-max Seat #1 is the button
Seat 1: bczisti (980 in chips) 
Seat 2: Mahu2021 (315 in chips) 
Seat 3: KTM2021 (205 in chips) 
Mahu2021: posts small blind 15
KTM2021: posts big blind 30
*** HOLE CARDS ***
Dealt to Mahu2021 [5s Kc]
bczisti: calls 30
Mahu2021: calls 15
KTM2021: checks 
*** FLOP *** [Qs 7s 6d]
Mahu2021: checks 
KTM2021: checks 
bczisti: bets 30
Mahu2021: folds 
KTM2021: calls 30
*** TURN *** [Qs 7s 6d] [Ah]
KTM2021: checks 
bczisti: bets 75
KTM2021: folds 
Uncalled bet (75) returned to bczisti
bczisti collected 150 from pot
*** SUMMARY ***
Total pot 150 | Rake 0 
Board [Qs 7s 6d Ah]
Seat 1: bczisti (button) collected (150)
Seat 2: Mahu2021 (small blind) folded on the Flop
Seat 3: KTM2021 (big blind) folded on the Turn



PokerStars Hand #250499330530: Tournament #3754450951, $1.84+$0.16 USD Hold'em No Limit - Level II (15/30) - 2024/05/14 21:27:27 CET [2024/05/14 15:27:27 ET]
Table '3754450951 1' 3-max Seat #2 is the button
Seat 1: bczisti (1070 in chips) 
Seat 2: Mahu2021 (285 in chips) 
Seat 3: KTM2021 (145 in chips) 
KTM2021: posts small blind 15
bczisti: posts big blind 30
*** HOLE CARDS ***
Dealt to Mahu2021 [3c Ad]
Mahu2021: raises 255 to 285 and is all-in
KTM2021: calls 130 and is all-in
bczisti: calls 255
*** FLOP *** [2s 3d 5h]
*** TURN *** [2s 3d 5h] [7s]
*** RIVER *** [2s 3d 5h 7s] [5s]
*** SHOW DOWN ***
bczisti: shows [Jc Th] (a pair of Fives)
Mahu2021: shows [3c Ad] (two pair, Fives and Threes)
Mahu2021 collected 280 from side pot
KTM2021: shows [Ks Ac] (a pair of Fives)
Mahu2021 collected 435 from main pot
KTM2021 finished the tournament in 3rd place
*** SUMMARY ***
Total pot 715 Main pot 435. Side pot 280. | Rake 0 
Board [2s 3d 5h 7s 5s]
Seat 1: bczisti (big blind) showed [Jc Th] and lost with a pair of Fives
Seat 2: Mahu2021 (button) showed [3c Ad] and won (715) with two pair, Fives and Threes
Seat 3: KTM2021 (small blind) showed [Ks Ac] and lost with a pair of Fives



PokerStars Hand #250499337728: Tournament #3754450951, $1.84+$0.16 USD Hold'em No Limit - Level II (15/30) - 2024/05/14 21:27:47 CET [2024/05/14 15:27:47 ET]
Table '3754450951 1' 3-max Seat #1 is the button
Seat 1: bczisti (785 in chips) 
Seat 2: Mahu2021 (715 in chips) 
bczisti: posts small blind 15
Mahu2021: posts big blind 30
*** HOLE CARDS ***
Dealt to Mahu2021 [Ah 9c]
bczisti: calls 15
Mahu2021: raises 60 to 90
bczisti: calls 60
*** FLOP *** [2d 5c 5h]
Mahu2021: checks 
bczisti: bets 30
Mahu2021: calls 30
*** TURN *** [2d 5c 5h] [2s]
Mahu2021: checks 
bczisti: bets 30
Mahu2021: calls 30
*** RIVER *** [2d 5c 5h 2s] [6c]
Mahu2021: checks 
bczisti: bets 30
Mahu2021: calls 30
*** SHOW DOWN ***
bczisti: shows [3h Ks] (two pair, Fives and Deuces)
Mahu2021: shows [Ah 9c] (two pair, Fives and Deuces - Ace kicker)
Mahu2021 collected 360 from pot
*** SUMMARY ***
Total pot 360 | Rake 0 
Board [2d 5c 5h 2s 6c]
Seat 1: bczisti (button) (small blind) showed [3h Ks] and lost with two pair, Fives and Deuces
Seat 2: Mahu2021 (big blind) showed [Ah 9c] and won (360) with two pair, Fives and Deuces



PokerStars Hand #250499345128: Tournament #3754450951, $1.84+$0.16 USD Hold'em No Limit - Level III (20/40) - 2024/05/14 21:28:07 CET [2024/05/14 15:28:07 ET]
Table '3754450951 1' 3-max Seat #2 is the button
Seat 1: bczisti (605 in chips) 
Seat 2: Mahu2021 (895 in chips) 
Mahu2021: posts small blind 20
bczisti: posts big blind 40
*** HOLE CARDS ***
Dealt to Mahu2021 [2c 7s]
Mahu2021: folds 
Uncalled bet (20) returned to bczisti
bczisti collected 40 from pot
*** SUMMARY ***
Total pot 40 | Rake 0 
Seat 1: bczisti (big blind) collected (40)
Seat 2: Mahu2021 (button) (small blind) folded before Flop



PokerStars Hand #250499346720: Tournament #3754450951, $1.84+$0.16 USD Hold'em No Limit - Level III (20/40) - 2024/05/14 21:28:12 CET [2024/05/14 15:28:12 ET]
Table '3754450951 1' 3-max Seat #1 is the button
Seat 1: bczisti (625 in chips) 
Seat 2: Mahu2021 (875 in chips) 
bczisti: posts small blind 20
Mahu2021: posts big blind 40
*** HOLE CARDS ***
Dealt to Mahu2021 [2h Qh]
bczisti: calls 20
Mahu2021: checks 
*** FLOP *** [7s Qc 9s]
Mahu2021: checks 
bczisti: bets 40
Mahu2021: calls 40
*** TURN *** [7s Qc 9s] [5s]
Mahu2021: checks 
bczisti: bets 80
Mahu2021: calls 80
*** RIVER *** [7s Qc 9s 5s] [Js]
Mahu2021: checks 
bczisti: bets 160
Mahu2021: folds 
Uncalled bet (160) returned to bczisti
bczisti collected 320 from pot
*** SUMMARY ***
Total pot 320 | Rake 0 
Board [7s Qc 9s 5s Js]
Seat 1: bczisti (button) (small blind) collected (320)
Seat 2: Mahu2021 (big blind) folded on the River



PokerStars Hand #250499354262: Tournament #3754450951, $1.84+$0.16 USD Hold'em No Limit - Level III (20/40) - 2024/05/14 21:28:33 CET [2024/05/14 15:28:33 ET]
Table '3754450951 1' 3-max Seat #2 is the button
Seat 1: bczisti (785 in chips) 
Seat 2: Mahu2021 (715 in chips) 
Mahu2021: posts small blind 20
bczisti: posts big blind 40
*** HOLE CARDS ***
Dealt to Mahu2021 [3c Th]
Mahu2021: folds 
Uncalled bet (20) returned to bczisti
bczisti collected 40 from pot
*** SUMMARY ***
Total pot 40 | Rake 0 
Seat 1: bczisti (big blind) collected (40)
Seat 2: Mahu2021 (button) (small blind) folded before Flop



PokerStars Hand #250499355913: Tournament #3754450951, $1.84+$0.16 USD Hold'em No Limit - Level III (20/40) - 2024/05/14 21:28:37 CET [2024/05/14 15:28:37 ET]
Table '3754450951 1' 3-max Seat #1 is the button
Seat 1: bczisti (805 in chips) 
Seat 2: Mahu2021 (695 in chips) 
bczisti: posts small blind 20
Mahu2021: posts big blind 40
*** HOLE CARDS ***
Dealt to Mahu2021 [2s Th]
bczisti: raises 40 to 80
Mahu2021: folds 
Uncalled bet (40) returned to bczisti
bczisti collected 80 from pot
*** SUMMARY ***
Total pot 80 | Rake 0 
Seat 1: bczisti (button) (small blind) collected (80)
Seat 2: Mahu2021 (big blind) folded before Flop



PokerStars Hand #250499357788: Tournament #3754450951, $1.84+$0.16 USD Hold'em No Limit - Level III (20/40) - 2024/05/14 21:28:42 CET [2024/05/14 15:28:42 ET]
Table '3754450951 1' 3-max Seat #2 is the button
Seat 1: bczisti (845 in chips) 
Seat 2: Mahu2021 (655 in chips) 
Mahu2021: posts small blind 20
bczisti: posts big blind 40
*** HOLE CARDS ***
Dealt to Mahu2021 [7h Jc]
Mahu2021: calls 20
bczisti: checks 
*** FLOP *** [4h 7s Jh]
bczisti: bets 40
Mahu2021: calls 40
*** TURN *** [4h 7s Jh] [Qs]
bczisti: checks 
Mahu2021: bets 40
bczisti: folds 
Uncalled bet (40) returned to Mahu2021
Mahu2021 collected 160 from pot
Mahu2021: doesn't show hand 
*** SUMMARY ***
Total pot 160 | Rake 0 
Board [4h 7s Jh Qs]
Seat 1: bczisti (big blind) folded on the Turn
Seat 2: Mahu2021 (button) (small blind) collected (160)



PokerStars Hand #250499362993: Tournament #3754450951, $1.84+$0.16 USD Hold'em No Limit - Level III (20/40) - 2024/05/14 21:28:56 CET [2024/05/14 15:28:56 ET]
Table '3754450951 1' 3-max Seat #1 is the button
Seat 1: bczisti (765 in chips) 
Seat 2: Mahu2021 (735 in chips) 
bczisti: posts small blind 20
Mahu2021: posts big blind 40
*** HOLE CARDS ***
Dealt to Mahu2021 [Kd 2s]
bczisti: raises 40 to 80
Mahu2021: calls 40
*** FLOP *** [3c 3s 4s]
Mahu2021: checks 
bczisti: bets 160
Mahu2021: calls 160
*** TURN *** [3c 3s 4s] [8s]
Mahu2021: bets 495 and is all-in
bczisti: calls 495
*** RIVER *** [3c 3s 4s 8s] [Qh]
*** SHOW DOWN ***
Mahu2021: shows [Kd 2s] (a pair of Threes)
bczisti: shows [Ac 4h] (two pair, Fours and Threes)
bczisti collected 1470 from pot
Mahu2021 finished the tournament in 2nd place
bczisti wins the tournament and receives $4.00 - congratulations!
*** SUMMARY ***
Total pot 1470 | Rake 0 
Board [3c 3s 4s 8s Qh]
Seat 1: bczisti (button) (small blind) showed [Ac 4h] and won (1470) with two pair, Fours and Threes
Seat 2: Mahu2021 (big blind) showed [Kd 2s] and lost with a pair of Threes



