PokerStars Zoom Hand #253519557505:  Hold'em No Limit ($0.05/$0.10) - 2024/11/22 15:50:49 CET [2024/11/22 9:50:49 ET]
Table 'Aludra' 6-max Seat #1 is the button
Seat 1: Hezekia ($14.38 in chips) 
Seat 2: eLegido99 ($10.20 in chips) 
Seat 3: Mahu2021 ($10 in chips) 
Seat 4: dodeer ($10 in chips) 
Seat 5: SagAA1990 ($18.69 in chips) 
Seat 6: neewwneeww ($13.69 in chips) 
eLegido99: posts small blind $0.05
Mahu2021: posts big blind $0.10
*** HOLE CARDS ***
Dealt to Mahu2021 [6c 9d]
dodeer: folds 
SagAA1990: raises $0.10 to $0.20
neewwneeww: folds 
Hezekia: folds 
eLegido99: folds 
Mahu2021: folds 
Uncalled bet ($0.10) returned to SagAA1990
SagAA1990 collected $0.25 from pot
SagAA1990: doesn't show hand 
*** SUMMARY ***
Total pot $0.25 | Rake $0 
Seat 1: Hezekia (button) folded before Flop (didn't bet)
Seat 2: eLegido99 (small blind) folded before Flop
Seat 3: Mahu2021 (big blind) folded before Flop
Seat 4: dodeer folded before Flop (didn't bet)
Seat 5: SagAA1990 collected ($0.25)
Seat 6: neewwneeww folded before Flop (didn't bet)



PokerStars Zoom Hand #253519559751:  Hold'em No Limit ($0.05/$0.10) - 2024/11/22 15:51:01 CET [2024/11/22 9:51:01 ET]
Table 'Aludra' 6-max Seat #1 is the button
Seat 1: Yash1ch ($29.66 in chips) 
Seat 2: Mahu2021 ($9.90 in chips) 
Seat 3: eLegido99 ($10.42 in chips) 
Seat 4: DonkeyKong1960 ($10 in chips) 
Seat 5: MEGAJUNHI ($8.69 in chips) 
Seat 6: kikurinpk ($10 in chips) 
Mahu2021: posts small blind $0.05
eLegido99: posts big blind $0.10
*** HOLE CARDS ***
Dealt to Mahu2021 [8s 2d]
DonkeyKong1960: raises $0.20 to $0.30
MEGAJUNHI: folds 
kikurinpk: folds 
Yash1ch: folds 
Mahu2021: folds 
eLegido99: folds 
Uncalled bet ($0.20) returned to DonkeyKong1960
DonkeyKong1960 collected $0.25 from pot
DonkeyKong1960: doesn't show hand 
*** SUMMARY ***
Total pot $0.25 | Rake $0 
Seat 1: Yash1ch (button) folded before Flop (didn't bet)
Seat 2: Mahu2021 (small blind) folded before Flop
Seat 3: eLegido99 (big blind) folded before Flop
Seat 4: DonkeyKong1960 collected ($0.25)
Seat 5: MEGAJUNHI folded before Flop (didn't bet)
Seat 6: kikurinpk folded before Flop (didn't bet)



PokerStars Zoom Hand #253519562853:  Hold'em No Limit ($0.05/$0.10) - 2024/11/22 15:51:18 CET [2024/11/22 9:51:18 ET]
Table 'Aludra' 6-max Seat #1 is the button
Seat 1: MEGAJUNHI ($8.64 in chips) 
Seat 2: Panda_Pooh_od ($10.25 in chips) 
Seat 3: julesAAAA ($41.48 in chips) 
Seat 4: dodeer ($24.43 in chips) 
Seat 5: Mahu2021 ($9.85 in chips) 
Seat 6: franz Z750 ($24.87 in chips) 
Panda_Pooh_od: posts small blind $0.05
julesAAAA: posts big blind $0.10
*** HOLE CARDS ***
Dealt to Mahu2021 [4d 2c]
dodeer: folds 
Mahu2021: folds 
franz Z750: folds 
MEGAJUNHI: raises $0.15 to $0.25
Panda_Pooh_od: folds 
julesAAAA: folds 
Uncalled bet ($0.15) returned to MEGAJUNHI
MEGAJUNHI collected $0.25 from pot
MEGAJUNHI: doesn't show hand 
*** SUMMARY ***
Total pot $0.25 | Rake $0 
Seat 1: MEGAJUNHI (button) collected ($0.25)
Seat 2: Panda_Pooh_od (small blind) folded before Flop
Seat 3: julesAAAA (big blind) folded before Flop
Seat 4: dodeer folded before Flop (didn't bet)
Seat 5: Mahu2021 folded before Flop (didn't bet)
Seat 6: franz Z750 folded before Flop (didn't bet)



PokerStars Zoom Hand #253519563567:  Hold'em No Limit ($0.05/$0.10) - 2024/11/22 15:51:22 CET [2024/11/22 9:51:22 ET]
Table 'Aludra' 6-max Seat #1 is the button
Seat 1: MeDaFish72 ($10.25 in chips) 
Seat 2: letmewinplz8 ($14.42 in chips) 
Seat 3: dudrj2wl ($18.06 in chips) 
Seat 4: pokeripuikko ($38.21 in chips) 
Seat 5: Mahu2021 ($9.85 in chips) 
Seat 6: Lenusia392 ($3.89 in chips) 
letmewinplz8: posts small blind $0.05
dudrj2wl: posts big blind $0.10
*** HOLE CARDS ***
Dealt to Mahu2021 [Qd 7c]
pokeripuikko: raises $0.12 to $0.22
Mahu2021: folds 
Lenusia392: folds 
MeDaFish72: folds 
letmewinplz8: folds 
dudrj2wl: folds 
Uncalled bet ($0.12) returned to pokeripuikko
pokeripuikko collected $0.25 from pot
pokeripuikko: doesn't show hand 
*** SUMMARY ***
Total pot $0.25 | Rake $0 
Seat 1: MeDaFish72 (button) folded before Flop (didn't bet)
Seat 2: letmewinplz8 (small blind) folded before Flop
Seat 3: dudrj2wl (big blind) folded before Flop
Seat 4: pokeripuikko collected ($0.25)
Seat 5: Mahu2021 folded before Flop (didn't bet)
Seat 6: Lenusia392 folded before Flop (didn't bet)



PokerStars Zoom Hand #253519561237:  Hold'em No Limit ($0.05/$0.10) - 2024/11/22 15:51:09 CET [2024/11/22 9:51:09 ET]
Table 'Aludra' 6-max Seat #1 is the button
Seat 1: Mahu2021 ($9.85 in chips) 
Seat 2: kikurinpk ($10 in chips) 
Seat 3: SagAA1990 ($18.84 in chips) 
Seat 4: eLegido99 ($10.20 in chips) 
Seat 5: MeDaFish72 ($10.44 in chips) 
Seat 6: julesAAAA ($21.05 in chips) 
kikurinpk: posts small blind $0.05
SagAA1990: posts big blind $0.10
*** HOLE CARDS ***
Dealt to Mahu2021 [3c Td]
eLegido99: folds 
MeDaFish72: folds 
julesAAAA: folds 
Mahu2021: folds 
kikurinpk: raises $0.20 to $0.30
SagAA1990: folds 
Uncalled bet ($0.20) returned to kikurinpk
kikurinpk collected $0.20 from pot
kikurinpk: doesn't show hand 
*** SUMMARY ***
Total pot $0.20 | Rake $0 
Seat 1: Mahu2021 (button) folded before Flop (didn't bet)
Seat 2: kikurinpk (small blind) collected ($0.20)
Seat 3: SagAA1990 (big blind) folded before Flop
Seat 4: eLegido99 folded before Flop (didn't bet)
Seat 5: MeDaFish72 folded before Flop (didn't bet)
Seat 6: julesAAAA folded before Flop (didn't bet)



PokerStars Zoom Hand #253519562137:  Hold'em No Limit ($0.05/$0.10) - 2024/11/22 15:51:15 CET [2024/11/22 9:51:15 ET]
Table 'Aludra' 6-max Seat #1 is the button
Seat 1: Berserkzz ($15.44 in chips) 
Seat 2: neilmyriad ($8.87 in chips) 
Seat 3: pokeripuikko ($17.08 in chips) 
Seat 4: letmewinplz8 ($14.42 in chips) 
Seat 5: franz Z750 ($24.87 in chips) 
Seat 6: Mahu2021 ($9.85 in chips) 
neilmyriad: posts small blind $0.05
pokeripuikko: posts big blind $0.10
*** HOLE CARDS ***
Dealt to Mahu2021 [8s 9d]
letmewinplz8: folds 
franz Z750: folds 
Mahu2021: folds 
Berserkzz: raises $0.10 to $0.20
neilmyriad: calls $0.15
pokeripuikko: calls $0.10
*** FLOP *** [5d 5s 8h]
neilmyriad: checks 
pokeripuikko: checks 
Berserkzz: checks 
*** TURN *** [5d 5s 8h] [Kd]
neilmyriad: checks 
pokeripuikko: checks 
Berserkzz: checks 
*** RIVER *** [5d 5s 8h Kd] [2s]
neilmyriad: checks 
pokeripuikko: checks 
Berserkzz: bets $0.29
neilmyriad: folds 
pokeripuikko: folds 
Uncalled bet ($0.29) returned to Berserkzz
Berserkzz collected $0.57 from pot
Berserkzz: doesn't show hand 
*** SUMMARY ***
Total pot $0.60 | Rake $0.03 
Board [5d 5s 8h Kd 2s]
Seat 1: Berserkzz (button) collected ($0.57)
Seat 2: neilmyriad (small blind) folded on the River
Seat 3: pokeripuikko (big blind) folded on the River
Seat 4: letmewinplz8 folded before Flop (didn't bet)
Seat 5: franz Z750 folded before Flop (didn't bet)
Seat 6: Mahu2021 folded before Flop (didn't bet)



PokerStars Zoom Hand #253519564501:  Hold'em No Limit ($0.05/$0.10) - 2024/11/22 15:51:27 CET [2024/11/22 9:51:27 ET]
Table 'Aludra' 6-max Seat #1 is the button
Seat 1: Hezekia ($14.95 in chips) 
Seat 2: jasonmartinnl ($7.16 in chips) 
Seat 3: Mahu2021 ($9.85 in chips) 
Seat 4: wtr66i ($19.01 in chips) 
Seat 5: Thoker ($17.53 in chips) 
Seat 6: aeduardo55 ($10.52 in chips) 
jasonmartinnl: posts small blind $0.05
Mahu2021: posts big blind $0.10
*** HOLE CARDS ***
Dealt to Mahu2021 [7h Jc]
wtr66i: folds 
Thoker: folds 
aeduardo55: folds 
Hezekia: folds 
jasonmartinnl: calls $0.05
Mahu2021: checks 
*** FLOP *** [Ac 5c Jd]
jasonmartinnl: bets $0.19
Mahu2021: calls $0.19
*** TURN *** [Ac 5c Jd] [7c]
jasonmartinnl: checks 
Mahu2021: bets $0.55
jasonmartinnl: folds 
Uncalled bet ($0.55) returned to Mahu2021
Mahu2021 collected $0.55 from pot
Mahu2021: doesn't show hand 
*** SUMMARY ***
Total pot $0.58 | Rake $0.03 
Board [Ac 5c Jd 7c]
Seat 1: Hezekia (button) folded before Flop (didn't bet)
Seat 2: jasonmartinnl (small blind) folded on the Turn
Seat 3: Mahu2021 (big blind) collected ($0.55)
Seat 4: wtr66i folded before Flop (didn't bet)
Seat 5: Thoker folded before Flop (didn't bet)
Seat 6: aeduardo55 folded before Flop (didn't bet)



PokerStars Zoom Hand #253519573132:  Hold'em No Limit ($0.05/$0.10) - 2024/11/22 15:52:15 CET [2024/11/22 9:52:15 ET]
Table 'Aludra' 6-max Seat #1 is the button
Seat 1: DonkeyKong1960 ($10.25 in chips) 
Seat 2: Mahu2021 ($10.11 in chips) 
Seat 3: Panda_Pooh_od ($10 in chips) 
Seat 4: SoiledFool ($19.10 in chips) 
Seat 5: jasonmartinnl ($6.87 in chips) 
Seat 6: kikurinpk ($11.13 in chips) 
Mahu2021: posts small blind $0.05
Panda_Pooh_od: posts big blind $0.10
*** HOLE CARDS ***
Dealt to Mahu2021 [9s As]
SoiledFool: folds 
jasonmartinnl: calls $0.10
kikurinpk: folds 
DonkeyKong1960: folds 
Mahu2021: calls $0.05
Panda_Pooh_od: raises $0.40 to $0.50
jasonmartinnl: folds 
Mahu2021: calls $0.40
*** FLOP *** [Jd 8c 8s]
Mahu2021: checks 
Panda_Pooh_od: checks 
*** TURN *** [Jd 8c 8s] [Kh]
Mahu2021: checks 
Panda_Pooh_od: bets $0.35
Mahu2021: calls $0.35
*** RIVER *** [Jd 8c 8s Kh] [2s]
Mahu2021: checks 
Panda_Pooh_od: checks 
*** SHOW DOWN ***
Mahu2021: shows [9s As] (a pair of Eights)
Panda_Pooh_od: shows [5h 5c] (two pair, Eights and Fives)
Panda_Pooh_od collected $1.72 from pot
*** SUMMARY ***
Total pot $1.80 | Rake $0.08 
Board [Jd 8c 8s Kh 2s]
Seat 1: DonkeyKong1960 (button) folded before Flop (didn't bet)
Seat 2: Mahu2021 (small blind) showed [9s As] and lost with a pair of Eights
Seat 3: Panda_Pooh_od (big blind) showed [5h 5c] and won ($1.72) with two pair, Eights and Fives
Seat 4: SoiledFool folded before Flop (didn't bet)
Seat 5: jasonmartinnl folded before Flop
Seat 6: kikurinpk folded before Flop (didn't bet)



PokerStars Zoom Hand #253519580648:  Hold'em No Limit ($0.05/$0.10) - 2024/11/22 15:52:57 CET [2024/11/22 9:52:57 ET]
Table 'Aludra' 6-max Seat #1 is the button
Seat 1: Panda_Pooh_od ($10.87 in chips) 
Seat 2: sebchen666 ($11.26 in chips) 
Seat 3: iqualizer ($5.27 in chips) 
Seat 4: Mahu2021 ($9.26 in chips) 
Seat 5: aeduardo55 ($14.05 in chips) 
Seat 6: gomusin ($12.09 in chips) 
sebchen666: posts small blind $0.05
iqualizer: posts big blind $0.10
*** HOLE CARDS ***
Dealt to Mahu2021 [Tc Kc]
Mahu2021: raises $0.10 to $0.20
aeduardo55: folds 
gomusin: folds 
Panda_Pooh_od: folds 
sebchen666: folds 
iqualizer: folds 
Uncalled bet ($0.10) returned to Mahu2021
Mahu2021 collected $0.25 from pot
Mahu2021: doesn't show hand 
*** SUMMARY ***
Total pot $0.25 | Rake $0 
Seat 1: Panda_Pooh_od (button) folded before Flop (didn't bet)
Seat 2: sebchen666 (small blind) folded before Flop
Seat 3: iqualizer (big blind) folded before Flop
Seat 4: Mahu2021 collected ($0.25)
Seat 5: aeduardo55 folded before Flop (didn't bet)
Seat 6: gomusin folded before Flop (didn't bet)



PokerStars Zoom Hand #253519582282:  Hold'em No Limit ($0.05/$0.10) - 2024/11/22 15:53:07 CET [2024/11/22 9:53:07 ET]
Table 'Aludra' 6-max Seat #1 is the button
Seat 1: Mahu2021 ($9.41 in chips) 
Seat 2: aleksande372 ($10.87 in chips) 
Seat 3: julesAAAA ($41.33 in chips) 
Seat 4: eLegido99 ($10.15 in chips) 
Seat 5: mastergill ($5.82 in chips) 
Seat 6: Gobi000 ($12.12 in chips) 
aleksande372: posts small blind $0.05
julesAAAA: posts big blind $0.10
*** HOLE CARDS ***
Dealt to Mahu2021 [Ks Ts]
eLegido99: folds 
mastergill: folds 
Gobi000: folds 
Mahu2021: raises $0.20 to $0.30
aleksande372: folds 
julesAAAA: folds 
Uncalled bet ($0.20) returned to Mahu2021
Mahu2021 collected $0.25 from pot
Mahu2021: doesn't show hand 
*** SUMMARY ***
Total pot $0.25 | Rake $0 
Seat 1: Mahu2021 (button) collected ($0.25)
Seat 2: aleksande372 (small blind) folded before Flop
Seat 3: julesAAAA (big blind) folded before Flop
Seat 4: eLegido99 folded before Flop (didn't bet)
Seat 5: mastergill folded before Flop (didn't bet)
Seat 6: Gobi000 folded before Flop (didn't bet)



PokerStars Zoom Hand #253519586014:  Hold'em No Limit ($0.05/$0.10) - 2024/11/22 15:53:28 CET [2024/11/22 9:53:28 ET]
Table 'Aludra' 6-max Seat #1 is the button
Seat 1: caco laco ($23.48 in chips) 
Seat 2: eLegido99 ($18.23 in chips) 
Seat 3: dudrj2wl ($17.56 in chips) 
Seat 4: Honkdonk747 ($7.29 in chips) 
Seat 5: Mahu2021 ($9.56 in chips) 
Seat 6: Atc9iv ($22.40 in chips) 
eLegido99: posts small blind $0.05
dudrj2wl: posts big blind $0.10
*** HOLE CARDS ***
Dealt to Mahu2021 [4h Ts]
Honkdonk747: folds 
Mahu2021: folds 
Atc9iv: folds 
caco laco: folds 
eLegido99: raises $0.20 to $0.30
dudrj2wl: folds 
Uncalled bet ($0.20) returned to eLegido99
eLegido99 collected $0.20 from pot
eLegido99: doesn't show hand 
*** SUMMARY ***
Total pot $0.20 | Rake $0 
Seat 1: caco laco (button) folded before Flop (didn't bet)
Seat 2: eLegido99 (small blind) collected ($0.20)
Seat 3: dudrj2wl (big blind) folded before Flop
Seat 4: Honkdonk747 folded before Flop (didn't bet)
Seat 5: Mahu2021 folded before Flop (didn't bet)
Seat 6: Atc9iv folded before Flop (didn't bet)



PokerStars Zoom Hand #253519586881:  Hold'em No Limit ($0.05/$0.10) - 2024/11/22 15:53:33 CET [2024/11/22 9:53:33 ET]
Table 'Aludra' 6-max Seat #1 is the button
Seat 1: DonkeyKong1960 ($10.84 in chips) 
Seat 2: BrightLov3 ($12.06 in chips) 
Seat 3: Mahu2021 ($9.56 in chips) 
Seat 4: neon11111 ($8.30 in chips) 
Seat 5: SheikOfHyrule ($12.43 in chips) 
Seat 6: aeduardo55 ($10.07 in chips) 
BrightLov3: posts small blind $0.05
Mahu2021: posts big blind $0.10
*** HOLE CARDS ***
Dealt to Mahu2021 [8d Ad]
neon11111: folds 
SheikOfHyrule: raises $0.15 to $0.25
aeduardo55: folds 
DonkeyKong1960: folds 
BrightLov3: folds 
Mahu2021: calls $0.15
*** FLOP *** [5s Kd 9h]
Mahu2021: checks 
SheikOfHyrule: checks 
*** TURN *** [5s Kd 9h] [6d]
Mahu2021: bets $0.20
SheikOfHyrule: calls $0.20
*** RIVER *** [5s Kd 9h 6d] [6s]
Mahu2021: bets $0.20
SheikOfHyrule: folds 
Uncalled bet ($0.20) returned to Mahu2021
Mahu2021 collected $0.91 from pot
Mahu2021: doesn't show hand 
*** SUMMARY ***
Total pot $0.95 | Rake $0.04 
Board [5s Kd 9h 6d 6s]
Seat 1: DonkeyKong1960 (button) folded before Flop (didn't bet)
Seat 2: BrightLov3 (small blind) folded before Flop
Seat 3: Mahu2021 (big blind) collected ($0.91)
Seat 4: neon11111 folded before Flop (didn't bet)
Seat 5: SheikOfHyrule folded on the River
Seat 6: aeduardo55 folded before Flop (didn't bet)



PokerStars Zoom Hand #253519584469:  Hold'em No Limit ($0.05/$0.10) - 2024/11/22 15:53:19 CET [2024/11/22 9:53:19 ET]
Table 'Aludra' 6-max Seat #1 is the button
Seat 1: kimmand ($4.05 in chips) 
Seat 2: Ripshaw10 ($80.15 in chips) 
Seat 3: Panda_Pooh_od ($10.82 in chips) 
Seat 4: julesAAAA ($41.23 in chips) 
Seat 5: Gobi000 ($12.12 in chips) 
Seat 6: Mahu2021 ($9.56 in chips) 
Ripshaw10: posts small blind $0.05
Panda_Pooh_od: posts big blind $0.10
*** HOLE CARDS ***
Dealt to Mahu2021 [7c 2c]
julesAAAA: folds 
Gobi000: folds 
Mahu2021: folds 
kimmand: folds 
Ripshaw10: raises $0.20 to $0.30
Panda_Pooh_od: calls $0.20
*** FLOP *** [Jd 6c 6d]
Ripshaw10: checks 
Panda_Pooh_od: checks 
*** TURN *** [Jd 6c 6d] [8s]
Ripshaw10: checks 
Panda_Pooh_od: bets $0.43
Ripshaw10: folds 
Uncalled bet ($0.43) returned to Panda_Pooh_od
Panda_Pooh_od collected $0.57 from pot
Panda_Pooh_od: doesn't show hand 
*** SUMMARY ***
Total pot $0.60 | Rake $0.03 
Board [Jd 6c 6d 8s]
Seat 1: kimmand (button) folded before Flop (didn't bet)
Seat 2: Ripshaw10 (small blind) folded on the Turn
Seat 3: Panda_Pooh_od (big blind) collected ($0.57)
Seat 4: julesAAAA folded before Flop (didn't bet)
Seat 5: Gobi000 folded before Flop (didn't bet)
Seat 6: Mahu2021 folded before Flop (didn't bet)



PokerStars Zoom Hand #253519592682:  Hold'em No Limit ($0.05/$0.10) - 2024/11/22 15:54:05 CET [2024/11/22 9:54:05 ET]
Table 'Aludra' 6-max Seat #1 is the button
Seat 1: CBUHOKOHb-1 ($15.69 in chips) 
Seat 2: franz Z750 ($24.87 in chips) 
Seat 3: julesAAAA ($18.50 in chips) 
Seat 4: gini777gini ($5.66 in chips) 
Seat 5: eLegido99 ($10 in chips) 
Seat 6: Mahu2021 ($9.97 in chips) 
franz Z750: posts small blind $0.05
julesAAAA: posts big blind $0.10
*** HOLE CARDS ***
Dealt to Mahu2021 [3c Ah]
gini777gini: folds 
eLegido99: folds 
Mahu2021: folds 
CBUHOKOHb-1: raises $0.10 to $0.20
franz Z750: folds 
julesAAAA: folds 
Uncalled bet ($0.10) returned to CBUHOKOHb-1
CBUHOKOHb-1 collected $0.25 from pot
CBUHOKOHb-1: doesn't show hand 
*** SUMMARY ***
Total pot $0.25 | Rake $0 
Seat 1: CBUHOKOHb-1 (button) collected ($0.25)
Seat 2: franz Z750 (small blind) folded before Flop
Seat 3: julesAAAA (big blind) folded before Flop
Seat 4: gini777gini folded before Flop (didn't bet)
Seat 5: eLegido99 folded before Flop (didn't bet)
Seat 6: Mahu2021 folded before Flop (didn't bet)



PokerStars Zoom Hand #253519592240:  Hold'em No Limit ($0.05/$0.10) - 2024/11/22 15:54:02 CET [2024/11/22 9:54:02 ET]
Table 'Aludra' 6-max Seat #1 is the button
Seat 1: Mahu2021 ($9.97 in chips) 
Seat 2: aeduardo55 ($11.85 in chips) 
Seat 3: SagAA1990 ($17.29 in chips) 
Seat 4: aleksande372 ($10.57 in chips) 
Seat 5: Thoker ($17.72 in chips) 
Seat 6: MeDaFish72 ($10.49 in chips) 
aeduardo55: posts small blind $0.05
SagAA1990: posts big blind $0.10
*** HOLE CARDS ***
Dealt to Mahu2021 [5h Jd]
aleksande372: folds 
Thoker: folds 
MeDaFish72: raises $0.15 to $0.25
Mahu2021: folds 
aeduardo55: folds 
SagAA1990: folds 
Uncalled bet ($0.15) returned to MeDaFish72
MeDaFish72 collected $0.25 from pot
MeDaFish72: doesn't show hand 
*** SUMMARY ***
Total pot $0.25 | Rake $0 
Seat 1: Mahu2021 (button) folded before Flop (didn't bet)
Seat 2: aeduardo55 (small blind) folded before Flop
Seat 3: SagAA1990 (big blind) folded before Flop
Seat 4: aleksande372 folded before Flop (didn't bet)
Seat 5: Thoker folded before Flop (didn't bet)
Seat 6: MeDaFish72 collected ($0.25)



PokerStars Zoom Hand #253519591179:  Hold'em No Limit ($0.05/$0.10) - 2024/11/22 15:53:57 CET [2024/11/22 9:53:57 ET]
Table 'Aludra' 6-max Seat #1 is the button
Seat 1: dodeer ($10 in chips) 
Seat 2: Mahu2021 ($10.02 in chips) 
Seat 3: letmewinplz8 ($14.27 in chips) 
Seat 4: Atc9iv ($14.02 in chips) 
Seat 5: SoiledFool ($10 in chips) 
Seat 6: dezinpardeas ($9.05 in chips) 
Mahu2021: posts small blind $0.05
letmewinplz8: posts big blind $0.10
*** HOLE CARDS ***
Dealt to Mahu2021 [Jh 2s]
Atc9iv: raises $0.15 to $0.25
SoiledFool: calls $0.25
dezinpardeas: folds 
dodeer: folds 
Mahu2021: folds 
letmewinplz8: folds 
*** FLOP *** [7c 9s 2h]
Atc9iv: checks 
SoiledFool: checks 
*** TURN *** [7c 9s 2h] [Ac]
Atc9iv: bets $0.31
SoiledFool: folds 
Uncalled bet ($0.31) returned to Atc9iv
Atc9iv collected $0.61 from pot
Atc9iv: doesn't show hand 
*** SUMMARY ***
Total pot $0.65 | Rake $0.04 
Board [7c 9s 2h Ac]
Seat 1: dodeer (button) folded before Flop (didn't bet)
Seat 2: Mahu2021 (small blind) folded before Flop
Seat 3: letmewinplz8 (big blind) folded before Flop
Seat 4: Atc9iv collected ($0.61)
Seat 5: SoiledFool folded on the Turn
Seat 6: dezinpardeas folded before Flop (didn't bet)



PokerStars Zoom Hand #253519594313:  Hold'em No Limit ($0.05/$0.10) - 2024/11/22 15:54:15 CET [2024/11/22 9:54:15 ET]
Table 'Aludra' 6-max Seat #1 is the button
Seat 1: Whysoserios0 ($19.04 in chips) 
Seat 2: sabori-man ($10.15 in chips) 
Seat 3: caco laco ($32.13 in chips) 
Seat 4: Mahu2021 ($9.97 in chips) 
Seat 5: KRSofM ($10 in chips) 
Seat 6: EduGuiraud ($9.70 in chips) 
sabori-man: posts small blind $0.05
caco laco: posts big blind $0.10
*** HOLE CARDS ***
Dealt to Mahu2021 [Th 9c]
Mahu2021: folds 
KRSofM: folds 
EduGuiraud: folds 
Whysoserios0: folds 
sabori-man: raises $0.20 to $0.30
caco laco: folds 
Uncalled bet ($0.20) returned to sabori-man
sabori-man collected $0.20 from pot
sabori-man: doesn't show hand 
*** SUMMARY ***
Total pot $0.20 | Rake $0 
Seat 1: Whysoserios0 (button) folded before Flop (didn't bet)
Seat 2: sabori-man (small blind) collected ($0.20)
Seat 3: caco laco (big blind) folded before Flop
Seat 4: Mahu2021 folded before Flop (didn't bet)
Seat 5: KRSofM folded before Flop (didn't bet)
Seat 6: EduGuiraud folded before Flop (didn't bet)



PokerStars Zoom Hand #253519593642:  Hold'em No Limit ($0.05/$0.10) - 2024/11/22 15:54:11 CET [2024/11/22 9:54:11 ET]
Table 'Aludra' 6-max Seat #1 is the button
Seat 1: KRSofM ($10 in chips) 
Seat 2: julesAAAA ($22.02 in chips) 
Seat 3: carolientje0 ($15.43 in chips) 
Seat 4: Mahu2021 ($9.97 in chips) 
Seat 5: dudrj2wl ($21.67 in chips) 
Seat 6: letmewinplz8 ($25.26 in chips) 
julesAAAA: posts small blind $0.05
carolientje0: posts big blind $0.10
*** HOLE CARDS ***
Dealt to Mahu2021 [3h 6h]
Mahu2021: folds 
dudrj2wl: folds 
letmewinplz8: raises $0.15 to $0.25
KRSofM: folds 
julesAAAA: raises $0.50 to $0.75
carolientje0: folds 
letmewinplz8: folds 
Uncalled bet ($0.50) returned to julesAAAA
julesAAAA collected $0.60 from pot
julesAAAA: doesn't show hand 
*** SUMMARY ***
Total pot $0.60 | Rake $0 
Seat 1: KRSofM (button) folded before Flop (didn't bet)
Seat 2: julesAAAA (small blind) collected ($0.60)
Seat 3: carolientje0 (big blind) folded before Flop
Seat 4: Mahu2021 folded before Flop (didn't bet)
Seat 5: dudrj2wl folded before Flop (didn't bet)
Seat 6: letmewinplz8 folded before Flop



PokerStars Zoom Hand #253519595216:  Hold'em No Limit ($0.05/$0.10) - 2024/11/22 15:54:20 CET [2024/11/22 9:54:20 ET]
Table 'Aludra' 6-max Seat #1 is the button
Seat 1: Rob 1973 ($25.12 in chips) 
Seat 2: dudrj2wl ($21.67 in chips) 
Seat 3: Mahu2021 ($9.97 in chips) 
Seat 4: vojtek1968 ($12.55 in chips) 
Seat 5: BrightLov3 ($12.44 in chips) 
Seat 6: DonkeyKong1960 ($10.25 in chips) 
dudrj2wl: posts small blind $0.05
Mahu2021: posts big blind $0.10
*** HOLE CARDS ***
Dealt to Mahu2021 [4d Td]
vojtek1968: raises $0.10 to $0.20
BrightLov3: folds 
DonkeyKong1960: calls $0.20
Rob 1973: folds 
dudrj2wl: folds 
Mahu2021: calls $0.10
*** FLOP *** [Kd 5s 2c]
Mahu2021: checks 
vojtek1968: bets $0.31
DonkeyKong1960: folds 
Mahu2021: folds 
Uncalled bet ($0.31) returned to vojtek1968
vojtek1968 collected $0.62 from pot
vojtek1968: doesn't show hand 
*** SUMMARY ***
Total pot $0.65 | Rake $0.03 
Board [Kd 5s 2c]
Seat 1: Rob 1973 (button) folded before Flop (didn't bet)
Seat 2: dudrj2wl (small blind) folded before Flop
Seat 3: Mahu2021 (big blind) folded on the Flop
Seat 4: vojtek1968 collected ($0.62)
Seat 5: BrightLov3 folded before Flop (didn't bet)
Seat 6: DonkeyKong1960 folded on the Flop



PokerStars Zoom Hand #253519598845:  Hold'em No Limit ($0.05/$0.10) - 2024/11/22 15:54:40 CET [2024/11/22 9:54:40 ET]
Table 'Aludra' 6-max Seat #1 is the button
Seat 1: Lenusia392 ($4.93 in chips) 
Seat 2: Mahu2021 ($9.77 in chips) 
Seat 3: sharakov ($10 in chips) 
Seat 4: dodeer ($24.61 in chips) 
Seat 5: Panda_Pooh_od ($11.02 in chips) 
Seat 6: pokeripuikko ($16.28 in chips) 
Mahu2021: posts small blind $0.05
sharakov: posts big blind $0.10
*** HOLE CARDS ***
Dealt to Mahu2021 [3c Tc]
dodeer: folds 
Panda_Pooh_od: folds 
pokeripuikko: folds 
Lenusia392: folds 
Mahu2021: folds 
Uncalled bet ($0.05) returned to sharakov
sharakov collected $0.10 from pot
sharakov: doesn't show hand 
*** SUMMARY ***
Total pot $0.10 | Rake $0 
Seat 1: Lenusia392 (button) folded before Flop (didn't bet)
Seat 2: Mahu2021 (small blind) folded before Flop
Seat 3: sharakov (big blind) collected ($0.10)
Seat 4: dodeer folded before Flop (didn't bet)
Seat 5: Panda_Pooh_od folded before Flop (didn't bet)
Seat 6: pokeripuikko folded before Flop (didn't bet)



PokerStars Zoom Hand #253519600418:  Hold'em No Limit ($0.05/$0.10) - 2024/11/22 15:54:49 CET [2024/11/22 9:54:49 ET]
Table 'Aludra' 6-max Seat #1 is the button
Seat 1: Mahu2021 ($9.72 in chips) 
Seat 2: aeduardo55 ($11.70 in chips) 
Seat 3: SoiledFool ($10.98 in chips) 
Seat 4: Thoker ($24.50 in chips) 
Seat 5: dodeer ($10 in chips) 
Seat 6: jjjacks197 ($11.09 in chips) 
aeduardo55: posts small blind $0.05
SoiledFool: posts big blind $0.10
*** HOLE CARDS ***
Dealt to Mahu2021 [Ah Kd]
Thoker: folds 
dodeer: folds 
jjjacks197: folds 
Mahu2021: raises $0.20 to $0.30
aeduardo55: folds 
SoiledFool: folds 
Uncalled bet ($0.20) returned to Mahu2021
Mahu2021 collected $0.25 from pot
Mahu2021: doesn't show hand 
*** SUMMARY ***
Total pot $0.25 | Rake $0 
Seat 1: Mahu2021 (button) collected ($0.25)
Seat 2: aeduardo55 (small blind) folded before Flop
Seat 3: SoiledFool (big blind) folded before Flop
Seat 4: Thoker folded before Flop (didn't bet)
Seat 5: dodeer folded before Flop (didn't bet)
Seat 6: jjjacks197 folded before Flop (didn't bet)



PokerStars Zoom Hand #253519603708:  Hold'em No Limit ($0.05/$0.10) - 2024/11/22 15:55:07 CET [2024/11/22 9:55:07 ET]
Table 'Aludra' 6-max Seat #1 is the button
Seat 1: Holstein192 ($11.31 in chips) 
Seat 2: Ros1453 ($10.27 in chips) 
Seat 3: pokeripuikko ($11.09 in chips) 
Seat 4: CptLevi111 ($6.12 in chips) 
Seat 5: Mahu2021 ($9.87 in chips) 
Seat 6: SagAA1990 ($17.39 in chips) 
Ros1453: posts small blind $0.05
pokeripuikko: posts big blind $0.10
*** HOLE CARDS ***
Dealt to Mahu2021 [6d Ks]
CptLevi111: folds 
Mahu2021: folds 
SagAA1990: folds 
Holstein192: raises $0.20 to $0.30
Ros1453: folds 
pokeripuikko: folds 
Uncalled bet ($0.20) returned to Holstein192
Holstein192 collected $0.25 from pot
Holstein192: doesn't show hand 
*** SUMMARY ***
Total pot $0.25 | Rake $0 
Seat 1: Holstein192 (button) collected ($0.25)
Seat 2: Ros1453 (small blind) folded before Flop
Seat 3: pokeripuikko (big blind) folded before Flop
Seat 4: CptLevi111 folded before Flop (didn't bet)
Seat 5: Mahu2021 folded before Flop (didn't bet)
Seat 6: SagAA1990 folded before Flop (didn't bet)



PokerStars Zoom Hand #253519604400:  Hold'em No Limit ($0.05/$0.10) - 2024/11/22 15:55:11 CET [2024/11/22 9:55:11 ET]
Table 'Aludra' 6-max Seat #1 is the button
Seat 1: Ros1453 ($10.22 in chips) 
Seat 2: aleksande372 ($10.05 in chips) 
Seat 3: Mahu2021 ($9.87 in chips) 
Seat 4: SoiledFool ($19.72 in chips) 
Seat 5: eLegido99 ($10 in chips) 
Seat 6: jasonmartinnl ($5.02 in chips) 
aleksande372: posts small blind $0.05
Mahu2021: posts big blind $0.10
*** HOLE CARDS ***
Dealt to Mahu2021 [Qd 8s]
SoiledFool: folds 
eLegido99: folds 
jasonmartinnl: folds 
Ros1453: raises $0.20 to $0.30
aleksande372: folds 
Mahu2021: folds 
Uncalled bet ($0.20) returned to Ros1453
Ros1453 collected $0.25 from pot
Ros1453: doesn't show hand 
*** SUMMARY ***
Total pot $0.25 | Rake $0 
Seat 1: Ros1453 (button) collected ($0.25)
Seat 2: aleksande372 (small blind) folded before Flop
Seat 3: Mahu2021 (big blind) folded before Flop
Seat 4: SoiledFool folded before Flop (didn't bet)
Seat 5: eLegido99 folded before Flop (didn't bet)
Seat 6: jasonmartinnl folded before Flop (didn't bet)



PokerStars Zoom Hand #253519599730:  Hold'em No Limit ($0.05/$0.10) - 2024/11/22 15:54:45 CET [2024/11/22 9:54:45 ET]
Table 'Aludra' 6-max Seat #1 is the button
Seat 1: dodeer ($24.61 in chips) 
Seat 2: MeDaFish72 ($13.32 in chips) 
Seat 3: kimmand ($5.61 in chips) 
Seat 4: Mahu2021 ($9.72 in chips) 
Seat 5: letmewinplz8 ($14.52 in chips) 
Seat 6: Senor Hai ($10 in chips) 
MeDaFish72: posts small blind $0.05
kimmand: posts big blind $0.10
*** HOLE CARDS ***
Dealt to Mahu2021 [3d Qs]
Mahu2021: folds 
letmewinplz8: folds 
Senor Hai has timed out
Senor Hai: folds 
dodeer: folds 
MeDaFish72: raises $0.20 to $0.30
kimmand: calls $0.20
*** FLOP *** [9c 5d 8d]
MeDaFish72: checks 
kimmand: checks 
*** TURN *** [9c 5d 8d] [Jc]
MeDaFish72: checks 
kimmand: checks 
*** RIVER *** [9c 5d 8d Jc] [4c]
MeDaFish72: checks 
kimmand: checks 
*** SHOW DOWN ***
MeDaFish72: shows [2h Ad] (high card Ace)
kimmand: shows [Qd Qc] (a pair of Queens)
kimmand collected $0.57 from pot
*** SUMMARY ***
Total pot $0.60 | Rake $0.03 
Board [9c 5d 8d Jc 4c]
Seat 1: dodeer (button) folded before Flop (didn't bet)
Seat 2: MeDaFish72 (small blind) showed [2h Ad] and lost with high card Ace
Seat 3: kimmand (big blind) showed [Qd Qc] and won ($0.57) with a pair of Queens
Seat 4: Mahu2021 folded before Flop (didn't bet)
Seat 5: letmewinplz8 folded before Flop (didn't bet)
Seat 6: Senor Hai folded before Flop (didn't bet)



PokerStars Zoom Hand #253519602775:  Hold'em No Limit ($0.05/$0.10) - 2024/11/22 15:55:02 CET [2024/11/22 9:55:02 ET]
Table 'Aludra' 6-max Seat #1 is the button
Seat 1: jjjacks197 ($10.99 in chips) 
Seat 2: aleksande372 ($10 in chips) 
Seat 3: DonkeyKong1960 ($10.20 in chips) 
Seat 4: SagAA1990 ($17.39 in chips) 
Seat 5: EduGuiraud ($9.55 in chips) 
Seat 6: Mahu2021 ($9.87 in chips) 
aleksande372: posts small blind $0.05
DonkeyKong1960: posts big blind $0.10
*** HOLE CARDS ***
Dealt to Mahu2021 [Qd 7c]
SagAA1990: folds 
EduGuiraud: raises $0.10 to $0.20
Mahu2021: folds 
jjjacks197: folds 
aleksande372: folds 
DonkeyKong1960: calls $0.10
*** FLOP *** [4h 9h 2d]
DonkeyKong1960: checks 
EduGuiraud: checks 
*** TURN *** [4h 9h 2d] [5d]
DonkeyKong1960: bets $0.30
EduGuiraud: folds 
Uncalled bet ($0.30) returned to DonkeyKong1960
DonkeyKong1960 collected $0.43 from pot
DonkeyKong1960: doesn't show hand 
*** SUMMARY ***
Total pot $0.45 | Rake $0.02 
Board [4h 9h 2d 5d]
Seat 1: jjjacks197 (button) folded before Flop (didn't bet)
Seat 2: aleksande372 (small blind) folded before Flop
Seat 3: DonkeyKong1960 (big blind) collected ($0.43)
Seat 4: SagAA1990 folded before Flop (didn't bet)
Seat 5: EduGuiraud folded on the Turn
Seat 6: Mahu2021 folded before Flop (didn't bet)



PokerStars Zoom Hand #253519606684:  Hold'em No Limit ($0.05/$0.10) - 2024/11/22 15:55:27 CET [2024/11/22 9:55:27 ET]
Table 'Aludra' 6-max Seat #1 is the button
Seat 1: Honkdonk747 ($9.22 in chips) 
Seat 2: Raff.ts ($9.79 in chips) 
Seat 3: KRSofM ($9.85 in chips) 
Seat 4: Mahu2021 ($9.72 in chips) 
Seat 5: Senor Hai ($10.10 in chips) 
Seat 6: daily228 ($10 in chips) 
Raff.ts: posts small blind $0.05
KRSofM: posts big blind $0.10
*** HOLE CARDS ***
Dealt to Mahu2021 [6d 7h]
Mahu2021: folds 
Senor Hai: folds 
daily228: folds 
Honkdonk747: folds 
Raff.ts: folds 
Uncalled bet ($0.05) returned to KRSofM
KRSofM collected $0.10 from pot
KRSofM: doesn't show hand 
*** SUMMARY ***
Total pot $0.10 | Rake $0 
Seat 1: Honkdonk747 (button) folded before Flop (didn't bet)
Seat 2: Raff.ts (small blind) folded before Flop
Seat 3: KRSofM (big blind) collected ($0.10)
Seat 4: Mahu2021 folded before Flop (didn't bet)
Seat 5: Senor Hai folded before Flop (didn't bet)
Seat 6: daily228 folded before Flop (didn't bet)



PokerStars Zoom Hand #253519606082:  Hold'em No Limit ($0.05/$0.10) - 2024/11/22 15:55:23 CET [2024/11/22 9:55:23 ET]
Table 'Aludra' 6-max Seat #1 is the button
Seat 1: pougia777 ($7.27 in chips) 
Seat 2: Mahu2021 ($9.77 in chips) 
Seat 3: SoiledFool ($10.33 in chips) 
Seat 4: Panda_Pooh_od ($10.57 in chips) 
Seat 5: DropIceoleito ($10.19 in chips) 
Seat 6: aeduardo55 ($10 in chips) 
Mahu2021: posts small blind $0.05
SoiledFool: posts big blind $0.10
*** HOLE CARDS ***
Dealt to Mahu2021 [Js 8d]
Panda_Pooh_od: folds 
DropIceoleito: raises $0.10 to $0.20
aeduardo55: raises $0.50 to $0.70
pougia777: folds 
Mahu2021: folds 
SoiledFool: folds 
DropIceoleito: folds 
Uncalled bet ($0.50) returned to aeduardo55
aeduardo55 collected $0.55 from pot
aeduardo55: doesn't show hand 
*** SUMMARY ***
Total pot $0.55 | Rake $0 
Seat 1: pougia777 (button) folded before Flop (didn't bet)
Seat 2: Mahu2021 (small blind) folded before Flop
Seat 3: SoiledFool (big blind) folded before Flop
Seat 4: Panda_Pooh_od folded before Flop (didn't bet)
Seat 5: DropIceoleito folded before Flop
Seat 6: aeduardo55 collected ($0.55)



PokerStars Zoom Hand #253519605506:  Hold'em No Limit ($0.05/$0.10) - 2024/11/22 15:55:19 CET [2024/11/22 9:55:19 ET]
Table 'Aludra' 6-max Seat #1 is the button
Seat 1: Mahu2021 ($9.77 in chips) 
Seat 2: Rob 1973 ($25.02 in chips) 
Seat 3: Ripshaw10 ($15.46 in chips) 
Seat 4: frankajax98 ($14.90 in chips) 
Seat 5: kikurinpk ($10 in chips) 
Seat 6: BudaCheese23 ($5.73 in chips) 
Rob 1973: posts small blind $0.05
Ripshaw10: posts big blind $0.10
*** HOLE CARDS ***
Dealt to Mahu2021 [3d Kh]
frankajax98: folds 
kikurinpk: raises $0.15 to $0.25
BudaCheese23 is disconnected 
BudaCheese23 has timed out while disconnected
BudaCheese23: folds 
Mahu2021: folds 
Rob 1973: folds 
Ripshaw10: calls $0.15
*** FLOP *** [6d Qd 5c]
Ripshaw10: checks 
kikurinpk: bets $0.27
Ripshaw10: folds 
Uncalled bet ($0.27) returned to kikurinpk
kikurinpk collected $0.53 from pot
kikurinpk: doesn't show hand 
*** SUMMARY ***
Total pot $0.55 | Rake $0.02 
Board [6d Qd 5c]
Seat 1: Mahu2021 (button) folded before Flop (didn't bet)
Seat 2: Rob 1973 (small blind) folded before Flop
Seat 3: Ripshaw10 (big blind) folded on the Flop
Seat 4: frankajax98 folded before Flop (didn't bet)
Seat 5: kikurinpk collected ($0.53)
Seat 6: BudaCheese23 folded before Flop (didn't bet)



PokerStars Zoom Hand #253519607382:  Hold'em No Limit ($0.05/$0.10) - 2024/11/22 15:55:32 CET [2024/11/22 9:55:32 ET]
Table 'Aludra' 6-max Seat #1 is the button
Seat 1: Lenusia392 ($5.06 in chips) 
Seat 2: CptLevi111 ($6.12 in chips) 
Seat 3: Panda_Pooh_od ($10.57 in chips) 
Seat 4: frankajax98 ($14.90 in chips) 
Seat 5: Mahu2021 ($9.72 in chips) 
Seat 6: Hezekia ($14.32 in chips) 
CptLevi111: posts small blind $0.05
Panda_Pooh_od: posts big blind $0.10
*** HOLE CARDS ***
Dealt to Mahu2021 [6d 6h]
frankajax98: folds 
Mahu2021: raises $0.10 to $0.20
Hezekia: raises $0.10 to $0.30
Lenusia392: folds 
CptLevi111: folds 
Panda_Pooh_od: calls $0.20
Mahu2021: calls $0.10
*** FLOP *** [Th 4h Qh]
Panda_Pooh_od: checks 
Mahu2021: checks 
Hezekia: bets $0.46
Panda_Pooh_od: folds 
Mahu2021: calls $0.46
*** TURN *** [Th 4h Qh] [8d]
Mahu2021: checks 
Hezekia: bets $1
Mahu2021: raises $1 to $2
Hezekia: calls $1
*** RIVER *** [Th 4h Qh 8d] [Ad]
Mahu2021: bets $6.96 and is all-in
Hezekia: calls $6.96
*** SHOW DOWN ***
Mahu2021: shows [6d 6h] (a pair of Sixes)
Hezekia: shows [9h Kh] (a flush, King high)
Hezekia collected $18.90 from pot
*** SUMMARY ***
Total pot $19.79 | Rake $0.89 
Board [Th 4h Qh 8d Ad]
Seat 1: Lenusia392 (button) folded before Flop (didn't bet)
Seat 2: CptLevi111 (small blind) folded before Flop
Seat 3: Panda_Pooh_od (big blind) folded on the Flop
Seat 4: frankajax98 folded before Flop (didn't bet)
Seat 5: Mahu2021 showed [6d 6h] and lost with a pair of Sixes
Seat 6: Hezekia showed [9h Kh] and won ($18.90) with a flush, King high



PokerStars Zoom Hand #253519613928:  Hold'em No Limit ($0.05/$0.10) - 2024/11/22 15:56:18 CET [2024/11/22 9:56:18 ET]
Table 'Aludra' 6-max Seat #1 is the button
Seat 1: SagAA1990 ($15.68 in chips) 
Seat 2: dodeer ($24.31 in chips) 
Seat 3: lordx777 ($10.35 in chips) 
Seat 4: aeduardo55 ($10.30 in chips) 
Seat 5: letmewinplz8 ($15.90 in chips) 
Seat 6: Mahu2021 ($10 in chips) 
dodeer: posts small blind $0.05
lordx777: posts big blind $0.10
*** HOLE CARDS ***
Dealt to Mahu2021 [2c 5h]
aeduardo55: folds 
letmewinplz8: folds 
Mahu2021: folds 
SagAA1990: raises $0.10 to $0.20
dodeer: folds 
lordx777: folds 
Uncalled bet ($0.10) returned to SagAA1990
SagAA1990 collected $0.25 from pot
SagAA1990: doesn't show hand 
*** SUMMARY ***
Total pot $0.25 | Rake $0 
Seat 1: SagAA1990 (button) collected ($0.25)
Seat 2: dodeer (small blind) folded before Flop
Seat 3: lordx777 (big blind) folded before Flop
Seat 4: aeduardo55 folded before Flop (didn't bet)
Seat 5: letmewinplz8 folded before Flop (didn't bet)
Seat 6: Mahu2021 folded before Flop (didn't bet)



PokerStars Zoom Hand #253519615283:  Hold'em No Limit ($0.05/$0.10) - 2024/11/22 15:56:27 CET [2024/11/22 9:56:27 ET]
Table 'Aludra' 6-max Seat #1 is the button
Seat 1: Panda_Pooh_od ($11.65 in chips) 
Seat 2: frankajax98 ($10 in chips) 
Seat 3: Mahu2021 ($10 in chips) 
Seat 4: franz Z750 ($23.64 in chips) 
Seat 5: aleksande372 ($10 in chips) 
Seat 6: aeduardo55 ($11.55 in chips) 
frankajax98: posts small blind $0.05
Mahu2021: posts big blind $0.10
*** HOLE CARDS ***
Dealt to Mahu2021 [8s Tc]
franz Z750: folds 
aleksande372: folds 
aeduardo55: folds 
Panda_Pooh_od: folds 
frankajax98: raises $0.20 to $0.30
Mahu2021: folds 
Uncalled bet ($0.20) returned to frankajax98
frankajax98 collected $0.20 from pot
frankajax98: doesn't show hand 
*** SUMMARY ***
Total pot $0.20 | Rake $0 
Seat 1: Panda_Pooh_od (button) folded before Flop (didn't bet)
Seat 2: frankajax98 (small blind) collected ($0.20)
Seat 3: Mahu2021 (big blind) folded before Flop
Seat 4: franz Z750 folded before Flop (didn't bet)
Seat 5: aleksande372 folded before Flop (didn't bet)
Seat 6: aeduardo55 folded before Flop (didn't bet)



PokerStars Zoom Hand #253519618959:  Hold'em No Limit ($0.05/$0.10) - 2024/11/22 15:56:53 CET [2024/11/22 9:56:53 ET]
Table 'Aludra' 6-max Seat #1 is the button
Seat 1: letmewinplz8 ($15.85 in chips) 
Seat 2: Mahu2021 ($9.90 in chips) 
Seat 3: MeDaFish72 ($11.05 in chips) 
Seat 4: dodeer ($10 in chips) 
Seat 5: aeduardo55 ($10.60 in chips) 
Seat 6: honEybOOx ($11.14 in chips) 
Mahu2021: posts small blind $0.05
MeDaFish72: posts big blind $0.10
*** HOLE CARDS ***
Dealt to Mahu2021 [Kd Jh]
dodeer: folds 
aeduardo55: folds 
honEybOOx: raises $0.12 to $0.22
letmewinplz8: raises $0.62 to $0.84
Mahu2021: folds 
MeDaFish72: folds 
honEybOOx: folds 
Uncalled bet ($0.62) returned to letmewinplz8
letmewinplz8 collected $0.59 from pot
letmewinplz8: doesn't show hand 
*** SUMMARY ***
Total pot $0.59 | Rake $0 
Seat 1: letmewinplz8 (button) collected ($0.59)
Seat 2: Mahu2021 (small blind) folded before Flop
Seat 3: MeDaFish72 (big blind) folded before Flop
Seat 4: dodeer folded before Flop (didn't bet)
Seat 5: aeduardo55 folded before Flop (didn't bet)
Seat 6: honEybOOx folded before Flop



PokerStars Zoom Hand #253519622009:  Hold'em No Limit ($0.05/$0.10) - 2024/11/22 15:57:15 CET [2024/11/22 9:57:15 ET]
Table 'Aludra' 6-max Seat #1 is the button
Seat 1: frankajax98 ($10.40 in chips) 
Seat 2: franz Z750 ($23.27 in chips) 
Seat 3: Mahu2021 ($9.85 in chips) 
Seat 4: aeduardo55 ($10.50 in chips) 
Seat 5: pougia777 ($7.53 in chips) 
Seat 6: eLegido99 ($17.53 in chips) 
franz Z750: posts small blind $0.05
Mahu2021: posts big blind $0.10
*** HOLE CARDS ***
Dealt to Mahu2021 [7h 4c]
aeduardo55: folds 
pougia777: folds 
eLegido99: folds 
frankajax98: raises $0.15 to $0.25
franz Z750: folds 
Mahu2021: folds 
Uncalled bet ($0.15) returned to frankajax98
frankajax98 collected $0.25 from pot
frankajax98: doesn't show hand 
*** SUMMARY ***
Total pot $0.25 | Rake $0 
Seat 1: frankajax98 (button) collected ($0.25)
Seat 2: franz Z750 (small blind) folded before Flop
Seat 3: Mahu2021 (big blind) folded before Flop
Seat 4: aeduardo55 folded before Flop (didn't bet)
Seat 5: pougia777 folded before Flop (didn't bet)
Seat 6: eLegido99 folded before Flop (didn't bet)



PokerStars Zoom Hand #253519618395:  Hold'em No Limit ($0.05/$0.10) - 2024/11/22 15:56:49 CET [2024/11/22 9:56:49 ET]
Table 'Aludra' 6-max Seat #1 is the button
Seat 1: Mahu2021 ($9.90 in chips) 
Seat 2: m0nster1989_ ($10.15 in chips) 
Seat 3: neilmyriad ($9.30 in chips) 
Seat 4: letmewinplz8 ($15.85 in chips) 
Seat 5: sharakov ($10.80 in chips) 
Seat 6: JacDs ($22.40 in chips) 
m0nster1989_: posts small blind $0.05
neilmyriad: posts big blind $0.10
*** HOLE CARDS ***
Dealt to Mahu2021 [6s 4d]
letmewinplz8: folds 
sharakov: folds 
JacDs: raises $0.15 to $0.25
Mahu2021: folds 
m0nster1989_: calls $0.20
neilmyriad: folds 
*** FLOP *** [2d 2s 5d]
m0nster1989_: checks 
JacDs: checks 
*** TURN *** [2d 2s 5d] [5h]
m0nster1989_: bets $0.35
JacDs: folds 
Uncalled bet ($0.35) returned to m0nster1989_
m0nster1989_ collected $0.57 from pot
m0nster1989_: doesn't show hand 
*** SUMMARY ***
Total pot $0.60 | Rake $0.03 
Board [2d 2s 5d 5h]
Seat 1: Mahu2021 (button) folded before Flop (didn't bet)
Seat 2: m0nster1989_ (small blind) collected ($0.57)
Seat 3: neilmyriad (big blind) folded before Flop
Seat 4: letmewinplz8 folded before Flop (didn't bet)
Seat 5: sharakov folded before Flop (didn't bet)
Seat 6: JacDs folded on the Turn



PokerStars Zoom Hand #253519623786:  Hold'em No Limit ($0.05/$0.10) - 2024/11/22 15:57:27 CET [2024/11/22 9:57:27 ET]
Table 'Aludra' 6-max Seat #1 is the button
Seat 1: Mahu2021 ($9.75 in chips) 
Seat 2: Atc9iv ($20.78 in chips) 
Seat 3: CptLevi111 ($6.06 in chips) 
Seat 4: Hoe_Jyland69 ($11.44 in chips) 
Seat 5: Holstein192 ($10.42 in chips) 
Seat 6: lordx777 ($13.21 in chips) 
Atc9iv: posts small blind $0.05
CptLevi111: posts big blind $0.10
*** HOLE CARDS ***
Dealt to Mahu2021 [3c Js]
Hoe_Jyland69: folds 
Holstein192: folds 
lordx777: folds 
Mahu2021: folds 
Atc9iv: folds 
Uncalled bet ($0.05) returned to CptLevi111
CptLevi111 collected $0.10 from pot
CptLevi111: doesn't show hand 
*** SUMMARY ***
Total pot $0.10 | Rake $0 
Seat 1: Mahu2021 (button) folded before Flop (didn't bet)
Seat 2: Atc9iv (small blind) folded before Flop
Seat 3: CptLevi111 (big blind) collected ($0.10)
Seat 4: Hoe_Jyland69 folded before Flop (didn't bet)
Seat 5: Holstein192 folded before Flop (didn't bet)
Seat 6: lordx777 folded before Flop (didn't bet)



PokerStars Zoom Hand #253519625015:  Hold'em No Limit ($0.05/$0.10) - 2024/11/22 15:57:36 CET [2024/11/22 9:57:36 ET]
Table 'Aludra' 6-max Seat #1 is the button
Seat 1: Raff.ts ($11.25 in chips) 
Seat 2: aeduardo55 ($10.22 in chips) 
Seat 3: JacDs ($22.10 in chips) 
Seat 4: pougia777 ($7.58 in chips) 
Seat 5: Mahu2021 ($9.75 in chips) 
Seat 6: Lenusia392 ($4.71 in chips) 
aeduardo55: posts small blind $0.05
JacDs: posts big blind $0.10
*** HOLE CARDS ***
Dealt to Mahu2021 [Ks 5c]
pougia777: folds 
Mahu2021: folds 
Lenusia392: folds 
Raff.ts: folds 
aeduardo55: folds 
Uncalled bet ($0.05) returned to JacDs
JacDs collected $0.10 from pot
JacDs: doesn't show hand 
*** SUMMARY ***
Total pot $0.10 | Rake $0 
Seat 1: Raff.ts (button) folded before Flop (didn't bet)
Seat 2: aeduardo55 (small blind) folded before Flop
Seat 3: JacDs (big blind) collected ($0.10)
Seat 4: pougia777 folded before Flop (didn't bet)
Seat 5: Mahu2021 folded before Flop (didn't bet)
Seat 6: Lenusia392 folded before Flop (didn't bet)



PokerStars Zoom Hand #253519625795:  Hold'em No Limit ($0.05/$0.10) - 2024/11/22 15:57:41 CET [2024/11/22 9:57:41 ET]
Table 'Aludra' 6-max Seat #1 is the button
Seat 1: Heigo42 ($7.28 in chips) 
Seat 2: Lenusia392 ($4.71 in chips) 
Seat 3: aeduardo55 ($24.68 in chips) 
Seat 4: Mahu2021 ($9.75 in chips) 
Seat 5: misterdenister ($10.50 in chips) 
Seat 6: dodeer ($10 in chips) 
Lenusia392: posts small blind $0.05
aeduardo55: posts big blind $0.10
*** HOLE CARDS ***
Dealt to Mahu2021 [8c Ad]
Mahu2021: folds 
misterdenister: folds 
dodeer: raises $0.15 to $0.25
Heigo42: folds 
Lenusia392: folds 
aeduardo55: folds 
Uncalled bet ($0.15) returned to dodeer
dodeer collected $0.25 from pot
dodeer: doesn't show hand 
*** SUMMARY ***
Total pot $0.25 | Rake $0 
Seat 1: Heigo42 (button) folded before Flop (didn't bet)
Seat 2: Lenusia392 (small blind) folded before Flop
Seat 3: aeduardo55 (big blind) folded before Flop
Seat 4: Mahu2021 folded before Flop (didn't bet)
Seat 5: misterdenister folded before Flop (didn't bet)
Seat 6: dodeer collected ($0.25)



PokerStars Zoom Hand #253519627597:  Hold'em No Limit ($0.05/$0.10) - 2024/11/22 15:57:54 CET [2024/11/22 9:57:54 ET]
Table 'Aludra' 6-max Seat #1 is the button
Seat 1: franz Z750 ($25.73 in chips) 
Seat 2: MeDaFish72 ($10.89 in chips) 
Seat 3: pougia777 ($7.53 in chips) 
Seat 4: caco laco ($21.52 in chips) 
Seat 5: sabori-man ($12.05 in chips) 
Seat 6: Mahu2021 ($9.60 in chips) 
MeDaFish72: posts small blind $0.05
pougia777: posts big blind $0.10
*** HOLE CARDS ***
Dealt to Mahu2021 [Qd 8h]
caco laco: folds 
sabori-man: raises $0.20 to $0.30
Mahu2021: folds 
franz Z750: folds 
MeDaFish72: folds 
pougia777: folds 
Uncalled bet ($0.20) returned to sabori-man
sabori-man collected $0.25 from pot
sabori-man: doesn't show hand 
*** SUMMARY ***
Total pot $0.25 | Rake $0 
Seat 1: franz Z750 (button) folded before Flop (didn't bet)
Seat 2: MeDaFish72 (small blind) folded before Flop
Seat 3: pougia777 (big blind) folded before Flop
Seat 4: caco laco folded before Flop (didn't bet)
Seat 5: sabori-man collected ($0.25)
Seat 6: Mahu2021 folded before Flop (didn't bet)



PokerStars Zoom Hand #253519621455:  Hold'em No Limit ($0.05/$0.10) - 2024/11/22 15:57:11 CET [2024/11/22 9:57:11 ET]
Table 'Aludra' 6-max Seat #1 is the button
Seat 1: dudrj2wl ($17.01 in chips) 
Seat 2: Rob 1973 ($25.50 in chips) 
Seat 3: Lenusia392 ($4.81 in chips) 
Seat 4: letmewinplz8 ($16.38 in chips) 
Seat 5: Mahu2021 ($9.85 in chips) 
Seat 6: pougia777 ($7.53 in chips) 
Rob 1973: posts small blind $0.05
Lenusia392: posts big blind $0.10
*** HOLE CARDS ***
Dealt to Mahu2021 [6c Qh]
letmewinplz8: raises $0.15 to $0.25
Mahu2021: folds 
pougia777: folds 
dudrj2wl: raises $0.55 to $0.80
Rob 1973: folds 
Lenusia392: folds 
letmewinplz8: folds 
Uncalled bet ($0.55) returned to dudrj2wl
dudrj2wl collected $0.65 from pot
dudrj2wl: doesn't show hand 
*** SUMMARY ***
Total pot $0.65 | Rake $0 
Seat 1: dudrj2wl (button) collected ($0.65)
Seat 2: Rob 1973 (small blind) folded before Flop
Seat 3: Lenusia392 (big blind) folded before Flop
Seat 4: letmewinplz8 folded before Flop
Seat 5: Mahu2021 folded before Flop (didn't bet)
Seat 6: pougia777 folded before Flop (didn't bet)



PokerStars Zoom Hand #253519626776:  Hold'em No Limit ($0.05/$0.10) - 2024/11/22 15:57:48 CET [2024/11/22 9:57:48 ET]
Table 'Aludra' 6-max Seat #1 is the button
Seat 1: Holstein192 ($10 in chips) 
Seat 2: Panda_Pooh_od ($11.35 in chips) 
Seat 3: Mahu2021 ($9.70 in chips) 
Seat 4: sharakov ($11.02 in chips) 
Seat 5: kimmand ($5.20 in chips) 
Seat 6: Hezekia ($23.22 in chips) 
Panda_Pooh_od: posts small blind $0.05
Mahu2021: posts big blind $0.10
*** HOLE CARDS ***
Dealt to Mahu2021 [Th 8c]
sharakov: folds 
kimmand: raises $0.10 to $0.20
Hezekia: raises $0.20 to $0.40
Holstein192: folds 
Panda_Pooh_od: folds 
Mahu2021: folds 
kimmand: calls $0.20
*** FLOP *** [Td 6c 3c]
kimmand: checks 
Hezekia: bets $0.50
kimmand: calls $0.50
*** TURN *** [Td 6c 3c] [5s]
kimmand: checks 
Hezekia: checks 
*** RIVER *** [Td 6c 3c 5s] [6h]
kimmand: checks 
Hezekia: bets $0.50
kimmand: folds 
Uncalled bet ($0.50) returned to Hezekia
Hezekia collected $1.86 from pot
Hezekia: doesn't show hand 
*** SUMMARY ***
Total pot $1.95 | Rake $0.09 
Board [Td 6c 3c 5s 6h]
Seat 1: Holstein192 (button) folded before Flop (didn't bet)
Seat 2: Panda_Pooh_od (small blind) folded before Flop
Seat 3: Mahu2021 (big blind) folded before Flop
Seat 4: sharakov folded before Flop (didn't bet)
Seat 5: kimmand folded on the River
Seat 6: Hezekia collected ($1.86)



PokerStars Zoom Hand #253519628199:  Hold'em No Limit ($0.05/$0.10) - 2024/11/22 15:57:58 CET [2024/11/22 9:57:58 ET]
Table 'Aludra' 6-max Seat #1 is the button
Seat 1: Mahu2021 ($9.60 in chips) 
Seat 2: aleksande372 ($10.23 in chips) 
Seat 3: vojtek1968 ($16.13 in chips) 
Seat 4: franz Z750 ($25.73 in chips) 
Seat 5: carolientje0 ($18.36 in chips) 
Seat 6: DeluxeTeam ($10 in chips) 
aleksande372: posts small blind $0.05
vojtek1968: posts big blind $0.10
*** HOLE CARDS ***
Dealt to Mahu2021 [6h 9h]
franz Z750: raises $0.12 to $0.22
carolientje0: folds 
DeluxeTeam: raises $0.52 to $0.74
Mahu2021: folds 
aleksande372: folds 
vojtek1968: folds 
franz Z750: folds 
Uncalled bet ($0.52) returned to DeluxeTeam
DeluxeTeam collected $0.59 from pot
DeluxeTeam: doesn't show hand 
*** SUMMARY ***
Total pot $0.59 | Rake $0 
Seat 1: Mahu2021 (button) folded before Flop (didn't bet)
Seat 2: aleksande372 (small blind) folded before Flop
Seat 3: vojtek1968 (big blind) folded before Flop
Seat 4: franz Z750 folded before Flop
Seat 5: carolientje0 folded before Flop (didn't bet)
Seat 6: DeluxeTeam collected ($0.59)



PokerStars Zoom Hand #253519626326:  Hold'em No Limit ($0.05/$0.10) - 2024/11/22 15:57:45 CET [2024/11/22 9:57:45 ET]
Table 'Aludra' 6-max Seat #1 is the button
Seat 1: mastergill ($12.10 in chips) 
Seat 2: Mahu2021 ($9.75 in chips) 
Seat 3: SoiledFool ($18.40 in chips) 
Seat 4: JacDs ($22.15 in chips) 
Seat 5: Heigo42 ($7.28 in chips) 
Seat 6: Ger Cortes ($10.25 in chips) 
Mahu2021: posts small blind $0.05
SoiledFool: posts big blind $0.10
*** HOLE CARDS ***
Dealt to Mahu2021 [2c 6h]
JacDs: folds 
Heigo42: folds 
Ger Cortes: raises $0.15 to $0.25
mastergill: folds 
Mahu2021: folds 
SoiledFool: calls $0.15
*** FLOP *** [7d 9d 2d]
SoiledFool: checks 
Ger Cortes: checks 
*** TURN *** [7d 9d 2d] [Ad]
SoiledFool: checks 
Ger Cortes: checks 
*** RIVER *** [7d 9d 2d Ad] [9h]
SoiledFool: bets $0.10
Ger Cortes: raises $0.30 to $0.40
SoiledFool: folds 
Uncalled bet ($0.30) returned to Ger Cortes
Ger Cortes collected $0.72 from pot
Ger Cortes: doesn't show hand 
*** SUMMARY ***
Total pot $0.75 | Rake $0.03 
Board [7d 9d 2d Ad 9h]
Seat 1: mastergill (button) folded before Flop (didn't bet)
Seat 2: Mahu2021 (small blind) folded before Flop
Seat 3: SoiledFool (big blind) folded on the River
Seat 4: JacDs folded before Flop (didn't bet)
Seat 5: Heigo42 folded before Flop (didn't bet)
Seat 6: Ger Cortes collected ($0.72)



PokerStars Zoom Hand #253519630353:  Hold'em No Limit ($0.05/$0.10) - 2024/11/22 15:58:13 CET [2024/11/22 9:58:13 ET]
Table 'Aludra' 6-max Seat #1 is the button
Seat 1: SheikOfHyrule ($10.28 in chips) 
Seat 2: Panda_Pooh_od ($10.84 in chips) 
Seat 3: letmewinplz8 ($16.22 in chips) 
Seat 4: Heigo42 ($7.18 in chips) 
Seat 5: Mahu2021 ($9.60 in chips) 
Seat 6: aleksande372 ($10.18 in chips) 
Panda_Pooh_od: posts small blind $0.05
letmewinplz8: posts big blind $0.10
*** HOLE CARDS ***
Dealt to Mahu2021 [Qs 8c]
Heigo42: folds 
Mahu2021: folds 
aleksande372: folds 
SheikOfHyrule: raises $0.15 to $0.25
Panda_Pooh_od: folds 
letmewinplz8: calls $0.15
*** FLOP *** [Qd 9d 2c]
letmewinplz8: checks 
SheikOfHyrule: checks 
*** TURN *** [Qd 9d 2c] [6d]
letmewinplz8: bets $0.37
SheikOfHyrule: folds 
Uncalled bet ($0.37) returned to letmewinplz8
letmewinplz8 collected $0.53 from pot
letmewinplz8: doesn't show hand 
*** SUMMARY ***
Total pot $0.55 | Rake $0.02 
Board [Qd 9d 2c 6d]
Seat 1: SheikOfHyrule (button) folded on the Turn
Seat 2: Panda_Pooh_od (small blind) folded before Flop
Seat 3: letmewinplz8 (big blind) collected ($0.53)
Seat 4: Heigo42 folded before Flop (didn't bet)
Seat 5: Mahu2021 folded before Flop (didn't bet)
Seat 6: aleksande372 folded before Flop (didn't bet)



PokerStars Zoom Hand #253519624462:  Hold'em No Limit ($0.05/$0.10) - 2024/11/22 15:57:32 CET [2024/11/22 9:57:32 ET]
Table 'Aludra' 6-max Seat #1 is the button
Seat 1: carolientje0 ($18.26 in chips) 
Seat 2: MeDaFish72 ($10 in chips) 
Seat 3: frankajax98 ($10 in chips) 
Seat 4: pougia777 ($7.58 in chips) 
Seat 5: Lenusia392 ($4.71 in chips) 
Seat 6: Mahu2021 ($9.75 in chips) 
MeDaFish72: posts small blind $0.05
frankajax98: posts big blind $0.10
*** HOLE CARDS ***
Dealt to Mahu2021 [Kd 9h]
pougia777: folds 
Lenusia392: folds 
Mahu2021: folds 
carolientje0: folds 
MeDaFish72: raises $0.20 to $0.30
frankajax98: calls $0.20
*** FLOP *** [Qc Tc Ad]
MeDaFish72: checks 
frankajax98: checks 
*** TURN *** [Qc Tc Ad] [8h]
MeDaFish72: checks 
frankajax98: checks 
*** RIVER *** [Qc Tc Ad 8h] [7c]
MeDaFish72: bets $0.19
frankajax98: folds 
Uncalled bet ($0.19) returned to MeDaFish72
MeDaFish72 collected $0.57 from pot
MeDaFish72: doesn't show hand 
*** SUMMARY ***
Total pot $0.60 | Rake $0.03 
Board [Qc Tc Ad 8h 7c]
Seat 1: carolientje0 (button) folded before Flop (didn't bet)
Seat 2: MeDaFish72 (small blind) collected ($0.57)
Seat 3: frankajax98 (big blind) folded on the River
Seat 4: pougia777 folded before Flop (didn't bet)
Seat 5: Lenusia392 folded before Flop (didn't bet)
Seat 6: Mahu2021 folded before Flop (didn't bet)



PokerStars Zoom Hand #253519630920:  Hold'em No Limit ($0.05/$0.10) - 2024/11/22 15:58:17 CET [2024/11/22 9:58:17 ET]
Table 'Aludra' 6-max Seat #1 is the button
Seat 1: sabori-man ($21.48 in chips) 
Seat 2: Mahu2021 ($9.60 in chips) 
Seat 3: caco laco ($18.87 in chips) 
Seat 4: neon11111 ($7.29 in chips) 
Seat 5: Hezekia ($24.18 in chips) 
Seat 6: mastergill ($12.05 in chips) 
Mahu2021: posts small blind $0.05
caco laco: posts big blind $0.10
*** HOLE CARDS ***
Dealt to Mahu2021 [Qd Kh]
neon11111: raises $0.10 to $0.20
Hezekia: folds 
mastergill: folds 
sabori-man: folds 
Mahu2021: calls $0.15
caco laco: calls $0.10
*** FLOP *** [3c 6s 7h]
Mahu2021: checks 
caco laco: checks 
neon11111: checks 
*** TURN *** [3c 6s 7h] [Ah]
Mahu2021: checks 
caco laco: checks 
neon11111: checks 
*** RIVER *** [3c 6s 7h Ah] [9c]
Mahu2021: checks 
caco laco: checks 
neon11111: checks 
*** SHOW DOWN ***
Mahu2021: shows [Qd Kh] (high card Ace)
caco laco: mucks hand 
neon11111: shows [Ks Qh] (high card Ace)
Mahu2021 collected $0.29 from pot
neon11111 collected $0.28 from pot
*** SUMMARY ***
Total pot $0.60 | Rake $0.03 
Board [3c 6s 7h Ah 9c]
Seat 1: sabori-man (button) folded before Flop (didn't bet)
Seat 2: Mahu2021 (small blind) showed [Qd Kh] and won ($0.29) with high card Ace
Seat 3: caco laco (big blind) mucked [Ts Jh]
Seat 4: neon11111 showed [Ks Qh] and won ($0.28) with high card Ace
Seat 5: Hezekia folded before Flop (didn't bet)
Seat 6: mastergill folded before Flop (didn't bet)



PokerStars Zoom Hand #253519636656:  Hold'em No Limit ($0.05/$0.10) - 2024/11/22 15:58:58 CET [2024/11/22 9:58:58 ET]
Table 'Aludra' 6-max Seat #1 is the button
Seat 1: eLegido99 ($10.08 in chips) 
Seat 2: mexxxy_90 ($10 in chips) 
Seat 3: aleksande372 ($10 in chips) 
Seat 4: Mahu2021 ($9.69 in chips) 
Seat 5: lordx777 ($12.06 in chips) 
Seat 6: letmewinplz8 ($13.27 in chips) 
mexxxy_90: posts small blind $0.05
aleksande372: posts big blind $0.10
*** HOLE CARDS ***
Dealt to Mahu2021 [3h Jc]
Mahu2021: folds 
lordx777: folds 
letmewinplz8: folds 
eLegido99: folds 
mexxxy_90: folds 
Uncalled bet ($0.05) returned to aleksande372
aleksande372 collected $0.10 from pot
aleksande372: doesn't show hand 
*** SUMMARY ***
Total pot $0.10 | Rake $0 
Seat 1: eLegido99 (button) folded before Flop (didn't bet)
Seat 2: mexxxy_90 (small blind) folded before Flop
Seat 3: aleksande372 (big blind) collected ($0.10)
Seat 4: Mahu2021 folded before Flop (didn't bet)
Seat 5: lordx777 folded before Flop (didn't bet)
Seat 6: letmewinplz8 folded before Flop (didn't bet)



PokerStars Zoom Hand #253519637618:  Hold'em No Limit ($0.05/$0.10) - 2024/11/22 15:59:04 CET [2024/11/22 9:59:04 ET]
Table 'Aludra' 6-max Seat #1 is the button
Seat 1: kimmand ($4.05 in chips) 
Seat 2: KRSofM ($6.65 in chips) 
Seat 3: Yash1ch ($32.57 in chips) 
Seat 4: Mahu2021 ($9.69 in chips) 
Seat 5: pokeripuikko ($13.52 in chips) 
Seat 6: Ger Cortes ($10 in chips) 
KRSofM: posts small blind $0.05
Yash1ch: posts big blind $0.10
*** HOLE CARDS ***
Dealt to Mahu2021 [6c Ah]
Mahu2021: folds 
pokeripuikko: folds 
Ger Cortes: folds 
kimmand: folds 
KRSofM: folds 
Uncalled bet ($0.05) returned to Yash1ch
Yash1ch collected $0.10 from pot
Yash1ch: doesn't show hand 
*** SUMMARY ***
Total pot $0.10 | Rake $0 
Seat 1: kimmand (button) folded before Flop (didn't bet)
Seat 2: KRSofM (small blind) folded before Flop
Seat 3: Yash1ch (big blind) collected ($0.10)
Seat 4: Mahu2021 folded before Flop (didn't bet)
Seat 5: pokeripuikko folded before Flop (didn't bet)
Seat 6: Ger Cortes folded before Flop (didn't bet)



PokerStars Zoom Hand #253519639500:  Hold'em No Limit ($0.05/$0.10) - 2024/11/22 15:59:17 CET [2024/11/22 9:59:17 ET]
Table 'Aludra' 6-max Seat #1 is the button
Seat 1: frankajax98 ($10.27 in chips) 
Seat 2: MeDaFish72 ($11.39 in chips) 
Seat 3: humo97 ($13.62 in chips) 
Seat 4: m0nster1989_ ($10.65 in chips) 
Seat 5: sabori-man ($13.26 in chips) 
Seat 6: Mahu2021 ($9.59 in chips) 
MeDaFish72: posts small blind $0.05
humo97: posts big blind $0.10
*** HOLE CARDS ***
Dealt to Mahu2021 [6d Ts]
m0nster1989_: folds 
sabori-man: folds 
Mahu2021: folds 
frankajax98: folds 
MeDaFish72: raises $0.20 to $0.30
humo97: folds 
Uncalled bet ($0.20) returned to MeDaFish72
MeDaFish72 collected $0.20 from pot
MeDaFish72: doesn't show hand 
*** SUMMARY ***
Total pot $0.20 | Rake $0 
Seat 1: frankajax98 (button) folded before Flop (didn't bet)
Seat 2: MeDaFish72 (small blind) collected ($0.20)
Seat 3: humo97 (big blind) folded before Flop
Seat 4: m0nster1989_ folded before Flop (didn't bet)
Seat 5: sabori-man folded before Flop (didn't bet)
Seat 6: Mahu2021 folded before Flop (didn't bet)



PokerStars Zoom Hand #253519640649:  Hold'em No Limit ($0.05/$0.10) - 2024/11/22 15:59:25 CET [2024/11/22 9:59:25 ET]
Table 'Aludra' 6-max Seat #1 is the button
Seat 1: Mahu2021 ($9.59 in chips) 
Seat 2: Raff.ts ($18.05 in chips) 
Seat 3: Bvbdemon1973 ($6.28 in chips) 
Seat 4: kimmand ($3.95 in chips) 
Seat 5: honEybOOx ($10.73 in chips) 
Seat 6: KRSofM ($6.60 in chips) 
Raff.ts: posts small blind $0.05
Bvbdemon1973: posts big blind $0.10
*** HOLE CARDS ***
Dealt to Mahu2021 [8h 3d]
kimmand: folds 
honEybOOx: folds 
KRSofM: raises $0.15 to $0.25
Mahu2021: folds 
Raff.ts: folds 
Bvbdemon1973: folds 
Uncalled bet ($0.15) returned to KRSofM
KRSofM collected $0.25 from pot
KRSofM: doesn't show hand 
*** SUMMARY ***
Total pot $0.25 | Rake $0 
Seat 1: Mahu2021 (button) folded before Flop (didn't bet)
Seat 2: Raff.ts (small blind) folded before Flop
Seat 3: Bvbdemon1973 (big blind) folded before Flop
Seat 4: kimmand folded before Flop (didn't bet)
Seat 5: honEybOOx folded before Flop (didn't bet)
Seat 6: KRSofM collected ($0.25)



PokerStars Zoom Hand #253519638204:  Hold'em No Limit ($0.05/$0.10) - 2024/11/22 15:59:08 CET [2024/11/22 9:59:08 ET]
Table 'Aludra' 6-max Seat #1 is the button
Seat 1: aleksande372 ($10 in chips) 
Seat 2: kimmand ($4.05 in chips) 
Seat 3: Mahu2021 ($9.69 in chips) 
Seat 4: franz Z750 ($23.47 in chips) 
Seat 5: BrightLov3 ($12.91 in chips) 
Seat 6: mexxxy_90 ($10 in chips) 
kimmand: posts small blind $0.05
Mahu2021: posts big blind $0.10
*** HOLE CARDS ***
Dealt to Mahu2021 [Ah 2c]
franz Z750: folds 
BrightLov3: raises $0.10 to $0.20
mexxxy_90: calls $0.20
aleksande372: folds 
kimmand: folds 
Mahu2021: folds 
*** FLOP *** [9d 5s 5d]
BrightLov3: checks 
mexxxy_90: bets $0.20
BrightLov3: calls $0.20
*** TURN *** [9d 5s 5d] [Kd]
BrightLov3: checks 
mexxxy_90: checks 
*** RIVER *** [9d 5s 5d Kd] [4c]
BrightLov3: bets $0.60
mexxxy_90: calls $0.60
*** SHOW DOWN ***
BrightLov3: shows [Td Ad] (a flush, Ace high)
mexxxy_90: mucks hand 
BrightLov3 collected $2.05 from pot
*** SUMMARY ***
Total pot $2.15 | Rake $0.10 
Board [9d 5s 5d Kd 4c]
Seat 1: aleksande372 (button) folded before Flop (didn't bet)
Seat 2: kimmand (small blind) folded before Flop
Seat 3: Mahu2021 (big blind) folded before Flop
Seat 4: franz Z750 folded before Flop (didn't bet)
Seat 5: BrightLov3 showed [Td Ad] and won ($2.05) with a flush, Ace high
Seat 6: mexxxy_90 mucked [9h Jh]



PokerStars Zoom Hand #253519641200:  Hold'em No Limit ($0.05/$0.10) - 2024/11/22 15:59:29 CET [2024/11/22 9:59:29 ET]
Table 'Aludra' 6-max Seat #1 is the button
Seat 1: PROSTOZIDAR ($5.49 in chips) 
Seat 2: lordx777 ($10 in chips) 
Seat 3: kimmand ($3.95 in chips) 
Seat 4: eLegido99 ($11.31 in chips) 
Seat 5: Mahu2021 ($9.59 in chips) 
Seat 6: Ger Cortes ($10 in chips) 
lordx777: posts small blind $0.05
kimmand: posts big blind $0.10
*** HOLE CARDS ***
Dealt to Mahu2021 [Js Qc]
eLegido99: raises $0.15 to $0.25
Mahu2021: calls $0.25
Ger Cortes: folds 
PROSTOZIDAR: calls $0.25
lordx777: folds 
kimmand: calls $0.15
*** FLOP *** [Th Qh Qd]
kimmand: checks 
eLegido99: checks 
Mahu2021: checks 
PROSTOZIDAR: checks 
*** TURN *** [Th Qh Qd] [9c]
kimmand: checks 
eLegido99: checks 
Mahu2021: checks 
PROSTOZIDAR: checks 
*** RIVER *** [Th Qh Qd 9c] [4c]
kimmand: checks 
eLegido99: checks 
Mahu2021: bets $0.30
PROSTOZIDAR: folds 
kimmand: folds 
eLegido99: calls $0.30
*** SHOW DOWN ***
Mahu2021: shows [Js Qc] (three of a kind, Queens)
eLegido99: mucks hand 
Mahu2021 collected $1.58 from pot
*** SUMMARY ***
Total pot $1.65 | Rake $0.07 
Board [Th Qh Qd 9c 4c]
Seat 1: PROSTOZIDAR (button) folded on the River
Seat 2: lordx777 (small blind) folded before Flop
Seat 3: kimmand (big blind) folded on the River
Seat 4: eLegido99 mucked [8s 8d]
Seat 5: Mahu2021 showed [Js Qc] and won ($1.58) with three of a kind, Queens
Seat 6: Ger Cortes folded before Flop (didn't bet)



PokerStars Zoom Hand #253519648323:  Hold'em No Limit ($0.05/$0.10) - 2024/11/22 16:00:17 CET [2024/11/22 10:00:17 ET]
Table 'Aludra' 6-max Seat #1 is the button
Seat 1: Lenusia392 ($4.60 in chips) 
Seat 2: pokeripuikko ($15.98 in chips) 
Seat 3: PROSTOZIDAR ($7.70 in chips) 
Seat 4: Mahu2021 ($10.57 in chips) 
Seat 5: Ros1453 ($9.53 in chips) 
Seat 6: DeluxeTeam ($11.31 in chips) 
pokeripuikko: posts small blind $0.05
PROSTOZIDAR: posts big blind $0.10
*** HOLE CARDS ***
Dealt to Mahu2021 [Ks 8d]
Mahu2021: folds 
Ros1453: raises $0.20 to $0.30
DeluxeTeam: folds 
Lenusia392: folds 
pokeripuikko: folds 
PROSTOZIDAR: calls $0.20
*** FLOP *** [3c 2d Ah]
PROSTOZIDAR: bets $0.10
Ros1453: calls $0.10
*** TURN *** [3c 2d Ah] [Kd]
PROSTOZIDAR: checks 
Ros1453: checks 
*** RIVER *** [3c 2d Ah Kd] [2c]
PROSTOZIDAR: checks 
Ros1453: checks 
*** SHOW DOWN ***
PROSTOZIDAR: shows [5d 7d] (a pair of Deuces)
Ros1453: shows [Kh Qd] (two pair, Kings and Deuces)
Ros1453 collected $0.81 from pot
*** SUMMARY ***
Total pot $0.85 | Rake $0.04 
Board [3c 2d Ah Kd 2c]
Seat 1: Lenusia392 (button) folded before Flop (didn't bet)
Seat 2: pokeripuikko (small blind) folded before Flop
Seat 3: PROSTOZIDAR (big blind) showed [5d 7d] and lost with a pair of Deuces
Seat 4: Mahu2021 folded before Flop (didn't bet)
Seat 5: Ros1453 showed [Kh Qd] and won ($0.81) with two pair, Kings and Deuces
Seat 6: DeluxeTeam folded before Flop (didn't bet)



PokerStars Zoom Hand #253519647613:  Hold'em No Limit ($0.05/$0.10) - 2024/11/22 16:00:12 CET [2024/11/22 10:00:12 ET]
Table 'Aludra' 6-max Seat #1 is the button
Seat 1: wtr66i ($17.07 in chips) 
Seat 2: Mahu2021 ($10.62 in chips) 
Seat 3: Panda_Pooh_od ($12.58 in chips) 
Seat 4: oyuka1988 ($11.53 in chips) 
Seat 5: jjjacks197 ($10 in chips) 
Seat 6: aleksande372 ($10 in chips) 
Mahu2021: posts small blind $0.05
Panda_Pooh_od: posts big blind $0.10
*** HOLE CARDS ***
Dealt to Mahu2021 [7d 6h]
oyuka1988: folds 
jjjacks197: folds 
aleksande372: folds 
wtr66i: raises $0.15 to $0.25
Mahu2021: folds 
Panda_Pooh_od: calls $0.15
*** FLOP *** [Qc 7h 6d]
Panda_Pooh_od: checks 
wtr66i: bets $0.17
Panda_Pooh_od: calls $0.17
*** TURN *** [Qc 7h 6d] [Kd]
Panda_Pooh_od: checks 
wtr66i: checks 
*** RIVER *** [Qc 7h 6d Kd] [4s]
Panda_Pooh_od: bets $0.28
wtr66i: calls $0.28
*** SHOW DOWN ***
Panda_Pooh_od: shows [Qd Jc] (a pair of Queens)
wtr66i: mucks hand 
Panda_Pooh_od collected $1.38 from pot
*** SUMMARY ***
Total pot $1.45 | Rake $0.07 
Board [Qc 7h 6d Kd 4s]
Seat 1: wtr66i (button) mucked [8s 8d]
Seat 2: Mahu2021 (small blind) folded before Flop
Seat 3: Panda_Pooh_od (big blind) showed [Qd Jc] and won ($1.38) with a pair of Queens
Seat 4: oyuka1988 folded before Flop (didn't bet)
Seat 5: jjjacks197 folded before Flop (didn't bet)
Seat 6: aleksande372 folded before Flop (didn't bet)



PokerStars Zoom Hand #253519649404:  Hold'em No Limit ($0.05/$0.10) - 2024/11/22 16:00:24 CET [2024/11/22 10:00:24 ET]
Table 'Aludra' 6-max Seat #1 is the button
Seat 1: Mahu2021 ($10.57 in chips) 
Seat 2: 25759marafon ($3.65 in chips) 
Seat 3: SoiledFool ($10.87 in chips) 
Seat 4: MeDaFish72 ($10.80 in chips) 
Seat 5: Rob 1973 ($24.64 in chips) 
Seat 6: franz Z750 ($23.07 in chips) 
25759marafon: posts small blind $0.05
SoiledFool: posts big blind $0.10
*** HOLE CARDS ***
Dealt to Mahu2021 [Jh 9h]
MeDaFish72: raises $0.10 to $0.20
Rob 1973: folds 
franz Z750: folds 
Mahu2021: calls $0.20
25759marafon: folds 
SoiledFool: folds 
*** FLOP *** [6h Ac Kh]
MeDaFish72: checks 
Mahu2021: bets $0.53
MeDaFish72: calls $0.53
*** TURN *** [6h Ac Kh] [Js]
MeDaFish72: checks 
Mahu2021: checks 
*** RIVER *** [6h Ac Kh Js] [9d]
MeDaFish72: bets $1.16
Mahu2021: calls $1.16
*** SHOW DOWN ***
MeDaFish72: shows [Jc Kc] (two pair, Kings and Jacks)
Mahu2021: mucks hand 
MeDaFish72 collected $3.75 from pot
*** SUMMARY ***
Total pot $3.93 | Rake $0.18 
Board [6h Ac Kh Js 9d]
Seat 1: Mahu2021 (button) mucked [Jh 9h]
Seat 2: 25759marafon (small blind) folded before Flop
Seat 3: SoiledFool (big blind) folded before Flop
Seat 4: MeDaFish72 showed [Jc Kc] and won ($3.75) with two pair, Kings and Jacks
Seat 5: Rob 1973 folded before Flop (didn't bet)
Seat 6: franz Z750 folded before Flop (didn't bet)



PokerStars Zoom Hand #253519659911:  Hold'em No Limit ($0.05/$0.10) - 2024/11/22 16:01:30 CET [2024/11/22 10:01:30 ET]
Table 'Aludra' 6-max Seat #1 is the button
Seat 1: jjjacks197 ($10.40 in chips) 
Seat 2: aeduardo55 ($11.31 in chips) 
Seat 3: Mahu2021 ($8.68 in chips) 
Seat 4: MeDaFish72 ($12.66 in chips) 
Seat 5: stand123 ($10.32 in chips) 
Seat 6: bobisolo ($5.37 in chips) 
aeduardo55: posts small blind $0.05
Mahu2021: posts big blind $0.10
*** HOLE CARDS ***
Dealt to Mahu2021 [6c As]
MeDaFish72: raises $0.10 to $0.20
stand123: folds 
bobisolo: folds 
jjjacks197: folds 
aeduardo55: folds 
Mahu2021: calls $0.10
*** FLOP *** [5c Ts 7c]
Mahu2021: checks 
MeDaFish72: bets $0.22
Mahu2021: folds 
Uncalled bet ($0.22) returned to MeDaFish72
MeDaFish72 collected $0.43 from pot
MeDaFish72: doesn't show hand 
*** SUMMARY ***
Total pot $0.45 | Rake $0.02 
Board [5c Ts 7c]
Seat 1: jjjacks197 (button) folded before Flop (didn't bet)
Seat 2: aeduardo55 (small blind) folded before Flop
Seat 3: Mahu2021 (big blind) folded on the Flop
Seat 4: MeDaFish72 collected ($0.43)
Seat 5: stand123 folded before Flop (didn't bet)
Seat 6: bobisolo folded before Flop (didn't bet)



PokerStars Zoom Hand #253519663947:  Hold'em No Limit ($0.05/$0.10) - 2024/11/22 16:01:54 CET [2024/11/22 10:01:54 ET]
Table 'Aludra' 6-max Seat #1 is the button
Seat 1: KRSofM ($11.87 in chips) 
Seat 2: dezinpardeas ($12.41 in chips) 
Seat 3: letmewinplz8 ($13.54 in chips) 
Seat 4: Atc9iv ($23.41 in chips) 
Seat 5: neon11111 ($4.75 in chips) 
Seat 6: Mahu2021 ($8.48 in chips) 
dezinpardeas: posts small blind $0.05
letmewinplz8: posts big blind $0.10
*** HOLE CARDS ***
Dealt to Mahu2021 [5s 5c]
Atc9iv: folds 
neon11111: folds 
Mahu2021: raises $0.10 to $0.20
KRSofM: folds 
dezinpardeas: folds 
letmewinplz8: raises $0.70 to $0.90
Mahu2021: calls $0.70
*** FLOP *** [6c Kh 4c]
letmewinplz8: bets $0.89
Mahu2021: raises $0.89 to $1.78
letmewinplz8: calls $0.89
*** TURN *** [6c Kh 4c] [4d]
letmewinplz8: checks 
Mahu2021: checks 
*** RIVER *** [6c Kh 4c 4d] [2d]
letmewinplz8: checks 
Mahu2021: bets $5.80 and is all-in
letmewinplz8: calls $5.80
*** SHOW DOWN ***
Mahu2021: shows [5s 5c] (two pair, Fives and Fours)
letmewinplz8: shows [Ad Kc] (two pair, Kings and Fours)
letmewinplz8 collected $16.24 from pot
*** SUMMARY ***
Total pot $17.01 | Rake $0.77 
Board [6c Kh 4c 4d 2d]
Seat 1: KRSofM (button) folded before Flop (didn't bet)
Seat 2: dezinpardeas (small blind) folded before Flop
Seat 3: letmewinplz8 (big blind) showed [Ad Kc] and won ($16.24) with two pair, Kings and Fours
Seat 4: Atc9iv folded before Flop (didn't bet)
Seat 5: neon11111 folded before Flop (didn't bet)
Seat 6: Mahu2021 showed [5s 5c] and lost with two pair, Fives and Fours



