PokerStars Hand #253430563078: Tournament #3824170284, $1.84+$0.16 USD Hold'em No Limit - Level I (10/20) - 2024/11/16 17:49:57 CET [2024/11/16 11:49:57 ET]
Table '3824170284 1' 3-max Seat #1 is the button
Seat 1: Mahu2021 (500 in chips) 
Seat 2: GaloDiguin (500 in chips) 
Seat 3: THALASSA1973 (500 in chips) 
GaloDiguin: posts small blind 10
THALASSA1973: posts big blind 20
*** HOLE CARDS ***
Dealt to Mahu2021 [8h Qh]
Mahu2021: raises 20 to 40
GaloDiguin: calls 30
THALASSA1973: calls 20
*** FLOP *** [7c 7s 6c]
GaloDiguin: checks 
THALASSA1973: checks 
Mahu2021: checks 
*** TURN *** [7c 7s 6c] [Ah]
GaloDiguin: checks 
THALASSA1973: checks 
Mahu2021: checks 
*** RIVER *** [7c 7s 6c Ah] [6d]
GaloDiguin: checks 
THALASSA1973: checks 
Mahu2021: bets 120
GaloDiguin: folds 
THALASSA1973: calls 120
*** SHOW DOWN ***
Mahu2021: shows [8h Qh] (two pair, Sevens and Sixes)
THALASSA1973: shows [Ts Kh] (two pair, Sevens and Sixes)
THALASSA1973 collected 180 from pot
Mahu2021 collected 180 from pot
*** SUMMARY ***
Total pot 360 | Rake 0 
Board [7c 7s 6c Ah 6d]
Seat 1: Mahu2021 (button) showed [8h Qh] and won (180) with two pair, Sevens and Sixes
Seat 2: GaloDiguin (small blind) folded on the River
Seat 3: THALASSA1973 (big blind) showed [Ts Kh] and won (180) with two pair, Sevens and Sixes



PokerStars Hand #253430569491: Tournament #3824170284, $1.84+$0.16 USD Hold'em No Limit - Level I (10/20) - 2024/11/16 17:50:24 CET [2024/11/16 11:50:24 ET]
Table '3824170284 1' 3-max Seat #2 is the button
Seat 1: Mahu2021 (520 in chips) 
Seat 2: GaloDiguin (460 in chips) 
Seat 3: THALASSA1973 (520 in chips) 
THALASSA1973: posts small blind 10
Mahu2021: posts big blind 20
*** HOLE CARDS ***
Dealt to Mahu2021 [2c Kd]
GaloDiguin: calls 20
THALASSA1973: calls 10
Mahu2021: checks 
*** FLOP *** [Ad Kc Ts]
THALASSA1973: checks 
Mahu2021: checks 
GaloDiguin: checks 
*** TURN *** [Ad Kc Ts] [3s]
THALASSA1973: bets 60
Mahu2021: folds 
GaloDiguin: folds 
Uncalled bet (60) returned to THALASSA1973
THALASSA1973 collected 60 from pot
*** SUMMARY ***
Total pot 60 | Rake 0 
Board [Ad Kc Ts 3s]
Seat 1: Mahu2021 (big blind) folded on the Turn
Seat 2: GaloDiguin (button) folded on the Turn
Seat 3: THALASSA1973 (small blind) collected (60)



PokerStars Hand #253430577992: Tournament #3824170284, $1.84+$0.16 USD Hold'em No Limit - Level I (10/20) - 2024/11/16 17:50:59 CET [2024/11/16 11:50:59 ET]
Table '3824170284 1' 3-max Seat #3 is the button
Seat 1: Mahu2021 (500 in chips) 
Seat 2: GaloDiguin (440 in chips) 
Seat 3: THALASSA1973 (560 in chips) 
Mahu2021: posts small blind 10
GaloDiguin: posts big blind 20
*** HOLE CARDS ***
Dealt to Mahu2021 [4d 2c]
THALASSA1973: folds 
Mahu2021: folds 
Uncalled bet (10) returned to GaloDiguin
GaloDiguin collected 20 from pot
GaloDiguin: doesn't show hand 
*** SUMMARY ***
Total pot 20 | Rake 0 
Seat 1: Mahu2021 (small blind) folded before Flop
Seat 2: GaloDiguin (big blind) collected (20)
Seat 3: THALASSA1973 (button) folded before Flop (didn't bet)



PokerStars Hand #253430579093: Tournament #3824170284, $1.84+$0.16 USD Hold'em No Limit - Level I (10/20) - 2024/11/16 17:51:03 CET [2024/11/16 11:51:03 ET]
Table '3824170284 1' 3-max Seat #1 is the button
Seat 1: Mahu2021 (490 in chips) 
Seat 2: GaloDiguin (450 in chips) 
Seat 3: THALASSA1973 (560 in chips) 
GaloDiguin: posts small blind 10
THALASSA1973: posts big blind 20
*** HOLE CARDS ***
Dealt to Mahu2021 [9h Kd]
Mahu2021: raises 20 to 40
GaloDiguin: folds 
THALASSA1973: folds 
Uncalled bet (20) returned to Mahu2021
Mahu2021 collected 50 from pot
Mahu2021: doesn't show hand 
*** SUMMARY ***
Total pot 50 | Rake 0 
Seat 1: Mahu2021 (button) collected (50)
Seat 2: GaloDiguin (small blind) folded before Flop
Seat 3: THALASSA1973 (big blind) folded before Flop



PokerStars Hand #253430580517: Tournament #3824170284, $1.84+$0.16 USD Hold'em No Limit - Level I (10/20) - 2024/11/16 17:51:09 CET [2024/11/16 11:51:09 ET]
Table '3824170284 1' 3-max Seat #2 is the button
Seat 1: Mahu2021 (520 in chips) 
Seat 2: GaloDiguin (440 in chips) 
Seat 3: THALASSA1973 (540 in chips) 
THALASSA1973: posts small blind 10
Mahu2021: posts big blind 20
*** HOLE CARDS ***
Dealt to Mahu2021 [3s Jh]
GaloDiguin: raises 20 to 40
THALASSA1973: folds 
Mahu2021: calls 20
*** FLOP *** [Qh Kh 5d]
Mahu2021: checks 
GaloDiguin: bets 40
Mahu2021: folds 
Uncalled bet (40) returned to GaloDiguin
GaloDiguin collected 90 from pot
GaloDiguin: doesn't show hand 
*** SUMMARY ***
Total pot 90 | Rake 0 
Board [Qh Kh 5d]
Seat 1: Mahu2021 (big blind) folded on the Flop
Seat 2: GaloDiguin (button) collected (90)
Seat 3: THALASSA1973 (small blind) folded before Flop



PokerStars Hand #253430582962: Tournament #3824170284, $1.84+$0.16 USD Hold'em No Limit - Level I (10/20) - 2024/11/16 17:51:19 CET [2024/11/16 11:51:19 ET]
Table '3824170284 1' 3-max Seat #3 is the button
Seat 1: Mahu2021 (480 in chips) 
Seat 2: GaloDiguin (490 in chips) 
Seat 3: THALASSA1973 (530 in chips) 
Mahu2021: posts small blind 10
GaloDiguin: posts big blind 20
*** HOLE CARDS ***
Dealt to Mahu2021 [3s Ac]
THALASSA1973: calls 20
Mahu2021: calls 10
GaloDiguin: checks 
*** FLOP *** [Ah 7c 8s]
Mahu2021: bets 40
GaloDiguin: folds 
THALASSA1973: calls 40
*** TURN *** [Ah 7c 8s] [3c]
Mahu2021: bets 40
THALASSA1973: calls 40
*** RIVER *** [Ah 7c 8s 3c] [Kd]
Mahu2021: bets 40
THALASSA1973: calls 40
*** SHOW DOWN ***
Mahu2021: shows [3s Ac] (two pair, Aces and Threes)
THALASSA1973: mucks hand 
Mahu2021 collected 300 from pot
*** SUMMARY ***
Total pot 300 | Rake 0 
Board [Ah 7c 8s 3c Kd]
Seat 1: Mahu2021 (small blind) showed [3s Ac] and won (300) with two pair, Aces and Threes
Seat 2: GaloDiguin (big blind) folded on the Flop
Seat 3: THALASSA1973 (button) mucked [7s 6h]



PokerStars Hand #253430587254: Tournament #3824170284, $1.84+$0.16 USD Hold'em No Limit - Level I (10/20) - 2024/11/16 17:51:37 CET [2024/11/16 11:51:37 ET]
Table '3824170284 1' 3-max Seat #1 is the button
Seat 1: Mahu2021 (640 in chips) 
Seat 2: GaloDiguin (470 in chips) 
Seat 3: THALASSA1973 (390 in chips) 
GaloDiguin: posts small blind 10
THALASSA1973: posts big blind 20
*** HOLE CARDS ***
Dealt to Mahu2021 [6d Qh]
Mahu2021: folds 
GaloDiguin: raises 20 to 40
THALASSA1973: calls 20
*** FLOP *** [Js Kd 8d]
GaloDiguin: bets 40
THALASSA1973: calls 40
*** TURN *** [Js Kd 8d] [Ac]
GaloDiguin: bets 60
THALASSA1973: calls 60
*** RIVER *** [Js Kd 8d Ac] [Tc]
GaloDiguin: checks 
THALASSA1973: bets 250 and is all-in
GaloDiguin: folds [Ah]
Uncalled bet (250) returned to THALASSA1973
THALASSA1973 collected 280 from pot
*** SUMMARY ***
Total pot 280 | Rake 0 
Board [Js Kd 8d Ac Tc]
Seat 1: Mahu2021 (button) folded before Flop (didn't bet)
Seat 2: GaloDiguin (small blind) folded on the River
Seat 3: THALASSA1973 (big blind) collected (280)



PokerStars Hand #253430595737: Tournament #3824170284, $1.84+$0.16 USD Hold'em No Limit - Level II (15/30) - 2024/11/16 17:52:12 CET [2024/11/16 11:52:12 ET]
Table '3824170284 1' 3-max Seat #2 is the button
Seat 1: Mahu2021 (640 in chips) 
Seat 2: GaloDiguin (330 in chips) 
Seat 3: THALASSA1973 (530 in chips) 
THALASSA1973: posts small blind 15
Mahu2021: posts big blind 30
*** HOLE CARDS ***
Dealt to Mahu2021 [3h 4c]
GaloDiguin: folds 
THALASSA1973: raises 30 to 60
Mahu2021: calls 30
*** FLOP *** [6c Qd 7s]
THALASSA1973: bets 120
Mahu2021: folds 
Uncalled bet (120) returned to THALASSA1973
THALASSA1973 collected 120 from pot
*** SUMMARY ***
Total pot 120 | Rake 0 
Board [6c Qd 7s]
Seat 1: Mahu2021 (big blind) folded on the Flop
Seat 2: GaloDiguin (button) folded before Flop (didn't bet)
Seat 3: THALASSA1973 (small blind) collected (120)



PokerStars Hand #253430598446: Tournament #3824170284, $1.84+$0.16 USD Hold'em No Limit - Level II (15/30) - 2024/11/16 17:52:23 CET [2024/11/16 11:52:23 ET]
Table '3824170284 1' 3-max Seat #3 is the button
Seat 1: Mahu2021 (580 in chips) 
Seat 2: GaloDiguin (330 in chips) 
Seat 3: THALASSA1973 (590 in chips) 
Mahu2021: posts small blind 15
GaloDiguin: posts big blind 30
*** HOLE CARDS ***
Dealt to Mahu2021 [7d Ah]
THALASSA1973: raises 560 to 590 and is all-in
Mahu2021: folds 
GaloDiguin: folds 
Uncalled bet (560) returned to THALASSA1973
THALASSA1973 collected 75 from pot
*** SUMMARY ***
Total pot 75 | Rake 0 
Seat 1: Mahu2021 (small blind) folded before Flop
Seat 2: GaloDiguin (big blind) folded before Flop
Seat 3: THALASSA1973 (button) collected (75)



PokerStars Hand #253430600262: Tournament #3824170284, $1.84+$0.16 USD Hold'em No Limit - Level II (15/30) - 2024/11/16 17:52:31 CET [2024/11/16 11:52:31 ET]
Table '3824170284 1' 3-max Seat #1 is the button
Seat 1: Mahu2021 (565 in chips) 
Seat 2: GaloDiguin (300 in chips) 
Seat 3: THALASSA1973 (635 in chips) 
GaloDiguin: posts small blind 15
THALASSA1973: posts big blind 30
*** HOLE CARDS ***
Dealt to Mahu2021 [6s 6h]
Mahu2021: raises 30 to 60
GaloDiguin: folds 
THALASSA1973: calls 30
*** FLOP *** [2d 3d 7s]
THALASSA1973: checks 
Mahu2021: bets 505 and is all-in
THALASSA1973: folds 
Uncalled bet (505) returned to Mahu2021
Mahu2021 collected 135 from pot
Mahu2021: doesn't show hand 
*** SUMMARY ***
Total pot 135 | Rake 0 
Board [2d 3d 7s]
Seat 1: Mahu2021 (button) collected (135)
Seat 2: GaloDiguin (small blind) folded before Flop
Seat 3: THALASSA1973 (big blind) folded on the Flop



PokerStars Hand #253430602999: Tournament #3824170284, $1.84+$0.16 USD Hold'em No Limit - Level II (15/30) - 2024/11/16 17:52:42 CET [2024/11/16 11:52:42 ET]
Table '3824170284 1' 3-max Seat #2 is the button
Seat 1: Mahu2021 (640 in chips) 
Seat 2: GaloDiguin (285 in chips) 
Seat 3: THALASSA1973 (575 in chips) 
THALASSA1973: posts small blind 15
Mahu2021: posts big blind 30
*** HOLE CARDS ***
Dealt to Mahu2021 [9s Tc]
GaloDiguin: folds 
THALASSA1973: calls 15
Mahu2021: checks 
*** FLOP *** [5d Jc 8s]
THALASSA1973: checks 
Mahu2021: bets 60
THALASSA1973: folds 
Uncalled bet (60) returned to Mahu2021
Mahu2021 collected 60 from pot
Mahu2021: doesn't show hand 
*** SUMMARY ***
Total pot 60 | Rake 0 
Board [5d Jc 8s]
Seat 1: Mahu2021 (big blind) collected (60)
Seat 2: GaloDiguin (button) folded before Flop (didn't bet)
Seat 3: THALASSA1973 (small blind) folded on the Flop



PokerStars Hand #253430605907: Tournament #3824170284, $1.84+$0.16 USD Hold'em No Limit - Level II (15/30) - 2024/11/16 17:52:54 CET [2024/11/16 11:52:54 ET]
Table '3824170284 1' 3-max Seat #3 is the button
Seat 1: Mahu2021 (670 in chips) 
Seat 2: GaloDiguin (285 in chips) 
Seat 3: THALASSA1973 (545 in chips) 
Mahu2021: posts small blind 15
GaloDiguin: posts big blind 30
*** HOLE CARDS ***
Dealt to Mahu2021 [2h Ad]
THALASSA1973: raises 515 to 545 and is all-in
Mahu2021: folds 
GaloDiguin: folds 
Uncalled bet (515) returned to THALASSA1973
THALASSA1973 collected 75 from pot
*** SUMMARY ***
Total pot 75 | Rake 0 
Seat 1: Mahu2021 (small blind) folded before Flop
Seat 2: GaloDiguin (big blind) folded before Flop
Seat 3: THALASSA1973 (button) collected (75)



PokerStars Hand #253430607563: Tournament #3824170284, $1.84+$0.16 USD Hold'em No Limit - Level II (15/30) - 2024/11/16 17:53:01 CET [2024/11/16 11:53:01 ET]
Table '3824170284 1' 3-max Seat #1 is the button
Seat 1: Mahu2021 (655 in chips) 
Seat 2: GaloDiguin (255 in chips) 
Seat 3: THALASSA1973 (590 in chips) 
GaloDiguin: posts small blind 15
THALASSA1973: posts big blind 30
*** HOLE CARDS ***
Dealt to Mahu2021 [3h 4d]
Mahu2021: folds 
GaloDiguin: raises 30 to 60
THALASSA1973: calls 30
*** FLOP *** [5h 8d Ad]
GaloDiguin: bets 60
THALASSA1973: raises 240 to 300
GaloDiguin: calls 135 and is all-in
Uncalled bet (105) returned to THALASSA1973
*** TURN *** [5h 8d Ad] [6s]
*** RIVER *** [5h 8d Ad 6s] [4s]
*** SHOW DOWN ***
GaloDiguin: shows [As Jh] (a pair of Aces)
THALASSA1973: shows [3d Ac] (a pair of Aces - lower kicker)
GaloDiguin collected 510 from pot
*** SUMMARY ***
Total pot 510 | Rake 0 
Board [5h 8d Ad 6s 4s]
Seat 1: Mahu2021 (button) folded before Flop (didn't bet)
Seat 2: GaloDiguin (small blind) showed [As Jh] and won (510) with a pair of Aces
Seat 3: THALASSA1973 (big blind) showed [3d Ac] and lost with a pair of Aces



PokerStars Hand #253430612191: Tournament #3824170284, $1.84+$0.16 USD Hold'em No Limit - Level II (15/30) - 2024/11/16 17:53:20 CET [2024/11/16 11:53:20 ET]
Table '3824170284 1' 3-max Seat #2 is the button
Seat 1: Mahu2021 (655 in chips) 
Seat 2: GaloDiguin (510 in chips) 
Seat 3: THALASSA1973 (335 in chips) 
THALASSA1973: posts small blind 15
Mahu2021: posts big blind 30
*** HOLE CARDS ***
Dealt to Mahu2021 [7d 4h]
GaloDiguin: folds 
THALASSA1973: folds 
Uncalled bet (15) returned to Mahu2021
Mahu2021 collected 30 from pot
Mahu2021: doesn't show hand 
*** SUMMARY ***
Total pot 30 | Rake 0 
Seat 1: Mahu2021 (big blind) collected (30)
Seat 2: GaloDiguin (button) folded before Flop (didn't bet)
Seat 3: THALASSA1973 (small blind) folded before Flop



PokerStars Hand #253430613519: Tournament #3824170284, $1.84+$0.16 USD Hold'em No Limit - Level II (15/30) - 2024/11/16 17:53:25 CET [2024/11/16 11:53:25 ET]
Table '3824170284 1' 3-max Seat #3 is the button
Seat 1: Mahu2021 (670 in chips) 
Seat 2: GaloDiguin (510 in chips) 
Seat 3: THALASSA1973 (320 in chips) 
Mahu2021: posts small blind 15
GaloDiguin: posts big blind 30
*** HOLE CARDS ***
Dealt to Mahu2021 [9d Kc]
THALASSA1973: folds 
Mahu2021: raises 30 to 60
GaloDiguin: raises 60 to 120
Mahu2021: calls 60
*** FLOP *** [2s 9c Ks]
Mahu2021: checks 
GaloDiguin: bets 150
Mahu2021: raises 400 to 550 and is all-in
GaloDiguin: calls 240 and is all-in
Uncalled bet (160) returned to Mahu2021
*** TURN *** [2s 9c Ks] [Js]
*** RIVER *** [2s 9c Ks Js] [Ah]
*** SHOW DOWN ***
Mahu2021: shows [9d Kc] (two pair, Kings and Nines)
GaloDiguin: shows [Th Td] (a pair of Tens)
Mahu2021 collected 1020 from pot
GaloDiguin finished the tournament in 3rd place
*** SUMMARY ***
Total pot 1020 | Rake 0 
Board [2s 9c Ks Js Ah]
Seat 1: Mahu2021 (small blind) showed [9d Kc] and won (1020) with two pair, Kings and Nines
Seat 2: GaloDiguin (big blind) showed [Th Td] and lost with a pair of Tens
Seat 3: THALASSA1973 (button) folded before Flop (didn't bet)



PokerStars Hand #253430619977: Tournament #3824170284, $1.84+$0.16 USD Hold'em No Limit - Level II (15/30) - 2024/11/16 17:53:51 CET [2024/11/16 11:53:51 ET]
Table '3824170284 1' 3-max Seat #1 is the button
Seat 1: Mahu2021 (1180 in chips) 
Seat 3: THALASSA1973 (320 in chips) 
Mahu2021: posts small blind 15
THALASSA1973: posts big blind 30
*** HOLE CARDS ***
Dealt to Mahu2021 [6d 8h]
Mahu2021: folds 
Uncalled bet (15) returned to THALASSA1973
THALASSA1973 collected 30 from pot
*** SUMMARY ***
Total pot 30 | Rake 0 
Seat 1: Mahu2021 (button) (small blind) folded before Flop
Seat 3: THALASSA1973 (big blind) collected (30)



PokerStars Hand #253430623200: Tournament #3824170284, $1.84+$0.16 USD Hold'em No Limit - Level III (20/40) - 2024/11/16 17:54:05 CET [2024/11/16 11:54:05 ET]
Table '3824170284 1' 3-max Seat #3 is the button
Seat 1: Mahu2021 (1165 in chips) 
Seat 3: THALASSA1973 (335 in chips) 
THALASSA1973: posts small blind 20
Mahu2021: posts big blind 40
*** HOLE CARDS ***
Dealt to Mahu2021 [9s 4s]
THALASSA1973: raises 40 to 80
Mahu2021: calls 40
*** FLOP *** [5d Tc 6h]
Mahu2021: checks 
THALASSA1973: bets 255 and is all-in
Mahu2021: folds 
Uncalled bet (255) returned to THALASSA1973
THALASSA1973 collected 160 from pot
*** SUMMARY ***
Total pot 160 | Rake 0 
Board [5d Tc 6h]
Seat 1: Mahu2021 (big blind) folded on the Flop
Seat 3: THALASSA1973 (button) (small blind) collected (160)



PokerStars Hand #253430625837: Tournament #3824170284, $1.84+$0.16 USD Hold'em No Limit - Level III (20/40) - 2024/11/16 17:54:16 CET [2024/11/16 11:54:16 ET]
Table '3824170284 1' 3-max Seat #1 is the button
Seat 1: Mahu2021 (1085 in chips) 
Seat 3: THALASSA1973 (415 in chips) 
Mahu2021: posts small blind 20
THALASSA1973: posts big blind 40
*** HOLE CARDS ***
Dealt to Mahu2021 [Ad Ac]
Mahu2021: raises 40 to 80
THALASSA1973: folds 
Uncalled bet (40) returned to Mahu2021
Mahu2021 collected 80 from pot
Mahu2021: doesn't show hand 
*** SUMMARY ***
Total pot 80 | Rake 0 
Seat 1: Mahu2021 (button) (small blind) collected (80)
Seat 3: THALASSA1973 (big blind) folded before Flop



PokerStars Hand #253430627016: Tournament #3824170284, $1.84+$0.16 USD Hold'em No Limit - Level III (20/40) - 2024/11/16 17:54:20 CET [2024/11/16 11:54:20 ET]
Table '3824170284 1' 3-max Seat #3 is the button
Seat 1: Mahu2021 (1125 in chips) 
Seat 3: THALASSA1973 (375 in chips) 
THALASSA1973: posts small blind 20
Mahu2021: posts big blind 40
*** HOLE CARDS ***
Dealt to Mahu2021 [Ah Ts]
THALASSA1973: raises 335 to 375 and is all-in
Mahu2021: calls 335
*** FLOP *** [9s Kc 4d]
*** TURN *** [9s Kc 4d] [4c]
*** RIVER *** [9s Kc 4d 4c] [6h]
*** SHOW DOWN ***
Mahu2021: shows [Ah Ts] (a pair of Fours)
THALASSA1973: shows [6d Ac] (two pair, Sixes and Fours)
THALASSA1973 collected 750 from pot
*** SUMMARY ***
Total pot 750 | Rake 0 
Board [9s Kc 4d 4c 6h]
Seat 1: Mahu2021 (big blind) showed [Ah Ts] and lost with a pair of Fours
Seat 3: THALASSA1973 (button) (small blind) showed [6d Ac] and won (750) with two pair, Sixes and Fours



PokerStars Hand #253430630066: Tournament #3824170284, $1.84+$0.16 USD Hold'em No Limit - Level III (20/40) - 2024/11/16 17:54:33 CET [2024/11/16 11:54:33 ET]
Table '3824170284 1' 3-max Seat #1 is the button
Seat 1: Mahu2021 (750 in chips) 
Seat 3: THALASSA1973 (750 in chips) 
Mahu2021: posts small blind 20
THALASSA1973: posts big blind 40
*** HOLE CARDS ***
Dealt to Mahu2021 [Kh 7h]
Mahu2021: raises 40 to 80
THALASSA1973: calls 40
*** FLOP *** [4d 2s 5s]
THALASSA1973: bets 670 and is all-in
Mahu2021: folds 
Uncalled bet (670) returned to THALASSA1973
THALASSA1973 collected 160 from pot
*** SUMMARY ***
Total pot 160 | Rake 0 
Board [4d 2s 5s]
Seat 1: Mahu2021 (button) (small blind) folded on the Flop
Seat 3: THALASSA1973 (big blind) collected (160)



PokerStars Hand #253430632490: Tournament #3824170284, $1.84+$0.16 USD Hold'em No Limit - Level III (20/40) - 2024/11/16 17:54:43 CET [2024/11/16 11:54:43 ET]
Table '3824170284 1' 3-max Seat #3 is the button
Seat 1: Mahu2021 (670 in chips) 
Seat 3: THALASSA1973 (830 in chips) 
THALASSA1973: posts small blind 20
Mahu2021: posts big blind 40
*** HOLE CARDS ***
Dealt to Mahu2021 [4d 7c]
THALASSA1973: calls 20
Mahu2021: checks 
*** FLOP *** [5d 5s 2d]
Mahu2021: checks 
THALASSA1973: checks 
*** TURN *** [5d 5s 2d] [9h]
Mahu2021: checks 
THALASSA1973: checks 
*** RIVER *** [5d 5s 2d 9h] [8d]
Mahu2021: checks 
THALASSA1973: checks 
*** SHOW DOWN ***
Mahu2021: shows [4d 7c] (a pair of Fives)
THALASSA1973: shows [7d Th] (a pair of Fives - Ten kicker)
THALASSA1973 collected 80 from pot
*** SUMMARY ***
Total pot 80 | Rake 0 
Board [5d 5s 2d 9h 8d]
Seat 1: Mahu2021 (big blind) showed [4d 7c] and lost with a pair of Fives
Seat 3: THALASSA1973 (button) (small blind) showed [7d Th] and won (80) with a pair of Fives



PokerStars Hand #253430635487: Tournament #3824170284, $1.84+$0.16 USD Hold'em No Limit - Level III (20/40) - 2024/11/16 17:54:55 CET [2024/11/16 11:54:55 ET]
Table '3824170284 1' 3-max Seat #1 is the button
Seat 1: Mahu2021 (630 in chips) 
Seat 3: THALASSA1973 (870 in chips) 
Mahu2021: posts small blind 20
THALASSA1973: posts big blind 40
*** HOLE CARDS ***
Dealt to Mahu2021 [7s Kc]
Mahu2021: raises 40 to 80
THALASSA1973: calls 40
*** FLOP *** [3s 5h 2s]
THALASSA1973: checks 
Mahu2021: checks 
*** TURN *** [3s 5h 2s] [7c]
THALASSA1973: bets 40
Mahu2021: calls 40
*** RIVER *** [3s 5h 2s 7c] [6s]
THALASSA1973: checks 
Mahu2021: checks 
*** SHOW DOWN ***
THALASSA1973: shows [Td 2d] (a pair of Deuces)
Mahu2021: shows [7s Kc] (a pair of Sevens)
Mahu2021 collected 240 from pot
*** SUMMARY ***
Total pot 240 | Rake 0 
Board [3s 5h 2s 7c 6s]
Seat 1: Mahu2021 (button) (small blind) showed [7s Kc] and won (240) with a pair of Sevens
Seat 3: THALASSA1973 (big blind) showed [Td 2d] and lost with a pair of Deuces



PokerStars Hand #253430638250: Tournament #3824170284, $1.84+$0.16 USD Hold'em No Limit - Level III (20/40) - 2024/11/16 17:55:08 CET [2024/11/16 11:55:08 ET]
Table '3824170284 1' 3-max Seat #3 is the button
Seat 1: Mahu2021 (750 in chips) 
Seat 3: THALASSA1973 (750 in chips) 
THALASSA1973: posts small blind 20
Mahu2021: posts big blind 40
*** HOLE CARDS ***
Dealt to Mahu2021 [Qd Kh]
THALASSA1973: raises 40 to 80
Mahu2021: calls 40
*** FLOP *** [Qs 4c 8c]
Mahu2021: checks 
THALASSA1973: checks 
*** TURN *** [Qs 4c 8c] [Ks]
Mahu2021: checks 
THALASSA1973: bets 160
Mahu2021: raises 160 to 320
THALASSA1973: folds 
Uncalled bet (160) returned to Mahu2021
Mahu2021 collected 480 from pot
Mahu2021: doesn't show hand 
*** SUMMARY ***
Total pot 480 | Rake 0 
Board [Qs 4c 8c Ks]
Seat 1: Mahu2021 (big blind) collected (480)
Seat 3: THALASSA1973 (button) (small blind) folded on the Turn



PokerStars Hand #253430641755: Tournament #3824170284, $1.84+$0.16 USD Hold'em No Limit - Level III (20/40) - 2024/11/16 17:55:27 CET [2024/11/16 11:55:27 ET]
Table '3824170284 1' 3-max Seat #1 is the button
Seat 1: Mahu2021 (990 in chips) 
Seat 3: THALASSA1973 (510 in chips) 
Mahu2021: posts small blind 20
THALASSA1973: posts big blind 40
*** HOLE CARDS ***
Dealt to Mahu2021 [7h 4c]
Mahu2021: raises 40 to 80
THALASSA1973: raises 430 to 510 and is all-in
Mahu2021: folds 
Uncalled bet (430) returned to THALASSA1973
THALASSA1973 collected 160 from pot
*** SUMMARY ***
Total pot 160 | Rake 0 
Seat 1: Mahu2021 (button) (small blind) folded before Flop
Seat 3: THALASSA1973 (big blind) collected (160)



PokerStars Hand #253430643041: Tournament #3824170284, $1.84+$0.16 USD Hold'em No Limit - Level III (20/40) - 2024/11/16 17:55:35 CET [2024/11/16 11:55:35 ET]
Table '3824170284 1' 3-max Seat #3 is the button
Seat 1: Mahu2021 (910 in chips) 
Seat 3: THALASSA1973 (590 in chips) 
THALASSA1973: posts small blind 20
Mahu2021: posts big blind 40
*** HOLE CARDS ***
Dealt to Mahu2021 [Ah 2s]
THALASSA1973: raises 550 to 590 and is all-in
Mahu2021: calls 550
*** FLOP *** [4h Qc Ad]
*** TURN *** [4h Qc Ad] [Qd]
*** RIVER *** [4h Qc Ad Qd] [9h]
*** SHOW DOWN ***
Mahu2021: shows [Ah 2s] (two pair, Aces and Queens)
THALASSA1973: shows [4d Kd] (two pair, Queens and Fours)
Mahu2021 collected 1180 from pot
THALASSA1973 finished the tournament in 2nd place
Mahu2021 wins the tournament and receives $4.00 - congratulations!
*** SUMMARY ***
Total pot 1180 | Rake 0 
Board [4h Qc Ad Qd 9h]
Seat 1: Mahu2021 (big blind) showed [Ah 2s] and won (1180) with two pair, Aces and Queens
Seat 3: THALASSA1973 (button) (small blind) showed [4d Kd] and lost with two pair, Queens and Fours



