PokerStars Hand #248973796764: Tournament #3717926470, $1.84+$0.16 USD Hold'em No Limit - Level I (10/20) - 2024/02/19 18:46:35 CET [2024/02/19 12:46:35 ET]
Table '3717926470 1' 3-max Seat #1 is the button
Seat 1: Mahu2021 (500 in chips) 
Seat 2: 1early (500 in chips) 
Seat 3: bullseye288 (500 in chips) 
1early: posts small blind 10
bullseye288: posts big blind 20
*** HOLE CARDS ***
Dealt to Mahu2021 [Kh 6s]
Mahu2021: folds 
1early: raises 80 to 100
bullseye288: folds 
Uncalled bet (80) returned to 1early
1early collected 40 from pot
1early: doesn't show hand 
*** SUMMARY ***
Total pot 40 | Rake 0 
Seat 1: Mahu2021 (button) folded before Flop (didn't bet)
Seat 2: 1early (small blind) collected (40)
Seat 3: bullseye288 (big blind) folded before Flop



PokerStars Hand #248973800822: Tournament #3717926470, $1.84+$0.16 USD Hold'em No Limit - Level I (10/20) - 2024/02/19 18:46:48 CET [2024/02/19 12:46:48 ET]
Table '3717926470 1' 3-max Seat #2 is the button
Seat 1: Mahu2021 (500 in chips) 
Seat 2: 1early (520 in chips) 
Seat 3: bullseye288 (480 in chips) 
bullseye288: posts small blind 10
Mahu2021: posts big blind 20
*** HOLE CARDS ***
Dealt to Mahu2021 [5s Kc]
1early: calls 20
bullseye288: calls 10
Mahu2021: checks 
*** FLOP *** [Js Ts Kd]
bullseye288: checks 
Mahu2021: bets 40
1early: calls 40
bullseye288: calls 40
*** TURN *** [Js Ts Kd] [Ac]
bullseye288: checks 
Mahu2021: checks 
1early: bets 180
bullseye288: folds 
Mahu2021: folds 
Uncalled bet (180) returned to 1early
1early collected 180 from pot
1early: doesn't show hand 
*** SUMMARY ***
Total pot 180 | Rake 0 
Board [Js Ts Kd Ac]
Seat 1: Mahu2021 (big blind) folded on the Turn
Seat 2: 1early (button) collected (180)
Seat 3: bullseye288 (small blind) folded on the Turn



PokerStars Hand #248973808866: Tournament #3717926470, $1.84+$0.16 USD Hold'em No Limit - Level I (10/20) - 2024/02/19 18:47:13 CET [2024/02/19 12:47:13 ET]
Table '3717926470 1' 3-max Seat #3 is the button
Seat 1: Mahu2021 (440 in chips) 
Seat 2: 1early (640 in chips) 
Seat 3: bullseye288 (420 in chips) 
Mahu2021: posts small blind 10
1early: posts big blind 20
*** HOLE CARDS ***
Dealt to Mahu2021 [6h 4c]
bullseye288: folds 
Mahu2021: folds 
Uncalled bet (10) returned to 1early
1early collected 20 from pot
1early: doesn't show hand 
*** SUMMARY ***
Total pot 20 | Rake 0 
Seat 1: Mahu2021 (small blind) folded before Flop
Seat 2: 1early (big blind) collected (20)
Seat 3: bullseye288 (button) folded before Flop (didn't bet)



PokerStars Hand #248973810728: Tournament #3717926470, $1.84+$0.16 USD Hold'em No Limit - Level I (10/20) - 2024/02/19 18:47:19 CET [2024/02/19 12:47:19 ET]
Table '3717926470 1' 3-max Seat #1 is the button
Seat 1: Mahu2021 (430 in chips) 
Seat 2: 1early (650 in chips) 
Seat 3: bullseye288 (420 in chips) 
1early: posts small blind 10
bullseye288: posts big blind 20
*** HOLE CARDS ***
Dealt to Mahu2021 [7c 2h]
Mahu2021: folds 
1early: folds 
Uncalled bet (10) returned to bullseye288
bullseye288 collected 20 from pot
bullseye288: doesn't show hand 
*** SUMMARY ***
Total pot 20 | Rake 0 
Seat 1: Mahu2021 (button) folded before Flop (didn't bet)
Seat 2: 1early (small blind) folded before Flop
Seat 3: bullseye288 (big blind) collected (20)



PokerStars Hand #248973812484: Tournament #3717926470, $1.84+$0.16 USD Hold'em No Limit - Level I (10/20) - 2024/02/19 18:47:25 CET [2024/02/19 12:47:25 ET]
Table '3717926470 1' 3-max Seat #2 is the button
Seat 1: Mahu2021 (430 in chips) 
Seat 2: 1early (640 in chips) 
Seat 3: bullseye288 (430 in chips) 
bullseye288: posts small blind 10
Mahu2021: posts big blind 20
*** HOLE CARDS ***
Dealt to Mahu2021 [7s Ah]
1early: folds 
bullseye288: calls 10
Mahu2021: checks 
*** FLOP *** [9h 5c As]
bullseye288: checks 
Mahu2021: bets 20
bullseye288: calls 20
*** TURN *** [9h 5c As] [2c]
bullseye288: checks 
Mahu2021: bets 20
bullseye288: calls 20
*** RIVER *** [9h 5c As 2c] [Js]
bullseye288: checks 
Mahu2021: checks 
*** SHOW DOWN ***
bullseye288: shows [4c 4d] (a pair of Fours)
Mahu2021: shows [7s Ah] (a pair of Aces)
Mahu2021 collected 120 from pot
*** SUMMARY ***
Total pot 120 | Rake 0 
Board [9h 5c As 2c Js]
Seat 1: Mahu2021 (big blind) showed [7s Ah] and won (120) with a pair of Aces
Seat 2: 1early (button) folded before Flop (didn't bet)
Seat 3: bullseye288 (small blind) showed [4c 4d] and lost with a pair of Fours



PokerStars Hand #248973820300: Tournament #3717926470, $1.84+$0.16 USD Hold'em No Limit - Level I (10/20) - 2024/02/19 18:47:49 CET [2024/02/19 12:47:49 ET]
Table '3717926470 1' 3-max Seat #3 is the button
Seat 1: Mahu2021 (490 in chips) 
Seat 2: 1early (640 in chips) 
Seat 3: bullseye288 (370 in chips) 
Mahu2021: posts small blind 10
1early: posts big blind 20
*** HOLE CARDS ***
Dealt to Mahu2021 [8s 2d]
bullseye288: calls 20
Mahu2021: folds 
1early: raises 130 to 150
bullseye288: folds 
Uncalled bet (130) returned to 1early
1early collected 50 from pot
1early: doesn't show hand 
*** SUMMARY ***
Total pot 50 | Rake 0 
Seat 1: Mahu2021 (small blind) folded before Flop
Seat 2: 1early (big blind) collected (50)
Seat 3: bullseye288 (button) folded before Flop



PokerStars Hand #248973823744: Tournament #3717926470, $1.84+$0.16 USD Hold'em No Limit - Level I (10/20) - 2024/02/19 18:48:00 CET [2024/02/19 12:48:00 ET]
Table '3717926470 1' 3-max Seat #1 is the button
Seat 1: Mahu2021 (480 in chips) 
Seat 2: 1early (670 in chips) 
Seat 3: bullseye288 (350 in chips) 
1early: posts small blind 10
bullseye288: posts big blind 20
*** HOLE CARDS ***
Dealt to Mahu2021 [Tc 2s]
Mahu2021: folds 
1early: folds 
Uncalled bet (10) returned to bullseye288
bullseye288 collected 20 from pot
bullseye288: doesn't show hand 
*** SUMMARY ***
Total pot 20 | Rake 0 
Seat 1: Mahu2021 (button) folded before Flop (didn't bet)
Seat 2: 1early (small blind) folded before Flop
Seat 3: bullseye288 (big blind) collected (20)



PokerStars Hand #248973825509: Tournament #3717926470, $1.84+$0.16 USD Hold'em No Limit - Level I (10/20) - 2024/02/19 18:48:05 CET [2024/02/19 12:48:05 ET]
Table '3717926470 1' 3-max Seat #2 is the button
Seat 1: Mahu2021 (480 in chips) 
Seat 2: 1early (660 in chips) 
Seat 3: bullseye288 (360 in chips) 
bullseye288: posts small blind 10
Mahu2021: posts big blind 20
*** HOLE CARDS ***
Dealt to Mahu2021 [7s 2s]
1early: folds 
bullseye288: calls 10
Mahu2021: checks 
*** FLOP *** [8d Qc Ts]
bullseye288: checks 
Mahu2021: checks 
*** TURN *** [8d Qc Ts] [6c]
bullseye288: checks 
Mahu2021: checks 
*** RIVER *** [8d Qc Ts 6c] [4d]
bullseye288: checks 
Mahu2021: bets 20
bullseye288: folds 
Uncalled bet (20) returned to Mahu2021
Mahu2021 collected 40 from pot
Mahu2021: doesn't show hand 
*** SUMMARY ***
Total pot 40 | Rake 0 
Board [8d Qc Ts 6c 4d]
Seat 1: Mahu2021 (big blind) collected (40)
Seat 2: 1early (button) folded before Flop (didn't bet)
Seat 3: bullseye288 (small blind) folded on the River



PokerStars Hand #248973831006: Tournament #3717926470, $1.84+$0.16 USD Hold'em No Limit - Level I (10/20) - 2024/02/19 18:48:23 CET [2024/02/19 12:48:23 ET]
Table '3717926470 1' 3-max Seat #3 is the button
Seat 1: Mahu2021 (500 in chips) 
Seat 2: 1early (660 in chips) 
Seat 3: bullseye288 (340 in chips) 
Mahu2021: posts small blind 10
1early: posts big blind 20
*** HOLE CARDS ***
Dealt to Mahu2021 [8d Js]
bullseye288: folds 
Mahu2021: raises 20 to 40
1early: folds 
Uncalled bet (20) returned to Mahu2021
Mahu2021 collected 40 from pot
Mahu2021: doesn't show hand 
*** SUMMARY ***
Total pot 40 | Rake 0 
Seat 1: Mahu2021 (small blind) collected (40)
Seat 2: 1early (big blind) folded before Flop
Seat 3: bullseye288 (button) folded before Flop (didn't bet)



PokerStars Hand #248973833516: Tournament #3717926470, $1.84+$0.16 USD Hold'em No Limit - Level I (10/20) - 2024/02/19 18:48:30 CET [2024/02/19 12:48:30 ET]
Table '3717926470 1' 3-max Seat #1 is the button
Seat 1: Mahu2021 (520 in chips) 
Seat 2: 1early (640 in chips) 
Seat 3: bullseye288 (340 in chips) 
1early: posts small blind 10
bullseye288: posts big blind 20
*** HOLE CARDS ***
Dealt to Mahu2021 [6d 9d]
Mahu2021: folds 
1early: folds 
Uncalled bet (10) returned to bullseye288
bullseye288 collected 20 from pot
bullseye288: doesn't show hand 
*** SUMMARY ***
Total pot 20 | Rake 0 
Seat 1: Mahu2021 (button) folded before Flop (didn't bet)
Seat 2: 1early (small blind) folded before Flop
Seat 3: bullseye288 (big blind) collected (20)



PokerStars Hand #248973835334: Tournament #3717926470, $1.84+$0.16 USD Hold'em No Limit - Level I (10/20) - 2024/02/19 18:48:36 CET [2024/02/19 12:48:36 ET]
Table '3717926470 1' 3-max Seat #2 is the button
Seat 1: Mahu2021 (520 in chips) 
Seat 2: 1early (630 in chips) 
Seat 3: bullseye288 (350 in chips) 
bullseye288: posts small blind 10
Mahu2021: posts big blind 20
*** HOLE CARDS ***
Dealt to Mahu2021 [3s 5c]
1early: raises 80 to 100
bullseye288: raises 250 to 350 and is all-in
Mahu2021: folds 
1early: calls 250
*** FLOP *** [Jh 4s 6s]
*** TURN *** [Jh 4s 6s] [2d]
*** RIVER *** [Jh 4s 6s 2d] [As]
*** SHOW DOWN ***
bullseye288: shows [Kd Ah] (a pair of Aces)
1early: shows [Th Ts] (a pair of Tens)
bullseye288 collected 720 from pot
*** SUMMARY ***
Total pot 720 | Rake 0 
Board [Jh 4s 6s 2d As]
Seat 1: Mahu2021 (big blind) folded before Flop
Seat 2: 1early (button) showed [Th Ts] and lost with a pair of Tens
Seat 3: bullseye288 (small blind) showed [Kd Ah] and won (720) with a pair of Aces



PokerStars Hand #248973841148: Tournament #3717926470, $1.84+$0.16 USD Hold'em No Limit - Level I (10/20) - 2024/02/19 18:48:54 CET [2024/02/19 12:48:54 ET]
Table '3717926470 1' 3-max Seat #3 is the button
Seat 1: Mahu2021 (500 in chips) 
Seat 2: 1early (280 in chips) 
Seat 3: bullseye288 (720 in chips) 
Mahu2021: posts small blind 10
1early: posts big blind 20
*** HOLE CARDS ***
Dealt to Mahu2021 [8d 9s]
bullseye288: folds 
Mahu2021: calls 10
1early: raises 80 to 100
Mahu2021: folds 
Uncalled bet (80) returned to 1early
1early collected 40 from pot
1early: doesn't show hand 
*** SUMMARY ***
Total pot 40 | Rake 0 
Seat 1: Mahu2021 (small blind) folded before Flop
Seat 2: 1early (big blind) collected (40)
Seat 3: bullseye288 (button) folded before Flop (didn't bet)



PokerStars Hand #248973844332: Tournament #3717926470, $1.84+$0.16 USD Hold'em No Limit - Level I (10/20) - 2024/02/19 18:49:04 CET [2024/02/19 12:49:04 ET]
Table '3717926470 1' 3-max Seat #1 is the button
Seat 1: Mahu2021 (480 in chips) 
Seat 2: 1early (300 in chips) 
Seat 3: bullseye288 (720 in chips) 
1early: posts small blind 10
bullseye288: posts big blind 20
*** HOLE CARDS ***
Dealt to Mahu2021 [Js 7d]
Mahu2021: folds 
1early: raises 40 to 60
bullseye288: folds 
Uncalled bet (40) returned to 1early
1early collected 40 from pot
1early: doesn't show hand 
*** SUMMARY ***
Total pot 40 | Rake 0 
Seat 1: Mahu2021 (button) folded before Flop (didn't bet)
Seat 2: 1early (small blind) collected (40)
Seat 3: bullseye288 (big blind) folded before Flop



PokerStars Hand #248973846461: Tournament #3717926470, $1.84+$0.16 USD Hold'em No Limit - Level I (10/20) - 2024/02/19 18:49:11 CET [2024/02/19 12:49:11 ET]
Table '3717926470 1' 3-max Seat #2 is the button
Seat 1: Mahu2021 (480 in chips) 
Seat 2: 1early (320 in chips) 
Seat 3: bullseye288 (700 in chips) 
bullseye288: posts small blind 10
Mahu2021: posts big blind 20
*** HOLE CARDS ***
Dealt to Mahu2021 [6h Jc]
1early: folds 
bullseye288: folds 
Uncalled bet (10) returned to Mahu2021
Mahu2021 collected 20 from pot
Mahu2021: doesn't show hand 
*** SUMMARY ***
Total pot 20 | Rake 0 
Seat 1: Mahu2021 (big blind) collected (20)
Seat 2: 1early (button) folded before Flop (didn't bet)
Seat 3: bullseye288 (small blind) folded before Flop



PokerStars Hand #248973848985: Tournament #3717926470, $1.84+$0.16 USD Hold'em No Limit - Level I (10/20) - 2024/02/19 18:49:19 CET [2024/02/19 12:49:19 ET]
Table '3717926470 1' 3-max Seat #3 is the button
Seat 1: Mahu2021 (490 in chips) 
Seat 2: 1early (320 in chips) 
Seat 3: bullseye288 (690 in chips) 
Mahu2021: posts small blind 10
1early: posts big blind 20
*** HOLE CARDS ***
Dealt to Mahu2021 [6d 6s]
bullseye288: folds 
Mahu2021: calls 10
1early: raises 40 to 60
Mahu2021: raises 430 to 490 and is all-in
1early: calls 260 and is all-in
Uncalled bet (170) returned to Mahu2021
*** FLOP *** [5h 6h Qh]
*** TURN *** [5h 6h Qh] [Kc]
*** RIVER *** [5h 6h Qh Kc] [9d]
*** SHOW DOWN ***
Mahu2021: shows [6d 6s] (three of a kind, Sixes)
1early: shows [Ac Ah] (a pair of Aces)
Mahu2021 collected 640 from pot
1early finished the tournament in 3rd place
*** SUMMARY ***
Total pot 640 | Rake 0 
Board [5h 6h Qh Kc 9d]
Seat 1: Mahu2021 (small blind) showed [6d 6s] and won (640) with three of a kind, Sixes
Seat 2: 1early (big blind) showed [Ac Ah] and lost with a pair of Aces
Seat 3: bullseye288 (button) folded before Flop (didn't bet)



PokerStars Hand #248973856045: Tournament #3717926470, $1.84+$0.16 USD Hold'em No Limit - Level II (15/30) - 2024/02/19 18:49:41 CET [2024/02/19 12:49:41 ET]
Table '3717926470 1' 3-max Seat #1 is the button
Seat 1: Mahu2021 (810 in chips) 
Seat 3: bullseye288 (690 in chips) 
Mahu2021: posts small blind 15
bullseye288: posts big blind 30
*** HOLE CARDS ***
Dealt to Mahu2021 [Ac 3s]
Mahu2021: calls 15
bullseye288: checks 
*** FLOP *** [Qs 8s 8h]
bullseye288: checks 
Mahu2021: bets 30
bullseye288: calls 30
*** TURN *** [Qs 8s 8h] [9h]
bullseye288: checks 
Mahu2021: checks 
*** RIVER *** [Qs 8s 8h 9h] [2d]
bullseye288: checks 
Mahu2021: bets 120
bullseye288: folds 
Uncalled bet (120) returned to Mahu2021
Mahu2021 collected 120 from pot
Mahu2021: doesn't show hand 
*** SUMMARY ***
Total pot 120 | Rake 0 
Board [Qs 8s 8h 9h 2d]
Seat 1: Mahu2021 (button) (small blind) collected (120)
Seat 3: bullseye288 (big blind) folded on the River



PokerStars Hand #248973862230: Tournament #3717926470, $1.84+$0.16 USD Hold'em No Limit - Level II (15/30) - 2024/02/19 18:50:00 CET [2024/02/19 12:50:00 ET]
Table '3717926470 1' 3-max Seat #3 is the button
Seat 1: Mahu2021 (870 in chips) 
Seat 3: bullseye288 (630 in chips) 
bullseye288: posts small blind 15
Mahu2021: posts big blind 30
*** HOLE CARDS ***
Dealt to Mahu2021 [Ks Th]
bullseye288: raises 60 to 90
Mahu2021: calls 60
*** FLOP *** [8c Qs Jh]
Mahu2021: checks 
bullseye288: bets 90
Mahu2021: calls 90
*** TURN *** [8c Qs Jh] [6d]
Mahu2021: checks 
bullseye288: bets 450 and is all-in
Mahu2021: folds 
Uncalled bet (450) returned to bullseye288
bullseye288 collected 360 from pot
bullseye288: doesn't show hand 
*** SUMMARY ***
Total pot 360 | Rake 0 
Board [8c Qs Jh 6d]
Seat 1: Mahu2021 (big blind) folded on the Turn
Seat 3: bullseye288 (button) (small blind) collected (360)



PokerStars Hand #248973869383: Tournament #3717926470, $1.84+$0.16 USD Hold'em No Limit - Level II (15/30) - 2024/02/19 18:50:23 CET [2024/02/19 12:50:23 ET]
Table '3717926470 1' 3-max Seat #1 is the button
Seat 1: Mahu2021 (690 in chips) 
Seat 3: bullseye288 (810 in chips) 
Mahu2021: posts small blind 15
bullseye288: posts big blind 30
*** HOLE CARDS ***
Dealt to Mahu2021 [Qc 5c]
Mahu2021: raises 30 to 60
bullseye288: calls 30
*** FLOP *** [4s 4d 9s]
bullseye288: checks 
Mahu2021: checks 
*** TURN *** [4s 4d 9s] [8s]
bullseye288: checks 
Mahu2021: bets 30
bullseye288: calls 30
*** RIVER *** [4s 4d 9s 8s] [Tc]
bullseye288: checks 
Mahu2021: checks 
*** SHOW DOWN ***
bullseye288: shows [9d Ad] (two pair, Nines and Fours)
Mahu2021: mucks hand 
bullseye288 collected 180 from pot
*** SUMMARY ***
Total pot 180 | Rake 0 
Board [4s 4d 9s 8s Tc]
Seat 1: Mahu2021 (button) (small blind) mucked [Qc 5c]
Seat 3: bullseye288 (big blind) showed [9d Ad] and won (180) with two pair, Nines and Fours



PokerStars Hand #248973875029: Tournament #3717926470, $1.84+$0.16 USD Hold'em No Limit - Level II (15/30) - 2024/02/19 18:50:41 CET [2024/02/19 12:50:41 ET]
Table '3717926470 1' 3-max Seat #3 is the button
Seat 1: Mahu2021 (600 in chips) 
Seat 3: bullseye288 (900 in chips) 
bullseye288: posts small blind 15
Mahu2021: posts big blind 30
*** HOLE CARDS ***
Dealt to Mahu2021 [7c 9c]
bullseye288: folds 
Uncalled bet (15) returned to Mahu2021
Mahu2021 collected 30 from pot
Mahu2021: doesn't show hand 
*** SUMMARY ***
Total pot 30 | Rake 0 
Seat 1: Mahu2021 (big blind) collected (30)
Seat 3: bullseye288 (button) (small blind) folded before Flop



PokerStars Hand #248973876555: Tournament #3717926470, $1.84+$0.16 USD Hold'em No Limit - Level II (15/30) - 2024/02/19 18:50:45 CET [2024/02/19 12:50:45 ET]
Table '3717926470 1' 3-max Seat #1 is the button
Seat 1: Mahu2021 (615 in chips) 
Seat 3: bullseye288 (885 in chips) 
Mahu2021: posts small blind 15
bullseye288: posts big blind 30
*** HOLE CARDS ***
Dealt to Mahu2021 [7c 5h]
Mahu2021: folds 
Uncalled bet (15) returned to bullseye288
bullseye288 collected 30 from pot
bullseye288: doesn't show hand 
*** SUMMARY ***
Total pot 30 | Rake 0 
Seat 1: Mahu2021 (button) (small blind) folded before Flop
Seat 3: bullseye288 (big blind) collected (30)



PokerStars Hand #248973878037: Tournament #3717926470, $1.84+$0.16 USD Hold'em No Limit - Level II (15/30) - 2024/02/19 18:50:50 CET [2024/02/19 12:50:50 ET]
Table '3717926470 1' 3-max Seat #3 is the button
Seat 1: Mahu2021 (600 in chips) 
Seat 3: bullseye288 (900 in chips) 
bullseye288: posts small blind 15
Mahu2021: posts big blind 30
*** HOLE CARDS ***
Dealt to Mahu2021 [2c Ts]
bullseye288: raises 60 to 90
Mahu2021: folds 
Uncalled bet (60) returned to bullseye288
bullseye288 collected 60 from pot
bullseye288: doesn't show hand 
*** SUMMARY ***
Total pot 60 | Rake 0 
Seat 1: Mahu2021 (big blind) folded before Flop
Seat 3: bullseye288 (button) (small blind) collected (60)



PokerStars Hand #248973880161: Tournament #3717926470, $1.84+$0.16 USD Hold'em No Limit - Level II (15/30) - 2024/02/19 18:50:57 CET [2024/02/19 12:50:57 ET]
Table '3717926470 1' 3-max Seat #1 is the button
Seat 1: Mahu2021 (570 in chips) 
Seat 3: bullseye288 (930 in chips) 
Mahu2021: posts small blind 15
bullseye288: posts big blind 30
*** HOLE CARDS ***
Dealt to Mahu2021 [4s Qs]
Mahu2021: raises 30 to 60
bullseye288: calls 30
*** FLOP *** [Js 3c 9d]
bullseye288: checks 
Mahu2021: checks 
*** TURN *** [Js 3c 9d] [5s]
bullseye288: bets 60
Mahu2021: folds 
Uncalled bet (60) returned to bullseye288
bullseye288 collected 120 from pot
bullseye288: doesn't show hand 
*** SUMMARY ***
Total pot 120 | Rake 0 
Board [Js 3c 9d 5s]
Seat 1: Mahu2021 (button) (small blind) folded on the Turn
Seat 3: bullseye288 (big blind) collected (120)



PokerStars Hand #248973884801: Tournament #3717926470, $1.84+$0.16 USD Hold'em No Limit - Level II (15/30) - 2024/02/19 18:51:12 CET [2024/02/19 12:51:12 ET]
Table '3717926470 1' 3-max Seat #3 is the button
Seat 1: Mahu2021 (510 in chips) 
Seat 3: bullseye288 (990 in chips) 
bullseye288: posts small blind 15
Mahu2021: posts big blind 30
*** HOLE CARDS ***
Dealt to Mahu2021 [Ks Ts]
bullseye288: calls 15
Mahu2021: raises 60 to 90
bullseye288: folds 
Uncalled bet (60) returned to Mahu2021
Mahu2021 collected 60 from pot
Mahu2021: doesn't show hand 
*** SUMMARY ***
Total pot 60 | Rake 0 
Seat 1: Mahu2021 (big blind) collected (60)
Seat 3: bullseye288 (button) (small blind) folded before Flop



PokerStars Hand #248973887544: Tournament #3717926470, $1.84+$0.16 USD Hold'em No Limit - Level II (15/30) - 2024/02/19 18:51:20 CET [2024/02/19 12:51:20 ET]
Table '3717926470 1' 3-max Seat #1 is the button
Seat 1: Mahu2021 (540 in chips) 
Seat 3: bullseye288 (960 in chips) 
Mahu2021: posts small blind 15
bullseye288: posts big blind 30
*** HOLE CARDS ***
Dealt to Mahu2021 [Ad 3d]
Mahu2021: raises 60 to 90
bullseye288: calls 60
*** FLOP *** [9c 6d 4d]
bullseye288: checks 
Mahu2021: bets 180
bullseye288: folds 
Uncalled bet (180) returned to Mahu2021
Mahu2021 collected 180 from pot
Mahu2021: doesn't show hand 
*** SUMMARY ***
Total pot 180 | Rake 0 
Board [9c 6d 4d]
Seat 1: Mahu2021 (button) (small blind) collected (180)
Seat 3: bullseye288 (big blind) folded on the Flop



PokerStars Hand #248973891305: Tournament #3717926470, $1.84+$0.16 USD Hold'em No Limit - Level II (15/30) - 2024/02/19 18:51:32 CET [2024/02/19 12:51:32 ET]
Table '3717926470 1' 3-max Seat #3 is the button
Seat 1: Mahu2021 (630 in chips) 
Seat 3: bullseye288 (870 in chips) 
bullseye288: posts small blind 15
Mahu2021: posts big blind 30
*** HOLE CARDS ***
Dealt to Mahu2021 [Tc 6c]
bullseye288: folds 
Uncalled bet (15) returned to Mahu2021
Mahu2021 collected 30 from pot
Mahu2021: doesn't show hand 
*** SUMMARY ***
Total pot 30 | Rake 0 
Seat 1: Mahu2021 (big blind) collected (30)
Seat 3: bullseye288 (button) (small blind) folded before Flop



PokerStars Hand #248973892758: Tournament #3717926470, $1.84+$0.16 USD Hold'em No Limit - Level II (15/30) - 2024/02/19 18:51:37 CET [2024/02/19 12:51:37 ET]
Table '3717926470 1' 3-max Seat #1 is the button
Seat 1: Mahu2021 (645 in chips) 
Seat 3: bullseye288 (855 in chips) 
Mahu2021: posts small blind 15
bullseye288: posts big blind 30
*** HOLE CARDS ***
Dealt to Mahu2021 [5h Jh]
Mahu2021: calls 15
bullseye288: checks 
*** FLOP *** [4c 3s 7c]
bullseye288: checks 
Mahu2021: bets 30
bullseye288: raises 60 to 90
Mahu2021: calls 60
*** TURN *** [4c 3s 7c] [Ac]
bullseye288: checks 
Mahu2021: checks 
*** RIVER *** [4c 3s 7c Ac] [2h]
bullseye288: checks 
Mahu2021: bets 240
bullseye288: folds 
Uncalled bet (240) returned to Mahu2021
Mahu2021 collected 240 from pot
Mahu2021: doesn't show hand 
*** SUMMARY ***
Total pot 240 | Rake 0 
Board [4c 3s 7c Ac 2h]
Seat 1: Mahu2021 (button) (small blind) collected (240)
Seat 3: bullseye288 (big blind) folded on the River



PokerStars Hand #248973902070: Tournament #3717926470, $1.84+$0.16 USD Hold'em No Limit - Level II (15/30) - 2024/02/19 18:52:06 CET [2024/02/19 12:52:06 ET]
Table '3717926470 1' 3-max Seat #3 is the button
Seat 1: Mahu2021 (765 in chips) 
Seat 3: bullseye288 (735 in chips) 
bullseye288: posts small blind 15
Mahu2021: posts big blind 30
*** HOLE CARDS ***
Dealt to Mahu2021 [Kd 3c]
bullseye288: folds 
Uncalled bet (15) returned to Mahu2021
Mahu2021 collected 30 from pot
Mahu2021: doesn't show hand 
*** SUMMARY ***
Total pot 30 | Rake 0 
Seat 1: Mahu2021 (big blind) collected (30)
Seat 3: bullseye288 (button) (small blind) folded before Flop



PokerStars Hand #248973903630: Tournament #3717926470, $1.84+$0.16 USD Hold'em No Limit - Level II (15/30) - 2024/02/19 18:52:11 CET [2024/02/19 12:52:11 ET]
Table '3717926470 1' 3-max Seat #1 is the button
Seat 1: Mahu2021 (780 in chips) 
Seat 3: bullseye288 (720 in chips) 
Mahu2021: posts small blind 15
bullseye288: posts big blind 30
*** HOLE CARDS ***
Dealt to Mahu2021 [8h 3h]
Mahu2021: folds 
Uncalled bet (15) returned to bullseye288
bullseye288 collected 30 from pot
bullseye288: doesn't show hand 
*** SUMMARY ***
Total pot 30 | Rake 0 
Seat 1: Mahu2021 (button) (small blind) folded before Flop
Seat 3: bullseye288 (big blind) collected (30)



PokerStars Hand #248973904939: Tournament #3717926470, $1.84+$0.16 USD Hold'em No Limit - Level II (15/30) - 2024/02/19 18:52:15 CET [2024/02/19 12:52:15 ET]
Table '3717926470 1' 3-max Seat #3 is the button
Seat 1: Mahu2021 (765 in chips) 
Seat 3: bullseye288 (735 in chips) 
bullseye288: posts small blind 15
Mahu2021: posts big blind 30
*** HOLE CARDS ***
Dealt to Mahu2021 [6d Ts]
bullseye288: calls 15
Mahu2021: checks 
*** FLOP *** [Qh 9d 3h]
Mahu2021: checks 
bullseye288: checks 
*** TURN *** [Qh 9d 3h] [6s]
Mahu2021: checks 
bullseye288: checks 
*** RIVER *** [Qh 9d 3h 6s] [4s]
Mahu2021: checks 
bullseye288: bets 120
Mahu2021: calls 120
*** SHOW DOWN ***
bullseye288: shows [5s 7s] (a straight, Three to Seven)
Mahu2021: mucks hand 
bullseye288 collected 300 from pot
*** SUMMARY ***
Total pot 300 | Rake 0 
Board [Qh 9d 3h 6s 4s]
Seat 1: Mahu2021 (big blind) mucked [6d Ts]
Seat 3: bullseye288 (button) (small blind) showed [5s 7s] and won (300) with a straight, Three to Seven



PokerStars Hand #248973912899: Tournament #3717926470, $1.84+$0.16 USD Hold'em No Limit - Level III (20/40) - 2024/02/19 18:52:41 CET [2024/02/19 12:52:41 ET]
Table '3717926470 1' 3-max Seat #1 is the button
Seat 1: Mahu2021 (615 in chips) 
Seat 3: bullseye288 (885 in chips) 
Mahu2021: posts small blind 20
bullseye288: posts big blind 40
*** HOLE CARDS ***
Dealt to Mahu2021 [Kh 4c]
Mahu2021: raises 40 to 80
bullseye288: folds 
Uncalled bet (40) returned to Mahu2021
Mahu2021 collected 80 from pot
Mahu2021: doesn't show hand 
*** SUMMARY ***
Total pot 80 | Rake 0 
Seat 1: Mahu2021 (button) (small blind) collected (80)
Seat 3: bullseye288 (big blind) folded before Flop



PokerStars Hand #248973914809: Tournament #3717926470, $1.84+$0.16 USD Hold'em No Limit - Level III (20/40) - 2024/02/19 18:52:47 CET [2024/02/19 12:52:47 ET]
Table '3717926470 1' 3-max Seat #3 is the button
Seat 1: Mahu2021 (655 in chips) 
Seat 3: bullseye288 (845 in chips) 
bullseye288: posts small blind 20
Mahu2021: posts big blind 40
*** HOLE CARDS ***
Dealt to Mahu2021 [9s 9h]
bullseye288: calls 20
Mahu2021: raises 615 to 655 and is all-in
bullseye288: folds 
Uncalled bet (615) returned to Mahu2021
Mahu2021 collected 80 from pot
Mahu2021: doesn't show hand 
*** SUMMARY ***
Total pot 80 | Rake 0 
Seat 1: Mahu2021 (big blind) collected (80)
Seat 3: bullseye288 (button) (small blind) folded before Flop



PokerStars Hand #248973917722: Tournament #3717926470, $1.84+$0.16 USD Hold'em No Limit - Level III (20/40) - 2024/02/19 18:52:56 CET [2024/02/19 12:52:56 ET]
Table '3717926470 1' 3-max Seat #1 is the button
Seat 1: Mahu2021 (695 in chips) 
Seat 3: bullseye288 (805 in chips) 
Mahu2021: posts small blind 20
bullseye288: posts big blind 40
*** HOLE CARDS ***
Dealt to Mahu2021 [6h Ac]
Mahu2021: calls 20
bullseye288: checks 
*** FLOP *** [5c Jh 6d]
bullseye288: checks 
Mahu2021: bets 40
bullseye288: calls 40
*** TURN *** [5c Jh 6d] [8s]
bullseye288: checks 
Mahu2021: checks 
*** RIVER *** [5c Jh 6d 8s] [5h]
bullseye288: checks 
Mahu2021: checks 
*** SHOW DOWN ***
bullseye288: shows [9s Td] (a pair of Fives)
Mahu2021: shows [6h Ac] (two pair, Sixes and Fives)
Mahu2021 collected 160 from pot
*** SUMMARY ***
Total pot 160 | Rake 0 
Board [5c Jh 6d 8s 5h]
Seat 1: Mahu2021 (button) (small blind) showed [6h Ac] and won (160) with two pair, Sixes and Fives
Seat 3: bullseye288 (big blind) showed [9s Td] and lost with a pair of Fives



PokerStars Hand #248973923086: Tournament #3717926470, $1.84+$0.16 USD Hold'em No Limit - Level III (20/40) - 2024/02/19 18:53:13 CET [2024/02/19 12:53:13 ET]
Table '3717926470 1' 3-max Seat #3 is the button
Seat 1: Mahu2021 (775 in chips) 
Seat 3: bullseye288 (725 in chips) 
bullseye288: posts small blind 20
Mahu2021: posts big blind 40
*** HOLE CARDS ***
Dealt to Mahu2021 [4h 4c]
bullseye288: folds 
Uncalled bet (20) returned to Mahu2021
Mahu2021 collected 40 from pot
Mahu2021: doesn't show hand 
*** SUMMARY ***
Total pot 40 | Rake 0 
Seat 1: Mahu2021 (big blind) collected (40)
Seat 3: bullseye288 (button) (small blind) folded before Flop



PokerStars Hand #248973924733: Tournament #3717926470, $1.84+$0.16 USD Hold'em No Limit - Level III (20/40) - 2024/02/19 18:53:18 CET [2024/02/19 12:53:18 ET]
Table '3717926470 1' 3-max Seat #1 is the button
Seat 1: Mahu2021 (795 in chips) 
Seat 3: bullseye288 (705 in chips) 
Mahu2021: posts small blind 20
bullseye288: posts big blind 40
*** HOLE CARDS ***
Dealt to Mahu2021 [3s 3c]
Mahu2021: raises 40 to 80
bullseye288: raises 625 to 705 and is all-in
Mahu2021: folds 
Uncalled bet (625) returned to bullseye288
bullseye288 collected 160 from pot
bullseye288: doesn't show hand 
*** SUMMARY ***
Total pot 160 | Rake 0 
Seat 1: Mahu2021 (button) (small blind) folded before Flop
Seat 3: bullseye288 (big blind) collected (160)



PokerStars Hand #248973927868: Tournament #3717926470, $1.84+$0.16 USD Hold'em No Limit - Level III (20/40) - 2024/02/19 18:53:28 CET [2024/02/19 12:53:28 ET]
Table '3717926470 1' 3-max Seat #3 is the button
Seat 1: Mahu2021 (715 in chips) 
Seat 3: bullseye288 (785 in chips) 
bullseye288: posts small blind 20
Mahu2021: posts big blind 40
*** HOLE CARDS ***
Dealt to Mahu2021 [4d 6s]
bullseye288: folds 
Uncalled bet (20) returned to Mahu2021
Mahu2021 collected 40 from pot
Mahu2021: doesn't show hand 
*** SUMMARY ***
Total pot 40 | Rake 0 
Seat 1: Mahu2021 (big blind) collected (40)
Seat 3: bullseye288 (button) (small blind) folded before Flop



PokerStars Hand #248973929934: Tournament #3717926470, $1.84+$0.16 USD Hold'em No Limit - Level III (20/40) - 2024/02/19 18:53:34 CET [2024/02/19 12:53:34 ET]
Table '3717926470 1' 3-max Seat #1 is the button
Seat 1: Mahu2021 (735 in chips) 
Seat 3: bullseye288 (765 in chips) 
Mahu2021: posts small blind 20
bullseye288: posts big blind 40
*** HOLE CARDS ***
Dealt to Mahu2021 [Ts 7s]
Mahu2021: calls 20
bullseye288: checks 
*** FLOP *** [2h Qh 9c]
bullseye288: checks 
Mahu2021: checks 
*** TURN *** [2h Qh 9c] [Qd]
bullseye288: checks 
Mahu2021: bets 40
bullseye288: calls 40
*** RIVER *** [2h Qh 9c Qd] [4d]
bullseye288: checks 
Mahu2021: checks 
*** SHOW DOWN ***
bullseye288: shows [Ah 9d] (two pair, Queens and Nines)
Mahu2021: mucks hand 
bullseye288 collected 160 from pot
*** SUMMARY ***
Total pot 160 | Rake 0 
Board [2h Qh 9c Qd 4d]
Seat 1: Mahu2021 (button) (small blind) mucked [Ts 7s]
Seat 3: bullseye288 (big blind) showed [Ah 9d] and won (160) with two pair, Queens and Nines



PokerStars Hand #248973934572: Tournament #3717926470, $1.84+$0.16 USD Hold'em No Limit - Level III (20/40) - 2024/02/19 18:53:49 CET [2024/02/19 12:53:49 ET]
Table '3717926470 1' 3-max Seat #3 is the button
Seat 1: Mahu2021 (655 in chips) 
Seat 3: bullseye288 (845 in chips) 
bullseye288: posts small blind 20
Mahu2021: posts big blind 40
*** HOLE CARDS ***
Dealt to Mahu2021 [Kh 3c]
bullseye288: calls 20
Mahu2021: checks 
*** FLOP *** [4h 7c 6s]
Mahu2021: checks 
bullseye288: checks 
*** TURN *** [4h 7c 6s] [4d]
Mahu2021: checks 
bullseye288: checks 
*** RIVER *** [4h 7c 6s 4d] [8c]
Mahu2021: checks 
bullseye288: checks 
*** SHOW DOWN ***
Mahu2021: shows [Kh 3c] (a pair of Fours)
bullseye288: shows [Qc Ks] (a pair of Fours - King+Queen kicker)
bullseye288 collected 80 from pot
*** SUMMARY ***
Total pot 80 | Rake 0 
Board [4h 7c 6s 4d 8c]
Seat 1: Mahu2021 (big blind) showed [Kh 3c] and lost with a pair of Fours
Seat 3: bullseye288 (button) (small blind) showed [Qc Ks] and won (80) with a pair of Fours



