PokerStars Hand #252759213242: Tournament #3808000895, $1.84+$0.16 USD Hold'em No Limit - Level I (10/20) - 2024/10/04 12:27:55 CET [2024/10/04 6:27:55 ET]
Table '3808000895 1' 3-max Seat #1 is the button
Seat 1: Mahu2021 (500 in chips) 
Seat 2: icoprotoe (500 in chips) 
Seat 3: Isti2143 (500 in chips) 
icoprotoe: posts small blind 10
Isti2143: posts big blind 20
*** HOLE CARDS ***
Dealt to Mahu2021 [6s 3c]
Mahu2021: folds 
icoprotoe: calls 10
Isti2143: checks 
*** FLOP *** [5c 3s Td]
icoprotoe: checks 
Isti2143: checks 
*** TURN *** [5c 3s Td] [8c]
icoprotoe: checks 
Isti2143: bets 20
icoprotoe: calls 20
*** RIVER *** [5c 3s Td 8c] [7h]
icoprotoe: checks 
Isti2143: checks 
*** SHOW DOWN ***
icoprotoe: shows [2s Qc] (high card Queen)
Isti2143: shows [8s Kc] (a pair of Eights)
Isti2143 collected 80 from pot
*** SUMMARY ***
Total pot 80 | Rake 0 
Board [5c 3s Td 8c 7h]
Seat 1: Mahu2021 (button) folded before Flop (didn't bet)
Seat 2: icoprotoe (small blind) showed [2s Qc] and lost with high card Queen
Seat 3: Isti2143 (big blind) showed [8s Kc] and won (80) with a pair of Eights



PokerStars Hand #252759216569: Tournament #3808000895, $1.84+$0.16 USD Hold'em No Limit - Level I (10/20) - 2024/10/04 12:28:18 CET [2024/10/04 6:28:18 ET]
Table '3808000895 1' 3-max Seat #2 is the button
Seat 1: Mahu2021 (500 in chips) 
Seat 2: icoprotoe (460 in chips) 
Seat 3: Isti2143 (540 in chips) 
Isti2143: posts small blind 10
Mahu2021: posts big blind 20
*** HOLE CARDS ***
Dealt to Mahu2021 [Js 2c]
icoprotoe: calls 20
Isti2143: calls 10
Mahu2021: checks 
*** FLOP *** [5s 2h 6s]
Isti2143: bets 30
Mahu2021: calls 30
icoprotoe: calls 30
*** TURN *** [5s 2h 6s] [6d]
Isti2143: checks 
Mahu2021: checks 
icoprotoe: bets 20
Isti2143: calls 20
Mahu2021: calls 20
*** RIVER *** [5s 2h 6s 6d] [6h]
Isti2143: checks 
Mahu2021: bets 100
icoprotoe: raises 100 to 200
Isti2143: calls 200
Mahu2021: calls 100
*** SHOW DOWN ***
icoprotoe: shows [Jh 6c] (four of a kind, Sixes)
Isti2143: mucks hand 
Mahu2021: mucks hand 
icoprotoe collected 810 from pot
*** SUMMARY ***
Total pot 810 | Rake 0 
Board [5s 2h 6s 6d 6h]
Seat 1: Mahu2021 (big blind) mucked [Js 2c]
Seat 2: icoprotoe (button) showed [Jh 6c] and won (810) with four of a kind, Sixes
Seat 3: Isti2143 (small blind) mucked [5c Tc]



PokerStars Hand #252759221637: Tournament #3808000895, $1.84+$0.16 USD Hold'em No Limit - Level I (10/20) - 2024/10/04 12:28:55 CET [2024/10/04 6:28:55 ET]
Table '3808000895 1' 3-max Seat #3 is the button
Seat 1: Mahu2021 (230 in chips) 
Seat 2: icoprotoe (1000 in chips) 
Seat 3: Isti2143 (270 in chips) 
Mahu2021: posts small blind 10
icoprotoe: posts big blind 20
*** HOLE CARDS ***
Dealt to Mahu2021 [4d As]
Isti2143: folds 
Mahu2021: raises 210 to 230 and is all-in
icoprotoe: calls 210
*** FLOP *** [8h 2d 6c]
*** TURN *** [8h 2d 6c] [9c]
*** RIVER *** [8h 2d 6c 9c] [7h]
*** SHOW DOWN ***
Mahu2021: shows [4d As] (high card Ace)
icoprotoe: shows [3c Js] (high card Jack)
Mahu2021 collected 460 from pot
*** SUMMARY ***
Total pot 460 | Rake 0 
Board [8h 2d 6c 9c 7h]
Seat 1: Mahu2021 (small blind) showed [4d As] and won (460) with high card Ace
Seat 2: icoprotoe (big blind) showed [3c Js] and lost with high card Jack
Seat 3: Isti2143 (button) folded before Flop (didn't bet)



PokerStars Hand #252759225659: Tournament #3808000895, $1.84+$0.16 USD Hold'em No Limit - Level I (10/20) - 2024/10/04 12:29:24 CET [2024/10/04 6:29:24 ET]
Table '3808000895 1' 3-max Seat #1 is the button
Seat 1: Mahu2021 (460 in chips) 
Seat 2: icoprotoe (770 in chips) 
Seat 3: Isti2143 (270 in chips) 
icoprotoe: posts small blind 10
Isti2143: posts big blind 20
*** HOLE CARDS ***
Dealt to Mahu2021 [7s 4s]
Mahu2021: folds 
icoprotoe: raises 20 to 40
Isti2143: calls 20
*** FLOP *** [8d 3d 3c]
icoprotoe: checks 
Isti2143: bets 40
icoprotoe: calls 40
*** TURN *** [8d 3d 3c] [5h]
icoprotoe: checks 
Isti2143: bets 80
icoprotoe: folds 
Uncalled bet (80) returned to Isti2143
Isti2143 collected 160 from pot
Isti2143: doesn't show hand 
*** SUMMARY ***
Total pot 160 | Rake 0 
Board [8d 3d 3c 5h]
Seat 1: Mahu2021 (button) folded before Flop (didn't bet)
Seat 2: icoprotoe (small blind) folded on the Turn
Seat 3: Isti2143 (big blind) collected (160)



PokerStars Hand #252759228323: Tournament #3808000895, $1.84+$0.16 USD Hold'em No Limit - Level I (10/20) - 2024/10/04 12:29:44 CET [2024/10/04 6:29:44 ET]
Table '3808000895 1' 3-max Seat #2 is the button
Seat 1: Mahu2021 (460 in chips) 
Seat 2: icoprotoe (690 in chips) 
Seat 3: Isti2143 (350 in chips) 
Isti2143: posts small blind 10
Mahu2021: posts big blind 20
*** HOLE CARDS ***
Dealt to Mahu2021 [3h Ks]
icoprotoe: raises 20 to 40
Isti2143: folds 
Mahu2021: calls 20
*** FLOP *** [9c Qc Qh]
Mahu2021: checks 
icoprotoe: checks 
*** TURN *** [9c Qc Qh] [5s]
Mahu2021: checks 
icoprotoe: checks 
*** RIVER *** [9c Qc Qh 5s] [7d]
Mahu2021: checks 
icoprotoe: checks 
*** SHOW DOWN ***
Mahu2021: shows [3h Ks] (a pair of Queens)
icoprotoe: shows [Kd Td] (a pair of Queens - King+Ten kicker)
icoprotoe collected 90 from pot
*** SUMMARY ***
Total pot 90 | Rake 0 
Board [9c Qc Qh 5s 7d]
Seat 1: Mahu2021 (big blind) showed [3h Ks] and lost with a pair of Queens
Seat 2: icoprotoe (button) showed [Kd Td] and won (90) with a pair of Queens
Seat 3: Isti2143 (small blind) folded before Flop



PokerStars Hand #252759231160: Tournament #3808000895, $1.84+$0.16 USD Hold'em No Limit - Level I (10/20) - 2024/10/04 12:30:04 CET [2024/10/04 6:30:04 ET]
Table '3808000895 1' 3-max Seat #3 is the button
Seat 1: Mahu2021 (420 in chips) 
Seat 2: icoprotoe (740 in chips) 
Seat 3: Isti2143 (340 in chips) 
Mahu2021: posts small blind 10
icoprotoe: posts big blind 20
*** HOLE CARDS ***
Dealt to Mahu2021 [5s 4s]
Isti2143: calls 20
Mahu2021: calls 10
icoprotoe: raises 20 to 40
Isti2143: calls 20
Mahu2021: calls 20
*** FLOP *** [7h 2c As]
Mahu2021: checks 
icoprotoe: checks 
Isti2143: bets 20
Mahu2021: calls 20
icoprotoe: calls 20
*** TURN *** [7h 2c As] [9s]
Mahu2021: checks 
icoprotoe: checks 
Isti2143: checks 
*** RIVER *** [7h 2c As 9s] [Jh]
Mahu2021: checks 
icoprotoe: checks 
Isti2143: checks 
*** SHOW DOWN ***
Mahu2021: shows [5s 4s] (high card Ace)
icoprotoe: shows [3h Kh] (high card Ace - King kicker)
Isti2143: mucks hand 
icoprotoe collected 180 from pot
*** SUMMARY ***
Total pot 180 | Rake 0 
Board [7h 2c As 9s Jh]
Seat 1: Mahu2021 (small blind) showed [5s 4s] and lost with high card Ace
Seat 2: icoprotoe (big blind) showed [3h Kh] and won (180) with high card Ace
Seat 3: Isti2143 (button) mucked [5c 3c]



PokerStars Hand #252759235195: Tournament #3808000895, $1.84+$0.16 USD Hold'em No Limit - Level I (10/20) - 2024/10/04 12:30:34 CET [2024/10/04 6:30:34 ET]
Table '3808000895 1' 3-max Seat #1 is the button
Seat 1: Mahu2021 (360 in chips) 
Seat 2: icoprotoe (860 in chips) 
Seat 3: Isti2143 (280 in chips) 
icoprotoe: posts small blind 10
Isti2143: posts big blind 20
*** HOLE CARDS ***
Dealt to Mahu2021 [As 9h]
Mahu2021: raises 20 to 40
icoprotoe: calls 30
Isti2143: folds 
*** FLOP *** [Kc Td 3d]
icoprotoe: checks 
Mahu2021: checks 
*** TURN *** [Kc Td 3d] [Th]
icoprotoe: checks 
Mahu2021: checks 
*** RIVER *** [Kc Td 3d Th] [7h]
icoprotoe: checks 
Mahu2021: checks 
*** SHOW DOWN ***
icoprotoe: shows [9d 9s] (two pair, Tens and Nines)
Mahu2021: mucks hand 
icoprotoe collected 100 from pot
*** SUMMARY ***
Total pot 100 | Rake 0 
Board [Kc Td 3d Th 7h]
Seat 1: Mahu2021 (button) mucked [As 9h]
Seat 2: icoprotoe (small blind) showed [9d 9s] and won (100) with two pair, Tens and Nines
Seat 3: Isti2143 (big blind) folded before Flop



PokerStars Hand #252759236889: Tournament #3808000895, $1.84+$0.16 USD Hold'em No Limit - Level I (10/20) - 2024/10/04 12:30:46 CET [2024/10/04 6:30:46 ET]
Table '3808000895 1' 3-max Seat #2 is the button
Seat 1: Mahu2021 (320 in chips) 
Seat 2: icoprotoe (920 in chips) 
Seat 3: Isti2143 (260 in chips) 
Isti2143: posts small blind 10
Mahu2021: posts big blind 20
*** HOLE CARDS ***
Dealt to Mahu2021 [8c 9h]
icoprotoe: folds 
Isti2143: calls 10
Mahu2021: checks 
*** FLOP *** [Ts Jh 3h]
Isti2143: checks 
Mahu2021: bets 40
Isti2143: folds 
Uncalled bet (40) returned to Mahu2021
Mahu2021 collected 40 from pot
Mahu2021: doesn't show hand 
*** SUMMARY ***
Total pot 40 | Rake 0 
Board [Ts Jh 3h]
Seat 1: Mahu2021 (big blind) collected (40)
Seat 2: icoprotoe (button) folded before Flop (didn't bet)
Seat 3: Isti2143 (small blind) folded on the Flop



PokerStars Hand #252759238819: Tournament #3808000895, $1.84+$0.16 USD Hold'em No Limit - Level II (15/30) - 2024/10/04 12:31:00 CET [2024/10/04 6:31:00 ET]
Table '3808000895 1' 3-max Seat #3 is the button
Seat 1: Mahu2021 (340 in chips) 
Seat 2: icoprotoe (920 in chips) 
Seat 3: Isti2143 (240 in chips) 
Mahu2021: posts small blind 15
icoprotoe: posts big blind 30
*** HOLE CARDS ***
Dealt to Mahu2021 [Qd 9d]
Isti2143: folds 
Mahu2021: raises 30 to 60
icoprotoe: raises 30 to 90
Mahu2021: calls 30
*** FLOP *** [8s 2c Qc]
Mahu2021: bets 250 and is all-in
icoprotoe: calls 250
*** TURN *** [8s 2c Qc] [4d]
*** RIVER *** [8s 2c Qc 4d] [Qh]
*** SHOW DOWN ***
Mahu2021: shows [Qd 9d] (three of a kind, Queens)
icoprotoe: shows [Td Th] (two pair, Queens and Tens)
Mahu2021 collected 680 from pot
*** SUMMARY ***
Total pot 680 | Rake 0 
Board [8s 2c Qc 4d Qh]
Seat 1: Mahu2021 (small blind) showed [Qd 9d] and won (680) with three of a kind, Queens
Seat 2: icoprotoe (big blind) showed [Td Th] and lost with two pair, Queens and Tens
Seat 3: Isti2143 (button) folded before Flop (didn't bet)



PokerStars Hand #252759241159: Tournament #3808000895, $1.84+$0.16 USD Hold'em No Limit - Level II (15/30) - 2024/10/04 12:31:16 CET [2024/10/04 6:31:16 ET]
Table '3808000895 1' 3-max Seat #1 is the button
Seat 1: Mahu2021 (680 in chips) 
Seat 2: icoprotoe (580 in chips) 
Seat 3: Isti2143 (240 in chips) 
icoprotoe: posts small blind 15
Isti2143: posts big blind 30
*** HOLE CARDS ***
Dealt to Mahu2021 [3c 6h]
Mahu2021: folds 
icoprotoe: calls 15
Isti2143: checks 
*** FLOP *** [4c Ts Ah]
icoprotoe: checks 
Isti2143: bets 30
icoprotoe: folds 
Uncalled bet (30) returned to Isti2143
Isti2143 collected 60 from pot
Isti2143: doesn't show hand 
*** SUMMARY ***
Total pot 60 | Rake 0 
Board [4c Ts Ah]
Seat 1: Mahu2021 (button) folded before Flop (didn't bet)
Seat 2: icoprotoe (small blind) folded on the Flop
Seat 3: Isti2143 (big blind) collected (60)



PokerStars Hand #252759243047: Tournament #3808000895, $1.84+$0.16 USD Hold'em No Limit - Level II (15/30) - 2024/10/04 12:31:29 CET [2024/10/04 6:31:29 ET]
Table '3808000895 1' 3-max Seat #2 is the button
Seat 1: Mahu2021 (680 in chips) 
Seat 2: icoprotoe (550 in chips) 
Seat 3: Isti2143 (270 in chips) 
Isti2143: posts small blind 15
Mahu2021: posts big blind 30
*** HOLE CARDS ***
Dealt to Mahu2021 [2h Ac]
icoprotoe: calls 30
Isti2143: calls 15
Mahu2021: checks 
*** FLOP *** [Ad Jd Jc]
Isti2143: checks 
Mahu2021: bets 90
icoprotoe: folds 
Isti2143: raises 150 to 240 and is all-in
Mahu2021: calls 150
*** TURN *** [Ad Jd Jc] [9h]
*** RIVER *** [Ad Jd Jc 9h] [Qd]
*** SHOW DOWN ***
Isti2143: shows [6h Js] (three of a kind, Jacks)
Mahu2021: shows [2h Ac] (two pair, Aces and Jacks)
Isti2143 collected 570 from pot
*** SUMMARY ***
Total pot 570 | Rake 0 
Board [Ad Jd Jc 9h Qd]
Seat 1: Mahu2021 (big blind) showed [2h Ac] and lost with two pair, Aces and Jacks
Seat 2: icoprotoe (button) folded on the Flop
Seat 3: Isti2143 (small blind) showed [6h Js] and won (570) with three of a kind, Jacks



PokerStars Hand #252759245792: Tournament #3808000895, $1.84+$0.16 USD Hold'em No Limit - Level II (15/30) - 2024/10/04 12:31:49 CET [2024/10/04 6:31:49 ET]
Table '3808000895 1' 3-max Seat #3 is the button
Seat 1: Mahu2021 (410 in chips) 
Seat 2: icoprotoe (520 in chips) 
Seat 3: Isti2143 (570 in chips) 
Mahu2021: posts small blind 15
icoprotoe: posts big blind 30
*** HOLE CARDS ***
Dealt to Mahu2021 [5c 9d]
Isti2143: folds 
Mahu2021: folds 
Uncalled bet (15) returned to icoprotoe
icoprotoe collected 30 from pot
icoprotoe: doesn't show hand 
*** SUMMARY ***
Total pot 30 | Rake 0 
Seat 1: Mahu2021 (small blind) folded before Flop
Seat 2: icoprotoe (big blind) collected (30)
Seat 3: Isti2143 (button) folded before Flop (didn't bet)



PokerStars Hand #252759246417: Tournament #3808000895, $1.84+$0.16 USD Hold'em No Limit - Level II (15/30) - 2024/10/04 12:31:54 CET [2024/10/04 6:31:54 ET]
Table '3808000895 1' 3-max Seat #1 is the button
Seat 1: Mahu2021 (395 in chips) 
Seat 2: icoprotoe (535 in chips) 
Seat 3: Isti2143 (570 in chips) 
icoprotoe: posts small blind 15
Isti2143: posts big blind 30
*** HOLE CARDS ***
Dealt to Mahu2021 [8s 7c]
Mahu2021: folds 
icoprotoe: calls 15
Isti2143: raises 30 to 60
icoprotoe: calls 30
*** FLOP *** [6h 3d Kh]
icoprotoe: checks 
Isti2143: bets 60
icoprotoe: folds 
Uncalled bet (60) returned to Isti2143
Isti2143 collected 120 from pot
Isti2143: doesn't show hand 
*** SUMMARY ***
Total pot 120 | Rake 0 
Board [6h 3d Kh]
Seat 1: Mahu2021 (button) folded before Flop (didn't bet)
Seat 2: icoprotoe (small blind) folded on the Flop
Seat 3: Isti2143 (big blind) collected (120)



PokerStars Hand #252759249075: Tournament #3808000895, $1.84+$0.16 USD Hold'em No Limit - Level II (15/30) - 2024/10/04 12:32:12 CET [2024/10/04 6:32:12 ET]
Table '3808000895 1' 3-max Seat #2 is the button
Seat 1: Mahu2021 (395 in chips) 
Seat 2: icoprotoe (475 in chips) 
Seat 3: Isti2143 (630 in chips) 
Isti2143: posts small blind 15
Mahu2021: posts big blind 30
*** HOLE CARDS ***
Dealt to Mahu2021 [Qs 6c]
icoprotoe: calls 30
Isti2143: calls 15
Mahu2021: checks 
*** FLOP *** [7s Th Js]
Isti2143: checks 
Mahu2021: checks 
icoprotoe: checks 
*** TURN *** [7s Th Js] [Ah]
Isti2143: checks 
Mahu2021: checks 
icoprotoe: checks 
*** RIVER *** [7s Th Js Ah] [2h]
Isti2143: bets 45
Mahu2021: folds 
icoprotoe: folds 
Uncalled bet (45) returned to Isti2143
Isti2143 collected 90 from pot
Isti2143: doesn't show hand 
*** SUMMARY ***
Total pot 90 | Rake 0 
Board [7s Th Js Ah 2h]
Seat 1: Mahu2021 (big blind) folded on the River
Seat 2: icoprotoe (button) folded on the River
Seat 3: Isti2143 (small blind) collected (90)



PokerStars Hand #252759252206: Tournament #3808000895, $1.84+$0.16 USD Hold'em No Limit - Level II (15/30) - 2024/10/04 12:32:35 CET [2024/10/04 6:32:35 ET]
Table '3808000895 1' 3-max Seat #3 is the button
Seat 1: Mahu2021 (365 in chips) 
Seat 2: icoprotoe (445 in chips) 
Seat 3: Isti2143 (690 in chips) 
Mahu2021: posts small blind 15
icoprotoe: posts big blind 30
*** HOLE CARDS ***
Dealt to Mahu2021 [Jd 2s]
Isti2143: folds 
Mahu2021: calls 15
icoprotoe: raises 30 to 60
Mahu2021: calls 30
*** FLOP *** [Ac Tc 5d]
Mahu2021: checks 
icoprotoe: checks 
*** TURN *** [Ac Tc 5d] [Ks]
Mahu2021: bets 60
icoprotoe: calls 60
*** RIVER *** [Ac Tc 5d Ks] [3c]
Mahu2021: bets 245 and is all-in
icoprotoe: folds 
Uncalled bet (245) returned to Mahu2021
Mahu2021 collected 240 from pot
Mahu2021: doesn't show hand 
*** SUMMARY ***
Total pot 240 | Rake 0 
Board [Ac Tc 5d Ks 3c]
Seat 1: Mahu2021 (small blind) collected (240)
Seat 2: icoprotoe (big blind) folded on the River
Seat 3: Isti2143 (button) folded before Flop (didn't bet)



PokerStars Hand #252759255404: Tournament #3808000895, $1.84+$0.16 USD Hold'em No Limit - Level II (15/30) - 2024/10/04 12:32:58 CET [2024/10/04 6:32:58 ET]
Table '3808000895 1' 3-max Seat #1 is the button
Seat 1: Mahu2021 (485 in chips) 
Seat 2: icoprotoe (325 in chips) 
Seat 3: Isti2143 (690 in chips) 
icoprotoe: posts small blind 15
Isti2143: posts big blind 30
*** HOLE CARDS ***
Dealt to Mahu2021 [Qc As]
Mahu2021: raises 30 to 60
icoprotoe: folds 
Isti2143: raises 60 to 120
Mahu2021: calls 60
*** FLOP *** [3c 4c Qh]
Isti2143: checks 
Mahu2021: bets 365 and is all-in
Isti2143: folds 
Uncalled bet (365) returned to Mahu2021
Mahu2021 collected 255 from pot
Mahu2021: doesn't show hand 
*** SUMMARY ***
Total pot 255 | Rake 0 
Board [3c 4c Qh]
Seat 1: Mahu2021 (button) collected (255)
Seat 2: icoprotoe (small blind) folded before Flop
Seat 3: Isti2143 (big blind) folded on the Flop



PokerStars Hand #252759257993: Tournament #3808000895, $1.84+$0.16 USD Hold'em No Limit - Level II (15/30) - 2024/10/04 12:33:16 CET [2024/10/04 6:33:16 ET]
Table '3808000895 1' 3-max Seat #2 is the button
Seat 1: Mahu2021 (620 in chips) 
Seat 2: icoprotoe (310 in chips) 
Seat 3: Isti2143 (570 in chips) 
Isti2143: posts small blind 15
Mahu2021: posts big blind 30
*** HOLE CARDS ***
Dealt to Mahu2021 [6c Ts]
icoprotoe: calls 30
Isti2143: calls 15
Mahu2021: checks 
*** FLOP *** [2h 4c Td]
Isti2143: checks 
Mahu2021: bets 30
icoprotoe: calls 30
Isti2143: folds 
*** TURN *** [2h 4c Td] [6s]
Mahu2021: bets 30
icoprotoe: calls 30
*** RIVER *** [2h 4c Td 6s] [5h]
Mahu2021: bets 90
icoprotoe: calls 90
*** SHOW DOWN ***
Mahu2021: shows [6c Ts] (two pair, Tens and Sixes)
icoprotoe: mucks hand 
Mahu2021 collected 390 from pot
*** SUMMARY ***
Total pot 390 | Rake 0 
Board [2h 4c Td 6s 5h]
Seat 1: Mahu2021 (big blind) showed [6c Ts] and won (390) with two pair, Tens and Sixes
Seat 2: icoprotoe (button) mucked [Tc Ad]
Seat 3: Isti2143 (small blind) folded on the Flop



PokerStars Hand #252759260981: Tournament #3808000895, $1.84+$0.16 USD Hold'em No Limit - Level II (15/30) - 2024/10/04 12:33:37 CET [2024/10/04 6:33:37 ET]
Table '3808000895 1' 3-max Seat #3 is the button
Seat 1: Mahu2021 (830 in chips) 
Seat 2: icoprotoe (130 in chips) 
Seat 3: Isti2143 (540 in chips) 
Mahu2021: posts small blind 15
icoprotoe: posts big blind 30
*** HOLE CARDS ***
Dealt to Mahu2021 [2c 4s]
Isti2143: raises 90 to 120
Mahu2021: folds 
icoprotoe: folds 
Uncalled bet (90) returned to Isti2143
Isti2143 collected 75 from pot
Isti2143: doesn't show hand 
*** SUMMARY ***
Total pot 75 | Rake 0 
Seat 1: Mahu2021 (small blind) folded before Flop
Seat 2: icoprotoe (big blind) folded before Flop
Seat 3: Isti2143 (button) collected (75)



PokerStars Hand #252759262522: Tournament #3808000895, $1.84+$0.16 USD Hold'em No Limit - Level II (15/30) - 2024/10/04 12:33:48 CET [2024/10/04 6:33:48 ET]
Table '3808000895 1' 3-max Seat #1 is the button
Seat 1: Mahu2021 (815 in chips) 
Seat 2: icoprotoe (100 in chips) 
Seat 3: Isti2143 (585 in chips) 
icoprotoe: posts small blind 15
Isti2143: posts big blind 30
*** HOLE CARDS ***
Dealt to Mahu2021 [Qs 9h]
Mahu2021: folds 
icoprotoe: calls 15
Isti2143: checks 
*** FLOP *** [Td 6d 2s]
icoprotoe: checks 
Isti2143: checks 
*** TURN *** [Td 6d 2s] [Ah]
icoprotoe: checks 
Isti2143: checks 
*** RIVER *** [Td 6d 2s Ah] [Ad]
icoprotoe: checks 
Isti2143: checks 
*** SHOW DOWN ***
icoprotoe: shows [4c 5s] (a pair of Aces)
Isti2143: shows [7c 3h] (a pair of Aces - Ten+Seven kicker)
Isti2143 collected 60 from pot
*** SUMMARY ***
Total pot 60 | Rake 0 
Board [Td 6d 2s Ah Ad]
Seat 1: Mahu2021 (button) folded before Flop (didn't bet)
Seat 2: icoprotoe (small blind) showed [4c 5s] and lost with a pair of Aces
Seat 3: Isti2143 (big blind) showed [7c 3h] and won (60) with a pair of Aces



PokerStars Hand #252759265010: Tournament #3808000895, $1.84+$0.16 USD Hold'em No Limit - Level III (20/40) - 2024/10/04 12:34:05 CET [2024/10/04 6:34:05 ET]
Table '3808000895 1' 3-max Seat #2 is the button
Seat 1: Mahu2021 (815 in chips) 
Seat 2: icoprotoe (70 in chips) 
Seat 3: Isti2143 (615 in chips) 
Isti2143: posts small blind 20
Mahu2021: posts big blind 40
*** HOLE CARDS ***
Dealt to Mahu2021 [Td 8h]
icoprotoe: calls 40
Isti2143: calls 20
Mahu2021: checks 
*** FLOP *** [5c 7c Qh]
Isti2143: checks 
Mahu2021: checks 
icoprotoe: checks 
*** TURN *** [5c 7c Qh] [4h]
Isti2143: checks 
Mahu2021: checks 
icoprotoe: checks 
*** RIVER *** [5c 7c Qh 4h] [8c]
Isti2143: bets 60
Mahu2021: calls 60
icoprotoe: calls 30 and is all-in
*** SHOW DOWN ***
Isti2143: shows [Kc 6h] (a straight, Four to Eight)
Mahu2021: mucks hand 
Isti2143 collected 60 from side pot
icoprotoe: shows [6c Ah] (a straight, Four to Eight)
Isti2143 collected 105 from main pot
icoprotoe collected 105 from main pot
*** SUMMARY ***
Total pot 270 Main pot 210. Side pot 60. | Rake 0 
Board [5c 7c Qh 4h 8c]
Seat 1: Mahu2021 (big blind) mucked [Td 8h]
Seat 2: icoprotoe (button) showed [6c Ah] and won (105) with a straight, Four to Eight
Seat 3: Isti2143 (small blind) showed [Kc 6h] and won (165) with a straight, Four to Eight



PokerStars Hand #252759267782: Tournament #3808000895, $1.84+$0.16 USD Hold'em No Limit - Level III (20/40) - 2024/10/04 12:34:25 CET [2024/10/04 6:34:25 ET]
Table '3808000895 1' 3-max Seat #3 is the button
Seat 1: Mahu2021 (715 in chips) 
Seat 2: icoprotoe (105 in chips) 
Seat 3: Isti2143 (680 in chips) 
Mahu2021: posts small blind 20
icoprotoe: posts big blind 40
*** HOLE CARDS ***
Dealt to Mahu2021 [Ad 5c]
Isti2143: calls 40
Mahu2021: calls 20
icoprotoe: checks 
*** FLOP *** [6h Kc Td]
Mahu2021: checks 
icoprotoe: checks 
Isti2143: bets 40
Mahu2021: folds 
icoprotoe: folds 
Uncalled bet (40) returned to Isti2143
Isti2143 collected 120 from pot
Isti2143: doesn't show hand 
*** SUMMARY ***
Total pot 120 | Rake 0 
Board [6h Kc Td]
Seat 1: Mahu2021 (small blind) folded on the Flop
Seat 2: icoprotoe (big blind) folded on the Flop
Seat 3: Isti2143 (button) collected (120)



PokerStars Hand #252759270391: Tournament #3808000895, $1.84+$0.16 USD Hold'em No Limit - Level III (20/40) - 2024/10/04 12:34:43 CET [2024/10/04 6:34:43 ET]
Table '3808000895 1' 3-max Seat #1 is the button
Seat 1: Mahu2021 (675 in chips) 
Seat 2: icoprotoe (65 in chips) 
Seat 3: Isti2143 (760 in chips) 
icoprotoe: posts small blind 20
Isti2143: posts big blind 40
*** HOLE CARDS ***
Dealt to Mahu2021 [As Kd]
Mahu2021: raises 80 to 120
icoprotoe: calls 45 and is all-in
Isti2143: folds 
Uncalled bet (55) returned to Mahu2021
*** FLOP *** [Ts 2c 5d]
*** TURN *** [Ts 2c 5d] [7d]
*** RIVER *** [Ts 2c 5d 7d] [4h]
*** SHOW DOWN ***
icoprotoe: shows [Ad 9h] (high card Ace)
Mahu2021: shows [As Kd] (high card Ace - King kicker)
Mahu2021 collected 170 from pot
icoprotoe finished the tournament in 3rd place
*** SUMMARY ***
Total pot 170 | Rake 0 
Board [Ts 2c 5d 7d 4h]
Seat 1: Mahu2021 (button) showed [As Kd] and won (170) with high card Ace
Seat 2: icoprotoe (small blind) showed [Ad 9h] and lost with high card Ace
Seat 3: Isti2143 (big blind) folded before Flop



PokerStars Hand #252759272883: Tournament #3808000895, $1.84+$0.16 USD Hold'em No Limit - Level III (20/40) - 2024/10/04 12:35:00 CET [2024/10/04 6:35:00 ET]
Table '3808000895 1' 3-max Seat #3 is the button
Seat 1: Mahu2021 (780 in chips) 
Seat 3: Isti2143 (720 in chips) 
Isti2143: posts small blind 20
Mahu2021: posts big blind 40
*** HOLE CARDS ***
Dealt to Mahu2021 [Td 9d]
Isti2143: calls 20
Mahu2021: checks 
*** FLOP *** [2c Qd 4h]
Mahu2021: checks 
Isti2143: bets 40
Mahu2021: folds 
Uncalled bet (40) returned to Isti2143
Isti2143 collected 80 from pot
Isti2143: doesn't show hand 
*** SUMMARY ***
Total pot 80 | Rake 0 
Board [2c Qd 4h]
Seat 1: Mahu2021 (big blind) folded on the Flop
Seat 3: Isti2143 (button) (small blind) collected (80)



PokerStars Hand #252759274262: Tournament #3808000895, $1.84+$0.16 USD Hold'em No Limit - Level III (20/40) - 2024/10/04 12:35:10 CET [2024/10/04 6:35:10 ET]
Table '3808000895 1' 3-max Seat #1 is the button
Seat 1: Mahu2021 (740 in chips) 
Seat 3: Isti2143 (760 in chips) 
Mahu2021: posts small blind 20
Isti2143: posts big blind 40
*** HOLE CARDS ***
Dealt to Mahu2021 [4c 9s]
Mahu2021: folds 
Uncalled bet (20) returned to Isti2143
Isti2143 collected 40 from pot
Isti2143: doesn't show hand 
*** SUMMARY ***
Total pot 40 | Rake 0 
Seat 1: Mahu2021 (button) (small blind) folded before Flop
Seat 3: Isti2143 (big blind) collected (40)



PokerStars Hand #252759274841: Tournament #3808000895, $1.84+$0.16 USD Hold'em No Limit - Level III (20/40) - 2024/10/04 12:35:14 CET [2024/10/04 6:35:14 ET]
Table '3808000895 1' 3-max Seat #3 is the button
Seat 1: Mahu2021 (720 in chips) 
Seat 3: Isti2143 (780 in chips) 
Isti2143: posts small blind 20
Mahu2021: posts big blind 40
*** HOLE CARDS ***
Dealt to Mahu2021 [9c Qs]
Isti2143: calls 20
Mahu2021: checks 
*** FLOP *** [8s Qc Ah]
Mahu2021: checks 
Isti2143: checks 
*** TURN *** [8s Qc Ah] [Js]
Mahu2021: checks 
Isti2143: bets 40
Mahu2021: calls 40
*** RIVER *** [8s Qc Ah Js] [Ts]
Mahu2021: checks 
Isti2143: checks 
*** SHOW DOWN ***
Mahu2021: shows [9c Qs] (a straight, Eight to Queen)
Isti2143: mucks hand 
Mahu2021 collected 160 from pot
*** SUMMARY ***
Total pot 160 | Rake 0 
Board [8s Qc Ah Js Ts]
Seat 1: Mahu2021 (big blind) showed [9c Qs] and won (160) with a straight, Eight to Queen
Seat 3: Isti2143 (button) (small blind) mucked [Jd 5h]



PokerStars Hand #252759277143: Tournament #3808000895, $1.84+$0.16 USD Hold'em No Limit - Level III (20/40) - 2024/10/04 12:35:30 CET [2024/10/04 6:35:30 ET]
Table '3808000895 1' 3-max Seat #1 is the button
Seat 1: Mahu2021 (800 in chips) 
Seat 3: Isti2143 (700 in chips) 
Mahu2021: posts small blind 20
Isti2143: posts big blind 40
*** HOLE CARDS ***
Dealt to Mahu2021 [3h 2h]
Mahu2021: calls 20
Isti2143: raises 80 to 120
Mahu2021: folds 
Uncalled bet (80) returned to Isti2143
Isti2143 collected 80 from pot
Isti2143: doesn't show hand 
*** SUMMARY ***
Total pot 80 | Rake 0 
Seat 1: Mahu2021 (button) (small blind) folded before Flop
Seat 3: Isti2143 (big blind) collected (80)



PokerStars Hand #252759278390: Tournament #3808000895, $1.84+$0.16 USD Hold'em No Limit - Level III (20/40) - 2024/10/04 12:35:39 CET [2024/10/04 6:35:39 ET]
Table '3808000895 1' 3-max Seat #3 is the button
Seat 1: Mahu2021 (760 in chips) 
Seat 3: Isti2143 (740 in chips) 
Isti2143: posts small blind 20
Mahu2021: posts big blind 40
*** HOLE CARDS ***
Dealt to Mahu2021 [Qs 9d]
Isti2143: raises 40 to 80
Mahu2021: calls 40
*** FLOP *** [Tc 3s Th]
Mahu2021: checks 
Isti2143: bets 80
Mahu2021: folds 
Uncalled bet (80) returned to Isti2143
Isti2143 collected 160 from pot
Isti2143: doesn't show hand 
*** SUMMARY ***
Total pot 160 | Rake 0 
Board [Tc 3s Th]
Seat 1: Mahu2021 (big blind) folded on the Flop
Seat 3: Isti2143 (button) (small blind) collected (160)



PokerStars Hand #252759279780: Tournament #3808000895, $1.84+$0.16 USD Hold'em No Limit - Level III (20/40) - 2024/10/04 12:35:49 CET [2024/10/04 6:35:49 ET]
Table '3808000895 1' 3-max Seat #1 is the button
Seat 1: Mahu2021 (680 in chips) 
Seat 3: Isti2143 (820 in chips) 
Mahu2021: posts small blind 20
Isti2143: posts big blind 40
*** HOLE CARDS ***
Dealt to Mahu2021 [Qc 2d]
Mahu2021: calls 20
Isti2143: checks 
*** FLOP *** [8d 7s Js]
Isti2143: checks 
Mahu2021: checks 
*** TURN *** [8d 7s Js] [Ah]
Isti2143: checks 
Mahu2021: bets 40
Isti2143: folds 
Uncalled bet (40) returned to Mahu2021
Mahu2021 collected 80 from pot
Mahu2021: doesn't show hand 
*** SUMMARY ***
Total pot 80 | Rake 0 
Board [8d 7s Js Ah]
Seat 1: Mahu2021 (button) (small blind) collected (80)
Seat 3: Isti2143 (big blind) folded on the Turn



PokerStars Hand #252759281423: Tournament #3808000895, $1.84+$0.16 USD Hold'em No Limit - Level III (20/40) - 2024/10/04 12:36:00 CET [2024/10/04 6:36:00 ET]
Table '3808000895 1' 3-max Seat #3 is the button
Seat 1: Mahu2021 (720 in chips) 
Seat 3: Isti2143 (780 in chips) 
Isti2143: posts small blind 20
Mahu2021: posts big blind 40
*** HOLE CARDS ***
Dealt to Mahu2021 [6s 6d]
Isti2143: calls 20
Mahu2021: raises 680 to 720 and is all-in
Isti2143: folds 
Uncalled bet (680) returned to Mahu2021
Mahu2021 collected 80 from pot
Mahu2021: doesn't show hand 
*** SUMMARY ***
Total pot 80 | Rake 0 
Seat 1: Mahu2021 (big blind) collected (80)
Seat 3: Isti2143 (button) (small blind) folded before Flop



PokerStars Hand #252759282456: Tournament #3808000895, $1.84+$0.16 USD Hold'em No Limit - Level III (20/40) - 2024/10/04 12:36:07 CET [2024/10/04 6:36:07 ET]
Table '3808000895 1' 3-max Seat #1 is the button
Seat 1: Mahu2021 (760 in chips) 
Seat 3: Isti2143 (740 in chips) 
Mahu2021: posts small blind 20
Isti2143: posts big blind 40
*** HOLE CARDS ***
Dealt to Mahu2021 [5c Qh]
Mahu2021: calls 20
Isti2143: raises 40 to 80
Mahu2021: calls 40
*** FLOP *** [9s Qd 8h]
Isti2143: bets 80
Mahu2021: raises 600 to 680 and is all-in
Isti2143: folds 
Uncalled bet (600) returned to Mahu2021
Mahu2021 collected 320 from pot
Mahu2021: doesn't show hand 
*** SUMMARY ***
Total pot 320 | Rake 0 
Board [9s Qd 8h]
Seat 1: Mahu2021 (button) (small blind) collected (320)
Seat 3: Isti2143 (big blind) folded on the Flop



PokerStars Hand #252759284379: Tournament #3808000895, $1.84+$0.16 USD Hold'em No Limit - Level III (20/40) - 2024/10/04 12:36:20 CET [2024/10/04 6:36:20 ET]
Table '3808000895 1' 3-max Seat #3 is the button
Seat 1: Mahu2021 (920 in chips) 
Seat 3: Isti2143 (580 in chips) 
Isti2143: posts small blind 20
Mahu2021: posts big blind 40
*** HOLE CARDS ***
Dealt to Mahu2021 [Js 5h]
Isti2143: calls 20
Mahu2021: checks 
*** FLOP *** [5d 4s Qd]
Mahu2021: checks 
Isti2143: checks 
*** TURN *** [5d 4s Qd] [2s]
Mahu2021: checks 
Isti2143: checks 
*** RIVER *** [5d 4s Qd 2s] [As]
Mahu2021: checks 
Isti2143: checks 
*** SHOW DOWN ***
Mahu2021: shows [Js 5h] (a pair of Fives)
Isti2143: mucks hand 
Mahu2021 collected 80 from pot
*** SUMMARY ***
Total pot 80 | Rake 0 
Board [5d 4s Qd 2s As]
Seat 1: Mahu2021 (big blind) showed [Js 5h] and won (80) with a pair of Fives
Seat 3: Isti2143 (button) (small blind) mucked [Kc 8d]



PokerStars Hand #252759286060: Tournament #3808000895, $1.84+$0.16 USD Hold'em No Limit - Level III (20/40) - 2024/10/04 12:36:32 CET [2024/10/04 6:36:32 ET]
Table '3808000895 1' 3-max Seat #1 is the button
Seat 1: Mahu2021 (960 in chips) 
Seat 3: Isti2143 (540 in chips) 
Mahu2021: posts small blind 20
Isti2143: posts big blind 40
*** HOLE CARDS ***
Dealt to Mahu2021 [Th 9h]
Mahu2021: calls 20
Isti2143: raises 40 to 80
Mahu2021: calls 40
*** FLOP *** [8s 3c Td]
Isti2143: bets 40
Mahu2021: raises 840 to 880 and is all-in
Isti2143: folds 
Uncalled bet (840) returned to Mahu2021
Mahu2021 collected 240 from pot
Mahu2021: doesn't show hand 
*** SUMMARY ***
Total pot 240 | Rake 0 
Board [8s 3c Td]
Seat 1: Mahu2021 (button) (small blind) collected (240)
Seat 3: Isti2143 (big blind) folded on the Flop



PokerStars Hand #252759287903: Tournament #3808000895, $1.84+$0.16 USD Hold'em No Limit - Level III (20/40) - 2024/10/04 12:36:44 CET [2024/10/04 6:36:44 ET]
Table '3808000895 1' 3-max Seat #3 is the button
Seat 1: Mahu2021 (1080 in chips) 
Seat 3: Isti2143 (420 in chips) 
Isti2143: posts small blind 20
Mahu2021: posts big blind 40
*** HOLE CARDS ***
Dealt to Mahu2021 [6h Tc]
Isti2143: raises 40 to 80
Mahu2021: folds 
Uncalled bet (40) returned to Isti2143
Isti2143 collected 80 from pot
Isti2143: doesn't show hand 
*** SUMMARY ***
Total pot 80 | Rake 0 
Seat 1: Mahu2021 (big blind) folded before Flop
Seat 3: Isti2143 (button) (small blind) collected (80)



PokerStars Hand #252759289071: Tournament #3808000895, $1.84+$0.16 USD Hold'em No Limit - Level III (20/40) - 2024/10/04 12:36:52 CET [2024/10/04 6:36:52 ET]
Table '3808000895 1' 3-max Seat #1 is the button
Seat 1: Mahu2021 (1040 in chips) 
Seat 3: Isti2143 (460 in chips) 
Mahu2021: posts small blind 20
Isti2143: posts big blind 40
*** HOLE CARDS ***
Dealt to Mahu2021 [3c 9c]
Mahu2021: folds 
Uncalled bet (20) returned to Isti2143
Isti2143 collected 40 from pot
Isti2143: doesn't show hand 
*** SUMMARY ***
Total pot 40 | Rake 0 
Seat 1: Mahu2021 (button) (small blind) folded before Flop
Seat 3: Isti2143 (big blind) collected (40)



PokerStars Hand #252759290102: Tournament #3808000895, $1.84+$0.16 USD Hold'em No Limit - Level IV (30/60) - 2024/10/04 12:36:59 CET [2024/10/04 6:36:59 ET]
Table '3808000895 1' 3-max Seat #3 is the button
Seat 1: Mahu2021 (1020 in chips) 
Seat 3: Isti2143 (480 in chips) 
Isti2143: posts small blind 30
Mahu2021: posts big blind 60
*** HOLE CARDS ***
Dealt to Mahu2021 [3h Js]
Isti2143: folds 
Uncalled bet (30) returned to Mahu2021
Mahu2021 collected 60 from pot
Mahu2021: doesn't show hand 
*** SUMMARY ***
Total pot 60 | Rake 0 
Seat 1: Mahu2021 (big blind) collected (60)
Seat 3: Isti2143 (button) (small blind) folded before Flop



PokerStars Hand #252759290800: Tournament #3808000895, $1.84+$0.16 USD Hold'em No Limit - Level IV (30/60) - 2024/10/04 12:37:04 CET [2024/10/04 6:37:04 ET]
Table '3808000895 1' 3-max Seat #1 is the button
Seat 1: Mahu2021 (1050 in chips) 
Seat 3: Isti2143 (450 in chips) 
Mahu2021: posts small blind 30
Isti2143: posts big blind 60
*** HOLE CARDS ***
Dealt to Mahu2021 [5d 6d]
Mahu2021: raises 60 to 120
Isti2143: calls 60
*** FLOP *** [7s 9c 2c]
Isti2143: bets 330 and is all-in
Mahu2021: folds 
Uncalled bet (330) returned to Isti2143
Isti2143 collected 240 from pot
Isti2143: doesn't show hand 
*** SUMMARY ***
Total pot 240 | Rake 0 
Board [7s 9c 2c]
Seat 1: Mahu2021 (button) (small blind) folded on the Flop
Seat 3: Isti2143 (big blind) collected (240)



PokerStars Hand #252759292287: Tournament #3808000895, $1.84+$0.16 USD Hold'em No Limit - Level IV (30/60) - 2024/10/04 12:37:14 CET [2024/10/04 6:37:14 ET]
Table '3808000895 1' 3-max Seat #3 is the button
Seat 1: Mahu2021 (930 in chips) 
Seat 3: Isti2143 (570 in chips) 
Isti2143: posts small blind 30
Mahu2021: posts big blind 60
*** HOLE CARDS ***
Dealt to Mahu2021 [3h 2c]
Isti2143: raises 60 to 120
Mahu2021: folds 
Uncalled bet (60) returned to Isti2143
Isti2143 collected 120 from pot
Isti2143: doesn't show hand 
*** SUMMARY ***
Total pot 120 | Rake 0 
Seat 1: Mahu2021 (big blind) folded before Flop
Seat 3: Isti2143 (button) (small blind) collected (120)



PokerStars Hand #252759293146: Tournament #3808000895, $1.84+$0.16 USD Hold'em No Limit - Level IV (30/60) - 2024/10/04 12:37:20 CET [2024/10/04 6:37:20 ET]
Table '3808000895 1' 3-max Seat #1 is the button
Seat 1: Mahu2021 (870 in chips) 
Seat 3: Isti2143 (630 in chips) 
Mahu2021: posts small blind 30
Isti2143: posts big blind 60
*** HOLE CARDS ***
Dealt to Mahu2021 [2s 4s]
Mahu2021: calls 30
Isti2143: checks 
*** FLOP *** [8h 3s As]
Isti2143: checks 
Mahu2021: bets 120
Isti2143: folds 
Uncalled bet (120) returned to Mahu2021
Mahu2021 collected 120 from pot
Mahu2021: doesn't show hand 
*** SUMMARY ***
Total pot 120 | Rake 0 
Board [8h 3s As]
Seat 1: Mahu2021 (button) (small blind) collected (120)
Seat 3: Isti2143 (big blind) folded on the Flop



PokerStars Hand #252759294593: Tournament #3808000895, $1.84+$0.16 USD Hold'em No Limit - Level IV (30/60) - 2024/10/04 12:37:30 CET [2024/10/04 6:37:30 ET]
Table '3808000895 1' 3-max Seat #3 is the button
Seat 1: Mahu2021 (930 in chips) 
Seat 3: Isti2143 (570 in chips) 
Isti2143: posts small blind 30
Mahu2021: posts big blind 60
*** HOLE CARDS ***
Dealt to Mahu2021 [9h 7c]
Isti2143: folds 
Uncalled bet (30) returned to Mahu2021
Mahu2021 collected 60 from pot
Mahu2021: doesn't show hand 
*** SUMMARY ***
Total pot 60 | Rake 0 
Seat 1: Mahu2021 (big blind) collected (60)
Seat 3: Isti2143 (button) (small blind) folded before Flop



PokerStars Hand #252759295227: Tournament #3808000895, $1.84+$0.16 USD Hold'em No Limit - Level IV (30/60) - 2024/10/04 12:37:34 CET [2024/10/04 6:37:34 ET]
Table '3808000895 1' 3-max Seat #1 is the button
Seat 1: Mahu2021 (960 in chips) 
Seat 3: Isti2143 (540 in chips) 
Mahu2021: posts small blind 30
Isti2143: posts big blind 60
*** HOLE CARDS ***
Dealt to Mahu2021 [8s 6h]
Mahu2021: calls 30
Isti2143: checks 
*** FLOP *** [9h 2s 5d]
Isti2143: bets 120
Mahu2021: folds 
Uncalled bet (120) returned to Isti2143
Isti2143 collected 120 from pot
Isti2143: doesn't show hand 
*** SUMMARY ***
Total pot 120 | Rake 0 
Board [9h 2s 5d]
Seat 1: Mahu2021 (button) (small blind) folded on the Flop
Seat 3: Isti2143 (big blind) collected (120)



PokerStars Hand #252759296715: Tournament #3808000895, $1.84+$0.16 USD Hold'em No Limit - Level IV (30/60) - 2024/10/04 12:37:45 CET [2024/10/04 6:37:45 ET]
Table '3808000895 1' 3-max Seat #3 is the button
Seat 1: Mahu2021 (900 in chips) 
Seat 3: Isti2143 (600 in chips) 
Isti2143: posts small blind 30
Mahu2021: posts big blind 60
*** HOLE CARDS ***
Dealt to Mahu2021 [9c Jc]
Isti2143: calls 30
Mahu2021: checks 
*** FLOP *** [2c Ah 6c]
Mahu2021: checks 
Isti2143: bets 60
Mahu2021: calls 60
*** TURN *** [2c Ah 6c] [5d]
Mahu2021: checks 
Isti2143: checks 
*** RIVER *** [2c Ah 6c 5d] [3d]
Mahu2021: bets 120
Isti2143: calls 120
*** SHOW DOWN ***
Mahu2021: shows [9c Jc] (high card Ace)
Isti2143: shows [7s 5c] (a pair of Fives)
Isti2143 collected 480 from pot
*** SUMMARY ***
Total pot 480 | Rake 0 
Board [2c Ah 6c 5d 3d]
Seat 1: Mahu2021 (big blind) showed [9c Jc] and lost with high card Ace
Seat 3: Isti2143 (button) (small blind) showed [7s 5c] and won (480) with a pair of Fives



PokerStars Hand #252759299176: Tournament #3808000895, $1.84+$0.16 USD Hold'em No Limit - Level IV (30/60) - 2024/10/04 12:38:02 CET [2024/10/04 6:38:02 ET]
Table '3808000895 1' 3-max Seat #1 is the button
Seat 1: Mahu2021 (660 in chips) 
Seat 3: Isti2143 (840 in chips) 
Mahu2021: posts small blind 30
Isti2143: posts big blind 60
*** HOLE CARDS ***
Dealt to Mahu2021 [4c Ah]
Mahu2021: raises 600 to 660 and is all-in
Isti2143: folds 
Uncalled bet (600) returned to Mahu2021
Mahu2021 collected 120 from pot
Mahu2021: doesn't show hand 
*** SUMMARY ***
Total pot 120 | Rake 0 
Seat 1: Mahu2021 (button) (small blind) collected (120)
Seat 3: Isti2143 (big blind) folded before Flop



PokerStars Hand #252759300121: Tournament #3808000895, $1.84+$0.16 USD Hold'em No Limit - Level IV (30/60) - 2024/10/04 12:38:09 CET [2024/10/04 6:38:09 ET]
Table '3808000895 1' 3-max Seat #3 is the button
Seat 1: Mahu2021 (720 in chips) 
Seat 3: Isti2143 (780 in chips) 
Isti2143: posts small blind 30
Mahu2021: posts big blind 60
*** HOLE CARDS ***
Dealt to Mahu2021 [Ts Kd]
Isti2143: calls 30
Mahu2021: raises 660 to 720 and is all-in
Isti2143: folds 
Uncalled bet (660) returned to Mahu2021
Mahu2021 collected 120 from pot
Mahu2021: doesn't show hand 
*** SUMMARY ***
Total pot 120 | Rake 0 
Seat 1: Mahu2021 (big blind) collected (120)
Seat 3: Isti2143 (button) (small blind) folded before Flop



PokerStars Hand #252759301138: Tournament #3808000895, $1.84+$0.16 USD Hold'em No Limit - Level IV (30/60) - 2024/10/04 12:38:15 CET [2024/10/04 6:38:15 ET]
Table '3808000895 1' 3-max Seat #1 is the button
Seat 1: Mahu2021 (780 in chips) 
Seat 3: Isti2143 (720 in chips) 
Mahu2021: posts small blind 30
Isti2143: posts big blind 60
*** HOLE CARDS ***
Dealt to Mahu2021 [3s Ad]
Mahu2021: calls 30
Isti2143: raises 60 to 120
Mahu2021: calls 60
*** FLOP *** [6c 4s 5s]
Isti2143: bets 120
Mahu2021: calls 120
*** TURN *** [6c 4s 5s] [Th]
Isti2143: bets 480 and is all-in
Mahu2021: folds 
Uncalled bet (480) returned to Isti2143
Isti2143 collected 480 from pot
Isti2143: doesn't show hand 
*** SUMMARY ***
Total pot 480 | Rake 0 
Board [6c 4s 5s Th]
Seat 1: Mahu2021 (button) (small blind) folded on the Turn
Seat 3: Isti2143 (big blind) collected (480)



PokerStars Hand #252759303325: Tournament #3808000895, $1.84+$0.16 USD Hold'em No Limit - Level IV (30/60) - 2024/10/04 12:38:31 CET [2024/10/04 6:38:31 ET]
Table '3808000895 1' 3-max Seat #3 is the button
Seat 1: Mahu2021 (540 in chips) 
Seat 3: Isti2143 (960 in chips) 
Isti2143: posts small blind 30
Mahu2021: posts big blind 60
*** HOLE CARDS ***
Dealt to Mahu2021 [8d 7c]
Isti2143: raises 120 to 180
Mahu2021: folds 
Uncalled bet (120) returned to Isti2143
Isti2143 collected 120 from pot
Isti2143: doesn't show hand 
*** SUMMARY ***
Total pot 120 | Rake 0 
Seat 1: Mahu2021 (big blind) folded before Flop
Seat 3: Isti2143 (button) (small blind) collected (120)



PokerStars Hand #252759304315: Tournament #3808000895, $1.84+$0.16 USD Hold'em No Limit - Level IV (30/60) - 2024/10/04 12:38:38 CET [2024/10/04 6:38:38 ET]
Table '3808000895 1' 3-max Seat #1 is the button
Seat 1: Mahu2021 (480 in chips) 
Seat 3: Isti2143 (1020 in chips) 
Mahu2021: posts small blind 30
Isti2143: posts big blind 60
*** HOLE CARDS ***
Dealt to Mahu2021 [Ac Jh]
Mahu2021: raises 60 to 120
Isti2143: folds 
Uncalled bet (60) returned to Mahu2021
Mahu2021 collected 120 from pot
Mahu2021: doesn't show hand 
*** SUMMARY ***
Total pot 120 | Rake 0 
Seat 1: Mahu2021 (button) (small blind) collected (120)
Seat 3: Isti2143 (big blind) folded before Flop



PokerStars Hand #252759305105: Tournament #3808000895, $1.84+$0.16 USD Hold'em No Limit - Level IV (30/60) - 2024/10/04 12:38:43 CET [2024/10/04 6:38:43 ET]
Table '3808000895 1' 3-max Seat #3 is the button
Seat 1: Mahu2021 (540 in chips) 
Seat 3: Isti2143 (960 in chips) 
Isti2143: posts small blind 30
Mahu2021: posts big blind 60
*** HOLE CARDS ***
Dealt to Mahu2021 [7s 6d]
Isti2143: calls 30
Mahu2021: checks 
*** FLOP *** [4s As Jh]
Mahu2021: checks 
Isti2143: bets 120
Mahu2021: folds 
Uncalled bet (120) returned to Isti2143
Isti2143 collected 120 from pot
Isti2143: doesn't show hand 
*** SUMMARY ***
Total pot 120 | Rake 0 
Board [4s As Jh]
Seat 1: Mahu2021 (big blind) folded on the Flop
Seat 3: Isti2143 (button) (small blind) collected (120)



PokerStars Hand #252759306549: Tournament #3808000895, $1.84+$0.16 USD Hold'em No Limit - Level IV (30/60) - 2024/10/04 12:38:53 CET [2024/10/04 6:38:53 ET]
Table '3808000895 1' 3-max Seat #1 is the button
Seat 1: Mahu2021 (480 in chips) 
Seat 3: Isti2143 (1020 in chips) 
Mahu2021: posts small blind 30
Isti2143: posts big blind 60
*** HOLE CARDS ***
Dealt to Mahu2021 [6c 4c]
Mahu2021: calls 30
Isti2143: checks 
*** FLOP *** [Kh 8s 5h]
Isti2143: checks 
Mahu2021: checks 
*** TURN *** [Kh 8s 5h] [Jd]
Isti2143: checks 
Mahu2021: checks 
*** RIVER *** [Kh 8s 5h Jd] [Ts]
Isti2143: checks 
Mahu2021: checks 
*** SHOW DOWN ***
Isti2143: shows [3c Qc] (high card King)
Mahu2021: mucks hand 
Isti2143 collected 120 from pot
*** SUMMARY ***
Total pot 120 | Rake 0 
Board [Kh 8s 5h Jd Ts]
Seat 1: Mahu2021 (button) (small blind) mucked [6c 4c]
Seat 3: Isti2143 (big blind) showed [3c Qc] and won (120) with high card King



PokerStars Hand #252759308395: Tournament #3808000895, $1.84+$0.16 USD Hold'em No Limit - Level IV (30/60) - 2024/10/04 12:39:06 CET [2024/10/04 6:39:06 ET]
Table '3808000895 1' 3-max Seat #3 is the button
Seat 1: Mahu2021 (420 in chips) 
Seat 3: Isti2143 (1080 in chips) 
Isti2143: posts small blind 30
Mahu2021: posts big blind 60
*** HOLE CARDS ***
Dealt to Mahu2021 [7c 5d]
Isti2143: raises 60 to 120
Mahu2021: folds 
Uncalled bet (60) returned to Isti2143
Isti2143 collected 120 from pot
Isti2143: doesn't show hand 
*** SUMMARY ***
Total pot 120 | Rake 0 
Seat 1: Mahu2021 (big blind) folded before Flop
Seat 3: Isti2143 (button) (small blind) collected (120)



PokerStars Hand #252759309251: Tournament #3808000895, $1.84+$0.16 USD Hold'em No Limit - Level IV (30/60) - 2024/10/04 12:39:12 CET [2024/10/04 6:39:12 ET]
Table '3808000895 1' 3-max Seat #1 is the button
Seat 1: Mahu2021 (360 in chips) 
Seat 3: Isti2143 (1140 in chips) 
Mahu2021: posts small blind 30
Isti2143: posts big blind 60
*** HOLE CARDS ***
Dealt to Mahu2021 [4h Ac]
Mahu2021: raises 300 to 360 and is all-in
Isti2143: calls 300
*** FLOP *** [Js 5c 7h]
*** TURN *** [Js 5c 7h] [7s]
*** RIVER *** [Js 5c 7h 7s] [5h]
*** SHOW DOWN ***
Isti2143: shows [9h Ad] (two pair, Sevens and Fives)
Mahu2021: shows [4h Ac] (two pair, Sevens and Fives)
Isti2143 collected 360 from pot
Mahu2021 collected 360 from pot
*** SUMMARY ***
Total pot 720 | Rake 0 
Board [Js 5c 7h 7s 5h]
Seat 1: Mahu2021 (button) (small blind) showed [4h Ac] and won (360) with two pair, Sevens and Fives
Seat 3: Isti2143 (big blind) showed [9h Ad] and won (360) with two pair, Sevens and Fives



PokerStars Hand #252759310938: Tournament #3808000895, $1.84+$0.16 USD Hold'em No Limit - Level IV (30/60) - 2024/10/04 12:39:24 CET [2024/10/04 6:39:24 ET]
Table '3808000895 1' 3-max Seat #3 is the button
Seat 1: Mahu2021 (360 in chips) 
Seat 3: Isti2143 (1140 in chips) 
Isti2143: posts small blind 30
Mahu2021: posts big blind 60
*** HOLE CARDS ***
Dealt to Mahu2021 [7s 4s]
Isti2143: calls 30
Mahu2021: checks 
*** FLOP *** [6h 3c 5d]
Mahu2021: checks 
Isti2143: bets 60
Mahu2021: calls 60
*** TURN *** [6h 3c 5d] [Qs]
Mahu2021: checks 
Isti2143: bets 240
Mahu2021: calls 240 and is all-in
*** RIVER *** [6h 3c 5d Qs] [Th]
*** SHOW DOWN ***
Mahu2021: shows [7s 4s] (a straight, Three to Seven)
Isti2143: shows [Qc 5s] (two pair, Queens and Fives)
Mahu2021 collected 720 from pot
*** SUMMARY ***
Total pot 720 | Rake 0 
Board [6h 3c 5d Qs Th]
Seat 1: Mahu2021 (big blind) showed [7s 4s] and won (720) with a straight, Three to Seven
Seat 3: Isti2143 (button) (small blind) showed [Qc 5s] and lost with two pair, Queens and Fives



PokerStars Hand #252759313159: Tournament #3808000895, $1.84+$0.16 USD Hold'em No Limit - Level IV (30/60) - 2024/10/04 12:39:39 CET [2024/10/04 6:39:39 ET]
Table '3808000895 1' 3-max Seat #1 is the button
Seat 1: Mahu2021 (720 in chips) 
Seat 3: Isti2143 (780 in chips) 
Mahu2021: posts small blind 30
Isti2143: posts big blind 60
*** HOLE CARDS ***
Dealt to Mahu2021 [4c 6s]
Mahu2021: folds 
Uncalled bet (30) returned to Isti2143
Isti2143 collected 60 from pot
Isti2143: doesn't show hand 
*** SUMMARY ***
Total pot 60 | Rake 0 
Seat 1: Mahu2021 (button) (small blind) folded before Flop
Seat 3: Isti2143 (big blind) collected (60)



PokerStars Hand #252759313724: Tournament #3808000895, $1.84+$0.16 USD Hold'em No Limit - Level IV (30/60) - 2024/10/04 12:39:43 CET [2024/10/04 6:39:43 ET]
Table '3808000895 1' 3-max Seat #3 is the button
Seat 1: Mahu2021 (690 in chips) 
Seat 3: Isti2143 (810 in chips) 
Isti2143: posts small blind 30
Mahu2021: posts big blind 60
*** HOLE CARDS ***
Dealt to Mahu2021 [8c Td]
Isti2143: raises 60 to 120
Mahu2021: folds 
Uncalled bet (60) returned to Isti2143
Isti2143 collected 120 from pot
Isti2143: doesn't show hand 
*** SUMMARY ***
Total pot 120 | Rake 0 
Seat 1: Mahu2021 (big blind) folded before Flop
Seat 3: Isti2143 (button) (small blind) collected (120)



PokerStars Hand #252759314538: Tournament #3808000895, $1.84+$0.16 USD Hold'em No Limit - Level IV (30/60) - 2024/10/04 12:39:48 CET [2024/10/04 6:39:48 ET]
Table '3808000895 1' 3-max Seat #1 is the button
Seat 1: Mahu2021 (630 in chips) 
Seat 3: Isti2143 (870 in chips) 
Mahu2021: posts small blind 30
Isti2143: posts big blind 60
*** HOLE CARDS ***
Dealt to Mahu2021 [3d Tc]
Mahu2021: folds 
Uncalled bet (30) returned to Isti2143
Isti2143 collected 60 from pot
Isti2143: doesn't show hand 
*** SUMMARY ***
Total pot 60 | Rake 0 
Seat 1: Mahu2021 (button) (small blind) folded before Flop
Seat 3: Isti2143 (big blind) collected (60)



PokerStars Hand #252759315121: Tournament #3808000895, $1.84+$0.16 USD Hold'em No Limit - Level IV (30/60) - 2024/10/04 12:39:52 CET [2024/10/04 6:39:52 ET]
Table '3808000895 1' 3-max Seat #3 is the button
Seat 1: Mahu2021 (600 in chips) 
Seat 3: Isti2143 (900 in chips) 
Isti2143: posts small blind 30
Mahu2021: posts big blind 60
*** HOLE CARDS ***
Dealt to Mahu2021 [8d 5d]
Isti2143: raises 60 to 120
Mahu2021: folds 
Uncalled bet (60) returned to Isti2143
Isti2143 collected 120 from pot
Isti2143: doesn't show hand 
*** SUMMARY ***
Total pot 120 | Rake 0 
Seat 1: Mahu2021 (big blind) folded before Flop
Seat 3: Isti2143 (button) (small blind) collected (120)



PokerStars Hand #252759316277: Tournament #3808000895, $1.84+$0.16 USD Hold'em No Limit - Level V (40/80) - 2024/10/04 12:40:01 CET [2024/10/04 6:40:01 ET]
Table '3808000895 1' 3-max Seat #1 is the button
Seat 1: Mahu2021 (540 in chips) 
Seat 3: Isti2143 (960 in chips) 
Mahu2021: posts small blind 40
Isti2143: posts big blind 80
*** HOLE CARDS ***
Dealt to Mahu2021 [6d 7d]
Mahu2021: calls 40
Isti2143: raises 160 to 240
Mahu2021: folds 
Uncalled bet (160) returned to Isti2143
Isti2143 collected 160 from pot
Isti2143: doesn't show hand 
*** SUMMARY ***
Total pot 160 | Rake 0 
Seat 1: Mahu2021 (button) (small blind) folded before Flop
Seat 3: Isti2143 (big blind) collected (160)



PokerStars Hand #252759317251: Tournament #3808000895, $1.84+$0.16 USD Hold'em No Limit - Level V (40/80) - 2024/10/04 12:40:08 CET [2024/10/04 6:40:08 ET]
Table '3808000895 1' 3-max Seat #3 is the button
Seat 1: Mahu2021 (460 in chips) 
Seat 3: Isti2143 (1040 in chips) 
Isti2143: posts small blind 40
Mahu2021: posts big blind 80
*** HOLE CARDS ***
Dealt to Mahu2021 [Kh 3h]
Isti2143: calls 40
Mahu2021: raises 380 to 460 and is all-in
Isti2143: folds 
Uncalled bet (380) returned to Mahu2021
Mahu2021 collected 160 from pot
Mahu2021: doesn't show hand 
*** SUMMARY ***
Total pot 160 | Rake 0 
Seat 1: Mahu2021 (big blind) collected (160)
Seat 3: Isti2143 (button) (small blind) folded before Flop



PokerStars Hand #252759318379: Tournament #3808000895, $1.84+$0.16 USD Hold'em No Limit - Level V (40/80) - 2024/10/04 12:40:16 CET [2024/10/04 6:40:16 ET]
Table '3808000895 1' 3-max Seat #1 is the button
Seat 1: Mahu2021 (540 in chips) 
Seat 3: Isti2143 (960 in chips) 
Mahu2021: posts small blind 40
Isti2143: posts big blind 80
*** HOLE CARDS ***
Dealt to Mahu2021 [6d 9s]
Mahu2021: folds 
Uncalled bet (40) returned to Isti2143
Isti2143 collected 80 from pot
Isti2143: doesn't show hand 
*** SUMMARY ***
Total pot 80 | Rake 0 
Seat 1: Mahu2021 (button) (small blind) folded before Flop
Seat 3: Isti2143 (big blind) collected (80)



PokerStars Hand #252759318975: Tournament #3808000895, $1.84+$0.16 USD Hold'em No Limit - Level V (40/80) - 2024/10/04 12:40:20 CET [2024/10/04 6:40:20 ET]
Table '3808000895 1' 3-max Seat #3 is the button
Seat 1: Mahu2021 (500 in chips) 
Seat 3: Isti2143 (1000 in chips) 
Isti2143: posts small blind 40
Mahu2021: posts big blind 80
*** HOLE CARDS ***
Dealt to Mahu2021 [Ks 9h]
Isti2143: folds 
Uncalled bet (40) returned to Mahu2021
Mahu2021 collected 80 from pot
Mahu2021: doesn't show hand 
*** SUMMARY ***
Total pot 80 | Rake 0 
Seat 1: Mahu2021 (big blind) collected (80)
Seat 3: Isti2143 (button) (small blind) folded before Flop



PokerStars Hand #252759319633: Tournament #3808000895, $1.84+$0.16 USD Hold'em No Limit - Level V (40/80) - 2024/10/04 12:40:25 CET [2024/10/04 6:40:25 ET]
Table '3808000895 1' 3-max Seat #1 is the button
Seat 1: Mahu2021 (540 in chips) 
Seat 3: Isti2143 (960 in chips) 
Mahu2021: posts small blind 40
Isti2143: posts big blind 80
*** HOLE CARDS ***
Dealt to Mahu2021 [3h Ac]
Mahu2021: raises 460 to 540 and is all-in
Isti2143: folds 
Uncalled bet (460) returned to Mahu2021
Mahu2021 collected 160 from pot
Mahu2021: doesn't show hand 
*** SUMMARY ***
Total pot 160 | Rake 0 
Seat 1: Mahu2021 (button) (small blind) collected (160)
Seat 3: Isti2143 (big blind) folded before Flop



PokerStars Hand #252759320414: Tournament #3808000895, $1.84+$0.16 USD Hold'em No Limit - Level V (40/80) - 2024/10/04 12:40:30 CET [2024/10/04 6:40:30 ET]
Table '3808000895 1' 3-max Seat #3 is the button
Seat 1: Mahu2021 (620 in chips) 
Seat 3: Isti2143 (880 in chips) 
Isti2143: posts small blind 40
Mahu2021: posts big blind 80
*** HOLE CARDS ***
Dealt to Mahu2021 [2c 3d]
Isti2143: raises 80 to 160
Mahu2021: folds 
Uncalled bet (80) returned to Isti2143
Isti2143 collected 160 from pot
Isti2143: doesn't show hand 
*** SUMMARY ***
Total pot 160 | Rake 0 
Seat 1: Mahu2021 (big blind) folded before Flop
Seat 3: Isti2143 (button) (small blind) collected (160)



PokerStars Hand #252759321155: Tournament #3808000895, $1.84+$0.16 USD Hold'em No Limit - Level V (40/80) - 2024/10/04 12:40:35 CET [2024/10/04 6:40:35 ET]
Table '3808000895 1' 3-max Seat #1 is the button
Seat 1: Mahu2021 (540 in chips) 
Seat 3: Isti2143 (960 in chips) 
Mahu2021: posts small blind 40
Isti2143: posts big blind 80
*** HOLE CARDS ***
Dealt to Mahu2021 [3h Td]
Mahu2021: folds 
Uncalled bet (40) returned to Isti2143
Isti2143 collected 80 from pot
Isti2143: doesn't show hand 
*** SUMMARY ***
Total pot 80 | Rake 0 
Seat 1: Mahu2021 (button) (small blind) folded before Flop
Seat 3: Isti2143 (big blind) collected (80)



PokerStars Hand #252759321732: Tournament #3808000895, $1.84+$0.16 USD Hold'em No Limit - Level V (40/80) - 2024/10/04 12:40:39 CET [2024/10/04 6:40:39 ET]
Table '3808000895 1' 3-max Seat #3 is the button
Seat 1: Mahu2021 (500 in chips) 
Seat 3: Isti2143 (1000 in chips) 
Isti2143: posts small blind 40
Mahu2021: posts big blind 80
*** HOLE CARDS ***
Dealt to Mahu2021 [4d 9c]
Isti2143: folds 
Uncalled bet (40) returned to Mahu2021
Mahu2021 collected 80 from pot
Mahu2021: doesn't show hand 
*** SUMMARY ***
Total pot 80 | Rake 0 
Seat 1: Mahu2021 (big blind) collected (80)
Seat 3: Isti2143 (button) (small blind) folded before Flop



PokerStars Hand #252759322371: Tournament #3808000895, $1.84+$0.16 USD Hold'em No Limit - Level V (40/80) - 2024/10/04 12:40:43 CET [2024/10/04 6:40:43 ET]
Table '3808000895 1' 3-max Seat #1 is the button
Seat 1: Mahu2021 (540 in chips) 
Seat 3: Isti2143 (960 in chips) 
Mahu2021: posts small blind 40
Isti2143: posts big blind 80
*** HOLE CARDS ***
Dealt to Mahu2021 [Qd 4h]
Mahu2021: calls 40
Isti2143: checks 
*** FLOP *** [Ad Jh 3s]
Isti2143: checks 
Mahu2021: bets 80
Isti2143: folds 
Uncalled bet (80) returned to Mahu2021
Mahu2021 collected 160 from pot
Mahu2021: doesn't show hand 
*** SUMMARY ***
Total pot 160 | Rake 0 
Board [Ad Jh 3s]
Seat 1: Mahu2021 (button) (small blind) collected (160)
Seat 3: Isti2143 (big blind) folded on the Flop



PokerStars Hand #252759323630: Tournament #3808000895, $1.84+$0.16 USD Hold'em No Limit - Level V (40/80) - 2024/10/04 12:40:52 CET [2024/10/04 6:40:52 ET]
Table '3808000895 1' 3-max Seat #3 is the button
Seat 1: Mahu2021 (620 in chips) 
Seat 3: Isti2143 (880 in chips) 
Isti2143: posts small blind 40
Mahu2021: posts big blind 80
*** HOLE CARDS ***
Dealt to Mahu2021 [Th 8h]
Isti2143: folds 
Uncalled bet (40) returned to Mahu2021
Mahu2021 collected 80 from pot
Mahu2021: doesn't show hand 
*** SUMMARY ***
Total pot 80 | Rake 0 
Seat 1: Mahu2021 (big blind) collected (80)
Seat 3: Isti2143 (button) (small blind) folded before Flop



PokerStars Hand #252759324416: Tournament #3808000895, $1.84+$0.16 USD Hold'em No Limit - Level V (40/80) - 2024/10/04 12:40:58 CET [2024/10/04 6:40:58 ET]
Table '3808000895 1' 3-max Seat #1 is the button
Seat 1: Mahu2021 (660 in chips) 
Seat 3: Isti2143 (840 in chips) 
Mahu2021: posts small blind 40
Isti2143: posts big blind 80
*** HOLE CARDS ***
Dealt to Mahu2021 [3s 2s]
Mahu2021: folds 
Uncalled bet (40) returned to Isti2143
Isti2143 collected 80 from pot
Isti2143: doesn't show hand 
*** SUMMARY ***
Total pot 80 | Rake 0 
Seat 1: Mahu2021 (button) (small blind) folded before Flop
Seat 3: Isti2143 (big blind) collected (80)



PokerStars Hand #252759325104: Tournament #3808000895, $1.84+$0.16 USD Hold'em No Limit - Level V (40/80) - 2024/10/04 12:41:03 CET [2024/10/04 6:41:03 ET]
Table '3808000895 1' 3-max Seat #3 is the button
Seat 1: Mahu2021 (620 in chips) 
Seat 3: Isti2143 (880 in chips) 
Isti2143: posts small blind 40
Mahu2021: posts big blind 80
*** HOLE CARDS ***
Dealt to Mahu2021 [8c 4h]
Isti2143: folds 
Uncalled bet (40) returned to Mahu2021
Mahu2021 collected 80 from pot
Mahu2021: doesn't show hand 
*** SUMMARY ***
Total pot 80 | Rake 0 
Seat 1: Mahu2021 (big blind) collected (80)
Seat 3: Isti2143 (button) (small blind) folded before Flop



PokerStars Hand #252759325688: Tournament #3808000895, $1.84+$0.16 USD Hold'em No Limit - Level V (40/80) - 2024/10/04 12:41:07 CET [2024/10/04 6:41:07 ET]
Table '3808000895 1' 3-max Seat #1 is the button
Seat 1: Mahu2021 (660 in chips) 
Seat 3: Isti2143 (840 in chips) 
Mahu2021: posts small blind 40
Isti2143: posts big blind 80
*** HOLE CARDS ***
Dealt to Mahu2021 [6h 2c]
Mahu2021: folds 
Uncalled bet (40) returned to Isti2143
Isti2143 collected 80 from pot
Isti2143: doesn't show hand 
*** SUMMARY ***
Total pot 80 | Rake 0 
Seat 1: Mahu2021 (button) (small blind) folded before Flop
Seat 3: Isti2143 (big blind) collected (80)



PokerStars Hand #252759326262: Tournament #3808000895, $1.84+$0.16 USD Hold'em No Limit - Level V (40/80) - 2024/10/04 12:41:11 CET [2024/10/04 6:41:11 ET]
Table '3808000895 1' 3-max Seat #3 is the button
Seat 1: Mahu2021 (620 in chips) 
Seat 3: Isti2143 (880 in chips) 
Isti2143: posts small blind 40
Mahu2021: posts big blind 80
*** HOLE CARDS ***
Dealt to Mahu2021 [Kh 9h]
Isti2143: folds 
Uncalled bet (40) returned to Mahu2021
Mahu2021 collected 80 from pot
Mahu2021: doesn't show hand 
*** SUMMARY ***
Total pot 80 | Rake 0 
Seat 1: Mahu2021 (big blind) collected (80)
Seat 3: Isti2143 (button) (small blind) folded before Flop



PokerStars Hand #252759326902: Tournament #3808000895, $1.84+$0.16 USD Hold'em No Limit - Level V (40/80) - 2024/10/04 12:41:15 CET [2024/10/04 6:41:15 ET]
Table '3808000895 1' 3-max Seat #1 is the button
Seat 1: Mahu2021 (660 in chips) 
Seat 3: Isti2143 (840 in chips) 
Mahu2021: posts small blind 40
Isti2143: posts big blind 80
*** HOLE CARDS ***
Dealt to Mahu2021 [3c 6d]
Mahu2021: folds 
Uncalled bet (40) returned to Isti2143
Isti2143 collected 80 from pot
Isti2143: doesn't show hand 
*** SUMMARY ***
Total pot 80 | Rake 0 
Seat 1: Mahu2021 (button) (small blind) folded before Flop
Seat 3: Isti2143 (big blind) collected (80)



PokerStars Hand #252759327514: Tournament #3808000895, $1.84+$0.16 USD Hold'em No Limit - Level V (40/80) - 2024/10/04 12:41:19 CET [2024/10/04 6:41:19 ET]
Table '3808000895 1' 3-max Seat #3 is the button
Seat 1: Mahu2021 (620 in chips) 
Seat 3: Isti2143 (880 in chips) 
Isti2143: posts small blind 40
Mahu2021: posts big blind 80
*** HOLE CARDS ***
Dealt to Mahu2021 [Kh 5d]
Isti2143: calls 40
Mahu2021: checks 
*** FLOP *** [6s 2d 8h]
Mahu2021: checks 
Isti2143: bets 80
Mahu2021: folds 
Uncalled bet (80) returned to Isti2143
Isti2143 collected 160 from pot
Isti2143: doesn't show hand 
*** SUMMARY ***
Total pot 160 | Rake 0 
Board [6s 2d 8h]
Seat 1: Mahu2021 (big blind) folded on the Flop
Seat 3: Isti2143 (button) (small blind) collected (160)



PokerStars Hand #252759328813: Tournament #3808000895, $1.84+$0.16 USD Hold'em No Limit - Level V (40/80) - 2024/10/04 12:41:28 CET [2024/10/04 6:41:28 ET]
Table '3808000895 1' 3-max Seat #1 is the button
Seat 1: Mahu2021 (540 in chips) 
Seat 3: Isti2143 (960 in chips) 
Mahu2021: posts small blind 40
Isti2143: posts big blind 80
*** HOLE CARDS ***
Dealt to Mahu2021 [2c 8h]
Mahu2021: folds 
Uncalled bet (40) returned to Isti2143
Isti2143 collected 80 from pot
Isti2143: doesn't show hand 
*** SUMMARY ***
Total pot 80 | Rake 0 
Seat 1: Mahu2021 (button) (small blind) folded before Flop
Seat 3: Isti2143 (big blind) collected (80)



PokerStars Hand #252759329393: Tournament #3808000895, $1.84+$0.16 USD Hold'em No Limit - Level V (40/80) - 2024/10/04 12:41:32 CET [2024/10/04 6:41:32 ET]
Table '3808000895 1' 3-max Seat #3 is the button
Seat 1: Mahu2021 (500 in chips) 
Seat 3: Isti2143 (1000 in chips) 
Isti2143: posts small blind 40
Mahu2021: posts big blind 80
*** HOLE CARDS ***
Dealt to Mahu2021 [6h 9c]
Isti2143: raises 80 to 160
Mahu2021: folds 
Uncalled bet (80) returned to Isti2143
Isti2143 collected 160 from pot
Isti2143: doesn't show hand 
*** SUMMARY ***
Total pot 160 | Rake 0 
Seat 1: Mahu2021 (big blind) folded before Flop
Seat 3: Isti2143 (button) (small blind) collected (160)



PokerStars Hand #252759330171: Tournament #3808000895, $1.84+$0.16 USD Hold'em No Limit - Level V (40/80) - 2024/10/04 12:41:38 CET [2024/10/04 6:41:38 ET]
Table '3808000895 1' 3-max Seat #1 is the button
Seat 1: Mahu2021 (420 in chips) 
Seat 3: Isti2143 (1080 in chips) 
Mahu2021: posts small blind 40
Isti2143: posts big blind 80
*** HOLE CARDS ***
Dealt to Mahu2021 [8c Qd]
Mahu2021: raises 80 to 160
Isti2143: calls 80
*** FLOP *** [8d 2d 6d]
Isti2143: checks 
Mahu2021: bets 260 and is all-in
Isti2143: folds 
Uncalled bet (260) returned to Mahu2021
Mahu2021 collected 320 from pot
Mahu2021: doesn't show hand 
*** SUMMARY ***
Total pot 320 | Rake 0 
Board [8d 2d 6d]
Seat 1: Mahu2021 (button) (small blind) collected (320)
Seat 3: Isti2143 (big blind) folded on the Flop



PokerStars Hand #252759331469: Tournament #3808000895, $1.84+$0.16 USD Hold'em No Limit - Level V (40/80) - 2024/10/04 12:41:47 CET [2024/10/04 6:41:47 ET]
Table '3808000895 1' 3-max Seat #3 is the button
Seat 1: Mahu2021 (580 in chips) 
Seat 3: Isti2143 (920 in chips) 
Isti2143: posts small blind 40
Mahu2021: posts big blind 80
*** HOLE CARDS ***
Dealt to Mahu2021 [8d 4h]
Isti2143: raises 80 to 160
Mahu2021: folds 
Uncalled bet (80) returned to Isti2143
Isti2143 collected 160 from pot
Isti2143: doesn't show hand 
*** SUMMARY ***
Total pot 160 | Rake 0 
Seat 1: Mahu2021 (big blind) folded before Flop
Seat 3: Isti2143 (button) (small blind) collected (160)



PokerStars Hand #252759332253: Tournament #3808000895, $1.84+$0.16 USD Hold'em No Limit - Level V (40/80) - 2024/10/04 12:41:52 CET [2024/10/04 6:41:52 ET]
Table '3808000895 1' 3-max Seat #1 is the button
Seat 1: Mahu2021 (500 in chips) 
Seat 3: Isti2143 (1000 in chips) 
Mahu2021: posts small blind 40
Isti2143: posts big blind 80
*** HOLE CARDS ***
Dealt to Mahu2021 [Kh Qh]
Mahu2021: raises 420 to 500 and is all-in
Isti2143: folds 
Uncalled bet (420) returned to Mahu2021
Mahu2021 collected 160 from pot
Mahu2021: doesn't show hand 
*** SUMMARY ***
Total pot 160 | Rake 0 
Seat 1: Mahu2021 (button) (small blind) collected (160)
Seat 3: Isti2143 (big blind) folded before Flop



PokerStars Hand #252759333003: Tournament #3808000895, $1.84+$0.16 USD Hold'em No Limit - Level V (40/80) - 2024/10/04 12:41:58 CET [2024/10/04 6:41:58 ET]
Table '3808000895 1' 3-max Seat #3 is the button
Seat 1: Mahu2021 (580 in chips) 
Seat 3: Isti2143 (920 in chips) 
Isti2143: posts small blind 40
Mahu2021: posts big blind 80
*** HOLE CARDS ***
Dealt to Mahu2021 [2c 9c]
Isti2143: folds 
Uncalled bet (40) returned to Mahu2021
Mahu2021 collected 80 from pot
Mahu2021: doesn't show hand 
*** SUMMARY ***
Total pot 80 | Rake 0 
Seat 1: Mahu2021 (big blind) collected (80)
Seat 3: Isti2143 (button) (small blind) folded before Flop



PokerStars Hand #252759333718: Tournament #3808000895, $1.84+$0.16 USD Hold'em No Limit - Level V (40/80) - 2024/10/04 12:42:02 CET [2024/10/04 6:42:02 ET]
Table '3808000895 1' 3-max Seat #1 is the button
Seat 1: Mahu2021 (620 in chips) 
Seat 3: Isti2143 (880 in chips) 
Mahu2021: posts small blind 40
Isti2143: posts big blind 80
*** HOLE CARDS ***
Dealt to Mahu2021 [7c Th]
Mahu2021: folds 
Uncalled bet (40) returned to Isti2143
Isti2143 collected 80 from pot
Isti2143: doesn't show hand 
*** SUMMARY ***
Total pot 80 | Rake 0 
Seat 1: Mahu2021 (button) (small blind) folded before Flop
Seat 3: Isti2143 (big blind) collected (80)



PokerStars Hand #252759334290: Tournament #3808000895, $1.84+$0.16 USD Hold'em No Limit - Level V (40/80) - 2024/10/04 12:42:06 CET [2024/10/04 6:42:06 ET]
Table '3808000895 1' 3-max Seat #3 is the button
Seat 1: Mahu2021 (580 in chips) 
Seat 3: Isti2143 (920 in chips) 
Isti2143: posts small blind 40
Mahu2021: posts big blind 80
*** HOLE CARDS ***
Dealt to Mahu2021 [Kc 9s]
Isti2143: folds 
Uncalled bet (40) returned to Mahu2021
Mahu2021 collected 80 from pot
Mahu2021: doesn't show hand 
*** SUMMARY ***
Total pot 80 | Rake 0 
Seat 1: Mahu2021 (big blind) collected (80)
Seat 3: Isti2143 (button) (small blind) folded before Flop



PokerStars Hand #252759334911: Tournament #3808000895, $1.84+$0.16 USD Hold'em No Limit - Level V (40/80) - 2024/10/04 12:42:11 CET [2024/10/04 6:42:11 ET]
Table '3808000895 1' 3-max Seat #1 is the button
Seat 1: Mahu2021 (620 in chips) 
Seat 3: Isti2143 (880 in chips) 
Mahu2021: posts small blind 40
Isti2143: posts big blind 80
*** HOLE CARDS ***
Dealt to Mahu2021 [Jh 5s]
Mahu2021: calls 40
Isti2143: raises 80 to 160
Mahu2021: calls 80
*** FLOP *** [8c 5d 9h]
Isti2143: bets 320
Mahu2021: folds 
Uncalled bet (320) returned to Isti2143
Isti2143 collected 320 from pot
Isti2143: doesn't show hand 
*** SUMMARY ***
Total pot 320 | Rake 0 
Board [8c 5d 9h]
Seat 1: Mahu2021 (button) (small blind) folded on the Flop
Seat 3: Isti2143 (big blind) collected (320)



PokerStars Hand #252759337190: Tournament #3808000895, $1.84+$0.16 USD Hold'em No Limit - Level V (40/80) - 2024/10/04 12:42:26 CET [2024/10/04 6:42:26 ET]
Table '3808000895 1' 3-max Seat #3 is the button
Seat 1: Mahu2021 (460 in chips) 
Seat 3: Isti2143 (1040 in chips) 
Isti2143: posts small blind 40
Mahu2021: posts big blind 80
*** HOLE CARDS ***
Dealt to Mahu2021 [3s 8d]
Isti2143: folds 
Uncalled bet (40) returned to Mahu2021
Mahu2021 collected 80 from pot
Mahu2021: doesn't show hand 
*** SUMMARY ***
Total pot 80 | Rake 0 
Seat 1: Mahu2021 (big blind) collected (80)
Seat 3: Isti2143 (button) (small blind) folded before Flop



PokerStars Hand #252759337846: Tournament #3808000895, $1.84+$0.16 USD Hold'em No Limit - Level V (40/80) - 2024/10/04 12:42:31 CET [2024/10/04 6:42:31 ET]
Table '3808000895 1' 3-max Seat #1 is the button
Seat 1: Mahu2021 (500 in chips) 
Seat 3: Isti2143 (1000 in chips) 
Mahu2021: posts small blind 40
Isti2143: posts big blind 80
*** HOLE CARDS ***
Dealt to Mahu2021 [As 5d]
Mahu2021: raises 420 to 500 and is all-in
Isti2143: folds 
Uncalled bet (420) returned to Mahu2021
Mahu2021 collected 160 from pot
Mahu2021: doesn't show hand 
*** SUMMARY ***
Total pot 160 | Rake 0 
Seat 1: Mahu2021 (button) (small blind) collected (160)
Seat 3: Isti2143 (big blind) folded before Flop



PokerStars Hand #252759338582: Tournament #3808000895, $1.84+$0.16 USD Hold'em No Limit - Level V (40/80) - 2024/10/04 12:42:36 CET [2024/10/04 6:42:36 ET]
Table '3808000895 1' 3-max Seat #3 is the button
Seat 1: Mahu2021 (580 in chips) 
Seat 3: Isti2143 (920 in chips) 
Isti2143: posts small blind 40
Mahu2021: posts big blind 80
*** HOLE CARDS ***
Dealt to Mahu2021 [Qc 3s]
Isti2143: calls 40
Mahu2021: checks 
*** FLOP *** [Th As Jc]
Mahu2021: checks 
Isti2143: checks 
*** TURN *** [Th As Jc] [8d]
Mahu2021: bets 80
Isti2143: folds 
Uncalled bet (80) returned to Mahu2021
Mahu2021 collected 160 from pot
Mahu2021: doesn't show hand 
*** SUMMARY ***
Total pot 160 | Rake 0 
Board [Th As Jc 8d]
Seat 1: Mahu2021 (big blind) collected (160)
Seat 3: Isti2143 (button) (small blind) folded on the Turn



PokerStars Hand #252759340084: Tournament #3808000895, $1.84+$0.16 USD Hold'em No Limit - Level V (40/80) - 2024/10/04 12:42:47 CET [2024/10/04 6:42:47 ET]
Table '3808000895 1' 3-max Seat #1 is the button
Seat 1: Mahu2021 (660 in chips) 
Seat 3: Isti2143 (840 in chips) 
Mahu2021: posts small blind 40
Isti2143: posts big blind 80
*** HOLE CARDS ***
Dealt to Mahu2021 [5h 4h]
Mahu2021: calls 40
Isti2143: checks 
*** FLOP *** [3h Tc 7s]
Isti2143: checks 
Mahu2021: bets 80
Isti2143: folds 
Uncalled bet (80) returned to Mahu2021
Mahu2021 collected 160 from pot
Mahu2021: doesn't show hand 
*** SUMMARY ***
Total pot 160 | Rake 0 
Board [3h Tc 7s]
Seat 1: Mahu2021 (button) (small blind) collected (160)
Seat 3: Isti2143 (big blind) folded on the Flop



PokerStars Hand #252759341293: Tournament #3808000895, $1.84+$0.16 USD Hold'em No Limit - Level V (40/80) - 2024/10/04 12:42:55 CET [2024/10/04 6:42:55 ET]
Table '3808000895 1' 3-max Seat #3 is the button
Seat 1: Mahu2021 (740 in chips) 
Seat 3: Isti2143 (760 in chips) 
Isti2143: posts small blind 40
Mahu2021: posts big blind 80
*** HOLE CARDS ***
Dealt to Mahu2021 [Kd 5c]
Isti2143: raises 80 to 160
Mahu2021: calls 80
*** FLOP *** [4d Th 2d]
Mahu2021: checks 
Isti2143: bets 80
Mahu2021: folds 
Uncalled bet (80) returned to Isti2143
Isti2143 collected 320 from pot
Isti2143: doesn't show hand 
*** SUMMARY ***
Total pot 320 | Rake 0 
Board [4d Th 2d]
Seat 1: Mahu2021 (big blind) folded on the Flop
Seat 3: Isti2143 (button) (small blind) collected (320)



PokerStars Hand #252759343011: Tournament #3808000895, $1.84+$0.16 USD Hold'em No Limit - Level VI (50/100) - 2024/10/04 12:43:07 CET [2024/10/04 6:43:07 ET]
Table '3808000895 1' 3-max Seat #1 is the button
Seat 1: Mahu2021 (580 in chips) 
Seat 3: Isti2143 (920 in chips) 
Mahu2021: posts small blind 50
Isti2143: posts big blind 100
*** HOLE CARDS ***
Dealt to Mahu2021 [Kh Tc]
Mahu2021: raises 480 to 580 and is all-in
Isti2143: folds 
Uncalled bet (480) returned to Mahu2021
Mahu2021 collected 200 from pot
Mahu2021: doesn't show hand 
*** SUMMARY ***
Total pot 200 | Rake 0 
Seat 1: Mahu2021 (button) (small blind) collected (200)
Seat 3: Isti2143 (big blind) folded before Flop



PokerStars Hand #252759343833: Tournament #3808000895, $1.84+$0.16 USD Hold'em No Limit - Level VI (50/100) - 2024/10/04 12:43:13 CET [2024/10/04 6:43:13 ET]
Table '3808000895 1' 3-max Seat #3 is the button
Seat 1: Mahu2021 (680 in chips) 
Seat 3: Isti2143 (820 in chips) 
Isti2143: posts small blind 50
Mahu2021: posts big blind 100
*** HOLE CARDS ***
Dealt to Mahu2021 [Th 3s]
Isti2143: folds 
Uncalled bet (50) returned to Mahu2021
Mahu2021 collected 100 from pot
Mahu2021: doesn't show hand 
*** SUMMARY ***
Total pot 100 | Rake 0 
Seat 1: Mahu2021 (big blind) collected (100)
Seat 3: Isti2143 (button) (small blind) folded before Flop



PokerStars Hand #252759344472: Tournament #3808000895, $1.84+$0.16 USD Hold'em No Limit - Level VI (50/100) - 2024/10/04 12:43:17 CET [2024/10/04 6:43:17 ET]
Table '3808000895 1' 3-max Seat #1 is the button
Seat 1: Mahu2021 (730 in chips) 
Seat 3: Isti2143 (770 in chips) 
Mahu2021: posts small blind 50
Isti2143: posts big blind 100
*** HOLE CARDS ***
Dealt to Mahu2021 [Jc Td]
Mahu2021: calls 50
Isti2143: raises 200 to 300
Mahu2021: folds 
Uncalled bet (200) returned to Isti2143
Isti2143 collected 200 from pot
Isti2143: doesn't show hand 
*** SUMMARY ***
Total pot 200 | Rake 0 
Seat 1: Mahu2021 (button) (small blind) folded before Flop
Seat 3: Isti2143 (big blind) collected (200)



PokerStars Hand #252759345557: Tournament #3808000895, $1.84+$0.16 USD Hold'em No Limit - Level VI (50/100) - 2024/10/04 12:43:25 CET [2024/10/04 6:43:25 ET]
Table '3808000895 1' 3-max Seat #3 is the button
Seat 1: Mahu2021 (630 in chips) 
Seat 3: Isti2143 (870 in chips) 
Isti2143: posts small blind 50
Mahu2021: posts big blind 100
*** HOLE CARDS ***
Dealt to Mahu2021 [4h 9s]
Isti2143: raises 100 to 200
Mahu2021: folds 
Uncalled bet (100) returned to Isti2143
Isti2143 collected 200 from pot
Isti2143: doesn't show hand 
*** SUMMARY ***
Total pot 200 | Rake 0 
Seat 1: Mahu2021 (big blind) folded before Flop
Seat 3: Isti2143 (button) (small blind) collected (200)



PokerStars Hand #252759346249: Tournament #3808000895, $1.84+$0.16 USD Hold'em No Limit - Level VI (50/100) - 2024/10/04 12:43:30 CET [2024/10/04 6:43:30 ET]
Table '3808000895 1' 3-max Seat #1 is the button
Seat 1: Mahu2021 (530 in chips) 
Seat 3: Isti2143 (970 in chips) 
Mahu2021: posts small blind 50
Isti2143: posts big blind 100
*** HOLE CARDS ***
Dealt to Mahu2021 [Qh 6c]
Mahu2021: calls 50
Isti2143: checks 
*** FLOP *** [2s 8d 9h]
Isti2143: checks 
Mahu2021: checks 
*** TURN *** [2s 8d 9h] [5s]
Isti2143: checks 
Mahu2021: checks 
*** RIVER *** [2s 8d 9h 5s] [2d]
Isti2143: checks 
Mahu2021: checks 
*** SHOW DOWN ***
Isti2143: shows [Kh 4s] (a pair of Deuces)
Mahu2021: mucks hand 
Isti2143 collected 200 from pot
*** SUMMARY ***
Total pot 200 | Rake 0 
Board [2s 8d 9h 5s 2d]
Seat 1: Mahu2021 (button) (small blind) mucked [Qh 6c]
Seat 3: Isti2143 (big blind) showed [Kh 4s] and won (200) with a pair of Deuces



PokerStars Hand #252759347904: Tournament #3808000895, $1.84+$0.16 USD Hold'em No Limit - Level VI (50/100) - 2024/10/04 12:43:42 CET [2024/10/04 6:43:42 ET]
Table '3808000895 1' 3-max Seat #3 is the button
Seat 1: Mahu2021 (430 in chips) 
Seat 3: Isti2143 (1070 in chips) 
Isti2143: posts small blind 50
Mahu2021: posts big blind 100
*** HOLE CARDS ***
Dealt to Mahu2021 [7s 6h]
Isti2143: folds 
Uncalled bet (50) returned to Mahu2021
Mahu2021 collected 100 from pot
Mahu2021: doesn't show hand 
*** SUMMARY ***
Total pot 100 | Rake 0 
Seat 1: Mahu2021 (big blind) collected (100)
Seat 3: Isti2143 (button) (small blind) folded before Flop



PokerStars Hand #252759348571: Tournament #3808000895, $1.84+$0.16 USD Hold'em No Limit - Level VI (50/100) - 2024/10/04 12:43:46 CET [2024/10/04 6:43:46 ET]
Table '3808000895 1' 3-max Seat #1 is the button
Seat 1: Mahu2021 (480 in chips) 
Seat 3: Isti2143 (1020 in chips) 
Mahu2021: posts small blind 50
Isti2143: posts big blind 100
*** HOLE CARDS ***
Dealt to Mahu2021 [4c 9s]
Mahu2021: folds 
Uncalled bet (50) returned to Isti2143
Isti2143 collected 100 from pot
Isti2143: doesn't show hand 
*** SUMMARY ***
Total pot 100 | Rake 0 
Seat 1: Mahu2021 (button) (small blind) folded before Flop
Seat 3: Isti2143 (big blind) collected (100)



PokerStars Hand #252759349110: Tournament #3808000895, $1.84+$0.16 USD Hold'em No Limit - Level VI (50/100) - 2024/10/04 12:43:50 CET [2024/10/04 6:43:50 ET]
Table '3808000895 1' 3-max Seat #3 is the button
Seat 1: Mahu2021 (430 in chips) 
Seat 3: Isti2143 (1070 in chips) 
Isti2143: posts small blind 50
Mahu2021: posts big blind 100
*** HOLE CARDS ***
Dealt to Mahu2021 [5s 5h]
Isti2143: raises 100 to 200
Mahu2021: raises 230 to 430 and is all-in
Isti2143: calls 230
*** FLOP *** [Ad 8c 5c]
*** TURN *** [Ad 8c 5c] [7d]
*** RIVER *** [Ad 8c 5c 7d] [Jd]
*** SHOW DOWN ***
Mahu2021: shows [5s 5h] (three of a kind, Fives)
Isti2143: shows [Js Th] (a pair of Jacks)
Mahu2021 collected 860 from pot
*** SUMMARY ***
Total pot 860 | Rake 0 
Board [Ad 8c 5c 7d Jd]
Seat 1: Mahu2021 (big blind) showed [5s 5h] and won (860) with three of a kind, Fives
Seat 3: Isti2143 (button) (small blind) showed [Js Th] and lost with a pair of Jacks



PokerStars Hand #252759351008: Tournament #3808000895, $1.84+$0.16 USD Hold'em No Limit - Level VI (50/100) - 2024/10/04 12:44:04 CET [2024/10/04 6:44:04 ET]
Table '3808000895 1' 3-max Seat #1 is the button
Seat 1: Mahu2021 (860 in chips) 
Seat 3: Isti2143 (640 in chips) 
Mahu2021: posts small blind 50
Isti2143: posts big blind 100
*** HOLE CARDS ***
Dealt to Mahu2021 [2s 5c]
Mahu2021: folds 
Uncalled bet (50) returned to Isti2143
Isti2143 collected 100 from pot
Isti2143: doesn't show hand 
*** SUMMARY ***
Total pot 100 | Rake 0 
Seat 1: Mahu2021 (button) (small blind) folded before Flop
Seat 3: Isti2143 (big blind) collected (100)



PokerStars Hand #252759351582: Tournament #3808000895, $1.84+$0.16 USD Hold'em No Limit - Level VI (50/100) - 2024/10/04 12:44:08 CET [2024/10/04 6:44:08 ET]
Table '3808000895 1' 3-max Seat #3 is the button
Seat 1: Mahu2021 (810 in chips) 
Seat 3: Isti2143 (690 in chips) 
Isti2143: posts small blind 50
Mahu2021: posts big blind 100
*** HOLE CARDS ***
Dealt to Mahu2021 [Qd Ts]
Isti2143: folds 
Uncalled bet (50) returned to Mahu2021
Mahu2021 collected 100 from pot
Mahu2021: doesn't show hand 
*** SUMMARY ***
Total pot 100 | Rake 0 
Seat 1: Mahu2021 (big blind) collected (100)
Seat 3: Isti2143 (button) (small blind) folded before Flop



PokerStars Hand #252759352218: Tournament #3808000895, $1.84+$0.16 USD Hold'em No Limit - Level VI (50/100) - 2024/10/04 12:44:12 CET [2024/10/04 6:44:12 ET]
Table '3808000895 1' 3-max Seat #1 is the button
Seat 1: Mahu2021 (860 in chips) 
Seat 3: Isti2143 (640 in chips) 
Mahu2021: posts small blind 50
Isti2143: posts big blind 100
*** HOLE CARDS ***
Dealt to Mahu2021 [7h 8s]
Mahu2021: calls 50
Isti2143: checks 
*** FLOP *** [Tc 3c 8c]
Isti2143: checks 
Mahu2021: bets 100
Isti2143: calls 100
*** TURN *** [Tc 3c 8c] [5s]
Isti2143: checks 
Mahu2021: bets 660 and is all-in
Isti2143: folds 
Uncalled bet (660) returned to Mahu2021
Mahu2021 collected 400 from pot
Mahu2021: doesn't show hand 
*** SUMMARY ***
Total pot 400 | Rake 0 
Board [Tc 3c 8c 5s]
Seat 1: Mahu2021 (button) (small blind) collected (400)
Seat 3: Isti2143 (big blind) folded on the Turn



PokerStars Hand #252759354358: Tournament #3808000895, $1.84+$0.16 USD Hold'em No Limit - Level VI (50/100) - 2024/10/04 12:44:27 CET [2024/10/04 6:44:27 ET]
Table '3808000895 1' 3-max Seat #3 is the button
Seat 1: Mahu2021 (1060 in chips) 
Seat 3: Isti2143 (440 in chips) 
Isti2143: posts small blind 50
Mahu2021: posts big blind 100
*** HOLE CARDS ***
Dealt to Mahu2021 [3c 9d]
Isti2143: folds 
Uncalled bet (50) returned to Mahu2021
Mahu2021 collected 100 from pot
Mahu2021: doesn't show hand 
*** SUMMARY ***
Total pot 100 | Rake 0 
Seat 1: Mahu2021 (big blind) collected (100)
Seat 3: Isti2143 (button) (small blind) folded before Flop



PokerStars Hand #252759354933: Tournament #3808000895, $1.84+$0.16 USD Hold'em No Limit - Level VI (50/100) - 2024/10/04 12:44:31 CET [2024/10/04 6:44:31 ET]
Table '3808000895 1' 3-max Seat #1 is the button
Seat 1: Mahu2021 (1110 in chips) 
Seat 3: Isti2143 (390 in chips) 
Mahu2021: posts small blind 50
Isti2143: posts big blind 100
*** HOLE CARDS ***
Dealt to Mahu2021 [Ad 4c]
Mahu2021: raises 1010 to 1110 and is all-in
Isti2143: calls 290 and is all-in
Uncalled bet (720) returned to Mahu2021
*** FLOP *** [3c 8d 5c]
*** TURN *** [3c 8d 5c] [7s]
*** RIVER *** [3c 8d 5c 7s] [7c]
*** SHOW DOWN ***
Isti2143: shows [2d Qd] (a pair of Sevens)
Mahu2021: shows [Ad 4c] (a pair of Sevens - Ace kicker)
Mahu2021 collected 780 from pot
Isti2143 finished the tournament in 2nd place
Mahu2021 wins the tournament and receives $6.00 - congratulations!
*** SUMMARY ***
Total pot 780 | Rake 0 
Board [3c 8d 5c 7s 7c]
Seat 1: Mahu2021 (button) (small blind) showed [Ad 4c] and won (780) with a pair of Sevens
Seat 3: Isti2143 (big blind) showed [2d Qd] and lost with a pair of Sevens



