PokerStars Zoom Hand #255104608241:  Hold'em No Limit ($0.05/$0.10) - 2025/03/02 16:20:10 CET [2025/03/02 10:20:10 ET]
Table 'Aludra' 6-max Seat #1 is the button
Seat 1: georgexploit ($7.76 in chips) 
Seat 2: LeopoldusR ($15.75 in chips) 
Seat 3: Mahu2021 ($10 in chips) 
Seat 4: eriktnt ($19.54 in chips) 
Seat 5: tachyon2 ($12.90 in chips) 
Seat 6: Khoa Kokola ($8.75 in chips) 
LeopoldusR: posts small blind $0.05
Mahu2021: posts big blind $0.10
*** HOLE CARDS ***
Dealt to Mahu2021 [Ks 6d]
eriktnt: folds 
tachyon2 is disconnected 
tachyon2 has timed out while disconnected
tachyon2: folds 
Khoa Kokola: folds 
georgexploit: folds 
LeopoldusR: raises $0.20 to $0.30
Mahu2021: folds 
Uncalled bet ($0.20) returned to LeopoldusR
LeopoldusR collected $0.20 from pot
LeopoldusR: doesn't show hand 
*** SUMMARY ***
Total pot $0.20 | Rake $0 
Seat 1: georgexploit (button) folded before Flop (didn't bet)
Seat 2: LeopoldusR (small blind) collected ($0.20)
Seat 3: Mahu2021 (big blind) folded before Flop
Seat 4: eriktnt folded before Flop (didn't bet)
Seat 5: tachyon2 folded before Flop (didn't bet)
Seat 6: Khoa Kokola folded before Flop (didn't bet)



PokerStars Zoom Hand #255104612500:  Hold'em No Limit ($0.05/$0.10) - 2025/03/02 16:20:30 CET [2025/03/02 10:20:30 ET]
Table 'Aludra' 6-max Seat #1 is the button
Seat 1: Foldinq ($10.65 in chips) 
Seat 2: Mahu2021 ($9.90 in chips) 
Seat 3: D_Kwal ($22.34 in chips) 
Seat 4: samid.oss ($9.40 in chips) 
Seat 5: heraboy ($15.33 in chips) 
Seat 6: IVERNMAN ($10 in chips) 
Mahu2021: posts small blind $0.05
D_Kwal: posts big blind $0.10
*** HOLE CARDS ***
Dealt to Mahu2021 [Qc 8s]
samid.oss has timed out while disconnected
samid.oss: folds 
heraboy: folds 
IVERNMAN: folds 
Foldinq: folds 
Mahu2021: raises $0.20 to $0.30
D_Kwal: raises $0.70 to $1
Mahu2021: folds 
Uncalled bet ($0.70) returned to D_Kwal
D_Kwal collected $0.60 from pot
D_Kwal: doesn't show hand 
*** SUMMARY ***
Total pot $0.60 | Rake $0 
Seat 1: Foldinq (button) folded before Flop (didn't bet)
Seat 2: Mahu2021 (small blind) folded before Flop
Seat 3: D_Kwal (big blind) collected ($0.60)
Seat 4: samid.oss folded before Flop (didn't bet)
Seat 5: heraboy folded before Flop (didn't bet)
Seat 6: IVERNMAN folded before Flop (didn't bet)



PokerStars Zoom Hand #255104619570:  Hold'em No Limit ($0.05/$0.10) - 2025/03/02 16:21:01 CET [2025/03/02 10:21:01 ET]
Table 'Aludra' 6-max Seat #1 is the button
Seat 1: eriktnt ($17.93 in chips) 
Seat 2: heraboy ($15.23 in chips) 
Seat 3: LeopoldusR ($11.53 in chips) 
Seat 4: egor sergey ($2.42 in chips) 
Seat 5: vile76 ($11.10 in chips) 
Seat 6: Mahu2021 ($9.60 in chips) 
heraboy: posts small blind $0.05
LeopoldusR: posts big blind $0.10
*** HOLE CARDS ***
Dealt to Mahu2021 [8s Kd]
egor sergey: folds 
vile76: folds 
Mahu2021: folds 
eriktnt: raises $0.15 to $0.25
heraboy: folds 
LeopoldusR: folds 
Uncalled bet ($0.15) returned to eriktnt
eriktnt collected $0.25 from pot
eriktnt: doesn't show hand 
*** SUMMARY ***
Total pot $0.25 | Rake $0 
Seat 1: eriktnt (button) collected ($0.25)
Seat 2: heraboy (small blind) folded before Flop
Seat 3: LeopoldusR (big blind) folded before Flop
Seat 4: egor sergey folded before Flop (didn't bet)
Seat 5: vile76 folded before Flop (didn't bet)
Seat 6: Mahu2021 folded before Flop (didn't bet)



PokerStars Zoom Hand #255104617450:  Hold'em No Limit ($0.05/$0.10) - 2025/03/02 16:20:51 CET [2025/03/02 10:20:51 ET]
Table 'Aludra' 6-max Seat #1 is the button
Seat 1: Mahu2021 ($9.60 in chips) 
Seat 2: Dulvagan ($29.36 in chips) 
Seat 3: HDan1717 ($29.88 in chips) 
Seat 4: Slothario ($14.11 in chips) 
Seat 5: tafarel8 ($10 in chips) 
Seat 6: rk_ito7 ($16.91 in chips) 
Dulvagan: posts small blind $0.05
HDan1717: posts big blind $0.10
*** HOLE CARDS ***
Dealt to Mahu2021 [2h 9c]
Slothario: folds 
tafarel8: raises $0.15 to $0.25
rk_ito7: folds 
Mahu2021: folds 
Dulvagan: folds 
HDan1717: folds 
Uncalled bet ($0.15) returned to tafarel8
tafarel8 collected $0.25 from pot
tafarel8: doesn't show hand 
*** SUMMARY ***
Total pot $0.25 | Rake $0 
Seat 1: Mahu2021 (button) folded before Flop (didn't bet)
Seat 2: Dulvagan (small blind) folded before Flop
Seat 3: HDan1717 (big blind) folded before Flop
Seat 4: Slothario folded before Flop (didn't bet)
Seat 5: tafarel8 collected ($0.25)
Seat 6: rk_ito7 folded before Flop (didn't bet)



PokerStars Zoom Hand #255104620504:  Hold'em No Limit ($0.05/$0.10) - 2025/03/02 16:21:05 CET [2025/03/02 10:21:05 ET]
Table 'Aludra' 6-max Seat #1 is the button
Seat 1: Spikemaik ($12.22 in chips) 
Seat 2: COVEIROANCAP ($12.13 in chips) 
Seat 3: M.kozlovsky ($18.41 in chips) 
Seat 4: Mahu2021 ($9.60 in chips) 
Seat 5: luvstyle ($13.61 in chips) 
Seat 6: Foldinq ($10 in chips) 
COVEIROANCAP: posts small blind $0.05
M.kozlovsky: posts big blind $0.10
*** HOLE CARDS ***
Dealt to Mahu2021 [Tc Kc]
Mahu2021: raises $0.14 to $0.24
luvstyle: folds 
Foldinq: folds 
Spikemaik: folds 
COVEIROANCAP: folds 
M.kozlovsky: folds 
Uncalled bet ($0.14) returned to Mahu2021
Mahu2021 collected $0.25 from pot
Mahu2021: doesn't show hand 
*** SUMMARY ***
Total pot $0.25 | Rake $0 
Seat 1: Spikemaik (button) folded before Flop (didn't bet)
Seat 2: COVEIROANCAP (small blind) folded before Flop
Seat 3: M.kozlovsky (big blind) folded before Flop
Seat 4: Mahu2021 collected ($0.25)
Seat 5: luvstyle folded before Flop (didn't bet)
Seat 6: Foldinq folded before Flop (didn't bet)



PokerStars Zoom Hand #255104623522:  Hold'em No Limit ($0.05/$0.10) - 2025/03/02 16:21:18 CET [2025/03/02 10:21:18 ET]
Table 'Aludra' 6-max Seat #1 is the button
Seat 1: Bestology ($33.56 in chips) 
Seat 2: v.Doctore ($10.25 in chips) 
Seat 3: gilly993 ($4.95 in chips) 
Seat 4: thundermili ($15.95 in chips) 
Seat 5: Mahu2021 ($9.75 in chips) 
Seat 6: ChoboPower ($10.01 in chips) 
v.Doctore: posts small blind $0.05
gilly993: posts big blind $0.10
*** HOLE CARDS ***
Dealt to Mahu2021 [7s Qc]
thundermili: folds 
Mahu2021: folds 
ChoboPower: folds 
Bestology: folds 
v.Doctore: folds 
Uncalled bet ($0.05) returned to gilly993
gilly993 collected $0.10 from pot
gilly993: doesn't show hand 
*** SUMMARY ***
Total pot $0.10 | Rake $0 
Seat 1: Bestology (button) folded before Flop (didn't bet)
Seat 2: v.Doctore (small blind) folded before Flop
Seat 3: gilly993 (big blind) collected ($0.10)
Seat 4: thundermili folded before Flop (didn't bet)
Seat 5: Mahu2021 folded before Flop (didn't bet)
Seat 6: ChoboPower folded before Flop (didn't bet)



PokerStars Zoom Hand #255104624554:  Hold'em No Limit ($0.05/$0.10) - 2025/03/02 16:21:23 CET [2025/03/02 10:21:23 ET]
Table 'Aludra' 6-max Seat #1 is the button
Seat 1: putzkedudu ($11.09 in chips) 
Seat 2: Mahu2021 ($9.75 in chips) 
Seat 3: Khoa Kokola ($8.45 in chips) 
Seat 4: heraboy ($52.61 in chips) 
Seat 5: JanosHSPoker ($25.44 in chips) 
Seat 6: IVERNMAN ($10 in chips) 
Mahu2021: posts small blind $0.05
Khoa Kokola: posts big blind $0.10
*** HOLE CARDS ***
Dealt to Mahu2021 [8c Qc]
heraboy: folds 
JanosHSPoker: raises $0.12 to $0.22
IVERNMAN: folds 
putzkedudu: folds 
Mahu2021: calls $0.17
Khoa Kokola: folds 
*** FLOP *** [4c Qd 2h]
Mahu2021: checks 
JanosHSPoker: bets $0.17
Mahu2021: calls $0.17
*** TURN *** [4c Qd 2h] [7d]
Mahu2021: checks 
JanosHSPoker: bets $0.59
Mahu2021: calls $0.59
*** RIVER *** [4c Qd 2h 7d] [9h]
Mahu2021: checks 
JanosHSPoker: checks 
*** SHOW DOWN ***
Mahu2021: shows [8c Qc] (a pair of Queens)
JanosHSPoker: mucks hand 
Mahu2021 collected $1.97 from pot
*** SUMMARY ***
Total pot $2.06 | Rake $0.09 
Board [4c Qd 2h 7d 9h]
Seat 1: putzkedudu (button) folded before Flop (didn't bet)
Seat 2: Mahu2021 (small blind) showed [8c Qc] and won ($1.97) with a pair of Queens
Seat 3: Khoa Kokola (big blind) folded before Flop
Seat 4: heraboy folded before Flop (didn't bet)
Seat 5: JanosHSPoker mucked [Js As]
Seat 6: IVERNMAN folded before Flop (didn't bet)



PokerStars Zoom Hand #255104630252:  Hold'em No Limit ($0.05/$0.10) - 2025/03/02 16:21:48 CET [2025/03/02 10:21:48 ET]
Table 'Aludra' 6-max Seat #1 is the button
Seat 1: eriktnt ($11.86 in chips) 
Seat 2: COVEIROANCAP ($17.10 in chips) 
Seat 3: Mahu2021 ($10.74 in chips) 
Seat 4: acd_045 ($18.91 in chips) 
Seat 5: sonyks2007 ($14.44 in chips) 
Seat 6: Foldinq ($15.16 in chips) 
COVEIROANCAP: posts small blind $0.05
Mahu2021: posts big blind $0.10
*** HOLE CARDS ***
Dealt to Mahu2021 [Js 9c]
acd_045: folds 
sonyks2007: folds 
Foldinq: folds 
eriktnt: folds 
COVEIROANCAP: raises $0.20 to $0.30
Mahu2021: folds 
Uncalled bet ($0.20) returned to COVEIROANCAP
COVEIROANCAP collected $0.20 from pot
COVEIROANCAP: doesn't show hand 
*** SUMMARY ***
Total pot $0.20 | Rake $0 
Seat 1: eriktnt (button) folded before Flop (didn't bet)
Seat 2: COVEIROANCAP (small blind) collected ($0.20)
Seat 3: Mahu2021 (big blind) folded before Flop
Seat 4: acd_045 folded before Flop (didn't bet)
Seat 5: sonyks2007 folded before Flop (didn't bet)
Seat 6: Foldinq folded before Flop (didn't bet)



