PokerStars Hand #242990599867: Tournament #3575182481, $0.92+$0.08 USD Hold'em No Limit - Level I (10/20) - 2023/04/09 21:50:11 CET [2023/04/09 15:50:11 ET]
Table '3575182481 1' 3-max Seat #1 is the button
Seat 1: Mahu2021 (500 in chips) 
Seat 2: Atajan7388 (500 in chips) 
Seat 3: pqpqpq11 (500 in chips) 
Atajan7388: posts small blind 10
pqpqpq11: posts big blind 20
*** HOLE CARDS ***
Dealt to Mahu2021 [Ah 8s]
Mahu2021: raises 20 to 40
Atajan7388: folds 
pqpqpq11: calls 20
*** FLOP *** [3c Td 2s]
pqpqpq11: checks 
Mahu2021: checks 
*** TURN *** [3c Td 2s] [9c]
pqpqpq11: checks 
Mahu2021: checks 
*** RIVER *** [3c Td 2s 9c] [Kc]
pqpqpq11: checks 
Mahu2021: checks 
*** SHOW DOWN ***
pqpqpq11: shows [9d Jc] (a pair of Nines)
Mahu2021: mucks hand 
pqpqpq11 collected 90 from pot
*** SUMMARY ***
Total pot 90 | Rake 0 
Board [3c Td 2s 9c Kc]
Seat 1: Mahu2021 (button) mucked [Ah 8s]
Seat 2: Atajan7388 (small blind) folded before Flop
Seat 3: pqpqpq11 (big blind) showed [9d Jc] and won (90) with a pair of Nines



PokerStars Hand #242990612147: Tournament #3575182481, $0.92+$0.08 USD Hold'em No Limit - Level I (10/20) - 2023/04/09 21:50:38 CET [2023/04/09 15:50:38 ET]
Table '3575182481 1' 3-max Seat #2 is the button
Seat 1: Mahu2021 (460 in chips) 
Seat 2: Atajan7388 (490 in chips) 
Seat 3: pqpqpq11 (550 in chips) 
pqpqpq11: posts small blind 10
Mahu2021: posts big blind 20
*** HOLE CARDS ***
Dealt to Mahu2021 [4d Ks]
Atajan7388: folds 
pqpqpq11: folds 
Uncalled bet (10) returned to Mahu2021
Mahu2021 collected 20 from pot
Mahu2021: doesn't show hand 
*** SUMMARY ***
Total pot 20 | Rake 0 
Seat 1: Mahu2021 (big blind) collected (20)
Seat 2: Atajan7388 (button) folded before Flop (didn't bet)
Seat 3: pqpqpq11 (small blind) folded before Flop



PokerStars Hand #242990614679: Tournament #3575182481, $0.92+$0.08 USD Hold'em No Limit - Level I (10/20) - 2023/04/09 21:50:43 CET [2023/04/09 15:50:43 ET]
Table '3575182481 1' 3-max Seat #3 is the button
Seat 1: Mahu2021 (470 in chips) 
Seat 2: Atajan7388 (490 in chips) 
Seat 3: pqpqpq11 (540 in chips) 
Mahu2021: posts small blind 10
Atajan7388: posts big blind 20
*** HOLE CARDS ***
Dealt to Mahu2021 [8d 3h]
pqpqpq11: raises 20 to 40
Mahu2021: folds 
Atajan7388: calls 20
*** FLOP *** [Jh Qc Kh]
Atajan7388: checks 
pqpqpq11: checks 
*** TURN *** [Jh Qc Kh] [7s]
Atajan7388: bets 45
pqpqpq11: folds 
Uncalled bet (45) returned to Atajan7388
Atajan7388 collected 90 from pot
*** SUMMARY ***
Total pot 90 | Rake 0 
Board [Jh Qc Kh 7s]
Seat 1: Mahu2021 (small blind) folded before Flop
Seat 2: Atajan7388 (big blind) collected (90)
Seat 3: pqpqpq11 (button) folded on the Turn



PokerStars Hand #242990627339: Tournament #3575182481, $0.92+$0.08 USD Hold'em No Limit - Level I (10/20) - 2023/04/09 21:51:10 CET [2023/04/09 15:51:10 ET]
Table '3575182481 1' 3-max Seat #1 is the button
Seat 1: Mahu2021 (460 in chips) 
Seat 2: Atajan7388 (540 in chips) 
Seat 3: pqpqpq11 (500 in chips) 
Atajan7388: posts small blind 10
pqpqpq11: posts big blind 20
*** HOLE CARDS ***
Dealt to Mahu2021 [Ac Tc]
Mahu2021: raises 20 to 40
Atajan7388: calls 30
pqpqpq11: calls 20
*** FLOP *** [Kc Ks Kh]
Atajan7388: checks 
pqpqpq11: checks 
Mahu2021: bets 420 and is all-in
Atajan7388: calls 420
pqpqpq11: folds 
*** TURN *** [Kc Ks Kh] [2d]
*** RIVER *** [Kc Ks Kh 2d] [Jh]
*** SHOW DOWN ***
Atajan7388: shows [Ah 3c] (three of a kind, Kings)
Mahu2021: shows [Ac Tc] (three of a kind, Kings)
Atajan7388 collected 480 from pot
Mahu2021 collected 480 from pot
*** SUMMARY ***
Total pot 960 | Rake 0 
Board [Kc Ks Kh 2d Jh]
Seat 1: Mahu2021 (button) showed [Ac Tc] and won (480) with three of a kind, Kings
Seat 2: Atajan7388 (small blind) showed [Ah 3c] and won (480) with three of a kind, Kings
Seat 3: pqpqpq11 (big blind) folded on the Flop



PokerStars Hand #242990638737: Tournament #3575182481, $0.92+$0.08 USD Hold'em No Limit - Level I (10/20) - 2023/04/09 21:51:35 CET [2023/04/09 15:51:35 ET]
Table '3575182481 1' 3-max Seat #2 is the button
Seat 1: Mahu2021 (480 in chips) 
Seat 2: Atajan7388 (560 in chips) 
Seat 3: pqpqpq11 (460 in chips) 
pqpqpq11: posts small blind 10
Mahu2021: posts big blind 20
*** HOLE CARDS ***
Dealt to Mahu2021 [8h 2d]
Atajan7388: folds 
pqpqpq11: folds 
Uncalled bet (10) returned to Mahu2021
Mahu2021 collected 20 from pot
Mahu2021: doesn't show hand 
*** SUMMARY ***
Total pot 20 | Rake 0 
Seat 1: Mahu2021 (big blind) collected (20)
Seat 2: Atajan7388 (button) folded before Flop (didn't bet)
Seat 3: pqpqpq11 (small blind) folded before Flop



PokerStars Hand #242990643862: Tournament #3575182481, $0.92+$0.08 USD Hold'em No Limit - Level I (10/20) - 2023/04/09 21:51:46 CET [2023/04/09 15:51:46 ET]
Table '3575182481 1' 3-max Seat #3 is the button
Seat 1: Mahu2021 (490 in chips) 
Seat 2: Atajan7388 (560 in chips) 
Seat 3: pqpqpq11 (450 in chips) 
Mahu2021: posts small blind 10
Atajan7388: posts big blind 20
*** HOLE CARDS ***
Dealt to Mahu2021 [5c 7h]
pqpqpq11: folds 
Mahu2021: folds 
Uncalled bet (10) returned to Atajan7388
Atajan7388 collected 20 from pot
*** SUMMARY ***
Total pot 20 | Rake 0 
Seat 1: Mahu2021 (small blind) folded before Flop
Seat 2: Atajan7388 (big blind) collected (20)
Seat 3: pqpqpq11 (button) folded before Flop (didn't bet)



PokerStars Hand #242990646316: Tournament #3575182481, $0.92+$0.08 USD Hold'em No Limit - Level I (10/20) - 2023/04/09 21:51:51 CET [2023/04/09 15:51:51 ET]
Table '3575182481 1' 3-max Seat #1 is the button
Seat 1: Mahu2021 (480 in chips) 
Seat 2: Atajan7388 (570 in chips) 
Seat 3: pqpqpq11 (450 in chips) 
Atajan7388: posts small blind 10
pqpqpq11: posts big blind 20
*** HOLE CARDS ***
Dealt to Mahu2021 [5s Td]
Mahu2021: folds 
Atajan7388: raises 20 to 40
pqpqpq11: calls 20
*** FLOP *** [2s 2d 9c]
Atajan7388: checks 
pqpqpq11: checks 
*** TURN *** [2s 2d 9c] [6c]
Atajan7388: checks 
pqpqpq11: checks 
*** RIVER *** [2s 2d 9c 6c] [8c]
Atajan7388: checks 
pqpqpq11: checks 
*** SHOW DOWN ***
Atajan7388: shows [Qd Js] (a pair of Deuces)
pqpqpq11: shows [Th Ks] (a pair of Deuces - King kicker)
pqpqpq11 collected 80 from pot
*** SUMMARY ***
Total pot 80 | Rake 0 
Board [2s 2d 9c 6c 8c]
Seat 1: Mahu2021 (button) folded before Flop (didn't bet)
Seat 2: Atajan7388 (small blind) showed [Qd Js] and lost with a pair of Deuces
Seat 3: pqpqpq11 (big blind) showed [Th Ks] and won (80) with a pair of Deuces



PokerStars Hand #242990655976: Tournament #3575182481, $0.92+$0.08 USD Hold'em No Limit - Level I (10/20) - 2023/04/09 21:52:12 CET [2023/04/09 15:52:12 ET]
Table '3575182481 1' 3-max Seat #2 is the button
Seat 1: Mahu2021 (480 in chips) 
Seat 2: Atajan7388 (530 in chips) 
Seat 3: pqpqpq11 (490 in chips) 
pqpqpq11: posts small blind 10
Mahu2021: posts big blind 20
*** HOLE CARDS ***
Dealt to Mahu2021 [Qh Qc]
Atajan7388: calls 20
pqpqpq11: raises 40 to 60
Mahu2021: raises 420 to 480 and is all-in
Atajan7388: calls 460
pqpqpq11: raises 10 to 490 and is all-in
Atajan7388: calls 10
*** FLOP *** [6d 8s Js]
*** TURN *** [6d 8s Js] [6h]
*** RIVER *** [6d 8s Js 6h] [5d]
*** SHOW DOWN ***
pqpqpq11: shows [Kc Kh] (two pair, Kings and Sixes)
Atajan7388: shows [Ac 8h] (two pair, Eights and Sixes)
pqpqpq11 collected 20 from side pot
Mahu2021: shows [Qh Qc] (two pair, Queens and Sixes)
pqpqpq11 collected 1440 from main pot
Mahu2021 finished the tournament in 3rd place
*** SUMMARY ***
Total pot 1460 Main pot 1440. Side pot 20. | Rake 0 
Board [6d 8s Js 6h 5d]
Seat 1: Mahu2021 (big blind) showed [Qh Qc] and lost with two pair, Queens and Sixes
Seat 2: Atajan7388 (button) showed [Ac 8h] and lost with two pair, Eights and Sixes
Seat 3: pqpqpq11 (small blind) showed [Kc Kh] and won (1460) with two pair, Kings and Sixes



