PokerStars Hand #254827863651: Tournament #3858048770, $0.46+$0.04 USD Hold'em No Limit - Level I (10/20) - 2025/02/12 9:31:20 CET [2025/02/12 3:31:20 ET]
Table '3858048770 1' 3-max Seat #1 is the button
Seat 1: daria1980 (500 in chips) 
Seat 2: guncam (500 in chips) 
Seat 3: Mahu2021 (500 in chips) 
guncam: posts small blind 10
Mahu2021: posts big blind 20
*** HOLE CARDS ***
Dealt to Mahu2021 [Td 4c]
daria1980: calls 20
guncam: folds 
Mahu2021: checks 
*** FLOP *** [Tc 9d 3s]
Mahu2021: checks 
daria1980: checks 
*** TURN *** [Tc 9d 3s] [Kc]
Mahu2021: checks 
daria1980: bets 20
Mahu2021: calls 20
*** RIVER *** [Tc 9d 3s Kc] [7h]
Mahu2021: checks 
daria1980: checks 
*** SHOW DOWN ***
Mahu2021: shows [Td 4c] (a pair of Tens)
daria1980: mucks hand 
Mahu2021 collected 90 from pot
*** SUMMARY ***
Total pot 90 | Rake 0 
Board [Tc 9d 3s Kc 7h]
Seat 1: daria1980 (button) mucked [5h 8c]
Seat 2: guncam (small blind) folded before Flop
Seat 3: Mahu2021 (big blind) showed [Td 4c] and won (90) with a pair of Tens



PokerStars Hand #254827865057: Tournament #3858048770, $0.46+$0.04 USD Hold'em No Limit - Level I (10/20) - 2025/02/12 9:31:38 CET [2025/02/12 3:31:38 ET]
Table '3858048770 1' 3-max Seat #2 is the button
Seat 1: daria1980 (460 in chips) 
Seat 2: guncam (490 in chips) 
Seat 3: Mahu2021 (550 in chips) 
Mahu2021: posts small blind 10
daria1980: posts big blind 20
*** HOLE CARDS ***
Dealt to Mahu2021 [Tc Jc]
guncam: folds 
Mahu2021: raises 20 to 40
daria1980: raises 20 to 60
Mahu2021: calls 20
*** FLOP *** [2d Jh 6c]
Mahu2021 has timed out
Mahu2021: checks 
daria1980: bets 120
Mahu2021: raises 370 to 490 and is all-in
daria1980: calls 280 and is all-in
Uncalled bet (90) returned to Mahu2021
*** TURN *** [2d Jh 6c] [Js]
*** RIVER *** [2d Jh 6c Js] [3h]
*** SHOW DOWN ***
Mahu2021: shows [Tc Jc] (three of a kind, Jacks)
daria1980: shows [Kd Qd] (a pair of Jacks)
Mahu2021 collected 920 from pot
daria1980 finished the tournament in 3rd place
*** SUMMARY ***
Total pot 920 | Rake 0 
Board [2d Jh 6c Js 3h]
Seat 1: daria1980 (big blind) showed [Kd Qd] and lost with a pair of Jacks
Seat 2: guncam (button) folded before Flop (didn't bet)
Seat 3: Mahu2021 (small blind) showed [Tc Jc] and won (920) with three of a kind, Jacks



PokerStars Hand #254827869316: Tournament #3858048770, $0.46+$0.04 USD Hold'em No Limit - Level I (10/20) - 2025/02/12 9:32:30 CET [2025/02/12 3:32:30 ET]
Table '3858048770 1' 3-max Seat #3 is the button
Seat 2: guncam (490 in chips) 
Seat 3: Mahu2021 (1010 in chips) 
Mahu2021: posts small blind 10
guncam: posts big blind 20
*** HOLE CARDS ***
Dealt to Mahu2021 [4c 5s]
Mahu2021: calls 10
guncam: checks 
*** FLOP *** [3s Tc Qc]
guncam: checks 
Mahu2021: checks 
*** TURN *** [3s Tc Qc] [Qd]
guncam: checks 
Mahu2021: checks 
*** RIVER *** [3s Tc Qc Qd] [5c]
guncam: checks 
Mahu2021: checks 
*** SHOW DOWN ***
guncam: shows [7h 8d] (a pair of Queens)
Mahu2021: shows [4c 5s] (two pair, Queens and Fives)
Mahu2021 collected 40 from pot
*** SUMMARY ***
Total pot 40 | Rake 0 
Board [3s Tc Qc Qd 5c]
Seat 2: guncam (big blind) showed [7h 8d] and lost with a pair of Queens
Seat 3: Mahu2021 (button) (small blind) showed [4c 5s] and won (40) with two pair, Queens and Fives



PokerStars Hand #254827872689: Tournament #3858048770, $0.46+$0.04 USD Hold'em No Limit - Level I (10/20) - 2025/02/12 9:33:12 CET [2025/02/12 3:33:12 ET]
Table '3858048770 1' 3-max Seat #2 is the button
Seat 2: guncam (470 in chips) 
Seat 3: Mahu2021 (1030 in chips) 
guncam: posts small blind 10
Mahu2021: posts big blind 20
*** HOLE CARDS ***
Dealt to Mahu2021 [Jd 9h]
guncam: calls 10
Mahu2021: checks 
*** FLOP *** [Qc As 4s]
Mahu2021: checks 
guncam: checks 
*** TURN *** [Qc As 4s] [7s]
Mahu2021: checks 
guncam: checks 
*** RIVER *** [Qc As 4s 7s] [Ks]
Mahu2021: checks 
guncam: bets 20
Mahu2021: folds 
Uncalled bet (20) returned to guncam
guncam collected 40 from pot
guncam: doesn't show hand 
*** SUMMARY ***
Total pot 40 | Rake 0 
Board [Qc As 4s 7s Ks]
Seat 2: guncam (button) (small blind) collected (40)
Seat 3: Mahu2021 (big blind) folded on the River



PokerStars Hand #254827875487: Tournament #3858048770, $0.46+$0.04 USD Hold'em No Limit - Level II (15/30) - 2025/02/12 9:33:46 CET [2025/02/12 3:33:46 ET]
Table '3858048770 1' 3-max Seat #3 is the button
Seat 2: guncam (490 in chips) 
Seat 3: Mahu2021 (1010 in chips) 
Mahu2021: posts small blind 15
guncam: posts big blind 30
*** HOLE CARDS ***
Dealt to Mahu2021 [Tc 2s]
Mahu2021: folds 
Uncalled bet (15) returned to guncam
guncam collected 30 from pot
guncam: doesn't show hand 
*** SUMMARY ***
Total pot 30 | Rake 0 
Seat 2: guncam (big blind) collected (30)
Seat 3: Mahu2021 (button) (small blind) folded before Flop



PokerStars Hand #254827875852: Tournament #3858048770, $0.46+$0.04 USD Hold'em No Limit - Level II (15/30) - 2025/02/12 9:33:50 CET [2025/02/12 3:33:50 ET]
Table '3858048770 1' 3-max Seat #2 is the button
Seat 2: guncam (505 in chips) 
Seat 3: Mahu2021 (995 in chips) 
guncam: posts small blind 15
Mahu2021: posts big blind 30
*** HOLE CARDS ***
Dealt to Mahu2021 [9s 8s]
guncam: folds 
Uncalled bet (15) returned to Mahu2021
Mahu2021 collected 30 from pot
Mahu2021: doesn't show hand 
*** SUMMARY ***
Total pot 30 | Rake 0 
Seat 2: guncam (button) (small blind) folded before Flop
Seat 3: Mahu2021 (big blind) collected (30)



PokerStars Hand #254827876280: Tournament #3858048770, $0.46+$0.04 USD Hold'em No Limit - Level II (15/30) - 2025/02/12 9:33:56 CET [2025/02/12 3:33:56 ET]
Table '3858048770 1' 3-max Seat #3 is the button
Seat 2: guncam (490 in chips) 
Seat 3: Mahu2021 (1010 in chips) 
Mahu2021: posts small blind 15
guncam: posts big blind 30
*** HOLE CARDS ***
Dealt to Mahu2021 [7h 6s]
Mahu2021: calls 15
guncam: checks 
*** FLOP *** [9s 8s 7s]
guncam: checks 
Mahu2021: bets 30
guncam: folds 
Uncalled bet (30) returned to Mahu2021
Mahu2021 collected 60 from pot
Mahu2021: doesn't show hand 
*** SUMMARY ***
Total pot 60 | Rake 0 
Board [9s 8s 7s]
Seat 2: guncam (big blind) folded on the Flop
Seat 3: Mahu2021 (button) (small blind) collected (60)



PokerStars Hand #254827877931: Tournament #3858048770, $0.46+$0.04 USD Hold'em No Limit - Level II (15/30) - 2025/02/12 9:34:16 CET [2025/02/12 3:34:16 ET]
Table '3858048770 1' 3-max Seat #2 is the button
Seat 2: guncam (460 in chips) 
Seat 3: Mahu2021 (1040 in chips) 
guncam: posts small blind 15
Mahu2021: posts big blind 30
*** HOLE CARDS ***
Dealt to Mahu2021 [Kc 5d]
guncam: folds 
Uncalled bet (15) returned to Mahu2021
Mahu2021 collected 30 from pot
Mahu2021: doesn't show hand 
*** SUMMARY ***
Total pot 30 | Rake 0 
Seat 2: guncam (button) (small blind) folded before Flop
Seat 3: Mahu2021 (big blind) collected (30)



PokerStars Hand #254827878410: Tournament #3858048770, $0.46+$0.04 USD Hold'em No Limit - Level II (15/30) - 2025/02/12 9:34:22 CET [2025/02/12 3:34:22 ET]
Table '3858048770 1' 3-max Seat #3 is the button
Seat 2: guncam (445 in chips) 
Seat 3: Mahu2021 (1055 in chips) 
Mahu2021: posts small blind 15
guncam: posts big blind 30
*** HOLE CARDS ***
Dealt to Mahu2021 [7d Kd]
Mahu2021: raises 30 to 60
guncam: calls 30
*** FLOP *** [4h Ad 6d]
guncam: checks 
Mahu2021: bets 60
guncam: folds 
Uncalled bet (60) returned to Mahu2021
Mahu2021 collected 120 from pot
Mahu2021: doesn't show hand 
*** SUMMARY ***
Total pot 120 | Rake 0 
Board [4h Ad 6d]
Seat 2: guncam (big blind) folded on the Flop
Seat 3: Mahu2021 (button) (small blind) collected (120)



PokerStars Hand #254827879359: Tournament #3858048770, $0.46+$0.04 USD Hold'em No Limit - Level II (15/30) - 2025/02/12 9:34:34 CET [2025/02/12 3:34:34 ET]
Table '3858048770 1' 3-max Seat #2 is the button
Seat 2: guncam (385 in chips) 
Seat 3: Mahu2021 (1115 in chips) 
guncam: posts small blind 15
Mahu2021: posts big blind 30
*** HOLE CARDS ***
Dealt to Mahu2021 [5s Qc]
guncam: raises 30 to 60
Mahu2021: calls 30
*** FLOP *** [7h 8h Ts]
Mahu2021: checks 
guncam: checks 
*** TURN *** [7h 8h Ts] [3c]
Mahu2021: bets 60
guncam: calls 60
*** RIVER *** [7h 8h Ts 3c] [Th]
Mahu2021: bets 120
guncam: folds 
Uncalled bet (120) returned to Mahu2021
Mahu2021 collected 240 from pot
Mahu2021: doesn't show hand 
*** SUMMARY ***
Total pot 240 | Rake 0 
Board [7h 8h Ts 3c Th]
Seat 2: guncam (button) (small blind) folded on the River
Seat 3: Mahu2021 (big blind) collected (240)



PokerStars Hand #254827880866: Tournament #3858048770, $0.46+$0.04 USD Hold'em No Limit - Level II (15/30) - 2025/02/12 9:34:52 CET [2025/02/12 3:34:52 ET]
Table '3858048770 1' 3-max Seat #3 is the button
Seat 2: guncam (265 in chips) 
Seat 3: Mahu2021 (1235 in chips) 
Mahu2021: posts small blind 15
guncam: posts big blind 30
*** HOLE CARDS ***
Dealt to Mahu2021 [8c 7h]
Mahu2021: calls 15
guncam: checks 
*** FLOP *** [6s Qs 9d]
guncam: checks 
Mahu2021: bets 60
guncam: folds 
Uncalled bet (60) returned to Mahu2021
Mahu2021 collected 60 from pot
Mahu2021: doesn't show hand 
*** SUMMARY ***
Total pot 60 | Rake 0 
Board [6s Qs 9d]
Seat 2: guncam (big blind) folded on the Flop
Seat 3: Mahu2021 (button) (small blind) collected (60)



PokerStars Hand #254827881960: Tournament #3858048770, $0.46+$0.04 USD Hold'em No Limit - Level II (15/30) - 2025/02/12 9:35:06 CET [2025/02/12 3:35:06 ET]
Table '3858048770 1' 3-max Seat #2 is the button
Seat 2: guncam (235 in chips) 
Seat 3: Mahu2021 (1265 in chips) 
guncam: posts small blind 15
Mahu2021: posts big blind 30
*** HOLE CARDS ***
Dealt to Mahu2021 [6d Jd]
guncam: raises 30 to 60
Mahu2021: calls 30
*** FLOP *** [5h Ks Ac]
Mahu2021: checks 
guncam: bets 175 and is all-in
Mahu2021: folds 
Uncalled bet (175) returned to guncam
guncam collected 120 from pot
guncam: doesn't show hand 
*** SUMMARY ***
Total pot 120 | Rake 0 
Board [5h Ks Ac]
Seat 2: guncam (button) (small blind) collected (120)
Seat 3: Mahu2021 (big blind) folded on the Flop



PokerStars Hand #254827883562: Tournament #3858048770, $0.46+$0.04 USD Hold'em No Limit - Level III (20/40) - 2025/02/12 9:35:25 CET [2025/02/12 3:35:25 ET]
Table '3858048770 1' 3-max Seat #3 is the button
Seat 2: guncam (295 in chips) 
Seat 3: Mahu2021 (1205 in chips) 
Mahu2021: posts small blind 20
guncam: posts big blind 40
*** HOLE CARDS ***
Dealt to Mahu2021 [Jc Ah]
Mahu2021: raises 40 to 80
guncam: folds 
Uncalled bet (40) returned to Mahu2021
Mahu2021 collected 80 from pot
Mahu2021: doesn't show hand 
*** SUMMARY ***
Total pot 80 | Rake 0 
Seat 2: guncam (big blind) folded before Flop
Seat 3: Mahu2021 (button) (small blind) collected (80)



PokerStars Hand #254827884165: Tournament #3858048770, $0.46+$0.04 USD Hold'em No Limit - Level III (20/40) - 2025/02/12 9:35:33 CET [2025/02/12 3:35:33 ET]
Table '3858048770 1' 3-max Seat #2 is the button
Seat 2: guncam (255 in chips) 
Seat 3: Mahu2021 (1245 in chips) 
guncam: posts small blind 20
Mahu2021: posts big blind 40
*** HOLE CARDS ***
Dealt to Mahu2021 [4d Js]
guncam: calls 20
Mahu2021: checks 
*** FLOP *** [4s 3d 4h]
Mahu2021: checks 
guncam: checks 
*** TURN *** [4s 3d 4h] [7d]
Mahu2021: checks 
guncam: checks 
*** RIVER *** [4s 3d 4h 7d] [6c]
Mahu2021: bets 80
guncam: folds 
Uncalled bet (80) returned to Mahu2021
Mahu2021 collected 80 from pot
Mahu2021: doesn't show hand 
*** SUMMARY ***
Total pot 80 | Rake 0 
Board [4s 3d 4h 7d 6c]
Seat 2: guncam (button) (small blind) folded on the River
Seat 3: Mahu2021 (big blind) collected (80)



PokerStars Hand #254827885719: Tournament #3858048770, $0.46+$0.04 USD Hold'em No Limit - Level III (20/40) - 2025/02/12 9:35:52 CET [2025/02/12 3:35:52 ET]
Table '3858048770 1' 3-max Seat #3 is the button
Seat 2: guncam (215 in chips) 
Seat 3: Mahu2021 (1285 in chips) 
Mahu2021: posts small blind 20
guncam: posts big blind 40
*** HOLE CARDS ***
Dealt to Mahu2021 [8s Td]
Mahu2021: calls 20
guncam: checks 
*** FLOP *** [5h 2d 3s]
guncam: checks 
Mahu2021: checks 
*** TURN *** [5h 2d 3s] [4d]
guncam: checks 
Mahu2021: bets 40
guncam: folds 
Uncalled bet (40) returned to Mahu2021
Mahu2021 collected 80 from pot
Mahu2021: doesn't show hand 
*** SUMMARY ***
Total pot 80 | Rake 0 
Board [5h 2d 3s 4d]
Seat 2: guncam (big blind) folded on the Turn
Seat 3: Mahu2021 (button) (small blind) collected (80)



PokerStars Hand #254827886941: Tournament #3858048770, $0.46+$0.04 USD Hold'em No Limit - Level III (20/40) - 2025/02/12 9:36:07 CET [2025/02/12 3:36:07 ET]
Table '3858048770 1' 3-max Seat #2 is the button
Seat 2: guncam (175 in chips) 
Seat 3: Mahu2021 (1325 in chips) 
guncam: posts small blind 20
Mahu2021: posts big blind 40
*** HOLE CARDS ***
Dealt to Mahu2021 [9s Td]
guncam: calls 20
Mahu2021: checks 
*** FLOP *** [2c 5h Ks]
Mahu2021: checks 
guncam: checks 
*** TURN *** [2c 5h Ks] [2h]
Mahu2021: checks 
guncam: checks 
*** RIVER *** [2c 5h Ks 2h] [Qd]
Mahu2021: checks 
guncam: checks 
*** SHOW DOWN ***
Mahu2021: shows [9s Td] (a pair of Deuces)
guncam: mucks hand 
Mahu2021 collected 80 from pot
*** SUMMARY ***
Total pot 80 | Rake 0 
Board [2c 5h Ks 2h Qd]
Seat 2: guncam (button) (small blind) mucked [9h 7c]
Seat 3: Mahu2021 (big blind) showed [9s Td] and won (80) with a pair of Deuces



PokerStars Hand #254827888189: Tournament #3858048770, $0.46+$0.04 USD Hold'em No Limit - Level III (20/40) - 2025/02/12 9:36:22 CET [2025/02/12 3:36:22 ET]
Table '3858048770 1' 3-max Seat #3 is the button
Seat 2: guncam (135 in chips) 
Seat 3: Mahu2021 (1365 in chips) 
Mahu2021: posts small blind 20
guncam: posts big blind 40
*** HOLE CARDS ***
Dealt to Mahu2021 [5h Jc]
Mahu2021: calls 20
guncam: raises 95 to 135 and is all-in
Mahu2021: folds 
Uncalled bet (95) returned to guncam
guncam collected 80 from pot
guncam: doesn't show hand 
*** SUMMARY ***
Total pot 80 | Rake 0 
Seat 2: guncam (big blind) collected (80)
Seat 3: Mahu2021 (button) (small blind) folded before Flop



PokerStars Hand #254827889162: Tournament #3858048770, $0.46+$0.04 USD Hold'em No Limit - Level III (20/40) - 2025/02/12 9:36:34 CET [2025/02/12 3:36:34 ET]
Table '3858048770 1' 3-max Seat #2 is the button
Seat 2: guncam (175 in chips) 
Seat 3: Mahu2021 (1325 in chips) 
guncam: posts small blind 20
Mahu2021: posts big blind 40
*** HOLE CARDS ***
Dealt to Mahu2021 [Jh 4d]
guncam: raises 135 to 175 and is all-in
Mahu2021: folds 
Uncalled bet (135) returned to guncam
guncam collected 80 from pot
guncam: doesn't show hand 
*** SUMMARY ***
Total pot 80 | Rake 0 
Seat 2: guncam (button) (small blind) collected (80)
Seat 3: Mahu2021 (big blind) folded before Flop



PokerStars Hand #254827889827: Tournament #3858048770, $0.46+$0.04 USD Hold'em No Limit - Level III (20/40) - 2025/02/12 9:36:42 CET [2025/02/12 3:36:42 ET]
Table '3858048770 1' 3-max Seat #3 is the button
Seat 2: guncam (215 in chips) 
Seat 3: Mahu2021 (1285 in chips) 
Mahu2021: posts small blind 20
guncam: posts big blind 40
*** HOLE CARDS ***
Dealt to Mahu2021 [Ac 5s]
Mahu2021: raises 40 to 80
guncam: raises 135 to 215 and is all-in
Mahu2021: calls 135
*** FLOP *** [6h Kd 2d]
*** TURN *** [6h Kd 2d] [Tc]
*** RIVER *** [6h Kd 2d Tc] [6c]
*** SHOW DOWN ***
guncam: shows [As 6s] (three of a kind, Sixes)
Mahu2021: shows [Ac 5s] (a pair of Sixes)
guncam collected 430 from pot
*** SUMMARY ***
Total pot 430 | Rake 0 
Board [6h Kd 2d Tc 6c]
Seat 2: guncam (big blind) showed [As 6s] and won (430) with three of a kind, Sixes
Seat 3: Mahu2021 (button) (small blind) showed [Ac 5s] and lost with a pair of Sixes



PokerStars Hand #254827891009: Tournament #3858048770, $0.46+$0.04 USD Hold'em No Limit - Level III (20/40) - 2025/02/12 9:36:57 CET [2025/02/12 3:36:57 ET]
Table '3858048770 1' 3-max Seat #2 is the button
Seat 2: guncam (430 in chips) 
Seat 3: Mahu2021 (1070 in chips) 
guncam: posts small blind 20
Mahu2021: posts big blind 40
*** HOLE CARDS ***
Dealt to Mahu2021 [7d 9d]
guncam: calls 20
Mahu2021: checks 
*** FLOP *** [7h Ad 3d]
Mahu2021: bets 40
guncam: folds 
Uncalled bet (40) returned to Mahu2021
Mahu2021 collected 80 from pot
Mahu2021: doesn't show hand 
*** SUMMARY ***
Total pot 80 | Rake 0 
Board [7h Ad 3d]
Seat 2: guncam (button) (small blind) folded on the Flop
Seat 3: Mahu2021 (big blind) collected (80)



PokerStars Hand #254827891987: Tournament #3858048770, $0.46+$0.04 USD Hold'em No Limit - Level III (20/40) - 2025/02/12 9:37:09 CET [2025/02/12 3:37:09 ET]
Table '3858048770 1' 3-max Seat #3 is the button
Seat 2: guncam (390 in chips) 
Seat 3: Mahu2021 (1110 in chips) 
Mahu2021: posts small blind 20
guncam: posts big blind 40
*** HOLE CARDS ***
Dealt to Mahu2021 [Ts Td]
Mahu2021: raises 1070 to 1110 and is all-in
guncam: folds 
Uncalled bet (1070) returned to Mahu2021
Mahu2021 collected 80 from pot
Mahu2021: doesn't show hand 
*** SUMMARY ***
Total pot 80 | Rake 0 
Seat 2: guncam (big blind) folded before Flop
Seat 3: Mahu2021 (button) (small blind) collected (80)



PokerStars Hand #254827892738: Tournament #3858048770, $0.46+$0.04 USD Hold'em No Limit - Level III (20/40) - 2025/02/12 9:37:18 CET [2025/02/12 3:37:18 ET]
Table '3858048770 1' 3-max Seat #2 is the button
Seat 2: guncam (350 in chips) 
Seat 3: Mahu2021 (1150 in chips) 
guncam: posts small blind 20
Mahu2021: posts big blind 40
*** HOLE CARDS ***
Dealt to Mahu2021 [8s 6h]
guncam: raises 80 to 120
Mahu2021: folds 
Uncalled bet (80) returned to guncam
guncam collected 80 from pot
guncam: doesn't show hand 
*** SUMMARY ***
Total pot 80 | Rake 0 
Seat 2: guncam (button) (small blind) collected (80)
Seat 3: Mahu2021 (big blind) folded before Flop



PokerStars Hand #254827893596: Tournament #3858048770, $0.46+$0.04 USD Hold'em No Limit - Level IV (30/60) - 2025/02/12 9:37:28 CET [2025/02/12 3:37:28 ET]
Table '3858048770 1' 3-max Seat #3 is the button
Seat 2: guncam (390 in chips) 
Seat 3: Mahu2021 (1110 in chips) 
Mahu2021: posts small blind 30
guncam: posts big blind 60
*** HOLE CARDS ***
Dealt to Mahu2021 [Qd Kd]
Mahu2021: raises 60 to 120
guncam: calls 60
*** FLOP *** [4h Ad 7d]
guncam: checks 
Mahu2021: bets 990 and is all-in
guncam: folds 
Uncalled bet (990) returned to Mahu2021
Mahu2021 collected 240 from pot
Mahu2021: doesn't show hand 
*** SUMMARY ***
Total pot 240 | Rake 0 
Board [4h Ad 7d]
Seat 2: guncam (big blind) folded on the Flop
Seat 3: Mahu2021 (button) (small blind) collected (240)



PokerStars Hand #254827894899: Tournament #3858048770, $0.46+$0.04 USD Hold'em No Limit - Level IV (30/60) - 2025/02/12 9:37:44 CET [2025/02/12 3:37:44 ET]
Table '3858048770 1' 3-max Seat #2 is the button
Seat 2: guncam (270 in chips) 
Seat 3: Mahu2021 (1230 in chips) 
guncam: posts small blind 30
Mahu2021: posts big blind 60
*** HOLE CARDS ***
Dealt to Mahu2021 [2c Tc]
guncam: calls 30
Mahu2021: checks 
*** FLOP *** [3s Qc 7h]
Mahu2021: checks 
guncam: checks 
*** TURN *** [3s Qc 7h] [Qd]
Mahu2021: bets 60
guncam: calls 60
*** RIVER *** [3s Qc 7h Qd] [5c]
Mahu2021: bets 180
guncam: calls 150 and is all-in
Uncalled bet (30) returned to Mahu2021
*** SHOW DOWN ***
Mahu2021: shows [2c Tc] (a pair of Queens)
guncam: shows [7d Jh] (two pair, Queens and Sevens)
guncam collected 540 from pot
*** SUMMARY ***
Total pot 540 | Rake 0 
Board [3s Qc 7h Qd 5c]
Seat 2: guncam (button) (small blind) showed [7d Jh] and won (540) with two pair, Queens and Sevens
Seat 3: Mahu2021 (big blind) showed [2c Tc] and lost with a pair of Queens



PokerStars Hand #254827897601: Tournament #3858048770, $0.46+$0.04 USD Hold'em No Limit - Level IV (30/60) - 2025/02/12 9:38:18 CET [2025/02/12 3:38:18 ET]
Table '3858048770 1' 3-max Seat #3 is the button
Seat 2: guncam (540 in chips) 
Seat 3: Mahu2021 (960 in chips) 
Mahu2021: posts small blind 30
guncam: posts big blind 60
*** HOLE CARDS ***
Dealt to Mahu2021 [Qs 2c]
Mahu2021: calls 30
guncam: checks 
*** FLOP *** [Qh Ac 9c]
guncam: checks 
Mahu2021: bets 60
guncam: folds 
Uncalled bet (60) returned to Mahu2021
Mahu2021 collected 120 from pot
Mahu2021: doesn't show hand 
*** SUMMARY ***
Total pot 120 | Rake 0 
Board [Qh Ac 9c]
Seat 2: guncam (big blind) folded on the Flop
Seat 3: Mahu2021 (button) (small blind) collected (120)



PokerStars Hand #254827898819: Tournament #3858048770, $0.46+$0.04 USD Hold'em No Limit - Level IV (30/60) - 2025/02/12 9:38:32 CET [2025/02/12 3:38:32 ET]
Table '3858048770 1' 3-max Seat #2 is the button
Seat 2: guncam (480 in chips) 
Seat 3: Mahu2021 (1020 in chips) 
guncam: posts small blind 30
Mahu2021: posts big blind 60
*** HOLE CARDS ***
Dealt to Mahu2021 [3c Ks]
guncam: calls 30
Mahu2021: checks 
*** FLOP *** [5c 4c Jd]
Mahu2021: checks 
guncam: checks 
*** TURN *** [5c 4c Jd] [4d]
Mahu2021: checks 
guncam: checks 
*** RIVER *** [5c 4c Jd 4d] [7c]
Mahu2021: checks 
guncam: checks 
*** SHOW DOWN ***
Mahu2021: shows [3c Ks] (a pair of Fours)
guncam: mucks hand 
Mahu2021 collected 120 from pot
*** SUMMARY ***
Total pot 120 | Rake 0 
Board [5c 4c Jd 4d 7c]
Seat 2: guncam (button) (small blind) mucked [8c Qh]
Seat 3: Mahu2021 (big blind) showed [3c Ks] and won (120) with a pair of Fours



PokerStars Hand #254827901336: Tournament #3858048770, $0.46+$0.04 USD Hold'em No Limit - Level IV (30/60) - 2025/02/12 9:39:03 CET [2025/02/12 3:39:03 ET]
Table '3858048770 1' 3-max Seat #3 is the button
Seat 2: guncam (420 in chips) 
Seat 3: Mahu2021 (1080 in chips) 
Mahu2021: posts small blind 30
guncam: posts big blind 60
*** HOLE CARDS ***
Dealt to Mahu2021 [4s Kh]
Mahu2021: raises 60 to 120
guncam: calls 60
*** FLOP *** [9h Qs Ad]
guncam: checks 
Mahu2021: bets 120
guncam: raises 180 to 300 and is all-in
Mahu2021: folds 
Uncalled bet (180) returned to guncam
guncam collected 480 from pot
guncam: doesn't show hand 
*** SUMMARY ***
Total pot 480 | Rake 0 
Board [9h Qs Ad]
Seat 2: guncam (big blind) collected (480)
Seat 3: Mahu2021 (button) (small blind) folded on the Flop



PokerStars Hand #254827902832: Tournament #3858048770, $0.46+$0.04 USD Hold'em No Limit - Level IV (30/60) - 2025/02/12 9:39:21 CET [2025/02/12 3:39:21 ET]
Table '3858048770 1' 3-max Seat #2 is the button
Seat 2: guncam (660 in chips) 
Seat 3: Mahu2021 (840 in chips) 
guncam: posts small blind 30
Mahu2021: posts big blind 60
*** HOLE CARDS ***
Dealt to Mahu2021 [4d Kd]
guncam: folds 
Uncalled bet (30) returned to Mahu2021
Mahu2021 collected 60 from pot
Mahu2021: doesn't show hand 
*** SUMMARY ***
Total pot 60 | Rake 0 
Seat 2: guncam (button) (small blind) folded before Flop
Seat 3: Mahu2021 (big blind) collected (60)



PokerStars Hand #254827903517: Tournament #3858048770, $0.46+$0.04 USD Hold'em No Limit - Level V (40/80) - 2025/02/12 9:39:30 CET [2025/02/12 3:39:30 ET]
Table '3858048770 1' 3-max Seat #3 is the button
Seat 2: guncam (630 in chips) 
Seat 3: Mahu2021 (870 in chips) 
Mahu2021: posts small blind 40
guncam: posts big blind 80
*** HOLE CARDS ***
Dealt to Mahu2021 [4d 5h]
Mahu2021: calls 40
guncam: checks 
*** FLOP *** [9c 2d Tc]
guncam: checks 
Mahu2021: checks 
*** TURN *** [9c 2d Tc] [Ks]
guncam: checks 
Mahu2021: checks 
*** RIVER *** [9c 2d Tc Ks] [Qd]
guncam: checks 
Mahu2021: checks 
*** SHOW DOWN ***
guncam: shows [3d 6d] (high card King)
Mahu2021: mucks hand 
guncam collected 160 from pot
*** SUMMARY ***
Total pot 160 | Rake 0 
Board [9c 2d Tc Ks Qd]
Seat 2: guncam (big blind) showed [3d 6d] and won (160) with high card King
Seat 3: Mahu2021 (button) (small blind) mucked [4d 5h]



PokerStars Hand #254827904821: Tournament #3858048770, $0.46+$0.04 USD Hold'em No Limit - Level V (40/80) - 2025/02/12 9:39:46 CET [2025/02/12 3:39:46 ET]
Table '3858048770 1' 3-max Seat #2 is the button
Seat 2: guncam (710 in chips) 
Seat 3: Mahu2021 (790 in chips) 
guncam: posts small blind 40
Mahu2021: posts big blind 80
*** HOLE CARDS ***
Dealt to Mahu2021 [Qd Ts]
guncam: calls 40
Mahu2021: raises 710 to 790 and is all-in
guncam: calls 630 and is all-in
Uncalled bet (80) returned to Mahu2021
*** FLOP *** [2d Ks 8c]
*** TURN *** [2d Ks 8c] [9h]
*** RIVER *** [2d Ks 8c 9h] [4s]
*** SHOW DOWN ***
Mahu2021: shows [Qd Ts] (high card King)
guncam: shows [8s Ah] (a pair of Eights)
guncam collected 1420 from pot
*** SUMMARY ***
Total pot 1420 | Rake 0 
Board [2d Ks 8c 9h 4s]
Seat 2: guncam (button) (small blind) showed [8s Ah] and won (1420) with a pair of Eights
Seat 3: Mahu2021 (big blind) showed [Qd Ts] and lost with high card King



PokerStars Hand #254827906195: Tournament #3858048770, $0.46+$0.04 USD Hold'em No Limit - Level V (40/80) - 2025/02/12 9:40:02 CET [2025/02/12 3:40:02 ET]
Table '3858048770 1' 3-max Seat #3 is the button
Seat 2: guncam (1420 in chips) 
Seat 3: Mahu2021 (80 in chips) 
Mahu2021: posts small blind 40
guncam: posts big blind 80
*** HOLE CARDS ***
Dealt to Mahu2021 [2d 5h]
Mahu2021: calls 40 and is all-in
*** FLOP *** [9d Kd 2h]
*** TURN *** [9d Kd 2h] [4s]
*** RIVER *** [9d Kd 2h 4s] [Ah]
*** SHOW DOWN ***
guncam: shows [Ks 8c] (a pair of Kings)
Mahu2021: shows [2d 5h] (a pair of Deuces)
guncam collected 160 from pot
Mahu2021 finished the tournament in 2nd place
guncam wins the tournament - congratulations!
guncam wins a '$1.00 Power Path Step 2 Ticket' ticket
*** SUMMARY ***
Total pot 160 | Rake 0 
Board [9d Kd 2h 4s Ah]
Seat 2: guncam (big blind) showed [Ks 8c] and won (160) with a pair of Kings
Seat 3: Mahu2021 (button) (small blind) showed [2d 5h] and lost with a pair of Deuces



