PokerStars Hand #248503911617: Tournament #3707004741, $1.84+$0.16 USD Hold'em No Limit - Level I (10/20) - 2024/01/26 14:49:18 CET [2024/01/26 8:49:18 ET]
Table '3707004741 1' 3-max Seat #1 is the button
Seat 1: Mahu2021 (500 in chips) 
Seat 2: CARTIMATT (500 in chips) 
Seat 3: lussarmelas (500 in chips) 
CARTIMATT: posts small blind 10
lussarmelas: posts big blind 20
*** HOLE CARDS ***
Dealt to Mahu2021 [7c Qh]
Mahu2021: folds 
CARTIMATT: folds 
Uncalled bet (10) returned to lussarmelas
lussarmelas collected 20 from pot
*** SUMMARY ***
Total pot 20 | Rake 0 
Seat 1: Mahu2021 (button) folded before Flop (didn't bet)
Seat 2: CARTIMATT (small blind) folded before Flop
Seat 3: lussarmelas (big blind) collected (20)



PokerStars Hand #248503912805: Tournament #3707004741, $1.84+$0.16 USD Hold'em No Limit - Level I (10/20) - 2024/01/26 14:49:24 CET [2024/01/26 8:49:24 ET]
Table '3707004741 1' 3-max Seat #2 is the button
Seat 1: Mahu2021 (500 in chips) 
Seat 2: CARTIMATT (490 in chips) 
Seat 3: lussarmelas (510 in chips) 
lussarmelas: posts small blind 10
Mahu2021: posts big blind 20
*** HOLE CARDS ***
Dealt to Mahu2021 [9h Ac]
CARTIMATT: folds 
lussarmelas: calls 10
Mahu2021: checks 
*** FLOP *** [5s Qd 6c]
lussarmelas: bets 40
Mahu2021: folds 
Uncalled bet (40) returned to lussarmelas
lussarmelas collected 40 from pot
*** SUMMARY ***
Total pot 40 | Rake 0 
Board [5s Qd 6c]
Seat 1: Mahu2021 (big blind) folded on the Flop
Seat 2: CARTIMATT (button) folded before Flop (didn't bet)
Seat 3: lussarmelas (small blind) collected (40)



PokerStars Hand #248503916535: Tournament #3707004741, $1.84+$0.16 USD Hold'em No Limit - Level I (10/20) - 2024/01/26 14:49:42 CET [2024/01/26 8:49:42 ET]
Table '3707004741 1' 3-max Seat #3 is the button
Seat 1: Mahu2021 (480 in chips) 
Seat 2: CARTIMATT (490 in chips) 
Seat 3: lussarmelas (530 in chips) 
Mahu2021: posts small blind 10
CARTIMATT: posts big blind 20
*** HOLE CARDS ***
Dealt to Mahu2021 [6s 3s]
lussarmelas: calls 20
Mahu2021: calls 10
CARTIMATT: checks 
*** FLOP *** [2h 9d Kh]
Mahu2021: checks 
CARTIMATT: checks 
lussarmelas: bets 40
Mahu2021: folds 
CARTIMATT: folds 
Uncalled bet (40) returned to lussarmelas
lussarmelas collected 60 from pot
*** SUMMARY ***
Total pot 60 | Rake 0 
Board [2h 9d Kh]
Seat 1: Mahu2021 (small blind) folded on the Flop
Seat 2: CARTIMATT (big blind) folded on the Flop
Seat 3: lussarmelas (button) collected (60)



PokerStars Hand #248503919238: Tournament #3707004741, $1.84+$0.16 USD Hold'em No Limit - Level I (10/20) - 2024/01/26 14:49:55 CET [2024/01/26 8:49:55 ET]
Table '3707004741 1' 3-max Seat #1 is the button
Seat 1: Mahu2021 (460 in chips) 
Seat 2: CARTIMATT (470 in chips) 
Seat 3: lussarmelas (570 in chips) 
CARTIMATT: posts small blind 10
lussarmelas: posts big blind 20
*** HOLE CARDS ***
Dealt to Mahu2021 [9d 5c]
Mahu2021: folds 
CARTIMATT: raises 40 to 60
lussarmelas: calls 40
*** FLOP *** [2s 9s 6h]
CARTIMATT: checks 
lussarmelas: bets 40
CARTIMATT: calls 40
*** TURN *** [2s 9s 6h] [2h]
CARTIMATT: checks 
lussarmelas: bets 40
CARTIMATT: calls 40
*** RIVER *** [2s 9s 6h 2h] [Kc]
CARTIMATT: bets 160
lussarmelas: folds 
Uncalled bet (160) returned to CARTIMATT
CARTIMATT collected 280 from pot
*** SUMMARY ***
Total pot 280 | Rake 0 
Board [2s 9s 6h 2h Kc]
Seat 1: Mahu2021 (button) folded before Flop (didn't bet)
Seat 2: CARTIMATT (small blind) collected (280)
Seat 3: lussarmelas (big blind) folded on the River



PokerStars Hand #248503924779: Tournament #3707004741, $1.84+$0.16 USD Hold'em No Limit - Level I (10/20) - 2024/01/26 14:50:21 CET [2024/01/26 8:50:21 ET]
Table '3707004741 1' 3-max Seat #2 is the button
Seat 1: Mahu2021 (460 in chips) 
Seat 2: CARTIMATT (610 in chips) 
Seat 3: lussarmelas (430 in chips) 
lussarmelas: posts small blind 10
Mahu2021: posts big blind 20
*** HOLE CARDS ***
Dealt to Mahu2021 [Th Ac]
CARTIMATT: raises 20 to 40
lussarmelas: calls 30
Mahu2021: calls 20
*** FLOP *** [2d Kc 4h]
lussarmelas: checks 
Mahu2021: checks 
CARTIMATT: bets 120
lussarmelas: calls 120
Mahu2021: folds 
*** TURN *** [2d Kc 4h] [7c]
lussarmelas: bets 270 and is all-in
CARTIMATT: folds 
Uncalled bet (270) returned to lussarmelas
lussarmelas collected 360 from pot
*** SUMMARY ***
Total pot 360 | Rake 0 
Board [2d Kc 4h 7c]
Seat 1: Mahu2021 (big blind) folded on the Flop
Seat 2: CARTIMATT (button) folded on the Turn
Seat 3: lussarmelas (small blind) collected (360)



PokerStars Hand #248503931391: Tournament #3707004741, $1.84+$0.16 USD Hold'em No Limit - Level I (10/20) - 2024/01/26 14:50:53 CET [2024/01/26 8:50:53 ET]
Table '3707004741 1' 3-max Seat #3 is the button
Seat 1: Mahu2021 (420 in chips) 
Seat 2: CARTIMATT (450 in chips) 
Seat 3: lussarmelas (630 in chips) 
Mahu2021: posts small blind 10
CARTIMATT: posts big blind 20
*** HOLE CARDS ***
Dealt to Mahu2021 [7d Ad]
lussarmelas: calls 20
Mahu2021: raises 40 to 60
CARTIMATT: calls 40
lussarmelas: calls 40
*** FLOP *** [9c 2s 3h]
Mahu2021: checks 
CARTIMATT: checks 
lussarmelas: bets 40
Mahu2021: calls 40
CARTIMATT: calls 40
*** TURN *** [9c 2s 3h] [5h]
Mahu2021: checks 
CARTIMATT: checks 
lussarmelas: checks 
*** RIVER *** [9c 2s 3h 5h] [7c]
Mahu2021: bets 80
CARTIMATT: calls 80
lussarmelas: folds 
*** SHOW DOWN ***
Mahu2021: shows [7d Ad] (a pair of Sevens)
CARTIMATT: mucks hand 
Mahu2021 collected 460 from pot
*** SUMMARY ***
Total pot 460 | Rake 0 
Board [9c 2s 3h 5h 7c]
Seat 1: Mahu2021 (small blind) showed [7d Ad] and won (460) with a pair of Sevens
Seat 2: CARTIMATT (big blind) mucked [6d 5d]
Seat 3: lussarmelas (button) folded on the River



PokerStars Hand #248503938326: Tournament #3707004741, $1.84+$0.16 USD Hold'em No Limit - Level I (10/20) - 2024/01/26 14:51:26 CET [2024/01/26 8:51:26 ET]
Table '3707004741 1' 3-max Seat #1 is the button
Seat 1: Mahu2021 (700 in chips) 
Seat 2: CARTIMATT (270 in chips) 
Seat 3: lussarmelas (530 in chips) 
CARTIMATT: posts small blind 10
lussarmelas: posts big blind 20
*** HOLE CARDS ***
Dealt to Mahu2021 [2d 4h]
Mahu2021: folds 
CARTIMATT: raises 250 to 270 and is all-in
lussarmelas: folds 
Uncalled bet (250) returned to CARTIMATT
CARTIMATT collected 40 from pot
*** SUMMARY ***
Total pot 40 | Rake 0 
Seat 1: Mahu2021 (button) folded before Flop (didn't bet)
Seat 2: CARTIMATT (small blind) collected (40)
Seat 3: lussarmelas (big blind) folded before Flop



PokerStars Hand #248503940213: Tournament #3707004741, $1.84+$0.16 USD Hold'em No Limit - Level I (10/20) - 2024/01/26 14:51:35 CET [2024/01/26 8:51:35 ET]
Table '3707004741 1' 3-max Seat #2 is the button
Seat 1: Mahu2021 (700 in chips) 
Seat 2: CARTIMATT (290 in chips) 
Seat 3: lussarmelas (510 in chips) 
lussarmelas: posts small blind 10
Mahu2021: posts big blind 20
*** HOLE CARDS ***
Dealt to Mahu2021 [As 2h]
CARTIMATT: folds 
lussarmelas: calls 10
Mahu2021: checks 
*** FLOP *** [5d 9d 7c]
lussarmelas: checks 
Mahu2021: checks 
*** TURN *** [5d 9d 7c] [6c]
lussarmelas: bets 20
Mahu2021: folds 
Uncalled bet (20) returned to lussarmelas
lussarmelas collected 40 from pot
*** SUMMARY ***
Total pot 40 | Rake 0 
Board [5d 9d 7c 6c]
Seat 1: Mahu2021 (big blind) folded on the Turn
Seat 2: CARTIMATT (button) folded before Flop (didn't bet)
Seat 3: lussarmelas (small blind) collected (40)



PokerStars Hand #248503944781: Tournament #3707004741, $1.84+$0.16 USD Hold'em No Limit - Level I (10/20) - 2024/01/26 14:51:57 CET [2024/01/26 8:51:57 ET]
Table '3707004741 1' 3-max Seat #3 is the button
Seat 1: Mahu2021 (680 in chips) 
Seat 2: CARTIMATT (290 in chips) 
Seat 3: lussarmelas (530 in chips) 
Mahu2021: posts small blind 10
CARTIMATT: posts big blind 20
*** HOLE CARDS ***
Dealt to Mahu2021 [5d Js]
lussarmelas: calls 20
Mahu2021: folds 
CARTIMATT: raises 270 to 290 and is all-in
lussarmelas: folds 
Uncalled bet (270) returned to CARTIMATT
CARTIMATT collected 50 from pot
*** SUMMARY ***
Total pot 50 | Rake 0 
Seat 1: Mahu2021 (small blind) folded before Flop
Seat 2: CARTIMATT (big blind) collected (50)
Seat 3: lussarmelas (button) folded before Flop



PokerStars Hand #248503947072: Tournament #3707004741, $1.84+$0.16 USD Hold'em No Limit - Level I (10/20) - 2024/01/26 14:52:08 CET [2024/01/26 8:52:08 ET]
Table '3707004741 1' 3-max Seat #1 is the button
Seat 1: Mahu2021 (670 in chips) 
Seat 2: CARTIMATT (320 in chips) 
Seat 3: lussarmelas (510 in chips) 
CARTIMATT: posts small blind 10
lussarmelas: posts big blind 20
*** HOLE CARDS ***
Dealt to Mahu2021 [6c Ts]
Mahu2021: folds 
CARTIMATT: raises 40 to 60
lussarmelas: calls 40
*** FLOP *** [Tc 6h 5s]
CARTIMATT: checks 
lussarmelas: bets 20
CARTIMATT: calls 20
*** TURN *** [Tc 6h 5s] [Ks]
CARTIMATT: checks 
lussarmelas: checks 
*** RIVER *** [Tc 6h 5s Ks] [Qh]
CARTIMATT: bets 160
lussarmelas: folds 
Uncalled bet (160) returned to CARTIMATT
CARTIMATT collected 160 from pot
*** SUMMARY ***
Total pot 160 | Rake 0 
Board [Tc 6h 5s Ks Qh]
Seat 1: Mahu2021 (button) folded before Flop (didn't bet)
Seat 2: CARTIMATT (small blind) collected (160)
Seat 3: lussarmelas (big blind) folded on the River



PokerStars Hand #248503951884: Tournament #3707004741, $1.84+$0.16 USD Hold'em No Limit - Level II (15/30) - 2024/01/26 14:52:30 CET [2024/01/26 8:52:30 ET]
Table '3707004741 1' 3-max Seat #2 is the button
Seat 1: Mahu2021 (670 in chips) 
Seat 2: CARTIMATT (400 in chips) 
Seat 3: lussarmelas (430 in chips) 
lussarmelas: posts small blind 15
Mahu2021: posts big blind 30
*** HOLE CARDS ***
Dealt to Mahu2021 [2d 2s]
CARTIMATT: raises 75 to 105
lussarmelas: folds 
Mahu2021: folds 
Uncalled bet (75) returned to CARTIMATT
CARTIMATT collected 75 from pot
*** SUMMARY ***
Total pot 75 | Rake 0 
Seat 1: Mahu2021 (big blind) folded before Flop
Seat 2: CARTIMATT (button) collected (75)
Seat 3: lussarmelas (small blind) folded before Flop



PokerStars Hand #248503954003: Tournament #3707004741, $1.84+$0.16 USD Hold'em No Limit - Level II (15/30) - 2024/01/26 14:52:41 CET [2024/01/26 8:52:41 ET]
Table '3707004741 1' 3-max Seat #3 is the button
Seat 1: Mahu2021 (640 in chips) 
Seat 2: CARTIMATT (445 in chips) 
Seat 3: lussarmelas (415 in chips) 
Mahu2021: posts small blind 15
CARTIMATT: posts big blind 30
*** HOLE CARDS ***
Dealt to Mahu2021 [9c 7s]
lussarmelas: calls 30
Mahu2021: folds 
CARTIMATT: checks 
*** FLOP *** [5s Qs Qc]
CARTIMATT: checks 
lussarmelas: checks 
*** TURN *** [5s Qs Qc] [7h]
CARTIMATT: checks 
lussarmelas: bets 30
CARTIMATT: calls 30
*** RIVER *** [5s Qs Qc 7h] [4c]
CARTIMATT: checks 
lussarmelas: bets 30
CARTIMATT: calls 30
*** SHOW DOWN ***
lussarmelas: shows [Jd 2h] (a pair of Queens)
CARTIMATT: shows [4d 6c] (two pair, Queens and Fours)
CARTIMATT collected 195 from pot
*** SUMMARY ***
Total pot 195 | Rake 0 
Board [5s Qs Qc 7h 4c]
Seat 1: Mahu2021 (small blind) folded before Flop
Seat 2: CARTIMATT (big blind) showed [4d 6c] and won (195) with two pair, Queens and Fours
Seat 3: lussarmelas (button) showed [Jd 2h] and lost with a pair of Queens



PokerStars Hand #248503958012: Tournament #3707004741, $1.84+$0.16 USD Hold'em No Limit - Level II (15/30) - 2024/01/26 14:53:00 CET [2024/01/26 8:53:00 ET]
Table '3707004741 1' 3-max Seat #1 is the button
Seat 1: Mahu2021 (625 in chips) 
Seat 2: CARTIMATT (550 in chips) 
Seat 3: lussarmelas (325 in chips) 
CARTIMATT: posts small blind 15
lussarmelas: posts big blind 30
*** HOLE CARDS ***
Dealt to Mahu2021 [4h 6d]
Mahu2021: folds 
CARTIMATT: calls 15
lussarmelas: checks 
*** FLOP *** [2s 5h Qs]
CARTIMATT: checks 
lussarmelas: bets 30
CARTIMATT: folds 
Uncalled bet (30) returned to lussarmelas
lussarmelas collected 60 from pot
*** SUMMARY ***
Total pot 60 | Rake 0 
Board [2s 5h Qs]
Seat 1: Mahu2021 (button) folded before Flop (didn't bet)
Seat 2: CARTIMATT (small blind) folded on the Flop
Seat 3: lussarmelas (big blind) collected (60)



PokerStars Hand #248503960360: Tournament #3707004741, $1.84+$0.16 USD Hold'em No Limit - Level II (15/30) - 2024/01/26 14:53:12 CET [2024/01/26 8:53:12 ET]
Table '3707004741 1' 3-max Seat #2 is the button
Seat 1: Mahu2021 (625 in chips) 
Seat 2: CARTIMATT (520 in chips) 
Seat 3: lussarmelas (355 in chips) 
lussarmelas: posts small blind 15
Mahu2021: posts big blind 30
*** HOLE CARDS ***
Dealt to Mahu2021 [Tc Qd]
CARTIMATT: folds 
lussarmelas: calls 15
Mahu2021: checks 
*** FLOP *** [As 7c 6d]
lussarmelas: bets 30
Mahu2021: calls 30
*** TURN *** [As 7c 6d] [Ks]
lussarmelas: bets 30
Mahu2021: raises 90 to 120
lussarmelas: calls 90
*** RIVER *** [As 7c 6d Ks] [Td]
lussarmelas: bets 175 and is all-in
Mahu2021: folds 
Uncalled bet (175) returned to lussarmelas
lussarmelas collected 360 from pot
*** SUMMARY ***
Total pot 360 | Rake 0 
Board [As 7c 6d Ks Td]
Seat 1: Mahu2021 (big blind) folded on the River
Seat 2: CARTIMATT (button) folded before Flop (didn't bet)
Seat 3: lussarmelas (small blind) collected (360)



PokerStars Hand #248503966665: Tournament #3707004741, $1.84+$0.16 USD Hold'em No Limit - Level II (15/30) - 2024/01/26 14:53:42 CET [2024/01/26 8:53:42 ET]
Table '3707004741 1' 3-max Seat #3 is the button
Seat 1: Mahu2021 (445 in chips) 
Seat 2: CARTIMATT (520 in chips) 
Seat 3: lussarmelas (535 in chips) 
Mahu2021: posts small blind 15
CARTIMATT: posts big blind 30
*** HOLE CARDS ***
Dealt to Mahu2021 [5s 2c]
lussarmelas: calls 30
Mahu2021: folds 
CARTIMATT: checks 
*** FLOP *** [2d Tc 7d]
CARTIMATT: checks 
lussarmelas: checks 
*** TURN *** [2d Tc 7d] [9d]
CARTIMATT: checks 
lussarmelas: bets 30
CARTIMATT: calls 30
*** RIVER *** [2d Tc 7d 9d] [Kc]
CARTIMATT: checks 
lussarmelas: bets 30
CARTIMATT: calls 30
*** SHOW DOWN ***
lussarmelas: shows [4h 5d] (high card King)
CARTIMATT: shows [Kd 8h] (a pair of Kings)
CARTIMATT collected 195 from pot
*** SUMMARY ***
Total pot 195 | Rake 0 
Board [2d Tc 7d 9d Kc]
Seat 1: Mahu2021 (small blind) folded before Flop
Seat 2: CARTIMATT (big blind) showed [Kd 8h] and won (195) with a pair of Kings
Seat 3: lussarmelas (button) showed [4h 5d] and lost with high card King



PokerStars Hand #248503970608: Tournament #3707004741, $1.84+$0.16 USD Hold'em No Limit - Level II (15/30) - 2024/01/26 14:54:01 CET [2024/01/26 8:54:01 ET]
Table '3707004741 1' 3-max Seat #1 is the button
Seat 1: Mahu2021 (430 in chips) 
Seat 2: CARTIMATT (625 in chips) 
Seat 3: lussarmelas (445 in chips) 
CARTIMATT: posts small blind 15
lussarmelas: posts big blind 30
*** HOLE CARDS ***
Dealt to Mahu2021 [8c 5c]
Mahu2021: folds 
CARTIMATT: calls 15
lussarmelas: checks 
*** FLOP *** [6h 6s Ac]
CARTIMATT: checks 
lussarmelas: bets 30
CARTIMATT: calls 30
*** TURN *** [6h 6s Ac] [3h]
CARTIMATT: checks 
lussarmelas: bets 30
CARTIMATT: raises 90 to 120
lussarmelas: folds 
Uncalled bet (90) returned to CARTIMATT
CARTIMATT collected 180 from pot
*** SUMMARY ***
Total pot 180 | Rake 0 
Board [6h 6s Ac 3h]
Seat 1: Mahu2021 (button) folded before Flop (didn't bet)
Seat 2: CARTIMATT (small blind) collected (180)
Seat 3: lussarmelas (big blind) folded on the Turn



PokerStars Hand #248503974885: Tournament #3707004741, $1.84+$0.16 USD Hold'em No Limit - Level II (15/30) - 2024/01/26 14:54:21 CET [2024/01/26 8:54:21 ET]
Table '3707004741 1' 3-max Seat #2 is the button
Seat 1: Mahu2021 (430 in chips) 
Seat 2: CARTIMATT (715 in chips) 
Seat 3: lussarmelas (355 in chips) 
lussarmelas: posts small blind 15
Mahu2021: posts big blind 30
*** HOLE CARDS ***
Dealt to Mahu2021 [7h Qc]
CARTIMATT: folds 
lussarmelas: calls 15
Mahu2021: checks 
*** FLOP *** [7s Kc 8c]
lussarmelas: checks 
Mahu2021: bets 30
lussarmelas: folds 
Uncalled bet (30) returned to Mahu2021
Mahu2021 collected 60 from pot
Mahu2021: doesn't show hand 
*** SUMMARY ***
Total pot 60 | Rake 0 
Board [7s Kc 8c]
Seat 1: Mahu2021 (big blind) collected (60)
Seat 2: CARTIMATT (button) folded before Flop (didn't bet)
Seat 3: lussarmelas (small blind) folded on the Flop



PokerStars Hand #248503977754: Tournament #3707004741, $1.84+$0.16 USD Hold'em No Limit - Level II (15/30) - 2024/01/26 14:54:35 CET [2024/01/26 8:54:35 ET]
Table '3707004741 1' 3-max Seat #3 is the button
Seat 1: Mahu2021 (460 in chips) 
Seat 2: CARTIMATT (715 in chips) 
Seat 3: lussarmelas (325 in chips) 
Mahu2021: posts small blind 15
CARTIMATT: posts big blind 30
*** HOLE CARDS ***
Dealt to Mahu2021 [Qs As]
lussarmelas: calls 30
Mahu2021: raises 60 to 90
CARTIMATT: folds 
lussarmelas: folds 
Uncalled bet (60) returned to Mahu2021
Mahu2021 collected 90 from pot
Mahu2021: doesn't show hand 
*** SUMMARY ***
Total pot 90 | Rake 0 
Seat 1: Mahu2021 (small blind) collected (90)
Seat 2: CARTIMATT (big blind) folded before Flop
Seat 3: lussarmelas (button) folded before Flop



PokerStars Hand #248503979695: Tournament #3707004741, $1.84+$0.16 USD Hold'em No Limit - Level II (15/30) - 2024/01/26 14:54:44 CET [2024/01/26 8:54:44 ET]
Table '3707004741 1' 3-max Seat #1 is the button
Seat 1: Mahu2021 (520 in chips) 
Seat 2: CARTIMATT (685 in chips) 
Seat 3: lussarmelas (295 in chips) 
CARTIMATT: posts small blind 15
lussarmelas: posts big blind 30
*** HOLE CARDS ***
Dealt to Mahu2021 [Jd Qs]
Mahu2021: raises 60 to 90
CARTIMATT: folds 
lussarmelas: calls 60
*** FLOP *** [As Ks 9s]
lussarmelas: bets 60
Mahu2021: raises 370 to 430 and is all-in
lussarmelas: folds 
Uncalled bet (370) returned to Mahu2021
Mahu2021 collected 315 from pot
Mahu2021: doesn't show hand 
*** SUMMARY ***
Total pot 315 | Rake 0 
Board [As Ks 9s]
Seat 1: Mahu2021 (button) collected (315)
Seat 2: CARTIMATT (small blind) folded before Flop
Seat 3: lussarmelas (big blind) folded on the Flop



PokerStars Hand #248503985383: Tournament #3707004741, $1.84+$0.16 USD Hold'em No Limit - Level II (15/30) - 2024/01/26 14:55:12 CET [2024/01/26 8:55:12 ET]
Table '3707004741 1' 3-max Seat #2 is the button
Seat 1: Mahu2021 (685 in chips) 
Seat 2: CARTIMATT (670 in chips) 
Seat 3: lussarmelas (145 in chips) 
lussarmelas: posts small blind 15
Mahu2021: posts big blind 30
*** HOLE CARDS ***
Dealt to Mahu2021 [7c 4d]
CARTIMATT: raises 60 to 90
lussarmelas: raises 55 to 145 and is all-in
Mahu2021: folds 
CARTIMATT: calls 55
*** FLOP *** [Kh Kd Jc]
*** TURN *** [Kh Kd Jc] [Qs]
*** RIVER *** [Kh Kd Jc Qs] [7s]
*** SHOW DOWN ***
lussarmelas: shows [3c 3s] (two pair, Kings and Threes)
CARTIMATT: shows [Jd As] (two pair, Kings and Jacks)
CARTIMATT collected 320 from pot
lussarmelas finished the tournament in 3rd place
*** SUMMARY ***
Total pot 320 | Rake 0 
Board [Kh Kd Jc Qs 7s]
Seat 1: Mahu2021 (big blind) folded before Flop
Seat 2: CARTIMATT (button) showed [Jd As] and won (320) with two pair, Kings and Jacks
Seat 3: lussarmelas (small blind) showed [3c 3s] and lost with two pair, Kings and Threes



PokerStars Hand #248503988922: Tournament #3707004741, $1.84+$0.16 USD Hold'em No Limit - Level III (20/40) - 2024/01/26 14:55:32 CET [2024/01/26 8:55:32 ET]
Table '3707004741 1' 3-max Seat #1 is the button
Seat 1: Mahu2021 (655 in chips) 
Seat 2: CARTIMATT (845 in chips) 
Mahu2021: posts small blind 20
CARTIMATT: posts big blind 40
*** HOLE CARDS ***
Dealt to Mahu2021 [As Qs]
Mahu2021: raises 80 to 120
CARTIMATT: calls 80
*** FLOP *** [2d 9s 7c]
CARTIMATT: checks 
Mahu2021: bets 120
CARTIMATT: raises 480 to 600
Mahu2021: calls 415 and is all-in
Uncalled bet (65) returned to CARTIMATT
*** TURN *** [2d 9s 7c] [Qd]
*** RIVER *** [2d 9s 7c Qd] [6h]
*** SHOW DOWN ***
CARTIMATT: shows [Js 9d] (a pair of Nines)
Mahu2021: shows [As Qs] (a pair of Queens)
Mahu2021 collected 1310 from pot
*** SUMMARY ***
Total pot 1310 | Rake 0 
Board [2d 9s 7c Qd 6h]
Seat 1: Mahu2021 (button) (small blind) showed [As Qs] and won (1310) with a pair of Queens
Seat 2: CARTIMATT (big blind) showed [Js 9d] and lost with a pair of Nines



PokerStars Hand #248503992337: Tournament #3707004741, $1.84+$0.16 USD Hold'em No Limit - Level III (20/40) - 2024/01/26 14:55:52 CET [2024/01/26 8:55:52 ET]
Table '3707004741 1' 3-max Seat #2 is the button
Seat 1: Mahu2021 (1310 in chips) 
Seat 2: CARTIMATT (190 in chips) 
CARTIMATT: posts small blind 20
Mahu2021: posts big blind 40
*** HOLE CARDS ***
Dealt to Mahu2021 [9d Td]
CARTIMATT: raises 150 to 190 and is all-in
Mahu2021: calls 150
*** FLOP *** [Js 6d 7h]
*** TURN *** [Js 6d 7h] [8c]
*** RIVER *** [Js 6d 7h 8c] [6h]
*** SHOW DOWN ***
Mahu2021: shows [9d Td] (a straight, Seven to Jack)
CARTIMATT: shows [8d Jc] (two pair, Jacks and Eights)
Mahu2021 collected 380 from pot
CARTIMATT finished the tournament in 2nd place
Mahu2021 wins the tournament and receives $8.00 - congratulations!
*** SUMMARY ***
Total pot 380 | Rake 0 
Board [Js 6d 7h 8c 6h]
Seat 1: Mahu2021 (big blind) showed [9d Td] and won (380) with a straight, Seven to Jack
Seat 2: CARTIMATT (button) (small blind) showed [8d Jc] and lost with two pair, Jacks and Eights



