PokerStars Hand #253505607242: Tournament #3825877268, $1.84+$0.16 USD Hold'em No Limit - Level I (10/20) - 2024/11/21 15:43:04 CET [2024/11/21 9:43:04 ET]
Table '3825877268 1' 3-max Seat #1 is the button
Seat 1: Mahu2021 (500 in chips) 
Seat 2: Cutter155 (500 in chips) 
Seat 3: enzitoo811 (500 in chips) 
Cutter155: posts small blind 10
enzitoo811: posts big blind 20
*** HOLE CARDS ***
Dealt to Mahu2021 [7d Qs]
Mahu2021: folds 
Cutter155: calls 10
enzitoo811: raises 50 to 70
Cutter155: folds 
Uncalled bet (50) returned to enzitoo811
enzitoo811 collected 40 from pot
enzitoo811: doesn't show hand 
*** SUMMARY ***
Total pot 40 | Rake 0 
Seat 1: Mahu2021 (button) folded before Flop (didn't bet)
Seat 2: Cutter155 (small blind) folded before Flop
Seat 3: enzitoo811 (big blind) collected (40)



PokerStars Hand #253505610234: Tournament #3825877268, $1.84+$0.16 USD Hold'em No Limit - Level I (10/20) - 2024/11/21 15:43:22 CET [2024/11/21 9:43:22 ET]
Table '3825877268 1' 3-max Seat #2 is the button
Seat 1: Mahu2021 (500 in chips) 
Seat 2: Cutter155 (480 in chips) 
Seat 3: enzitoo811 (520 in chips) 
enzitoo811: posts small blind 10
Mahu2021: posts big blind 20
*** HOLE CARDS ***
Dealt to Mahu2021 [7d 4h]
Cutter155: calls 20
enzitoo811: folds 
Mahu2021: checks 
*** FLOP *** [6d Jd Kd]
Mahu2021: bets 20
Cutter155: calls 20
*** TURN *** [6d Jd Kd] [6c]
Mahu2021: checks 
Cutter155: checks 
*** RIVER *** [6d Jd Kd 6c] [As]
Mahu2021: checks 
Cutter155: bets 20
Mahu2021: folds 
Uncalled bet (20) returned to Cutter155
Cutter155 collected 90 from pot
*** SUMMARY ***
Total pot 90 | Rake 0 
Board [6d Jd Kd 6c As]
Seat 1: Mahu2021 (big blind) folded on the River
Seat 2: Cutter155 (button) collected (90)
Seat 3: enzitoo811 (small blind) folded before Flop



PokerStars Hand #253505613858: Tournament #3825877268, $1.84+$0.16 USD Hold'em No Limit - Level I (10/20) - 2024/11/21 15:43:42 CET [2024/11/21 9:43:42 ET]
Table '3825877268 1' 3-max Seat #3 is the button
Seat 1: Mahu2021 (460 in chips) 
Seat 2: Cutter155 (530 in chips) 
Seat 3: enzitoo811 (510 in chips) 
Mahu2021: posts small blind 10
Cutter155: posts big blind 20
*** HOLE CARDS ***
Dealt to Mahu2021 [8d 5d]
enzitoo811: raises 20 to 40
Mahu2021: calls 30
Cutter155: calls 20
*** FLOP *** [2d Ks 8c]
Mahu2021: bets 40
Cutter155: calls 40
enzitoo811: folds 
*** TURN *** [2d Ks 8c] [Qs]
Mahu2021: checks 
Cutter155: bets 40
Mahu2021: calls 40
*** RIVER *** [2d Ks 8c Qs] [8h]
Mahu2021: checks 
Cutter155: bets 40
Mahu2021: raises 60 to 100
Cutter155: calls 60
*** SHOW DOWN ***
Mahu2021: shows [8d 5d] (three of a kind, Eights)
Cutter155: mucks hand 
Mahu2021 collected 480 from pot
*** SUMMARY ***
Total pot 480 | Rake 0 
Board [2d Ks 8c Qs 8h]
Seat 1: Mahu2021 (small blind) showed [8d 5d] and won (480) with three of a kind, Eights
Seat 2: Cutter155 (big blind) mucked [Kh 4h]
Seat 3: enzitoo811 (button) folded on the Flop



PokerStars Hand #253505620123: Tournament #3825877268, $1.84+$0.16 USD Hold'em No Limit - Level I (10/20) - 2024/11/21 15:44:18 CET [2024/11/21 9:44:18 ET]
Table '3825877268 1' 3-max Seat #1 is the button
Seat 1: Mahu2021 (720 in chips) 
Seat 2: Cutter155 (310 in chips) 
Seat 3: enzitoo811 (470 in chips) 
Cutter155: posts small blind 10
enzitoo811: posts big blind 20
*** HOLE CARDS ***
Dealt to Mahu2021 [4d 6h]
Mahu2021: folds 
Cutter155: raises 20 to 40
enzitoo811: calls 20
*** FLOP *** [8s 5s Qd]
Cutter155: bets 40
enzitoo811: folds 
Uncalled bet (40) returned to Cutter155
Cutter155 collected 80 from pot
*** SUMMARY ***
Total pot 80 | Rake 0 
Board [8s 5s Qd]
Seat 1: Mahu2021 (button) folded before Flop (didn't bet)
Seat 2: Cutter155 (small blind) collected (80)
Seat 3: enzitoo811 (big blind) folded on the Flop



PokerStars Hand #253505623535: Tournament #3825877268, $1.84+$0.16 USD Hold'em No Limit - Level I (10/20) - 2024/11/21 15:44:38 CET [2024/11/21 9:44:38 ET]
Table '3825877268 1' 3-max Seat #2 is the button
Seat 1: Mahu2021 (720 in chips) 
Seat 2: Cutter155 (350 in chips) 
Seat 3: enzitoo811 (430 in chips) 
enzitoo811: posts small blind 10
Mahu2021: posts big blind 20
*** HOLE CARDS ***
Dealt to Mahu2021 [Js 2s]
Cutter155: calls 20
enzitoo811: raises 50 to 70
Mahu2021: calls 50
Cutter155: calls 50
*** FLOP *** [Jd Kc Tc]
enzitoo811: bets 139
Mahu2021: folds 
Cutter155: raises 141 to 280 and is all-in
enzitoo811: calls 141
*** TURN *** [Jd Kc Tc] [8d]
*** RIVER *** [Jd Kc Tc 8d] [Jc]
*** SHOW DOWN ***
enzitoo811: shows [Th Kh] (two pair, Kings and Jacks)
Cutter155: shows [Ks 5s] (two pair, Kings and Jacks)
enzitoo811 collected 385 from pot
Cutter155 collected 385 from pot
*** SUMMARY ***
Total pot 770 | Rake 0 
Board [Jd Kc Tc 8d Jc]
Seat 1: Mahu2021 (big blind) folded on the Flop
Seat 2: Cutter155 (button) showed [Ks 5s] and won (385) with two pair, Kings and Jacks
Seat 3: enzitoo811 (small blind) showed [Th Kh] and won (385) with two pair, Kings and Jacks



PokerStars Hand #253505629697: Tournament #3825877268, $1.84+$0.16 USD Hold'em No Limit - Level II (15/30) - 2024/11/21 15:45:13 CET [2024/11/21 9:45:13 ET]
Table '3825877268 1' 3-max Seat #3 is the button
Seat 1: Mahu2021 (650 in chips) 
Seat 2: Cutter155 (385 in chips) 
Seat 3: enzitoo811 (465 in chips) 
Mahu2021: posts small blind 15
Cutter155: posts big blind 30
*** HOLE CARDS ***
Dealt to Mahu2021 [4h Jh]
enzitoo811: folds 
Mahu2021: calls 15
Cutter155: raises 30 to 60
Mahu2021: calls 30
*** FLOP *** [3h 5d 9h]
Mahu2021: bets 60
Cutter155: folds 
Uncalled bet (60) returned to Mahu2021
Mahu2021 collected 120 from pot
Mahu2021: doesn't show hand 
*** SUMMARY ***
Total pot 120 | Rake 0 
Board [3h 5d 9h]
Seat 1: Mahu2021 (small blind) collected (120)
Seat 2: Cutter155 (big blind) folded on the Flop
Seat 3: enzitoo811 (button) folded before Flop (didn't bet)



PokerStars Hand #253505632126: Tournament #3825877268, $1.84+$0.16 USD Hold'em No Limit - Level II (15/30) - 2024/11/21 15:45:27 CET [2024/11/21 9:45:27 ET]
Table '3825877268 1' 3-max Seat #1 is the button
Seat 1: Mahu2021 (710 in chips) 
Seat 2: Cutter155 (325 in chips) 
Seat 3: enzitoo811 (465 in chips) 
Cutter155: posts small blind 15
enzitoo811: posts big blind 30
*** HOLE CARDS ***
Dealt to Mahu2021 [2d 9d]
Mahu2021: folds 
Cutter155: raises 30 to 60
enzitoo811: calls 30
*** FLOP *** [Tc 3d Ac]
Cutter155: bets 30
enzitoo811: folds 
Uncalled bet (30) returned to Cutter155
Cutter155 collected 120 from pot
*** SUMMARY ***
Total pot 120 | Rake 0 
Board [Tc 3d Ac]
Seat 1: Mahu2021 (button) folded before Flop (didn't bet)
Seat 2: Cutter155 (small blind) collected (120)
Seat 3: enzitoo811 (big blind) folded on the Flop



PokerStars Hand #253505636469: Tournament #3825877268, $1.84+$0.16 USD Hold'em No Limit - Level II (15/30) - 2024/11/21 15:45:52 CET [2024/11/21 9:45:52 ET]
Table '3825877268 1' 3-max Seat #2 is the button
Seat 1: Mahu2021 (710 in chips) 
Seat 2: Cutter155 (385 in chips) 
Seat 3: enzitoo811 (405 in chips) 
enzitoo811: posts small blind 15
Mahu2021: posts big blind 30
*** HOLE CARDS ***
Dealt to Mahu2021 [8h 8s]
Cutter155: calls 30
enzitoo811: folds 
Mahu2021: raises 680 to 710 and is all-in
Cutter155: calls 355 and is all-in
Uncalled bet (325) returned to Mahu2021
*** FLOP *** [7s 5s Ac]
*** TURN *** [7s 5s Ac] [6d]
*** RIVER *** [7s 5s Ac 6d] [2d]
*** SHOW DOWN ***
Mahu2021: shows [8h 8s] (a pair of Eights)
Cutter155: shows [5c 5d] (three of a kind, Fives)
Cutter155 collected 785 from pot
*** SUMMARY ***
Total pot 785 | Rake 0 
Board [7s 5s Ac 6d 2d]
Seat 1: Mahu2021 (big blind) showed [8h 8s] and lost with a pair of Eights
Seat 2: Cutter155 (button) showed [5c 5d] and won (785) with three of a kind, Fives
Seat 3: enzitoo811 (small blind) folded before Flop



PokerStars Hand #253505641078: Tournament #3825877268, $1.84+$0.16 USD Hold'em No Limit - Level II (15/30) - 2024/11/21 15:46:18 CET [2024/11/21 9:46:18 ET]
Table '3825877268 1' 3-max Seat #3 is the button
Seat 1: Mahu2021 (325 in chips) 
Seat 2: Cutter155 (785 in chips) 
Seat 3: enzitoo811 (390 in chips) 
Mahu2021: posts small blind 15
Cutter155: posts big blind 30
*** HOLE CARDS ***
Dealt to Mahu2021 [Ah Kd]
enzitoo811: folds 
Mahu2021: raises 295 to 325 and is all-in
Cutter155: folds 
Uncalled bet (295) returned to Mahu2021
Mahu2021 collected 60 from pot
Mahu2021: doesn't show hand 
*** SUMMARY ***
Total pot 60 | Rake 0 
Seat 1: Mahu2021 (small blind) collected (60)
Seat 2: Cutter155 (big blind) folded before Flop
Seat 3: enzitoo811 (button) folded before Flop (didn't bet)



PokerStars Hand #253505642666: Tournament #3825877268, $1.84+$0.16 USD Hold'em No Limit - Level II (15/30) - 2024/11/21 15:46:27 CET [2024/11/21 9:46:27 ET]
Table '3825877268 1' 3-max Seat #1 is the button
Seat 1: Mahu2021 (355 in chips) 
Seat 2: Cutter155 (755 in chips) 
Seat 3: enzitoo811 (390 in chips) 
Cutter155: posts small blind 15
enzitoo811: posts big blind 30
*** HOLE CARDS ***
Dealt to Mahu2021 [Kh 8h]
Mahu2021: raises 325 to 355 and is all-in
Cutter155: folds 
enzitoo811: folds 
Uncalled bet (325) returned to Mahu2021
Mahu2021 collected 75 from pot
Mahu2021: doesn't show hand 
*** SUMMARY ***
Total pot 75 | Rake 0 
Seat 1: Mahu2021 (button) collected (75)
Seat 2: Cutter155 (small blind) folded before Flop
Seat 3: enzitoo811 (big blind) folded before Flop



PokerStars Hand #253505643876: Tournament #3825877268, $1.84+$0.16 USD Hold'em No Limit - Level II (15/30) - 2024/11/21 15:46:34 CET [2024/11/21 9:46:34 ET]
Table '3825877268 1' 3-max Seat #2 is the button
Seat 1: Mahu2021 (400 in chips) 
Seat 2: Cutter155 (740 in chips) 
Seat 3: enzitoo811 (360 in chips) 
enzitoo811: posts small blind 15
Mahu2021: posts big blind 30
*** HOLE CARDS ***
Dealt to Mahu2021 [2d 9d]
Cutter155: folds 
enzitoo811: raises 30 to 60
Mahu2021: folds 
Uncalled bet (30) returned to enzitoo811
enzitoo811 collected 60 from pot
enzitoo811: doesn't show hand 
*** SUMMARY ***
Total pot 60 | Rake 0 
Seat 1: Mahu2021 (big blind) folded before Flop
Seat 2: Cutter155 (button) folded before Flop (didn't bet)
Seat 3: enzitoo811 (small blind) collected (60)



PokerStars Hand #253505646015: Tournament #3825877268, $1.84+$0.16 USD Hold'em No Limit - Level II (15/30) - 2024/11/21 15:46:46 CET [2024/11/21 9:46:46 ET]
Table '3825877268 1' 3-max Seat #3 is the button
Seat 1: Mahu2021 (370 in chips) 
Seat 2: Cutter155 (740 in chips) 
Seat 3: enzitoo811 (390 in chips) 
Mahu2021: posts small blind 15
Cutter155: posts big blind 30
*** HOLE CARDS ***
Dealt to Mahu2021 [5c Ac]
enzitoo811: folds 
Mahu2021: raises 30 to 60
Cutter155: folds 
Uncalled bet (30) returned to Mahu2021
Mahu2021 collected 60 from pot
Mahu2021: doesn't show hand 
*** SUMMARY ***
Total pot 60 | Rake 0 
Seat 1: Mahu2021 (small blind) collected (60)
Seat 2: Cutter155 (big blind) folded before Flop
Seat 3: enzitoo811 (button) folded before Flop (didn't bet)



PokerStars Hand #253505647554: Tournament #3825877268, $1.84+$0.16 USD Hold'em No Limit - Level II (15/30) - 2024/11/21 15:46:54 CET [2024/11/21 9:46:54 ET]
Table '3825877268 1' 3-max Seat #1 is the button
Seat 1: Mahu2021 (400 in chips) 
Seat 2: Cutter155 (710 in chips) 
Seat 3: enzitoo811 (390 in chips) 
Cutter155: posts small blind 15
enzitoo811: posts big blind 30
*** HOLE CARDS ***
Dealt to Mahu2021 [8c Qh]
Mahu2021: calls 30
Cutter155: folds 
enzitoo811: checks 
*** FLOP *** [3d Ac Qc]
enzitoo811 has timed out
enzitoo811: checks 
Mahu2021: bets 370 and is all-in
enzitoo811: folds 
Uncalled bet (370) returned to Mahu2021
Mahu2021 collected 75 from pot
Mahu2021: doesn't show hand 
*** SUMMARY ***
Total pot 75 | Rake 0 
Board [3d Ac Qc]
Seat 1: Mahu2021 (button) collected (75)
Seat 2: Cutter155 (small blind) folded before Flop
Seat 3: enzitoo811 (big blind) folded on the Flop



PokerStars Hand #253505654780: Tournament #3825877268, $1.84+$0.16 USD Hold'em No Limit - Level III (20/40) - 2024/11/21 15:47:35 CET [2024/11/21 9:47:35 ET]
Table '3825877268 1' 3-max Seat #2 is the button
Seat 1: Mahu2021 (445 in chips) 
Seat 2: Cutter155 (695 in chips) 
Seat 3: enzitoo811 (360 in chips) 
enzitoo811: posts small blind 20
Mahu2021: posts big blind 40
*** HOLE CARDS ***
Dealt to Mahu2021 [4h 4d]
Cutter155: calls 40
enzitoo811: raises 320 to 360 and is all-in
Mahu2021: raises 85 to 445 and is all-in
Cutter155: calls 405
*** FLOP *** [7d 5s Js]
*** TURN *** [7d 5s Js] [Jh]
*** RIVER *** [7d 5s Js Jh] [9d]
*** SHOW DOWN ***
Mahu2021: shows [4h 4d] (two pair, Jacks and Fours)
Cutter155: shows [Kh As] (a pair of Jacks)
Mahu2021 collected 170 from side pot
enzitoo811: shows [Qc Kc] (a pair of Jacks)
Mahu2021 collected 1080 from main pot
enzitoo811 finished the tournament in 3rd place
*** SUMMARY ***
Total pot 1250 Main pot 1080. Side pot 170. | Rake 0 
Board [7d 5s Js Jh 9d]
Seat 1: Mahu2021 (big blind) showed [4h 4d] and won (1250) with two pair, Jacks and Fours
Seat 2: Cutter155 (button) showed [Kh As] and lost with a pair of Jacks
Seat 3: enzitoo811 (small blind) showed [Qc Kc] and lost with a pair of Jacks



PokerStars Hand #253505658352: Tournament #3825877268, $1.84+$0.16 USD Hold'em No Limit - Level III (20/40) - 2024/11/21 15:47:55 CET [2024/11/21 9:47:55 ET]
Table '3825877268 1' 3-max Seat #1 is the button
Seat 1: Mahu2021 (1250 in chips) 
Seat 2: Cutter155 (250 in chips) 
Mahu2021: posts small blind 20
Cutter155: posts big blind 40
*** HOLE CARDS ***
Dealt to Mahu2021 [2c Kh]
Mahu2021: raises 1210 to 1250 and is all-in
Cutter155: folds 
Uncalled bet (1210) returned to Mahu2021
Mahu2021 collected 80 from pot
Mahu2021: doesn't show hand 
*** SUMMARY ***
Total pot 80 | Rake 0 
Seat 1: Mahu2021 (button) (small blind) collected (80)
Seat 2: Cutter155 (big blind) folded before Flop



PokerStars Hand #253505659672: Tournament #3825877268, $1.84+$0.16 USD Hold'em No Limit - Level III (20/40) - 2024/11/21 15:48:02 CET [2024/11/21 9:48:02 ET]
Table '3825877268 1' 3-max Seat #2 is the button
Seat 1: Mahu2021 (1290 in chips) 
Seat 2: Cutter155 (210 in chips) 
Cutter155: posts small blind 20
Mahu2021: posts big blind 40
*** HOLE CARDS ***
Dealt to Mahu2021 [Ah 6d]
Cutter155: raises 170 to 210 and is all-in
Mahu2021: calls 170
*** FLOP *** [7c Kc Js]
*** TURN *** [7c Kc Js] [7h]
*** RIVER *** [7c Kc Js 7h] [Kd]
*** SHOW DOWN ***
Mahu2021: shows [Ah 6d] (two pair, Kings and Sevens)
Cutter155: shows [9d Ks] (a full house, Kings full of Sevens)
Cutter155 collected 420 from pot
*** SUMMARY ***
Total pot 420 | Rake 0 
Board [7c Kc Js 7h Kd]
Seat 1: Mahu2021 (big blind) showed [Ah 6d] and lost with two pair, Kings and Sevens
Seat 2: Cutter155 (button) (small blind) showed [9d Ks] and won (420) with a full house, Kings full of Sevens



PokerStars Hand #253505661925: Tournament #3825877268, $1.84+$0.16 USD Hold'em No Limit - Level III (20/40) - 2024/11/21 15:48:15 CET [2024/11/21 9:48:15 ET]
Table '3825877268 1' 3-max Seat #1 is the button
Seat 1: Mahu2021 (1080 in chips) 
Seat 2: Cutter155 (420 in chips) 
Mahu2021: posts small blind 20
Cutter155: posts big blind 40
*** HOLE CARDS ***
Dealt to Mahu2021 [Ac Qh]
Mahu2021: raises 1040 to 1080 and is all-in
Cutter155: folds 
Uncalled bet (1040) returned to Mahu2021
Mahu2021 collected 80 from pot
Mahu2021: doesn't show hand 
*** SUMMARY ***
Total pot 80 | Rake 0 
Seat 1: Mahu2021 (button) (small blind) collected (80)
Seat 2: Cutter155 (big blind) folded before Flop



PokerStars Hand #253505663335: Tournament #3825877268, $1.84+$0.16 USD Hold'em No Limit - Level III (20/40) - 2024/11/21 15:48:23 CET [2024/11/21 9:48:23 ET]
Table '3825877268 1' 3-max Seat #2 is the button
Seat 1: Mahu2021 (1120 in chips) 
Seat 2: Cutter155 (380 in chips) 
Cutter155: posts small blind 20
Mahu2021: posts big blind 40
*** HOLE CARDS ***
Dealt to Mahu2021 [Qs 5h]
Cutter155: folds 
Uncalled bet (20) returned to Mahu2021
Mahu2021 collected 40 from pot
Mahu2021: doesn't show hand 
*** SUMMARY ***
Total pot 40 | Rake 0 
Seat 1: Mahu2021 (big blind) collected (40)
Seat 2: Cutter155 (button) (small blind) folded before Flop



PokerStars Hand #253505664095: Tournament #3825877268, $1.84+$0.16 USD Hold'em No Limit - Level III (20/40) - 2024/11/21 15:48:27 CET [2024/11/21 9:48:27 ET]
Table '3825877268 1' 3-max Seat #1 is the button
Seat 1: Mahu2021 (1140 in chips) 
Seat 2: Cutter155 (360 in chips) 
Mahu2021: posts small blind 20
Cutter155: posts big blind 40
*** HOLE CARDS ***
Dealt to Mahu2021 [5c Qs]
Mahu2021: raises 1100 to 1140 and is all-in
Cutter155: folds 
Uncalled bet (1100) returned to Mahu2021
Mahu2021 collected 80 from pot
Mahu2021: doesn't show hand 
*** SUMMARY ***
Total pot 80 | Rake 0 
Seat 1: Mahu2021 (button) (small blind) collected (80)
Seat 2: Cutter155 (big blind) folded before Flop



PokerStars Hand #253505665143: Tournament #3825877268, $1.84+$0.16 USD Hold'em No Limit - Level III (20/40) - 2024/11/21 15:48:33 CET [2024/11/21 9:48:33 ET]
Table '3825877268 1' 3-max Seat #2 is the button
Seat 1: Mahu2021 (1180 in chips) 
Seat 2: Cutter155 (320 in chips) 
Cutter155: posts small blind 20
Mahu2021: posts big blind 40
*** HOLE CARDS ***
Dealt to Mahu2021 [9d 7c]
Cutter155: raises 280 to 320 and is all-in
Mahu2021: folds 
Uncalled bet (280) returned to Cutter155
Cutter155 collected 80 from pot
*** SUMMARY ***
Total pot 80 | Rake 0 
Seat 1: Mahu2021 (big blind) folded before Flop
Seat 2: Cutter155 (button) (small blind) collected (80)



PokerStars Hand #253505666268: Tournament #3825877268, $1.84+$0.16 USD Hold'em No Limit - Level III (20/40) - 2024/11/21 15:48:40 CET [2024/11/21 9:48:40 ET]
Table '3825877268 1' 3-max Seat #1 is the button
Seat 1: Mahu2021 (1140 in chips) 
Seat 2: Cutter155 (360 in chips) 
Mahu2021: posts small blind 20
Cutter155: posts big blind 40
*** HOLE CARDS ***
Dealt to Mahu2021 [7h 7c]
Mahu2021: raises 1100 to 1140 and is all-in
Cutter155: folds 
Uncalled bet (1100) returned to Mahu2021
Mahu2021 collected 80 from pot
Mahu2021: doesn't show hand 
*** SUMMARY ***
Total pot 80 | Rake 0 
Seat 1: Mahu2021 (button) (small blind) collected (80)
Seat 2: Cutter155 (big blind) folded before Flop



PokerStars Hand #253505667310: Tournament #3825877268, $1.84+$0.16 USD Hold'em No Limit - Level III (20/40) - 2024/11/21 15:48:46 CET [2024/11/21 9:48:46 ET]
Table '3825877268 1' 3-max Seat #2 is the button
Seat 1: Mahu2021 (1180 in chips) 
Seat 2: Cutter155 (320 in chips) 
Cutter155: posts small blind 20
Mahu2021: posts big blind 40
*** HOLE CARDS ***
Dealt to Mahu2021 [Ah 2s]
Cutter155: raises 280 to 320 and is all-in
Mahu2021: calls 280
*** FLOP *** [Td Ts 6c]
*** TURN *** [Td Ts 6c] [Th]
*** RIVER *** [Td Ts 6c Th] [4h]
*** SHOW DOWN ***
Mahu2021: shows [Ah 2s] (three of a kind, Tens)
Cutter155: shows [9c Tc] (four of a kind, Tens)
Cutter155 collected 640 from pot
*** SUMMARY ***
Total pot 640 | Rake 0 
Board [Td Ts 6c Th 4h]
Seat 1: Mahu2021 (big blind) showed [Ah 2s] and lost with three of a kind, Tens
Seat 2: Cutter155 (button) (small blind) showed [9c Tc] and won (640) with four of a kind, Tens



PokerStars Hand #253505669616: Tournament #3825877268, $1.84+$0.16 USD Hold'em No Limit - Level III (20/40) - 2024/11/21 15:48:58 CET [2024/11/21 9:48:58 ET]
Table '3825877268 1' 3-max Seat #1 is the button
Seat 1: Mahu2021 (860 in chips) 
Seat 2: Cutter155 (640 in chips) 
Mahu2021: posts small blind 20
Cutter155: posts big blind 40
*** HOLE CARDS ***
Dealt to Mahu2021 [Qc Ac]
Mahu2021: raises 820 to 860 and is all-in
Cutter155: folds 
Uncalled bet (820) returned to Mahu2021
Mahu2021 collected 80 from pot
Mahu2021: doesn't show hand 
*** SUMMARY ***
Total pot 80 | Rake 0 
Seat 1: Mahu2021 (button) (small blind) collected (80)
Seat 2: Cutter155 (big blind) folded before Flop



PokerStars Hand #253505671516: Tournament #3825877268, $1.84+$0.16 USD Hold'em No Limit - Level IV (30/60) - 2024/11/21 15:49:09 CET [2024/11/21 9:49:09 ET]
Table '3825877268 1' 3-max Seat #2 is the button
Seat 1: Mahu2021 (900 in chips) 
Seat 2: Cutter155 (600 in chips) 
Cutter155: posts small blind 30
Mahu2021: posts big blind 60
*** HOLE CARDS ***
Dealt to Mahu2021 [3h 2d]
Cutter155: calls 30
Mahu2021: checks 
*** FLOP *** [Qd 6c Ts]
Mahu2021: checks 
Cutter155: checks 
*** TURN *** [Qd 6c Ts] [3c]
Mahu2021: bets 840 and is all-in
Cutter155: folds 
Uncalled bet (840) returned to Mahu2021
Mahu2021 collected 120 from pot
Mahu2021: doesn't show hand 
*** SUMMARY ***
Total pot 120 | Rake 0 
Board [Qd 6c Ts 3c]
Seat 1: Mahu2021 (big blind) collected (120)
Seat 2: Cutter155 (button) (small blind) folded on the Turn



PokerStars Hand #253505673737: Tournament #3825877268, $1.84+$0.16 USD Hold'em No Limit - Level IV (30/60) - 2024/11/21 15:49:22 CET [2024/11/21 9:49:22 ET]
Table '3825877268 1' 3-max Seat #1 is the button
Seat 1: Mahu2021 (960 in chips) 
Seat 2: Cutter155 (540 in chips) 
Mahu2021: posts small blind 30
Cutter155: posts big blind 60
*** HOLE CARDS ***
Dealt to Mahu2021 [Kc 6c]
Mahu2021: raises 900 to 960 and is all-in
Cutter155: folds 
Uncalled bet (900) returned to Mahu2021
Mahu2021 collected 120 from pot
Mahu2021: doesn't show hand 
*** SUMMARY ***
Total pot 120 | Rake 0 
Seat 1: Mahu2021 (button) (small blind) collected (120)
Seat 2: Cutter155 (big blind) folded before Flop



PokerStars Hand #253505674862: Tournament #3825877268, $1.84+$0.16 USD Hold'em No Limit - Level IV (30/60) - 2024/11/21 15:49:28 CET [2024/11/21 9:49:28 ET]
Table '3825877268 1' 3-max Seat #2 is the button
Seat 1: Mahu2021 (1020 in chips) 
Seat 2: Cutter155 (480 in chips) 
Cutter155: posts small blind 30
Mahu2021: posts big blind 60
*** HOLE CARDS ***
Dealt to Mahu2021 [8c 6d]
Cutter155: raises 420 to 480 and is all-in
Mahu2021: folds 
Uncalled bet (420) returned to Cutter155
Cutter155 collected 120 from pot
*** SUMMARY ***
Total pot 120 | Rake 0 
Seat 1: Mahu2021 (big blind) folded before Flop
Seat 2: Cutter155 (button) (small blind) collected (120)



PokerStars Hand #253505676169: Tournament #3825877268, $1.84+$0.16 USD Hold'em No Limit - Level IV (30/60) - 2024/11/21 15:49:36 CET [2024/11/21 9:49:36 ET]
Table '3825877268 1' 3-max Seat #1 is the button
Seat 1: Mahu2021 (960 in chips) 
Seat 2: Cutter155 (540 in chips) 
Mahu2021: posts small blind 30
Cutter155: posts big blind 60
*** HOLE CARDS ***
Dealt to Mahu2021 [2s 5h]
Mahu2021: folds 
Uncalled bet (30) returned to Cutter155
Cutter155 collected 60 from pot
*** SUMMARY ***
Total pot 60 | Rake 0 
Seat 1: Mahu2021 (button) (small blind) folded before Flop
Seat 2: Cutter155 (big blind) collected (60)



PokerStars Hand #253505676993: Tournament #3825877268, $1.84+$0.16 USD Hold'em No Limit - Level IV (30/60) - 2024/11/21 15:49:40 CET [2024/11/21 9:49:40 ET]
Table '3825877268 1' 3-max Seat #2 is the button
Seat 1: Mahu2021 (930 in chips) 
Seat 2: Cutter155 (570 in chips) 
Cutter155: posts small blind 30
Mahu2021: posts big blind 60
*** HOLE CARDS ***
Dealt to Mahu2021 [5h 6s]
Cutter155: folds 
Uncalled bet (30) returned to Mahu2021
Mahu2021 collected 60 from pot
Mahu2021: doesn't show hand 
*** SUMMARY ***
Total pot 60 | Rake 0 
Seat 1: Mahu2021 (big blind) collected (60)
Seat 2: Cutter155 (button) (small blind) folded before Flop



PokerStars Hand #253505677824: Tournament #3825877268, $1.84+$0.16 USD Hold'em No Limit - Level IV (30/60) - 2024/11/21 15:49:45 CET [2024/11/21 9:49:45 ET]
Table '3825877268 1' 3-max Seat #1 is the button
Seat 1: Mahu2021 (960 in chips) 
Seat 2: Cutter155 (540 in chips) 
Mahu2021: posts small blind 30
Cutter155: posts big blind 60
*** HOLE CARDS ***
Dealt to Mahu2021 [2s 8c]
Mahu2021: folds 
Uncalled bet (30) returned to Cutter155
Cutter155 collected 60 from pot
*** SUMMARY ***
Total pot 60 | Rake 0 
Seat 1: Mahu2021 (button) (small blind) folded before Flop
Seat 2: Cutter155 (big blind) collected (60)



PokerStars Hand #253505678688: Tournament #3825877268, $1.84+$0.16 USD Hold'em No Limit - Level IV (30/60) - 2024/11/21 15:49:50 CET [2024/11/21 9:49:50 ET]
Table '3825877268 1' 3-max Seat #2 is the button
Seat 1: Mahu2021 (930 in chips) 
Seat 2: Cutter155 (570 in chips) 
Cutter155: posts small blind 30
Mahu2021: posts big blind 60
*** HOLE CARDS ***
Dealt to Mahu2021 [Qs 2d]
Cutter155: folds 
Uncalled bet (30) returned to Mahu2021
Mahu2021 collected 60 from pot
Mahu2021: doesn't show hand 
*** SUMMARY ***
Total pot 60 | Rake 0 
Seat 1: Mahu2021 (big blind) collected (60)
Seat 2: Cutter155 (button) (small blind) folded before Flop



PokerStars Hand #253505679507: Tournament #3825877268, $1.84+$0.16 USD Hold'em No Limit - Level IV (30/60) - 2024/11/21 15:49:54 CET [2024/11/21 9:49:54 ET]
Table '3825877268 1' 3-max Seat #1 is the button
Seat 1: Mahu2021 (960 in chips) 
Seat 2: Cutter155 (540 in chips) 
Mahu2021: posts small blind 30
Cutter155: posts big blind 60
*** HOLE CARDS ***
Dealt to Mahu2021 [Jh Ah]
Mahu2021: raises 900 to 960 and is all-in
Cutter155: calls 480 and is all-in
Uncalled bet (420) returned to Mahu2021
*** FLOP *** [2s Js 5c]
*** TURN *** [2s Js 5c] [Qd]
*** RIVER *** [2s Js 5c Qd] [5d]
*** SHOW DOWN ***
Cutter155: shows [Kh 9h] (a pair of Fives)
Mahu2021: shows [Jh Ah] (two pair, Jacks and Fives)
Mahu2021 collected 1080 from pot
Cutter155 finished the tournament in 2nd place
Mahu2021 wins the tournament and receives $4.00 - congratulations!
*** SUMMARY ***
Total pot 1080 | Rake 0 
Board [2s Js 5c Qd 5d]
Seat 1: Mahu2021 (button) (small blind) showed [Jh Ah] and won (1080) with two pair, Jacks and Fives
Seat 2: Cutter155 (big blind) showed [Kh 9h] and lost with a pair of Fives



