PokerStars Hand #251253055176: Tournament #3772416052, $1.84+$0.16 USD Hold'em No Limit - Level I (10/20) - 2024/06/29 21:55:25 CET [2024/06/29 15:55:25 ET]
Table '3772416052 1' 3-max Seat #1 is the button
Seat 1: Mahu2021 (500 in chips) 
Seat 2: HeitorRV (500 in chips) 
Seat 3: stratosphc (500 in chips) 
HeitorRV: posts small blind 10
stratosphc: posts big blind 20
*** HOLE CARDS ***
Dealt to Mahu2021 [Td Th]
Mahu2021: raises 480 to 500 and is all-in
HeitorRV: folds 
stratosphc: folds 
Uncalled bet (480) returned to Mahu2021
Mahu2021 collected 50 from pot
Mahu2021: doesn't show hand 
*** SUMMARY ***
Total pot 50 | Rake 0 
Seat 1: Mahu2021 (button) collected (50)
Seat 2: HeitorRV (small blind) folded before Flop
Seat 3: stratosphc (big blind) folded before Flop



PokerStars Hand #251253056676: Tournament #3772416052, $1.84+$0.16 USD Hold'em No Limit - Level I (10/20) - 2024/06/29 21:55:34 CET [2024/06/29 15:55:34 ET]
Table '3772416052 1' 3-max Seat #2 is the button
Seat 1: Mahu2021 (530 in chips) 
Seat 2: HeitorRV (490 in chips) 
Seat 3: stratosphc (480 in chips) 
stratosphc: posts small blind 10
Mahu2021: posts big blind 20
*** HOLE CARDS ***
Dealt to Mahu2021 [Js Jd]
HeitorRV: folds 
stratosphc: calls 10
Mahu2021: raises 60 to 80
stratosphc: calls 60
*** FLOP *** [9c Qc 9h]
stratosphc: checks 
Mahu2021: bets 80
stratosphc: calls 80
*** TURN *** [9c Qc 9h] [Jh]
stratosphc: checks 
Mahu2021: bets 80
stratosphc: raises 240 to 320 and is all-in
Mahu2021: calls 240
*** RIVER *** [9c Qc 9h Jh] [Tc]
*** SHOW DOWN ***
stratosphc: shows [4h 8h] (a straight, Eight to Queen)
Mahu2021: shows [Js Jd] (a full house, Jacks full of Nines)
Mahu2021 collected 960 from pot
stratosphc finished the tournament in 3rd place
*** SUMMARY ***
Total pot 960 | Rake 0 
Board [9c Qc 9h Jh Tc]
Seat 1: Mahu2021 (big blind) showed [Js Jd] and won (960) with a full house, Jacks full of Nines
Seat 2: HeitorRV (button) folded before Flop (didn't bet)
Seat 3: stratosphc (small blind) showed [4h 8h] and lost with a straight, Eight to Queen



PokerStars Hand #251253064731: Tournament #3772416052, $1.84+$0.16 USD Hold'em No Limit - Level I (10/20) - 2024/06/29 21:56:17 CET [2024/06/29 15:56:17 ET]
Table '3772416052 1' 3-max Seat #1 is the button
Seat 1: Mahu2021 (1010 in chips) 
Seat 2: HeitorRV (490 in chips) 
Mahu2021: posts small blind 10
HeitorRV: posts big blind 20
*** HOLE CARDS ***
Dealt to Mahu2021 [2h Th]
Mahu2021: folds 
Uncalled bet (10) returned to HeitorRV
HeitorRV collected 20 from pot
HeitorRV: doesn't show hand 
*** SUMMARY ***
Total pot 20 | Rake 0 
Seat 1: Mahu2021 (button) (small blind) folded before Flop
Seat 2: HeitorRV (big blind) collected (20)



PokerStars Hand #251253065600: Tournament #3772416052, $1.84+$0.16 USD Hold'em No Limit - Level I (10/20) - 2024/06/29 21:56:22 CET [2024/06/29 15:56:22 ET]
Table '3772416052 1' 3-max Seat #2 is the button
Seat 1: Mahu2021 (1000 in chips) 
Seat 2: HeitorRV (500 in chips) 
HeitorRV: posts small blind 10
Mahu2021: posts big blind 20
*** HOLE CARDS ***
Dealt to Mahu2021 [Tc 3c]
HeitorRV: raises 20 to 40
Mahu2021: calls 20
*** FLOP *** [Ks 2s Jh]
Mahu2021: checks 
HeitorRV: bets 21
Mahu2021: folds 
Uncalled bet (21) returned to HeitorRV
HeitorRV collected 80 from pot
HeitorRV: doesn't show hand 
*** SUMMARY ***
Total pot 80 | Rake 0 
Board [Ks 2s Jh]
Seat 1: Mahu2021 (big blind) folded on the Flop
Seat 2: HeitorRV (button) (small blind) collected (80)



PokerStars Hand #251253069278: Tournament #3772416052, $1.84+$0.16 USD Hold'em No Limit - Level I (10/20) - 2024/06/29 21:56:42 CET [2024/06/29 15:56:42 ET]
Table '3772416052 1' 3-max Seat #1 is the button
Seat 1: Mahu2021 (960 in chips) 
Seat 2: HeitorRV (540 in chips) 
Mahu2021: posts small blind 10
HeitorRV: posts big blind 20
*** HOLE CARDS ***
Dealt to Mahu2021 [Ah 5d]
Mahu2021: raises 20 to 40
HeitorRV: folds 
Uncalled bet (20) returned to Mahu2021
Mahu2021 collected 40 from pot
Mahu2021: doesn't show hand 
*** SUMMARY ***
Total pot 40 | Rake 0 
Seat 1: Mahu2021 (button) (small blind) collected (40)
Seat 2: HeitorRV (big blind) folded before Flop



PokerStars Hand #251253071285: Tournament #3772416052, $1.84+$0.16 USD Hold'em No Limit - Level I (10/20) - 2024/06/29 21:56:52 CET [2024/06/29 15:56:52 ET]
Table '3772416052 1' 3-max Seat #2 is the button
Seat 1: Mahu2021 (980 in chips) 
Seat 2: HeitorRV (520 in chips) 
HeitorRV: posts small blind 10
Mahu2021: posts big blind 20
*** HOLE CARDS ***
Dealt to Mahu2021 [8c 8d]
HeitorRV: calls 10
Mahu2021: raises 60 to 80
HeitorRV: folds 
Uncalled bet (60) returned to Mahu2021
Mahu2021 collected 40 from pot
Mahu2021: doesn't show hand 
*** SUMMARY ***
Total pot 40 | Rake 0 
Seat 1: Mahu2021 (big blind) collected (40)
Seat 2: HeitorRV (button) (small blind) folded before Flop



PokerStars Hand #251253073802: Tournament #3772416052, $1.84+$0.16 USD Hold'em No Limit - Level I (10/20) - 2024/06/29 21:57:06 CET [2024/06/29 15:57:06 ET]
Table '3772416052 1' 3-max Seat #1 is the button
Seat 1: Mahu2021 (1000 in chips) 
Seat 2: HeitorRV (500 in chips) 
Mahu2021: posts small blind 10
HeitorRV: posts big blind 20
*** HOLE CARDS ***
Dealt to Mahu2021 [3s Ks]
Mahu2021: raises 20 to 40
HeitorRV: calls 20
*** FLOP *** [8s 6s As]
HeitorRV: checks 
Mahu2021: checks 
*** TURN *** [8s 6s As] [2h]
HeitorRV: checks 
Mahu2021: checks 
*** RIVER *** [8s 6s As 2h] [Qd]
HeitorRV: checks 
Mahu2021: bets 960 and is all-in
HeitorRV: folds 
Uncalled bet (960) returned to Mahu2021
Mahu2021 collected 80 from pot
Mahu2021: doesn't show hand 
*** SUMMARY ***
Total pot 80 | Rake 0 
Board [8s 6s As 2h Qd]
Seat 1: Mahu2021 (button) (small blind) collected (80)
Seat 2: HeitorRV (big blind) folded on the River



PokerStars Hand #251253081064: Tournament #3772416052, $1.84+$0.16 USD Hold'em No Limit - Level I (10/20) - 2024/06/29 21:57:44 CET [2024/06/29 15:57:44 ET]
Table '3772416052 1' 3-max Seat #2 is the button
Seat 1: Mahu2021 (1040 in chips) 
Seat 2: HeitorRV (460 in chips) 
HeitorRV: posts small blind 10
Mahu2021: posts big blind 20
*** HOLE CARDS ***
Dealt to Mahu2021 [3c Ah]
HeitorRV: raises 20 to 40
Mahu2021: calls 20
*** FLOP *** [2c 8s 5d]
Mahu2021: checks 
HeitorRV: checks 
*** TURN *** [2c 8s 5d] [Qc]
Mahu2021: checks 
HeitorRV: checks 
*** RIVER *** [2c 8s 5d Qc] [5c]
Mahu2021: checks 
HeitorRV: checks 
*** SHOW DOWN ***
Mahu2021: shows [3c Ah] (a pair of Fives)
HeitorRV: mucks hand 
Mahu2021 collected 80 from pot
*** SUMMARY ***
Total pot 80 | Rake 0 
Board [2c 8s 5d Qc 5c]
Seat 1: Mahu2021 (big blind) showed [3c Ah] and won (80) with a pair of Fives
Seat 2: HeitorRV (button) (small blind) mucked [9c Kd]



PokerStars Hand #251253087027: Tournament #3772416052, $1.84+$0.16 USD Hold'em No Limit - Level I (10/20) - 2024/06/29 21:58:16 CET [2024/06/29 15:58:16 ET]
Table '3772416052 1' 3-max Seat #1 is the button
Seat 1: Mahu2021 (1080 in chips) 
Seat 2: HeitorRV (420 in chips) 
Mahu2021: posts small blind 10
HeitorRV: posts big blind 20
*** HOLE CARDS ***
Dealt to Mahu2021 [3s Ks]
Mahu2021: raises 20 to 40
HeitorRV: calls 20
*** FLOP *** [5h Qs 4d]
HeitorRV: checks 
Mahu2021: checks 
*** TURN *** [5h Qs 4d] [4s]
HeitorRV: bets 22
Mahu2021: calls 22
*** RIVER *** [5h Qs 4d 4s] [6h]
HeitorRV: checks 
Mahu2021: bets 100
HeitorRV: folds 
Uncalled bet (100) returned to Mahu2021
Mahu2021 collected 124 from pot
Mahu2021: doesn't show hand 
*** SUMMARY ***
Total pot 124 | Rake 0 
Board [5h Qs 4d 4s 6h]
Seat 1: Mahu2021 (button) (small blind) collected (124)
Seat 2: HeitorRV (big blind) folded on the River



PokerStars Hand #251253095429: Tournament #3772416052, $1.84+$0.16 USD Hold'em No Limit - Level II (15/30) - 2024/06/29 21:59:00 CET [2024/06/29 15:59:00 ET]
Table '3772416052 1' 3-max Seat #2 is the button
Seat 1: Mahu2021 (1142 in chips) 
Seat 2: HeitorRV (358 in chips) 
HeitorRV: posts small blind 15
Mahu2021: posts big blind 30
*** HOLE CARDS ***
Dealt to Mahu2021 [7h 2h]
HeitorRV: calls 15
Mahu2021: checks 
*** FLOP *** [6h 4h 5c]
Mahu2021: checks 
HeitorRV: checks 
*** TURN *** [6h 4h 5c] [5d]
Mahu2021: checks 
HeitorRV: checks 
*** RIVER *** [6h 4h 5c 5d] [3c]
Mahu2021: bets 60
HeitorRV: calls 60
*** SHOW DOWN ***
Mahu2021: shows [7h 2h] (a straight, Three to Seven)
HeitorRV: shows [Kc 7d] (a straight, Three to Seven)
Mahu2021 collected 90 from pot
HeitorRV collected 90 from pot
*** SUMMARY ***
Total pot 180 | Rake 0 
Board [6h 4h 5c 5d 3c]
Seat 1: Mahu2021 (big blind) showed [7h 2h] and won (90) with a straight, Three to Seven
Seat 2: HeitorRV (button) (small blind) showed [Kc 7d] and won (90) with a straight, Three to Seven



PokerStars Hand #251253102507: Tournament #3772416052, $1.84+$0.16 USD Hold'em No Limit - Level II (15/30) - 2024/06/29 21:59:39 CET [2024/06/29 15:59:39 ET]
Table '3772416052 1' 3-max Seat #1 is the button
Seat 1: Mahu2021 (1142 in chips) 
Seat 2: HeitorRV (358 in chips) 
Mahu2021: posts small blind 15
HeitorRV: posts big blind 30
*** HOLE CARDS ***
Dealt to Mahu2021 [Js 9c]
Mahu2021: raises 30 to 60
HeitorRV: folds 
Uncalled bet (30) returned to Mahu2021
Mahu2021 collected 60 from pot
Mahu2021: doesn't show hand 
*** SUMMARY ***
Total pot 60 | Rake 0 
Seat 1: Mahu2021 (button) (small blind) collected (60)
Seat 2: HeitorRV (big blind) folded before Flop



PokerStars Hand #251253104563: Tournament #3772416052, $1.84+$0.16 USD Hold'em No Limit - Level II (15/30) - 2024/06/29 21:59:50 CET [2024/06/29 15:59:50 ET]
Table '3772416052 1' 3-max Seat #2 is the button
Seat 1: Mahu2021 (1172 in chips) 
Seat 2: HeitorRV (328 in chips) 
HeitorRV: posts small blind 15
Mahu2021: posts big blind 30
*** HOLE CARDS ***
Dealt to Mahu2021 [6h 5h]
HeitorRV: calls 15
Mahu2021: checks 
*** FLOP *** [Jh 7h 2s]
Mahu2021: checks 
HeitorRV: bets 30
Mahu2021: calls 30
*** TURN *** [Jh 7h 2s] [Qh]
Mahu2021: checks 
HeitorRV: bets 105
Mahu2021: raises 1007 to 1112 and is all-in
HeitorRV: folds 
Uncalled bet (1007) returned to Mahu2021
Mahu2021 collected 330 from pot
Mahu2021: doesn't show hand 
*** SUMMARY ***
Total pot 330 | Rake 0 
Board [Jh 7h 2s Qh]
Seat 1: Mahu2021 (big blind) collected (330)
Seat 2: HeitorRV (button) (small blind) folded on the Turn



PokerStars Hand #251253112185: Tournament #3772416052, $1.84+$0.16 USD Hold'em No Limit - Level II (15/30) - 2024/06/29 22:00:30 CET [2024/06/29 16:00:30 ET]
Table '3772416052 1' 3-max Seat #1 is the button
Seat 1: Mahu2021 (1337 in chips) 
Seat 2: HeitorRV (163 in chips) 
Mahu2021: posts small blind 15
HeitorRV: posts big blind 30
*** HOLE CARDS ***
Dealt to Mahu2021 [7h 3d]
Mahu2021: folds 
Uncalled bet (15) returned to HeitorRV
HeitorRV collected 30 from pot
HeitorRV: doesn't show hand 
*** SUMMARY ***
Total pot 30 | Rake 0 
Seat 1: Mahu2021 (button) (small blind) folded before Flop
Seat 2: HeitorRV (big blind) collected (30)



PokerStars Hand #251253113080: Tournament #3772416052, $1.84+$0.16 USD Hold'em No Limit - Level II (15/30) - 2024/06/29 22:00:34 CET [2024/06/29 16:00:34 ET]
Table '3772416052 1' 3-max Seat #2 is the button
Seat 1: Mahu2021 (1322 in chips) 
Seat 2: HeitorRV (178 in chips) 
HeitorRV: posts small blind 15
Mahu2021: posts big blind 30
*** HOLE CARDS ***
Dealt to Mahu2021 [3c 6c]
HeitorRV: raises 148 to 178 and is all-in
Mahu2021: folds 
Uncalled bet (148) returned to HeitorRV
HeitorRV collected 60 from pot
HeitorRV: doesn't show hand 
*** SUMMARY ***
Total pot 60 | Rake 0 
Seat 1: Mahu2021 (big blind) folded before Flop
Seat 2: HeitorRV (button) (small blind) collected (60)



PokerStars Hand #251253114521: Tournament #3772416052, $1.84+$0.16 USD Hold'em No Limit - Level II (15/30) - 2024/06/29 22:00:41 CET [2024/06/29 16:00:41 ET]
Table '3772416052 1' 3-max Seat #1 is the button
Seat 1: Mahu2021 (1292 in chips) 
Seat 2: HeitorRV (208 in chips) 
Mahu2021: posts small blind 15
HeitorRV: posts big blind 30
*** HOLE CARDS ***
Dealt to Mahu2021 [3h As]
Mahu2021: raises 30 to 60
HeitorRV: raises 148 to 208 and is all-in
Mahu2021: calls 148
*** FLOP *** [Jd Ac 7h]
*** TURN *** [Jd Ac 7h] [Qc]
*** RIVER *** [Jd Ac 7h Qc] [Tc]
*** SHOW DOWN ***
HeitorRV: shows [9s Qd] (a pair of Queens)
Mahu2021: shows [3h As] (a pair of Aces)
Mahu2021 collected 416 from pot
HeitorRV finished the tournament in 2nd place
Mahu2021 wins the tournament and receives $6.00 - congratulations!
*** SUMMARY ***
Total pot 416 | Rake 0 
Board [Jd Ac 7h Qc Tc]
Seat 1: Mahu2021 (button) (small blind) showed [3h As] and won (416) with a pair of Aces
Seat 2: HeitorRV (big blind) showed [9s Qd] and lost with a pair of Queens



