PokerStars Zoom Hand #254204794401:  Hold'em No Limit ($0.05/$0.10) - 2025/01/05 9:58:40 CET [2025/01/05 3:58:40 ET]
Table 'Aludra' 6-max Seat #1 is the button
Seat 1: blessyou2837 ($10.44 in chips) 
Seat 2: Axel Logan ($11.50 in chips) 
Seat 3: Mahu2021 ($10 in chips) 
Seat 4: bissogro ($10.59 in chips) 
Seat 5: Cosmic167 ($12.43 in chips) 
Seat 6: sorokin21 ($13.63 in chips) 
Axel Logan: posts small blind $0.05
Mahu2021: posts big blind $0.10
*** HOLE CARDS ***
Dealt to Mahu2021 [Kc Tc]
bissogro: folds 
Cosmic167: folds 
sorokin21: raises $0.10 to $0.20
blessyou2837: folds 
Axel Logan: folds 
Mahu2021: calls $0.10
*** FLOP *** [4c 3d Jd]
Mahu2021: checks 
sorokin21: bets $0.20
Mahu2021: calls $0.20
*** TURN *** [4c 3d Jd] [Th]
Mahu2021: checks 
sorokin21: bets $0.50
Mahu2021: calls $0.50
*** RIVER *** [4c 3d Jd Th] [6h]
Mahu2021: checks 
sorokin21: bets $0.94
Mahu2021: calls $0.94
*** SHOW DOWN ***
sorokin21: shows [Td Js] (two pair, Jacks and Tens)
Mahu2021: mucks hand 
sorokin21 collected $3.56 from pot
*** SUMMARY ***
Total pot $3.73 | Rake $0.17 
Board [4c 3d Jd Th 6h]
Seat 1: blessyou2837 (button) folded before Flop (didn't bet)
Seat 2: Axel Logan (small blind) folded before Flop
Seat 3: Mahu2021 (big blind) mucked [Kc Tc]
Seat 4: bissogro folded before Flop (didn't bet)
Seat 5: Cosmic167 folded before Flop (didn't bet)
Seat 6: sorokin21 showed [Td Js] and won ($3.56) with two pair, Jacks and Tens



PokerStars Zoom Hand #254204796799:  Hold'em No Limit ($0.05/$0.10) - 2025/01/05 9:59:08 CET [2025/01/05 3:59:08 ET]
Table 'Aludra' 6-max Seat #1 is the button
Seat 1: Kreuz 8 ($21.57 in chips) 
Seat 2: Mahu2021 ($8.16 in chips) 
Seat 3: sorokin21 ($14.78 in chips) 
Seat 4: M.R.Maximilian7 ($10.10 in chips) 
Seat 5: Billa1177 ($6.19 in chips) 
Seat 6: genmaitya ($10 in chips) 
Mahu2021: posts small blind $0.05
sorokin21: posts big blind $0.10
*** HOLE CARDS ***
Dealt to Mahu2021 [8h Th]
M.R.Maximilian7: folds 
Billa1177: folds 
genmaitya: raises $0.15 to $0.25
Kreuz 8: folds 
Mahu2021: calls $0.20
sorokin21: calls $0.15
*** FLOP *** [7c 3s Jh]
Mahu2021: checks 
sorokin21: checks 
genmaitya: bets $0.36
Mahu2021: folds 
sorokin21: folds 
Uncalled bet ($0.36) returned to genmaitya
genmaitya collected $0.72 from pot
genmaitya: doesn't show hand 
*** SUMMARY ***
Total pot $0.75 | Rake $0.03 
Board [7c 3s Jh]
Seat 1: Kreuz 8 (button) folded before Flop (didn't bet)
Seat 2: Mahu2021 (small blind) folded on the Flop
Seat 3: sorokin21 (big blind) folded on the Flop
Seat 4: M.R.Maximilian7 folded before Flop (didn't bet)
Seat 5: Billa1177 folded before Flop (didn't bet)
Seat 6: genmaitya collected ($0.72)



PokerStars Zoom Hand #254204799852:  Hold'em No Limit ($0.05/$0.10) - 2025/01/05 9:59:44 CET [2025/01/05 3:59:44 ET]
Table 'Aludra' 6-max Seat #1 is the button
Seat 1: Mahu2021 ($7.91 in chips) 
Seat 2: renova0813 ($27.14 in chips) 
Seat 3: Axel Logan ($10.20 in chips) 
Seat 4: blessyou2837 ($20.62 in chips) 
Seat 5: M.R.Maximilian7 ($10 in chips) 
Seat 6: Jinzoo1 ($61.30 in chips) 
renova0813: posts small blind $0.05
Axel Logan: posts big blind $0.10
*** HOLE CARDS ***
Dealt to Mahu2021 [4c Qh]
blessyou2837: folds 
M.R.Maximilian7: raises $0.10 to $0.20
Jinzoo1: folds 
Mahu2021: folds 
renova0813: folds 
Axel Logan: folds 
Uncalled bet ($0.10) returned to M.R.Maximilian7
M.R.Maximilian7 collected $0.25 from pot
M.R.Maximilian7: doesn't show hand 
*** SUMMARY ***
Total pot $0.25 | Rake $0 
Seat 1: Mahu2021 (button) folded before Flop (didn't bet)
Seat 2: renova0813 (small blind) folded before Flop
Seat 3: Axel Logan (big blind) folded before Flop
Seat 4: blessyou2837 folded before Flop (didn't bet)
Seat 5: M.R.Maximilian7 collected ($0.25)
Seat 6: Jinzoo1 folded before Flop (didn't bet)



PokerStars Zoom Hand #254204800123:  Hold'em No Limit ($0.05/$0.10) - 2025/01/05 9:59:48 CET [2025/01/05 3:59:48 ET]
Table 'Aludra' 6-max Seat #1 is the button
Seat 1: patriik68 ($20.25 in chips) 
Seat 2: flauschiii ($13.03 in chips) 
Seat 3: Mahu2021 ($7.91 in chips) 
Seat 4: pATU8D ($14.92 in chips) 
Seat 5: royacht ($12.74 in chips) 
Seat 6: MarkRegen ($7.42 in chips) 
flauschiii: posts small blind $0.05
Mahu2021: posts big blind $0.10
*** HOLE CARDS ***
Dealt to Mahu2021 [Js Qh]
pATU8D: raises $0.15 to $0.25
royacht: folds 
MarkRegen: folds 
patriik68: folds 
flauschiii: folds 
Mahu2021: calls $0.15
*** FLOP *** [4d 5c Kc]
Mahu2021: checks 
pATU8D: bets $0.17
Mahu2021: folds 
Uncalled bet ($0.17) returned to pATU8D
pATU8D collected $0.53 from pot
pATU8D: doesn't show hand 
*** SUMMARY ***
Total pot $0.55 | Rake $0.02 
Board [4d 5c Kc]
Seat 1: patriik68 (button) folded before Flop (didn't bet)
Seat 2: flauschiii (small blind) folded before Flop
Seat 3: Mahu2021 (big blind) folded on the Flop
Seat 4: pATU8D collected ($0.53)
Seat 5: royacht folded before Flop (didn't bet)
Seat 6: MarkRegen folded before Flop (didn't bet)



PokerStars Zoom Hand #254204801189:  Hold'em No Limit ($0.05/$0.10) - 2025/01/05 10:00:01 CET [2025/01/05 4:00:01 ET]
Table 'Aludra' 6-max Seat #1 is the button
Seat 1: 00O-2Z ($10.60 in chips) 
Seat 2: godlikestar ($4.68 in chips) 
Seat 3: Tommg49 ($5 in chips) 
Seat 4: patriik68 ($14.60 in chips) 
Seat 5: renova0813 ($12.76 in chips) 
Seat 6: Mahu2021 ($7.66 in chips) 
godlikestar: posts small blind $0.05
Tommg49: posts big blind $0.10
*** HOLE CARDS ***
Dealt to Mahu2021 [9s Js]
patriik68: raises $0.11 to $0.21
renova0813: folds 
Mahu2021: folds 
00O-2Z: folds 
godlikestar: folds 
Tommg49: folds 
Uncalled bet ($0.11) returned to patriik68
patriik68 collected $0.25 from pot
patriik68: doesn't show hand 
*** SUMMARY ***
Total pot $0.25 | Rake $0 
Seat 1: 00O-2Z (button) folded before Flop (didn't bet)
Seat 2: godlikestar (small blind) folded before Flop
Seat 3: Tommg49 (big blind) folded before Flop
Seat 4: patriik68 collected ($0.25)
Seat 5: renova0813 folded before Flop (didn't bet)
Seat 6: Mahu2021 folded before Flop (didn't bet)



PokerStars Zoom Hand #254204801556:  Hold'em No Limit ($0.05/$0.10) - 2025/01/05 10:00:05 CET [2025/01/05 4:00:05 ET]
Table 'Aludra' 6-max Seat #1 is the button
Seat 1: sigurui ($10 in chips) 
Seat 2: djkf23 ($14.26 in chips) 
Seat 3: bissogro ($10 in chips) 
Seat 4: M.R.Maximilian7 ($11.58 in chips) 
Seat 5: Mahu2021 ($7.66 in chips) 
Seat 6: alx118 ($10.18 in chips) 
djkf23: posts small blind $0.05
bissogro: posts big blind $0.10
*** HOLE CARDS ***
Dealt to Mahu2021 [Qh 8s]
M.R.Maximilian7: folds 
Mahu2021: folds 
alx118: folds 
sigurui: folds 
djkf23: folds 
Uncalled bet ($0.05) returned to bissogro
bissogro collected $0.10 from pot
bissogro: doesn't show hand 
*** SUMMARY ***
Total pot $0.10 | Rake $0 
Seat 1: sigurui (button) folded before Flop (didn't bet)
Seat 2: djkf23 (small blind) folded before Flop
Seat 3: bissogro (big blind) collected ($0.10)
Seat 4: M.R.Maximilian7 folded before Flop (didn't bet)
Seat 5: Mahu2021 folded before Flop (didn't bet)
Seat 6: alx118 folded before Flop (didn't bet)



PokerStars Zoom Hand #254204802136:  Hold'em No Limit ($0.05/$0.10) - 2025/01/05 10:00:12 CET [2025/01/05 4:00:12 ET]
Table 'Aludra' 6-max Seat #1 is the button
Seat 1: Tommg49 ($4.85 in chips) 
Seat 2: Mahu2021 ($7.66 in chips) 
Seat 3: bigiuadrian ($36.36 in chips) 
Seat 4: 00O-2Z ($10.60 in chips) 
Seat 5: andr0507 ($6.12 in chips) 
Seat 6: bissogro ($10.05 in chips) 
Mahu2021: posts small blind $0.05
bigiuadrian: posts big blind $0.10
*** HOLE CARDS ***
Dealt to Mahu2021 [Kh 3d]
00O-2Z: folds 
andr0507: folds 
bissogro: folds 
Tommg49: folds 
Mahu2021: raises $0.20 to $0.30
bigiuadrian: folds 
Uncalled bet ($0.20) returned to Mahu2021
Mahu2021 collected $0.20 from pot
Mahu2021: doesn't show hand 
*** SUMMARY ***
Total pot $0.20 | Rake $0 
Seat 1: Tommg49 (button) folded before Flop (didn't bet)
Seat 2: Mahu2021 (small blind) collected ($0.20)
Seat 3: bigiuadrian (big blind) folded before Flop
Seat 4: 00O-2Z folded before Flop (didn't bet)
Seat 5: andr0507 folded before Flop (didn't bet)
Seat 6: bissogro folded before Flop (didn't bet)



PokerStars Zoom Hand #254204803092:  Hold'em No Limit ($0.05/$0.10) - 2025/01/05 10:00:23 CET [2025/01/05 4:00:23 ET]
Table 'Aludra' 6-max Seat #1 is the button
Seat 1: Mahu2021 ($7.76 in chips) 
Seat 2: godlikestar ($4.63 in chips) 
Seat 3: genmaitya ($10.62 in chips) 
Seat 4: Cosmic167 ($12.18 in chips) 
Seat 5: patriik68 ($14.65 in chips) 
Seat 6: blessyou2837 ($10 in chips) 
godlikestar: posts small blind $0.05
genmaitya: posts big blind $0.10
*** HOLE CARDS ***
Dealt to Mahu2021 [As Ks]
Cosmic167: folds 
patriik68: folds 
blessyou2837: raises $0.25 to $0.35
Mahu2021: calls $0.35
godlikestar: folds 
genmaitya: folds 
*** FLOP *** [Jd 2h 6d]
blessyou2837: checks 
Mahu2021: checks 
*** TURN *** [Jd 2h 6d] [4c]
blessyou2837: bets $0.61
Mahu2021: folds 
Uncalled bet ($0.61) returned to blessyou2837
blessyou2837 collected $0.81 from pot
blessyou2837: doesn't show hand 
*** SUMMARY ***
Total pot $0.85 | Rake $0.04 
Board [Jd 2h 6d 4c]
Seat 1: Mahu2021 (button) folded on the Turn
Seat 2: godlikestar (small blind) folded before Flop
Seat 3: genmaitya (big blind) folded before Flop
Seat 4: Cosmic167 folded before Flop (didn't bet)
Seat 5: patriik68 folded before Flop (didn't bet)
Seat 6: blessyou2837 collected ($0.81)



PokerStars Zoom Hand #254204805562:  Hold'em No Limit ($0.05/$0.10) - 2025/01/05 10:00:50 CET [2025/01/05 4:00:50 ET]
Table 'Aludra' 6-max Seat #1 is the button
Seat 1: godlikestar ($4.48 in chips) 
Seat 2: blessyou2837 ($14.27 in chips) 
Seat 3: Mahu2021 ($7.41 in chips) 
Seat 4: Kabbaben ($10.95 in chips) 
Seat 5: Cosmic167 ($10.73 in chips) 
Seat 6: renova0813 ($59.80 in chips) 
blessyou2837: posts small blind $0.05
Mahu2021: posts big blind $0.10
*** HOLE CARDS ***
Dealt to Mahu2021 [Ac 8d]
Kabbaben: folds 
Cosmic167: folds 
renova0813: folds 
godlikestar: raises $0.16 to $0.26
blessyou2837: folds 
Mahu2021: calls $0.16
*** FLOP *** [Td Ks 3h]
Mahu2021: checks 
godlikestar: bets $0.27
Mahu2021: folds 
Uncalled bet ($0.27) returned to godlikestar
godlikestar collected $0.54 from pot
godlikestar: doesn't show hand 
*** SUMMARY ***
Total pot $0.57 | Rake $0.03 
Board [Td Ks 3h]
Seat 1: godlikestar (button) collected ($0.54)
Seat 2: blessyou2837 (small blind) folded before Flop
Seat 3: Mahu2021 (big blind) folded on the Flop
Seat 4: Kabbaben folded before Flop (didn't bet)
Seat 5: Cosmic167 folded before Flop (didn't bet)
Seat 6: renova0813 folded before Flop (didn't bet)



PokerStars Zoom Hand #254204807538:  Hold'em No Limit ($0.05/$0.10) - 2025/01/05 10:01:11 CET [2025/01/05 4:01:11 ET]
Table 'Aludra' 6-max Seat #1 is the button
Seat 1: Carrorc87 ($10 in chips) 
Seat 2: Mahu2021 ($7.15 in chips) 
Seat 3: Mace F1 ($18.17 in chips) 
Seat 4: sergiudv ($10.26 in chips) 
Seat 5: alx118 ($10 in chips) 
Seat 6: blessyou2837 ($14.22 in chips) 
Mahu2021: posts small blind $0.05
Mace F1: posts big blind $0.10
*** HOLE CARDS ***
Dealt to Mahu2021 [6c 5h]
sergiudv: folds 
alx118: raises $0.20 to $0.30
blessyou2837: folds 
Carrorc87: folds 
Mahu2021: folds 
Mace F1: folds 
Uncalled bet ($0.20) returned to alx118
alx118 collected $0.25 from pot
alx118: doesn't show hand 
*** SUMMARY ***
Total pot $0.25 | Rake $0 
Seat 1: Carrorc87 (button) folded before Flop (didn't bet)
Seat 2: Mahu2021 (small blind) folded before Flop
Seat 3: Mace F1 (big blind) folded before Flop
Seat 4: sergiudv folded before Flop (didn't bet)
Seat 5: alx118 collected ($0.25)
Seat 6: blessyou2837 folded before Flop (didn't bet)



PokerStars Zoom Hand #254204801884:  Hold'em No Limit ($0.05/$0.10) - 2025/01/05 10:00:09 CET [2025/01/05 4:00:09 ET]
Table 'Aludra' 6-max Seat #1 is the button
Seat 1: renova0813 ($12.76 in chips) 
Seat 2: Symbiozis ($8.08 in chips) 
Seat 3: cris_civil ($11.59 in chips) 
Seat 4: Mahu2021 ($7.66 in chips) 
Seat 5: sigurui ($10 in chips) 
Seat 6: xbengi ($19.61 in chips) 
Symbiozis: posts small blind $0.05
cris_civil: posts big blind $0.10
*** HOLE CARDS ***
Dealt to Mahu2021 [8h 6c]
Mahu2021: folds 
sigurui: raises $0.12 to $0.22
xbengi: folds 
renova0813: folds 
Symbiozis: folds 
cris_civil: calls $0.12
*** FLOP *** [Ad 4c 7d]
cris_civil: checks 
sigurui: bets $0.21
cris_civil: calls $0.21
*** TURN *** [Ad 4c 7d] [Js]
cris_civil: checks 
sigurui: checks 
*** RIVER *** [Ad 4c 7d Js] [Jd]
cris_civil: bets $0.70
sigurui: calls $0.70
*** SHOW DOWN ***
cris_civil: shows [5d 8d] (a flush, Ace high)
sigurui: mucks hand 
cris_civil collected $2.21 from pot
*** SUMMARY ***
Total pot $2.31 | Rake $0.10 
Board [Ad 4c 7d Js Jd]
Seat 1: renova0813 (button) folded before Flop (didn't bet)
Seat 2: Symbiozis (small blind) folded before Flop
Seat 3: cris_civil (big blind) showed [5d 8d] and won ($2.21) with a flush, Ace high
Seat 4: Mahu2021 folded before Flop (didn't bet)
Seat 5: sigurui mucked [9h Jh]
Seat 6: xbengi folded before Flop (didn't bet)



PokerStars Zoom Hand #254204807987:  Hold'em No Limit ($0.05/$0.10) - 2025/01/05 10:01:15 CET [2025/01/05 4:01:15 ET]
Table 'Aludra' 6-max Seat #1 is the button
Seat 1: Mahu2021 ($7.10 in chips) 
Seat 2: patriik68 ($14.29 in chips) 
Seat 3: MinusEV74 ($19.97 in chips) 
Seat 4: godlikestar ($4.76 in chips) 
Seat 5: bissogro ($10.05 in chips) 
Seat 6: andr0507 ($9.85 in chips) 
patriik68: posts small blind $0.05
MinusEV74: posts big blind $0.10
*** HOLE CARDS ***
Dealt to Mahu2021 [7c Kc]
godlikestar: folds 
bissogro: folds 
andr0507: folds 
Mahu2021: raises $0.20 to $0.30
patriik68: folds 
MinusEV74: folds 
Uncalled bet ($0.20) returned to Mahu2021
Mahu2021 collected $0.25 from pot
Mahu2021: doesn't show hand 
*** SUMMARY ***
Total pot $0.25 | Rake $0 
Seat 1: Mahu2021 (button) collected ($0.25)
Seat 2: patriik68 (small blind) folded before Flop
Seat 3: MinusEV74 (big blind) folded before Flop
Seat 4: godlikestar folded before Flop (didn't bet)
Seat 5: bissogro folded before Flop (didn't bet)
Seat 6: andr0507 folded before Flop (didn't bet)



PokerStars Zoom Hand #254204805207:  Hold'em No Limit ($0.05/$0.10) - 2025/01/05 10:00:46 CET [2025/01/05 4:00:46 ET]
Table 'Aludra' 6-max Seat #1 is the button
Seat 1: bissogro ($10 in chips) 
Seat 2: pATU8D ($14.90 in chips) 
Seat 3: Mace F1 ($5.10 in chips) 
Seat 4: HakuBD ($13 in chips) 
Seat 5: Carrorc87 ($10 in chips) 
Seat 6: Mahu2021 ($7.41 in chips) 
pATU8D: posts small blind $0.05
Mace F1: posts big blind $0.10
*** HOLE CARDS ***
Dealt to Mahu2021 [7c Jd]
HakuBD: raises $0.20 to $0.30
Carrorc87: folds 
Mahu2021: folds 
bissogro: folds 
pATU8D: raises $0.90 to $1.20
Mace F1: folds 
HakuBD: calls $0.90
*** FLOP *** [Js 8s 7d]
pATU8D: bets $1.22
HakuBD: calls $1.22
*** TURN *** [Js 8s 7d] [As]
pATU8D: bets $3.54
HakuBD: folds 
Uncalled bet ($3.54) returned to pATU8D
pATU8D collected $4.72 from pot
pATU8D: doesn't show hand 
*** SUMMARY ***
Total pot $4.94 | Rake $0.22 
Board [Js 8s 7d As]
Seat 1: bissogro (button) folded before Flop (didn't bet)
Seat 2: pATU8D (small blind) collected ($4.72)
Seat 3: Mace F1 (big blind) folded before Flop
Seat 4: HakuBD folded on the Turn
Seat 5: Carrorc87 folded before Flop (didn't bet)
Seat 6: Mahu2021 folded before Flop (didn't bet)



PokerStars Zoom Hand #254204809260:  Hold'em No Limit ($0.05/$0.10) - 2025/01/05 10:01:29 CET [2025/01/05 4:01:29 ET]
Table 'Aludra' 6-max Seat #1 is the button
Seat 1: Munk639 ($10 in chips) 
Seat 2: cris_civil ($12.67 in chips) 
Seat 3: Axel Logan ($10 in chips) 
Seat 4: Carrorc87 ($10 in chips) 
Seat 5: Mahu2021 ($7.25 in chips) 
Seat 6: patriik68 ($26.98 in chips) 
cris_civil: posts small blind $0.05
Axel Logan: posts big blind $0.10
*** HOLE CARDS ***
Dealt to Mahu2021 [7s 6h]
Carrorc87: folds 
Mahu2021: folds 
patriik68: folds 
Munk639: folds 
cris_civil: folds 
Uncalled bet ($0.05) returned to Axel Logan
Axel Logan collected $0.10 from pot
Axel Logan: doesn't show hand 
*** SUMMARY ***
Total pot $0.10 | Rake $0 
Seat 1: Munk639 (button) folded before Flop (didn't bet)
Seat 2: cris_civil (small blind) folded before Flop
Seat 3: Axel Logan (big blind) collected ($0.10)
Seat 4: Carrorc87 folded before Flop (didn't bet)
Seat 5: Mahu2021 folded before Flop (didn't bet)
Seat 6: patriik68 folded before Flop (didn't bet)



PokerStars Zoom Hand #254204809902:  Hold'em No Limit ($0.05/$0.10) - 2025/01/05 10:01:36 CET [2025/01/05 4:01:36 ET]
Table 'Aludra' 6-max Seat #1 is the button
Seat 1: MinusEV74 ($19.82 in chips) 
Seat 2: andr0507 ($9.75 in chips) 
Seat 3: Kreuz 8 ($10.37 in chips) 
Seat 4: patriik68 ($26.98 in chips) 
Seat 5: Munk639 ($9.65 in chips) 
Seat 6: Mahu2021 ($7.25 in chips) 
andr0507: posts small blind $0.05
Kreuz 8: posts big blind $0.10
*** HOLE CARDS ***
Dealt to Mahu2021 [Ks Ac]
patriik68: folds 
Munk639: folds 
Mahu2021: raises $0.20 to $0.30
MinusEV74: raises $0.75 to $1.05
andr0507: folds 
Kreuz 8: folds 
Mahu2021: calls $0.75
*** FLOP *** [3c 6c 6s]
Mahu2021: checks 
MinusEV74: checks 
*** TURN *** [3c 6c 6s] [8s]
Mahu2021: checks 
MinusEV74: checks 
*** RIVER *** [3c 6c 6s 8s] [7h]
Mahu2021: checks 
MinusEV74: checks 
*** SHOW DOWN ***
Mahu2021: shows [Ks Ac] (a pair of Sixes)
MinusEV74: mucks hand 
Mahu2021 collected $2.15 from pot
*** SUMMARY ***
Total pot $2.25 | Rake $0.10 
Board [3c 6c 6s 8s 7h]
Seat 1: MinusEV74 (button) mucked [Qd Ad]
Seat 2: andr0507 (small blind) folded before Flop
Seat 3: Kreuz 8 (big blind) folded before Flop
Seat 4: patriik68 folded before Flop (didn't bet)
Seat 5: Munk639 folded before Flop (didn't bet)
Seat 6: Mahu2021 showed [Ks Ac] and won ($2.15) with a pair of Sixes



PokerStars Zoom Hand #254204812333:  Hold'em No Limit ($0.05/$0.10) - 2025/01/05 10:02:01 CET [2025/01/05 4:02:01 ET]
Table 'Aludra' 6-max Seat #1 is the button
Seat 1: MinusEV74 ($10.84 in chips) 
Seat 2: Tommg49 ($4.08 in chips) 
Seat 3: Mahu2021 ($8.35 in chips) 
Seat 4: royacht ($12.45 in chips) 
Seat 5: badRoW92 ($10 in chips) 
Seat 6: MarkRegen ($7.65 in chips) 
Tommg49: posts small blind $0.05
Mahu2021: posts big blind $0.10
*** HOLE CARDS ***
Dealt to Mahu2021 [3h Kd]
royacht: folds 
badRoW92: folds 
MarkRegen: folds 
MinusEV74: raises $0.20 to $0.30
Tommg49: folds 
Mahu2021: folds 
Uncalled bet ($0.20) returned to MinusEV74
MinusEV74 collected $0.25 from pot
MinusEV74: doesn't show hand 
*** SUMMARY ***
Total pot $0.25 | Rake $0 
Seat 1: MinusEV74 (button) collected ($0.25)
Seat 2: Tommg49 (small blind) folded before Flop
Seat 3: Mahu2021 (big blind) folded before Flop
Seat 4: royacht folded before Flop (didn't bet)
Seat 5: badRoW92 folded before Flop (didn't bet)
Seat 6: MarkRegen folded before Flop (didn't bet)



PokerStars Zoom Hand #254204809624:  Hold'em No Limit ($0.05/$0.10) - 2025/01/05 10:01:33 CET [2025/01/05 4:01:33 ET]
Table 'Aludra' 6-max Seat #1 is the button
Seat 1: renova0813 ($26.38 in chips) 
Seat 2: begaigazimIT ($9.54 in chips) 
Seat 3: Bricco1992peis ($9.70 in chips) 
Seat 4: Mahu2021 ($7.25 in chips) 
Seat 5: 00O-2Z ($10.45 in chips) 
Seat 6: Cosmic167 ($10.52 in chips) 
begaigazimIT: posts small blind $0.05
Bricco1992peis: posts big blind $0.10
*** HOLE CARDS ***
Dealt to Mahu2021 [4c 8h]
Mahu2021: folds 
00O-2Z: folds 
Cosmic167: raises $0.15 to $0.25
renova0813: folds 
begaigazimIT: folds 
Bricco1992peis: calls $0.15
*** FLOP *** [Ks 6s 8s]
Bricco1992peis: checks 
Cosmic167: checks 
*** TURN *** [Ks 6s 8s] [Jh]
Bricco1992peis: checks 
Cosmic167: checks 
*** RIVER *** [Ks 6s 8s Jh] [2s]
Bricco1992peis: checks 
Cosmic167: bets $0.41
Bricco1992peis: folds 
Uncalled bet ($0.41) returned to Cosmic167
Cosmic167 collected $0.53 from pot
Cosmic167: doesn't show hand 
*** SUMMARY ***
Total pot $0.55 | Rake $0.02 
Board [Ks 6s 8s Jh 2s]
Seat 1: renova0813 (button) folded before Flop (didn't bet)
Seat 2: begaigazimIT (small blind) folded before Flop
Seat 3: Bricco1992peis (big blind) folded on the River
Seat 4: Mahu2021 folded before Flop (didn't bet)
Seat 5: 00O-2Z folded before Flop (didn't bet)
Seat 6: Cosmic167 collected ($0.53)



PokerStars Zoom Hand #254204814774:  Hold'em No Limit ($0.05/$0.10) - 2025/01/05 10:02:26 CET [2025/01/05 4:02:26 ET]
Table 'Aludra' 6-max Seat #1 is the button
Seat 1: N3VER FOLDAA ($14.22 in chips) 
Seat 2: Jujiluju ($10.01 in chips) 
Seat 3: pATU8D ($10.24 in chips) 
Seat 4: genmaitya ($11.69 in chips) 
Seat 5: Mahu2021 ($8.20 in chips) 
Seat 6: xbengi ($21.23 in chips) 
Jujiluju: posts small blind $0.05
pATU8D: posts big blind $0.10
*** HOLE CARDS ***
Dealt to Mahu2021 [2c As]
genmaitya: folds 
Mahu2021: folds 
xbengi: raises $0.10 to $0.20
N3VER FOLDAA: folds 
Jujiluju: folds 
pATU8D: folds 
Uncalled bet ($0.10) returned to xbengi
xbengi collected $0.25 from pot
xbengi: doesn't show hand 
*** SUMMARY ***
Total pot $0.25 | Rake $0 
Seat 1: N3VER FOLDAA (button) folded before Flop (didn't bet)
Seat 2: Jujiluju (small blind) folded before Flop
Seat 3: pATU8D (big blind) folded before Flop
Seat 4: genmaitya folded before Flop (didn't bet)
Seat 5: Mahu2021 folded before Flop (didn't bet)
Seat 6: xbengi collected ($0.25)



PokerStars Zoom Hand #254204813523:  Hold'em No Limit ($0.05/$0.10) - 2025/01/05 10:02:13 CET [2025/01/05 4:02:13 ET]
Table 'Aludra' 6-max Seat #1 is the button
Seat 1: blessyou2837 ($10 in chips) 
Seat 2: Baratrum777 ($10 in chips) 
Seat 3: bissogro ($10 in chips) 
Seat 4: N3VER FOLDAA ($14.32 in chips) 
Seat 5: Cosmic167 ($10.80 in chips) 
Seat 6: Mahu2021 ($8.25 in chips) 
Baratrum777: posts small blind $0.05
bissogro: posts big blind $0.10
*** HOLE CARDS ***
Dealt to Mahu2021 [Th 7d]
N3VER FOLDAA: folds 
Cosmic167: folds 
Mahu2021: folds 
blessyou2837: folds 
Baratrum777: raises $0.20 to $0.30
bissogro: calls $0.20
*** FLOP *** [4s Kd 7c]
Baratrum777: bets $0.20
bissogro: folds 
Uncalled bet ($0.20) returned to Baratrum777
Baratrum777 collected $0.57 from pot
Baratrum777: doesn't show hand 
*** SUMMARY ***
Total pot $0.60 | Rake $0.03 
Board [4s Kd 7c]
Seat 1: blessyou2837 (button) folded before Flop (didn't bet)
Seat 2: Baratrum777 (small blind) collected ($0.57)
Seat 3: bissogro (big blind) folded on the Flop
Seat 4: N3VER FOLDAA folded before Flop (didn't bet)
Seat 5: Cosmic167 folded before Flop (didn't bet)
Seat 6: Mahu2021 folded before Flop (didn't bet)



PokerStars Zoom Hand #254204813115:  Hold'em No Limit ($0.05/$0.10) - 2025/01/05 10:02:09 CET [2025/01/05 4:02:09 ET]
Table 'Aludra' 6-max Seat #1 is the button
Seat 1: Munk639 ($11.88 in chips) 
Seat 2: N3VER FOLDAA ($14.37 in chips) 
Seat 3: renova0813 ($26.53 in chips) 
Seat 4: sorokin21 ($16.98 in chips) 
Seat 5: Mahu2021 ($8.25 in chips) 
Seat 6: blessyou2837 ($14.27 in chips) 
N3VER FOLDAA: posts small blind $0.05
renova0813: posts big blind $0.10
*** HOLE CARDS ***
Dealt to Mahu2021 [Td 4s]
sorokin21: folds 
Mahu2021: folds 
blessyou2837: folds 
Munk639: raises $0.15 to $0.25
N3VER FOLDAA: folds 
renova0813: calls $0.15
*** FLOP *** [5h Jh 6d]
renova0813: checks 
Munk639: checks 
*** TURN *** [5h Jh 6d] [Kd]
renova0813: checks 
Munk639: checks 
*** RIVER *** [5h Jh 6d Kd] [8s]
renova0813: checks 
Munk639: checks 
*** SHOW DOWN ***
renova0813: shows [6c Ah] (a pair of Sixes)
Munk639: mucks hand 
renova0813 collected $0.53 from pot
*** SUMMARY ***
Total pot $0.55 | Rake $0.02 
Board [5h Jh 6d Kd 8s]
Seat 1: Munk639 (button) mucked [4h 4d]
Seat 2: N3VER FOLDAA (small blind) folded before Flop
Seat 3: renova0813 (big blind) showed [6c Ah] and won ($0.53) with a pair of Sixes
Seat 4: sorokin21 folded before Flop (didn't bet)
Seat 5: Mahu2021 folded before Flop (didn't bet)
Seat 6: blessyou2837 folded before Flop (didn't bet)



PokerStars Zoom Hand #254204813879:  Hold'em No Limit ($0.05/$0.10) - 2025/01/05 10:02:16 CET [2025/01/05 4:02:16 ET]
Table 'Aludra' 6-max Seat #1 is the button
Seat 1: Jujiluju ($9.60 in chips) 
Seat 2: Mahu2021 ($8.25 in chips) 
Seat 3: tsontos3 ($10.45 in chips) 
Seat 4: pATU8D ($10.24 in chips) 
Seat 5: Cosmic167 ($10.80 in chips) 
Seat 6: sorokin21 ($16.98 in chips) 
Mahu2021: posts small blind $0.05
tsontos3: posts big blind $0.10
*** HOLE CARDS ***
Dealt to Mahu2021 [4s Qh]
pATU8D: folds 
Cosmic167: folds 
sorokin21: folds 
Jujiluju: calls $0.10
Mahu2021: folds 
tsontos3: checks 
*** FLOP *** [2c Qc 6d]
tsontos3: checks 
Jujiluju: checks 
*** TURN *** [2c Qc 6d] [As]
tsontos3: checks 
Jujiluju: checks 
*** RIVER *** [2c Qc 6d As] [4c]
tsontos3: bets $0.10
Jujiluju: folds 
Uncalled bet ($0.10) returned to tsontos3
tsontos3 collected $0.24 from pot
tsontos3: doesn't show hand 
*** SUMMARY ***
Total pot $0.25 | Rake $0.01 
Board [2c Qc 6d As 4c]
Seat 1: Jujiluju (button) folded on the River
Seat 2: Mahu2021 (small blind) folded before Flop
Seat 3: tsontos3 (big blind) collected ($0.24)
Seat 4: pATU8D folded before Flop (didn't bet)
Seat 5: Cosmic167 folded before Flop (didn't bet)
Seat 6: sorokin21 folded before Flop (didn't bet)



PokerStars Zoom Hand #254204814220:  Hold'em No Limit ($0.05/$0.10) - 2025/01/05 10:02:20 CET [2025/01/05 4:02:20 ET]
Table 'Aludra' 6-max Seat #1 is the button
Seat 1: Mahu2021 ($8.20 in chips) 
Seat 2: blessyou2837 ($14.27 in chips) 
Seat 3: N3VER FOLDAA ($14.32 in chips) 
Seat 4: Mace F1 ($18.82 in chips) 
Seat 5: HakuBD ($10.73 in chips) 
Seat 6: Cosmic167 ($10.80 in chips) 
blessyou2837: posts small blind $0.05
N3VER FOLDAA: posts big blind $0.10
*** HOLE CARDS ***
Dealt to Mahu2021 [5s 6s]
Mace F1: raises $0.20 to $0.30
HakuBD: folds 
Cosmic167: raises $0.60 to $0.90
Mahu2021: folds 
blessyou2837: folds 
N3VER FOLDAA: folds 
Mace F1: calls $0.60
*** FLOP *** [4h 4c 7d]
Mace F1: checks 
Cosmic167: bets $0.65
Mace F1: raises $1.58 to $2.23
Cosmic167: calls $1.58
*** TURN *** [4h 4c 7d] [8d]
Mace F1: bets $3.06
Cosmic167: folds 
Uncalled bet ($3.06) returned to Mace F1
Mace F1 collected $6.12 from pot
Mace F1: doesn't show hand 
*** SUMMARY ***
Total pot $6.41 | Rake $0.29 
Board [4h 4c 7d 8d]
Seat 1: Mahu2021 (button) folded before Flop (didn't bet)
Seat 2: blessyou2837 (small blind) folded before Flop
Seat 3: N3VER FOLDAA (big blind) folded before Flop
Seat 4: Mace F1 collected ($6.12)
Seat 5: HakuBD folded before Flop (didn't bet)
Seat 6: Cosmic167 folded on the Turn



PokerStars Zoom Hand #254204815163:  Hold'em No Limit ($0.05/$0.10) - 2025/01/05 10:02:30 CET [2025/01/05 4:02:30 ET]
Table 'Aludra' 6-max Seat #1 is the button
Seat 1: blessyou2837 ($14.22 in chips) 
Seat 2: N3VER FOLDAA ($14.22 in chips) 
Seat 3: JiALEcaleb ($14.90 in chips) 
Seat 4: Mahu2021 ($8.20 in chips) 
Seat 5: genmaitya ($11.69 in chips) 
Seat 6: bissogro ($10.05 in chips) 
N3VER FOLDAA: posts small blind $0.05
JiALEcaleb: posts big blind $0.10
*** HOLE CARDS ***
Dealt to Mahu2021 [3c Kc]
Mahu2021: folds 
genmaitya: folds 
bissogro: raises $0.10 to $0.20
blessyou2837: folds 
N3VER FOLDAA: folds 
JiALEcaleb: calls $0.10
*** FLOP *** [Td 3h 2d]
JiALEcaleb: checks 
bissogro: bets $0.22
JiALEcaleb: calls $0.22
*** TURN *** [Td 3h 2d] [7s]
JiALEcaleb: checks 
bissogro: checks 
*** RIVER *** [Td 3h 2d 7s] [3d]
JiALEcaleb: bets $0.43
bissogro: folds 
Uncalled bet ($0.43) returned to JiALEcaleb
JiALEcaleb collected $0.85 from pot
JiALEcaleb: doesn't show hand 
*** SUMMARY ***
Total pot $0.89 | Rake $0.04 
Board [Td 3h 2d 7s 3d]
Seat 1: blessyou2837 (button) folded before Flop (didn't bet)
Seat 2: N3VER FOLDAA (small blind) folded before Flop
Seat 3: JiALEcaleb (big blind) collected ($0.85)
Seat 4: Mahu2021 folded before Flop (didn't bet)
Seat 5: genmaitya folded before Flop (didn't bet)
Seat 6: bissogro folded on the River



PokerStars Zoom Hand #254204816415:  Hold'em No Limit ($0.05/$0.10) - 2025/01/05 10:02:43 CET [2025/01/05 4:02:43 ET]
Table 'Aludra' 6-max Seat #1 is the button
Seat 1: Mahu2021 ($8.10 in chips) 
Seat 2: noel24 ($17.38 in chips) 
Seat 3: renova0813 ($13.67 in chips) 
Seat 4: pougia777 ($10 in chips) 
Seat 5: NüssliNici94 ($18.19 in chips) 
Seat 6: Munk639 ($7 in chips) 
noel24: posts small blind $0.05
renova0813: posts big blind $0.10
*** HOLE CARDS ***
Dealt to Mahu2021 [6h 8h]
pougia777: folds 
NüssliNici94: raises $0.15 to $0.25
Munk639: folds 
Mahu2021: folds 
noel24: folds 
renova0813: calls $0.15
*** FLOP *** [Qh 2d Kh]
renova0813: checks 
NüssliNici94: bets $0.28
renova0813: folds 
Uncalled bet ($0.28) returned to NüssliNici94
NüssliNici94 collected $0.53 from pot
NüssliNici94: doesn't show hand 
*** SUMMARY ***
Total pot $0.55 | Rake $0.02 
Board [Qh 2d Kh]
Seat 1: Mahu2021 (button) folded before Flop (didn't bet)
Seat 2: noel24 (small blind) folded before Flop
Seat 3: renova0813 (big blind) folded on the Flop
Seat 4: pougia777 folded before Flop (didn't bet)
Seat 5: NüssliNici94 collected ($0.53)
Seat 6: Munk639 folded before Flop (didn't bet)



PokerStars Zoom Hand #254204815424:  Hold'em No Limit ($0.05/$0.10) - 2025/01/05 10:02:33 CET [2025/01/05 4:02:33 ET]
Table 'Aludra' 6-max Seat #1 is the button
Seat 1: Jinzoo1 ($61.42 in chips) 
Seat 2: NüssliNici94 ($10.05 in chips) 
Seat 3: Mahu2021 ($8.20 in chips) 
Seat 4: MinusEV74 ($9.35 in chips) 
Seat 5: cris_civil ($18.90 in chips) 
Seat 6: noel24 ($17.48 in chips) 
NüssliNici94: posts small blind $0.05
Mahu2021: posts big blind $0.10
*** HOLE CARDS ***
Dealt to Mahu2021 [2s 6h]
MinusEV74: raises $0.20 to $0.30
cris_civil: raises $0.60 to $0.90
noel24: folds 
Jinzoo1: folds 
NüssliNici94: folds 
Mahu2021: folds 
MinusEV74: calls $0.60
*** FLOP *** [5c Qd Tc]
MinusEV74: checks 
cris_civil: bets $0.66
MinusEV74: folds 
Uncalled bet ($0.66) returned to cris_civil
cris_civil collected $1.86 from pot
cris_civil: doesn't show hand 
*** SUMMARY ***
Total pot $1.95 | Rake $0.09 
Board [5c Qd Tc]
Seat 1: Jinzoo1 (button) folded before Flop (didn't bet)
Seat 2: NüssliNici94 (small blind) folded before Flop
Seat 3: Mahu2021 (big blind) folded before Flop
Seat 4: MinusEV74 folded on the Flop
Seat 5: cris_civil collected ($1.86)
Seat 6: noel24 folded before Flop (didn't bet)



PokerStars Zoom Hand #254204817359:  Hold'em No Limit ($0.05/$0.10) - 2025/01/05 10:02:52 CET [2025/01/05 4:02:52 ET]
Table 'Aludra' 6-max Seat #1 is the button
Seat 1: andr0507 ($8.92 in chips) 
Seat 2: am4z!ng ($10 in chips) 
Seat 3: MarkRegen ($7.73 in chips) 
Seat 4: Tommg49 ($3.68 in chips) 
Seat 5: Mahu2021 ($8.10 in chips) 
Seat 6: Baratrum777 ($10.42 in chips) 
am4z!ng: posts small blind $0.05
MarkRegen: posts big blind $0.10
*** HOLE CARDS ***
Dealt to Mahu2021 [6d Ad]
Tommg49: folds 
Mahu2021: raises $0.20 to $0.30
Baratrum777: folds 
andr0507: folds 
am4z!ng: folds 
MarkRegen: calls $0.20
*** FLOP *** [3d Qh Jd]
MarkRegen: checks 
Mahu2021: bets $0.30
MarkRegen: calls $0.30
*** TURN *** [3d Qh Jd] [5c]
MarkRegen: checks 
Mahu2021: checks 
*** RIVER *** [3d Qh Jd 5c] [Jc]
MarkRegen: checks 
Mahu2021: checks 
*** SHOW DOWN ***
MarkRegen: shows [Js 7s] (three of a kind, Jacks)
Mahu2021: mucks hand 
MarkRegen collected $1.17 from pot
*** SUMMARY ***
Total pot $1.25 | Rake $0.08 
Board [3d Qh Jd 5c Jc]
Seat 1: andr0507 (button) folded before Flop (didn't bet)
Seat 2: am4z!ng (small blind) folded before Flop
Seat 3: MarkRegen (big blind) showed [Js 7s] and won ($1.17) with three of a kind, Jacks
Seat 4: Tommg49 folded before Flop (didn't bet)
Seat 5: Mahu2021 mucked [6d Ad]
Seat 6: Baratrum777 folded before Flop (didn't bet)



PokerStars Zoom Hand #254204819554:  Hold'em No Limit ($0.05/$0.10) - 2025/01/05 10:03:15 CET [2025/01/05 4:03:15 ET]
Table 'Aludra' 6-max Seat #1 is the button
Seat 1: camilo13186 ($5.77 in chips) 
Seat 2: Mahu2021 ($7.50 in chips) 
Seat 3: Munk639 ($9.40 in chips) 
Seat 4: Kabbaben ($11.41 in chips) 
Seat 5: genmaitya ($12.69 in chips) 
Seat 6: renova0813 ($26.76 in chips) 
Mahu2021: posts small blind $0.05
Munk639: posts big blind $0.10
*** HOLE CARDS ***
Dealt to Mahu2021 [Kc 7h]
Kabbaben: folds 
genmaitya: folds 
renova0813: folds 
camilo13186: folds 
Mahu2021: folds 
Uncalled bet ($0.05) returned to Munk639
Munk639 collected $0.10 from pot
Munk639: doesn't show hand 
*** SUMMARY ***
Total pot $0.10 | Rake $0 
Seat 1: camilo13186 (button) folded before Flop (didn't bet)
Seat 2: Mahu2021 (small blind) folded before Flop
Seat 3: Munk639 (big blind) collected ($0.10)
Seat 4: Kabbaben folded before Flop (didn't bet)
Seat 5: genmaitya folded before Flop (didn't bet)
Seat 6: renova0813 folded before Flop (didn't bet)



PokerStars Zoom Hand #254204821178:  Hold'em No Limit ($0.05/$0.10) - 2025/01/05 10:03:31 CET [2025/01/05 4:03:31 ET]
Table 'Aludra' 6-max Seat #1 is the button
Seat 1: Bricco1992peis ($9.54 in chips) 
Seat 2: blessyou2837 ($10 in chips) 
Seat 3: Mahu2021 ($7.45 in chips) 
Seat 4: patriik68 ($31.81 in chips) 
Seat 5: sigurui ($10 in chips) 
Seat 6: sorokin21 ($13.55 in chips) 
blessyou2837: posts small blind $0.05
Mahu2021: posts big blind $0.10
*** HOLE CARDS ***
Dealt to Mahu2021 [5d 3s]
patriik68: folds 
sigurui: folds 
sorokin21: folds 
Bricco1992peis: raises $0.20 to $0.30
blessyou2837: folds 
Mahu2021: folds 
Uncalled bet ($0.20) returned to Bricco1992peis
Bricco1992peis collected $0.25 from pot
Bricco1992peis: doesn't show hand 
*** SUMMARY ***
Total pot $0.25 | Rake $0 
Seat 1: Bricco1992peis (button) collected ($0.25)
Seat 2: blessyou2837 (small blind) folded before Flop
Seat 3: Mahu2021 (big blind) folded before Flop
Seat 4: patriik68 folded before Flop (didn't bet)
Seat 5: sigurui folded before Flop (didn't bet)
Seat 6: sorokin21 folded before Flop (didn't bet)



PokerStars Zoom Hand #254204822323:  Hold'em No Limit ($0.05/$0.10) - 2025/01/05 10:03:43 CET [2025/01/05 4:03:43 ET]
Table 'Aludra' 6-max Seat #1 is the button
Seat 1: sorokin21 ($12.45 in chips) 
Seat 2: Mahu2021 ($7.35 in chips) 
Seat 3: A.DOD4 ($12.13 in chips) 
Seat 4: Munk639 ($7.15 in chips) 
Seat 5: 00O-2Z ($13.22 in chips) 
Seat 6: cris_civil ($38.48 in chips) 
Mahu2021: posts small blind $0.05
A.DOD4: posts big blind $0.10
*** HOLE CARDS ***
Dealt to Mahu2021 [Qs 7s]
Munk639: folds 
00O-2Z: folds 
cris_civil: folds 
sorokin21: folds 
Mahu2021: raises $0.20 to $0.30
A.DOD4: folds 
Uncalled bet ($0.20) returned to Mahu2021
Mahu2021 collected $0.20 from pot
Mahu2021: doesn't show hand 
*** SUMMARY ***
Total pot $0.20 | Rake $0 
Seat 1: sorokin21 (button) folded before Flop (didn't bet)
Seat 2: Mahu2021 (small blind) collected ($0.20)
Seat 3: A.DOD4 (big blind) folded before Flop
Seat 4: Munk639 folded before Flop (didn't bet)
Seat 5: 00O-2Z folded before Flop (didn't bet)
Seat 6: cris_civil folded before Flop (didn't bet)



PokerStars Zoom Hand #254204820666:  Hold'em No Limit ($0.05/$0.10) - 2025/01/05 10:03:26 CET [2025/01/05 4:03:26 ET]
Table 'Aludra' 6-max Seat #1 is the button
Seat 1: sigurui ($10 in chips) 
Seat 2: Munk639 ($11.63 in chips) 
Seat 3: Billa1177 ($7.04 in chips) 
Seat 4: Jujiluju ($9.50 in chips) 
Seat 5: Mahu2021 ($7.45 in chips) 
Seat 6: MarkRegen ($8.25 in chips) 
Munk639: posts small blind $0.05
Billa1177: posts big blind $0.10
*** HOLE CARDS ***
Dealt to Mahu2021 [4s Qd]
Jujiluju: folds 
Mahu2021: folds 
MarkRegen: folds 
sigurui: folds 
Munk639: calls $0.05
Billa1177: checks 
*** FLOP *** [8c 2h Qc]
Munk639: checks 
Billa1177: bets $0.30
Munk639: calls $0.30
*** TURN *** [8c 2h Qc] [Ks]
Munk639: checks 
Billa1177: bets $0.30
Munk639: calls $0.30
*** RIVER *** [8c 2h Qc Ks] [6d]
Munk639: checks 
Billa1177: checks 
*** SHOW DOWN ***
Munk639: shows [5c 6c] (a pair of Sixes)
Billa1177: shows [7d Qs] (a pair of Queens)
Billa1177 collected $1.32 from pot
*** SUMMARY ***
Total pot $1.40 | Rake $0.08 
Board [8c 2h Qc Ks 6d]
Seat 1: sigurui (button) folded before Flop (didn't bet)
Seat 2: Munk639 (small blind) showed [5c 6c] and lost with a pair of Sixes
Seat 3: Billa1177 (big blind) showed [7d Qs] and won ($1.32) with a pair of Queens
Seat 4: Jujiluju folded before Flop (didn't bet)
Seat 5: Mahu2021 folded before Flop (didn't bet)
Seat 6: MarkRegen folded before Flop (didn't bet)



PokerStars Zoom Hand #254204820231:  Hold'em No Limit ($0.05/$0.10) - 2025/01/05 10:03:22 CET [2025/01/05 4:03:22 ET]
Table 'Aludra' 6-max Seat #1 is the button
Seat 1: Cosmic167 ($10.49 in chips) 
Seat 2: MarkRegen ($8.30 in chips) 
Seat 3: A.DOD4 ($20.45 in chips) 
Seat 4: xbengi ($21.23 in chips) 
Seat 5: Jinzoo1 ($61.27 in chips) 
Seat 6: Mahu2021 ($7.45 in chips) 
MarkRegen: posts small blind $0.05
A.DOD4: posts big blind $0.10
*** HOLE CARDS ***
Dealt to Mahu2021 [2h Qc]
xbengi: raises $0.10 to $0.20
Jinzoo1: raises $0.40 to $0.60
Mahu2021: folds 
Cosmic167: folds 
MarkRegen: folds 
A.DOD4: calls $0.50
xbengi: calls $0.40
*** FLOP *** [7s Ac Kd]
A.DOD4: checks 
xbengi: checks 
Jinzoo1: bets $0.84
A.DOD4: calls $0.84
xbengi: folds 
*** TURN *** [7s Ac Kd] [Jc]
A.DOD4: checks 
Jinzoo1: checks 
*** RIVER *** [7s Ac Kd Jc] [7h]
A.DOD4: checks 
Jinzoo1: checks 
*** SHOW DOWN ***
A.DOD4: shows [Ad Qd] (two pair, Aces and Sevens)
Jinzoo1: shows [As Qs] (two pair, Aces and Sevens)
A.DOD4 collected $1.67 from pot
Jinzoo1 collected $1.68 from pot
*** SUMMARY ***
Total pot $3.53 | Rake $0.18 
Board [7s Ac Kd Jc 7h]
Seat 1: Cosmic167 (button) folded before Flop (didn't bet)
Seat 2: MarkRegen (small blind) folded before Flop
Seat 3: A.DOD4 (big blind) showed [Ad Qd] and won ($1.67) with two pair, Aces and Sevens
Seat 4: xbengi folded on the Flop
Seat 5: Jinzoo1 showed [As Qs] and won ($1.68) with two pair, Aces and Sevens
Seat 6: Mahu2021 folded before Flop (didn't bet)



PokerStars Zoom Hand #254204821838:  Hold'em No Limit ($0.05/$0.10) - 2025/01/05 10:03:38 CET [2025/01/05 4:03:38 ET]
Table 'Aludra' 6-max Seat #1 is the button
Seat 1: noel24 ($17.23 in chips) 
Seat 2: Kabbaben ($14.84 in chips) 
Seat 3: renova0813 ($68.36 in chips) 
Seat 4: Mahu2021 ($7.35 in chips) 
Seat 5: A.DOD4 ($12.13 in chips) 
Seat 6: Symbiozis ($8.60 in chips) 
Kabbaben: posts small blind $0.05
renova0813: posts big blind $0.10
*** HOLE CARDS ***
Dealt to Mahu2021 [Tc Jd]
Mahu2021: folds 
A.DOD4: folds 
Symbiozis: folds 
noel24: raises $0.10 to $0.20
Kabbaben: calls $0.15
renova0813: folds 
*** FLOP *** [8d 9h 6d]
Kabbaben: checks 
noel24: bets $0.24
Kabbaben: raises $0.48 to $0.72
noel24: calls $0.48
*** TURN *** [8d 9h 6d] [4h]
Kabbaben: bets $0.93
noel24: calls $0.93
*** RIVER *** [8d 9h 6d 4h] [8s]
Kabbaben: bets $1.82
noel24: folds 
Uncalled bet ($1.82) returned to Kabbaben
Kabbaben collected $3.63 from pot
Kabbaben: doesn't show hand 
*** SUMMARY ***
Total pot $3.80 | Rake $0.17 
Board [8d 9h 6d 4h 8s]
Seat 1: noel24 (button) folded on the River
Seat 2: Kabbaben (small blind) collected ($3.63)
Seat 3: renova0813 (big blind) folded before Flop
Seat 4: Mahu2021 folded before Flop (didn't bet)
Seat 5: A.DOD4 folded before Flop (didn't bet)
Seat 6: Symbiozis folded before Flop (didn't bet)



PokerStars Zoom Hand #254204824051:  Hold'em No Limit ($0.05/$0.10) - 2025/01/05 10:04:01 CET [2025/01/05 4:04:01 ET]
Table 'Aludra' 6-max Seat #1 is the button
Seat 1: TPS72 ($8.61 in chips) 
Seat 2: AlmaZzZzZ ($9.90 in chips) 
Seat 3: sorokin21 ($13.25 in chips) 
Seat 4: Mahu2021 ($7.45 in chips) 
Seat 5: blessyou2837 ($11.93 in chips) 
Seat 6: NüssliNici94 ($10.20 in chips) 
AlmaZzZzZ: posts small blind $0.05
sorokin21: posts big blind $0.10
*** HOLE CARDS ***
Dealt to Mahu2021 [Ah 9h]
Mahu2021: raises $0.20 to $0.30
blessyou2837: folds 
NüssliNici94: folds 
TPS72: folds 
AlmaZzZzZ: raises $0.80 to $1.10
sorokin21: folds 
Mahu2021: folds 
Uncalled bet ($0.80) returned to AlmaZzZzZ
AlmaZzZzZ collected $0.70 from pot
AlmaZzZzZ: doesn't show hand 
*** SUMMARY ***
Total pot $0.70 | Rake $0 
Seat 1: TPS72 (button) folded before Flop (didn't bet)
Seat 2: AlmaZzZzZ (small blind) collected ($0.70)
Seat 3: sorokin21 (big blind) folded before Flop
Seat 4: Mahu2021 folded before Flop
Seat 5: blessyou2837 folded before Flop (didn't bet)
Seat 6: NüssliNici94 folded before Flop (didn't bet)



PokerStars Zoom Hand #254204825870:  Hold'em No Limit ($0.05/$0.10) - 2025/01/05 10:04:20 CET [2025/01/05 4:04:20 ET]
Table 'Aludra' 6-max Seat #1 is the button
Seat 1: AlmaZzZzZ ($10.30 in chips) 
Seat 2: Tommg49 ($4.12 in chips) 
Seat 3: Kabbaben ($11.26 in chips) 
Seat 4: NüssliNici94 ($10.15 in chips) 
Seat 5: andr0507 ($7.41 in chips) 
Seat 6: Mahu2021 ($7.15 in chips) 
Tommg49: posts small blind $0.05
Kabbaben: posts big blind $0.10
*** HOLE CARDS ***
Dealt to Mahu2021 [3c 3s]
NüssliNici94: folds 
andr0507: folds 
Mahu2021: raises $0.20 to $0.30
AlmaZzZzZ: folds 
Tommg49: raises $0.90 to $1.20
Kabbaben: folds 
Mahu2021: folds 
Uncalled bet ($0.90) returned to Tommg49
Tommg49 collected $0.70 from pot
Tommg49: doesn't show hand 
*** SUMMARY ***
Total pot $0.70 | Rake $0 
Seat 1: AlmaZzZzZ (button) folded before Flop (didn't bet)
Seat 2: Tommg49 (small blind) collected ($0.70)
Seat 3: Kabbaben (big blind) folded before Flop
Seat 4: NüssliNici94 folded before Flop (didn't bet)
Seat 5: andr0507 folded before Flop (didn't bet)
Seat 6: Mahu2021 folded before Flop



PokerStars Zoom Hand #254204823675:  Hold'em No Limit ($0.05/$0.10) - 2025/01/05 10:03:57 CET [2025/01/05 4:03:57 ET]
Table 'Aludra' 6-max Seat #1 is the button
Seat 1: Mahu2021 ($7.45 in chips) 
Seat 2: cris_civil ($13.34 in chips) 
Seat 3: Mace F1 ($5 in chips) 
Seat 4: Munk639 ($7.15 in chips) 
Seat 5: MinusEV74 ($11.66 in chips) 
Seat 6: andr0507 ($12.37 in chips) 
cris_civil: posts small blind $0.05
Mace F1: posts big blind $0.10
*** HOLE CARDS ***
Dealt to Mahu2021 [8h 3c]
Munk639: folds 
MinusEV74: folds 
andr0507: folds 
Mahu2021: folds 
cris_civil: raises $0.25 to $0.35
Mace F1: calls $0.25
*** FLOP *** [8c 4h 2d]
cris_civil: bets $0.17
Mace F1: calls $0.17
*** TURN *** [8c 4h 2d] [5c]
cris_civil: bets $0.33
Mace F1: folds 
Uncalled bet ($0.33) returned to cris_civil
cris_civil collected $0.99 from pot
cris_civil: doesn't show hand 
*** SUMMARY ***
Total pot $1.04 | Rake $0.05 
Board [8c 4h 2d 5c]
Seat 1: Mahu2021 (button) folded before Flop (didn't bet)
Seat 2: cris_civil (small blind) collected ($0.99)
Seat 3: Mace F1 (big blind) folded on the Turn
Seat 4: Munk639 folded before Flop (didn't bet)
Seat 5: MinusEV74 folded before Flop (didn't bet)
Seat 6: andr0507 folded before Flop (didn't bet)



PokerStars Zoom Hand #254204828968:  Hold'em No Limit ($0.05/$0.10) - 2025/01/05 10:04:51 CET [2025/01/05 4:04:51 ET]
Table 'Aludra' 6-max Seat #1 is the button
Seat 1: Mace F1 ($5 in chips) 
Seat 2: Mahu2021 ($6.75 in chips) 
Seat 3: Cosmic167 ($12.21 in chips) 
Seat 4: andr0507 ($7.56 in chips) 
Seat 5: Tommg49 ($4.52 in chips) 
Seat 6: SuicideKingSK ($10.40 in chips) 
Mahu2021: posts small blind $0.05
Cosmic167: posts big blind $0.10
*** HOLE CARDS ***
Dealt to Mahu2021 [5s 6h]
andr0507: folds 
Tommg49: folds 
SuicideKingSK: folds 
Mace F1: folds 
Mahu2021: folds 
Uncalled bet ($0.05) returned to Cosmic167
Cosmic167 collected $0.10 from pot
Cosmic167: doesn't show hand 
*** SUMMARY ***
Total pot $0.10 | Rake $0 
Seat 1: Mace F1 (button) folded before Flop (didn't bet)
Seat 2: Mahu2021 (small blind) folded before Flop
Seat 3: Cosmic167 (big blind) collected ($0.10)
Seat 4: andr0507 folded before Flop (didn't bet)
Seat 5: Tommg49 folded before Flop (didn't bet)
Seat 6: SuicideKingSK folded before Flop (didn't bet)



PokerStars Zoom Hand #254204827204:  Hold'em No Limit ($0.05/$0.10) - 2025/01/05 10:04:33 CET [2025/01/05 4:04:33 ET]
Table 'Aludra' 6-max Seat #1 is the button
Seat 1: genmaitya ($11.55 in chips) 
Seat 2: NüssliNici94 ($10 in chips) 
Seat 3: Mahu2021 ($6.85 in chips) 
Seat 4: patriik68 ($33.27 in chips) 
Seat 5: Dyingwolf1 ($11.43 in chips) 
Seat 6: pATU8D ($11.95 in chips) 
NüssliNici94: posts small blind $0.05
Mahu2021: posts big blind $0.10
*** HOLE CARDS ***
Dealt to Mahu2021 [2h 2d]
patriik68: folds 
Dyingwolf1: folds 
pATU8D: folds 
genmaitya: raises $0.15 to $0.25
NüssliNici94: raises $0.75 to $1
Mahu2021: folds 
genmaitya: raises $1.20 to $2.20
NüssliNici94: folds 
Uncalled bet ($1.20) returned to genmaitya
genmaitya collected $2.10 from pot
genmaitya: doesn't show hand 
*** SUMMARY ***
Total pot $2.10 | Rake $0 
Seat 1: genmaitya (button) collected ($2.10)
Seat 2: NüssliNici94 (small blind) folded before Flop
Seat 3: Mahu2021 (big blind) folded before Flop
Seat 4: patriik68 folded before Flop (didn't bet)
Seat 5: Dyingwolf1 folded before Flop (didn't bet)
Seat 6: pATU8D folded before Flop (didn't bet)



PokerStars Zoom Hand #254204828668:  Hold'em No Limit ($0.05/$0.10) - 2025/01/05 10:04:48 CET [2025/01/05 4:04:48 ET]
Table 'Aludra' 6-max Seat #1 is the button
Seat 1: Mahu2021 ($6.75 in chips) 
Seat 2: pATU8D ($11.95 in chips) 
Seat 3: Symbiozis ($8.70 in chips) 
Seat 4: SuicideKingSK ($10.40 in chips) 
Seat 5: Tommg49 ($4.52 in chips) 
Seat 6: patriik68 ($33.32 in chips) 
pATU8D: posts small blind $0.05
Symbiozis: posts big blind $0.10
*** HOLE CARDS ***
Dealt to Mahu2021 [8c 3h]
SuicideKingSK: folds 
Tommg49: folds 
patriik68: folds 
Mahu2021: folds 
pATU8D: raises $0.20 to $0.30
Symbiozis: folds 
Uncalled bet ($0.20) returned to pATU8D
pATU8D collected $0.20 from pot
pATU8D: doesn't show hand 
*** SUMMARY ***
Total pot $0.20 | Rake $0 
Seat 1: Mahu2021 (button) folded before Flop (didn't bet)
Seat 2: pATU8D (small blind) collected ($0.20)
Seat 3: Symbiozis (big blind) folded before Flop
Seat 4: SuicideKingSK folded before Flop (didn't bet)
Seat 5: Tommg49 folded before Flop (didn't bet)
Seat 6: patriik68 folded before Flop (didn't bet)



PokerStars Zoom Hand #254204828335:  Hold'em No Limit ($0.05/$0.10) - 2025/01/05 10:04:45 CET [2025/01/05 4:04:45 ET]
Table 'Aludra' 6-max Seat #1 is the button
Seat 1: Jujiluju ($9.20 in chips) 
Seat 2: sorokin21 ($13 in chips) 
Seat 3: Billa1177 ($7.61 in chips) 
Seat 4: TPS72 ($8.46 in chips) 
Seat 5: Mahu2021 ($6.75 in chips) 
Seat 6: Jinzoo1 ($61.51 in chips) 
sorokin21: posts small blind $0.05
Billa1177: posts big blind $0.10
*** HOLE CARDS ***
Dealt to Mahu2021 [Kh 5d]
TPS72: folds 
Mahu2021: folds 
Jinzoo1: folds 
Jujiluju: folds 
sorokin21: calls $0.05
Billa1177: checks 
*** FLOP *** [5s 2h Qc]
sorokin21: checks 
Billa1177: checks 
*** TURN *** [5s 2h Qc] [5c]
sorokin21: checks 
Billa1177: checks 
*** RIVER *** [5s 2h Qc 5c] [Jc]
sorokin21: checks 
Billa1177: checks 
*** SHOW DOWN ***
sorokin21: shows [6h 8h] (a pair of Fives)
Billa1177: shows [7h 8c] (a pair of Fives)
sorokin21 collected $0.10 from pot
Billa1177 collected $0.09 from pot
*** SUMMARY ***
Total pot $0.20 | Rake $0.01 
Board [5s 2h Qc 5c Jc]
Seat 1: Jujiluju (button) folded before Flop (didn't bet)
Seat 2: sorokin21 (small blind) showed [6h 8h] and won ($0.10) with a pair of Fives
Seat 3: Billa1177 (big blind) showed [7h 8c] and won ($0.09) with a pair of Fives
Seat 4: TPS72 folded before Flop (didn't bet)
Seat 5: Mahu2021 folded before Flop (didn't bet)
Seat 6: Jinzoo1 folded before Flop (didn't bet)



PokerStars Zoom Hand #254204829419:  Hold'em No Limit ($0.05/$0.10) - 2025/01/05 10:04:55 CET [2025/01/05 4:04:55 ET]
Table 'Aludra' 6-max Seat #1 is the button
Seat 1: bachlucky ($7.91 in chips) 
Seat 2: MinusEV74 ($8.04 in chips) 
Seat 3: TPS72 ($8.46 in chips) 
Seat 4: blessyou2837 ($15.72 in chips) 
Seat 5: andr0507 ($12.59 in chips) 
Seat 6: Mahu2021 ($6.70 in chips) 
MinusEV74: posts small blind $0.05
TPS72: posts big blind $0.10
*** HOLE CARDS ***
Dealt to Mahu2021 [8d 8c]
blessyou2837: raises $0.25 to $0.35
andr0507: folds 
Mahu2021: calls $0.35
bachlucky: folds 
MinusEV74: folds 
TPS72: folds 
*** FLOP *** [Kd 5d 9d]
blessyou2837: checks 
Mahu2021: bets $0.30
blessyou2837: raises $0.56 to $0.86
Mahu2021: calls $0.56
*** TURN *** [Kd 5d 9d] [7c]
blessyou2837: bets $1.23
Mahu2021: calls $1.23
*** RIVER *** [Kd 5d 9d 7c] [Qs]
blessyou2837: bets $4.55
Mahu2021: folds 
Uncalled bet ($4.55) returned to blessyou2837
blessyou2837 collected $4.80 from pot
blessyou2837: doesn't show hand 
*** SUMMARY ***
Total pot $5.03 | Rake $0.23 
Board [Kd 5d 9d 7c Qs]
Seat 1: bachlucky (button) folded before Flop (didn't bet)
Seat 2: MinusEV74 (small blind) folded before Flop
Seat 3: TPS72 (big blind) folded before Flop
Seat 4: blessyou2837 collected ($4.80)
Seat 5: andr0507 folded before Flop (didn't bet)
Seat 6: Mahu2021 folded on the River



