PokerStars Hand #249664546514: Tournament #3734565797, $1.84+$0.16 USD Hold'em No Limit - Level I (10/20) - 2024/03/28 11:07:13 CET [2024/03/28 6:07:13 ET]
Table '3734565797 1' 3-max Seat #1 is the button
Seat 1: pompeyboy7 (500 in chips) 
Seat 2: JaimeFA22 (500 in chips) 
Seat 3: Mahu2021 (500 in chips) 
JaimeFA22: posts small blind 10
Mahu2021: posts big blind 20
*** HOLE CARDS ***
Dealt to Mahu2021 [4c Qh]
pompeyboy7: folds 
JaimeFA22: calls 10
Mahu2021: checks 
*** FLOP *** [2d 6s Kc]
JaimeFA22: bets 20
Mahu2021: folds 
Uncalled bet (20) returned to JaimeFA22
JaimeFA22 collected 40 from pot
JaimeFA22: doesn't show hand 
*** SUMMARY ***
Total pot 40 | Rake 0 
Board [2d 6s Kc]
Seat 1: pompeyboy7 (button) folded before Flop (didn't bet)
Seat 2: JaimeFA22 (small blind) collected (40)
Seat 3: Mahu2021 (big blind) folded on the Flop



PokerStars Hand #249664548726: Tournament #3734565797, $1.84+$0.16 USD Hold'em No Limit - Level I (10/20) - 2024/03/28 11:07:31 CET [2024/03/28 6:07:31 ET]
Table '3734565797 1' 3-max Seat #2 is the button
Seat 1: pompeyboy7 (500 in chips) 
Seat 2: JaimeFA22 (520 in chips) 
Seat 3: Mahu2021 (480 in chips) 
Mahu2021: posts small blind 10
pompeyboy7: posts big blind 20
*** HOLE CARDS ***
Dealt to Mahu2021 [Kd 9s]
JaimeFA22: folds 
Mahu2021: raises 20 to 40
pompeyboy7: folds 
Uncalled bet (20) returned to Mahu2021
Mahu2021 collected 40 from pot
Mahu2021: doesn't show hand 
*** SUMMARY ***
Total pot 40 | Rake 0 
Seat 1: pompeyboy7 (big blind) folded before Flop
Seat 2: JaimeFA22 (button) folded before Flop (didn't bet)
Seat 3: Mahu2021 (small blind) collected (40)



PokerStars Hand #249664549705: Tournament #3734565797, $1.84+$0.16 USD Hold'em No Limit - Level I (10/20) - 2024/03/28 11:07:39 CET [2024/03/28 6:07:39 ET]
Table '3734565797 1' 3-max Seat #3 is the button
Seat 1: pompeyboy7 (480 in chips) 
Seat 2: JaimeFA22 (520 in chips) 
Seat 3: Mahu2021 (500 in chips) 
pompeyboy7: posts small blind 10
JaimeFA22: posts big blind 20
*** HOLE CARDS ***
Dealt to Mahu2021 [4h Qc]
Mahu2021: folds 
pompeyboy7: folds 
Uncalled bet (10) returned to JaimeFA22
JaimeFA22 collected 20 from pot
JaimeFA22: doesn't show hand 
*** SUMMARY ***
Total pot 20 | Rake 0 
Seat 1: pompeyboy7 (small blind) folded before Flop
Seat 2: JaimeFA22 (big blind) collected (20)
Seat 3: Mahu2021 (button) folded before Flop (didn't bet)



PokerStars Hand #249664550397: Tournament #3734565797, $1.84+$0.16 USD Hold'em No Limit - Level I (10/20) - 2024/03/28 11:07:44 CET [2024/03/28 6:07:44 ET]
Table '3734565797 1' 3-max Seat #1 is the button
Seat 1: pompeyboy7 (470 in chips) 
Seat 2: JaimeFA22 (530 in chips) 
Seat 3: Mahu2021 (500 in chips) 
JaimeFA22: posts small blind 10
Mahu2021: posts big blind 20
*** HOLE CARDS ***
Dealt to Mahu2021 [Qd Jc]
pompeyboy7: folds 
JaimeFA22: raises 20 to 40
Mahu2021: calls 20
*** FLOP *** [Qh As 3c]
JaimeFA22: checks 
Mahu2021: bets 40
JaimeFA22: calls 40
*** TURN *** [Qh As 3c] [Kh]
JaimeFA22: checks 
Mahu2021: checks 
*** RIVER *** [Qh As 3c Kh] [Jd]
JaimeFA22: bets 80
Mahu2021: calls 80
*** SHOW DOWN ***
JaimeFA22: shows [Th Ad] (a straight, Ten to Ace)
Mahu2021: mucks hand 
JaimeFA22 collected 320 from pot
*** SUMMARY ***
Total pot 320 | Rake 0 
Board [Qh As 3c Kh Jd]
Seat 1: pompeyboy7 (button) folded before Flop (didn't bet)
Seat 2: JaimeFA22 (small blind) showed [Th Ad] and won (320) with a straight, Ten to Ace
Seat 3: Mahu2021 (big blind) mucked [Qd Jc]



PokerStars Hand #249664554900: Tournament #3734565797, $1.84+$0.16 USD Hold'em No Limit - Level I (10/20) - 2024/03/28 11:08:20 CET [2024/03/28 6:08:20 ET]
Table '3734565797 1' 3-max Seat #2 is the button
Seat 1: pompeyboy7 (470 in chips) 
Seat 2: JaimeFA22 (690 in chips) 
Seat 3: Mahu2021 (340 in chips) 
Mahu2021: posts small blind 10
pompeyboy7: posts big blind 20
*** HOLE CARDS ***
Dealt to Mahu2021 [Td Th]
JaimeFA22: folds 
Mahu2021: raises 320 to 340 and is all-in
pompeyboy7: folds 
Uncalled bet (320) returned to Mahu2021
Mahu2021 collected 40 from pot
Mahu2021: doesn't show hand 
*** SUMMARY ***
Total pot 40 | Rake 0 
Seat 1: pompeyboy7 (big blind) folded before Flop
Seat 2: JaimeFA22 (button) folded before Flop (didn't bet)
Seat 3: Mahu2021 (small blind) collected (40)



PokerStars Hand #249664555888: Tournament #3734565797, $1.84+$0.16 USD Hold'em No Limit - Level I (10/20) - 2024/03/28 11:08:28 CET [2024/03/28 6:08:28 ET]
Table '3734565797 1' 3-max Seat #3 is the button
Seat 1: pompeyboy7 (450 in chips) 
Seat 2: JaimeFA22 (690 in chips) 
Seat 3: Mahu2021 (360 in chips) 
pompeyboy7: posts small blind 10
JaimeFA22: posts big blind 20
*** HOLE CARDS ***
Dealt to Mahu2021 [2c Ts]
Mahu2021: folds 
pompeyboy7: raises 40 to 60
JaimeFA22: folds 
Uncalled bet (40) returned to pompeyboy7
pompeyboy7 collected 40 from pot
pompeyboy7: doesn't show hand 
*** SUMMARY ***
Total pot 40 | Rake 0 
Seat 1: pompeyboy7 (small blind) collected (40)
Seat 2: JaimeFA22 (big blind) folded before Flop
Seat 3: Mahu2021 (button) folded before Flop (didn't bet)



PokerStars Hand #249664557801: Tournament #3734565797, $1.84+$0.16 USD Hold'em No Limit - Level I (10/20) - 2024/03/28 11:08:43 CET [2024/03/28 6:08:43 ET]
Table '3734565797 1' 3-max Seat #1 is the button
Seat 1: pompeyboy7 (470 in chips) 
Seat 2: JaimeFA22 (670 in chips) 
Seat 3: Mahu2021 (360 in chips) 
JaimeFA22: posts small blind 10
Mahu2021: posts big blind 20
*** HOLE CARDS ***
Dealt to Mahu2021 [Ac 7d]
pompeyboy7: folds 
JaimeFA22: calls 10
Mahu2021: checks 
*** FLOP *** [9d 2d Js]
JaimeFA22: checks 
Mahu2021: checks 
*** TURN *** [9d 2d Js] [4d]
JaimeFA22: bets 20
Mahu2021: calls 20
*** RIVER *** [9d 2d Js 4d] [Ks]
JaimeFA22: bets 40
Mahu2021: folds 
Uncalled bet (40) returned to JaimeFA22
JaimeFA22 collected 80 from pot
JaimeFA22: doesn't show hand 
*** SUMMARY ***
Total pot 80 | Rake 0 
Board [9d 2d Js 4d Ks]
Seat 1: pompeyboy7 (button) folded before Flop (didn't bet)
Seat 2: JaimeFA22 (small blind) collected (80)
Seat 3: Mahu2021 (big blind) folded on the River



PokerStars Hand #249664560904: Tournament #3734565797, $1.84+$0.16 USD Hold'em No Limit - Level I (10/20) - 2024/03/28 11:09:08 CET [2024/03/28 6:09:08 ET]
Table '3734565797 1' 3-max Seat #2 is the button
Seat 1: pompeyboy7 (470 in chips) 
Seat 2: JaimeFA22 (710 in chips) 
Seat 3: Mahu2021 (320 in chips) 
Mahu2021: posts small blind 10
pompeyboy7: posts big blind 20
*** HOLE CARDS ***
Dealt to Mahu2021 [2d 9s]
JaimeFA22: raises 20 to 40
Mahu2021: folds 
pompeyboy7: folds 
Uncalled bet (20) returned to JaimeFA22
JaimeFA22 collected 50 from pot
JaimeFA22: doesn't show hand 
*** SUMMARY ***
Total pot 50 | Rake 0 
Seat 1: pompeyboy7 (big blind) folded before Flop
Seat 2: JaimeFA22 (button) collected (50)
Seat 3: Mahu2021 (small blind) folded before Flop



PokerStars Hand #249664561720: Tournament #3734565797, $1.84+$0.16 USD Hold'em No Limit - Level I (10/20) - 2024/03/28 11:09:14 CET [2024/03/28 6:09:14 ET]
Table '3734565797 1' 3-max Seat #3 is the button
Seat 1: pompeyboy7 (450 in chips) 
Seat 2: JaimeFA22 (740 in chips) 
Seat 3: Mahu2021 (310 in chips) 
pompeyboy7: posts small blind 10
JaimeFA22: posts big blind 20
*** HOLE CARDS ***
Dealt to Mahu2021 [2c 3s]
Mahu2021: folds 
pompeyboy7: folds 
Uncalled bet (10) returned to JaimeFA22
JaimeFA22 collected 20 from pot
JaimeFA22: doesn't show hand 
*** SUMMARY ***
Total pot 20 | Rake 0 
Seat 1: pompeyboy7 (small blind) folded before Flop
Seat 2: JaimeFA22 (big blind) collected (20)
Seat 3: Mahu2021 (button) folded before Flop (didn't bet)



PokerStars Hand #249664562340: Tournament #3734565797, $1.84+$0.16 USD Hold'em No Limit - Level I (10/20) - 2024/03/28 11:09:20 CET [2024/03/28 6:09:20 ET]
Table '3734565797 1' 3-max Seat #1 is the button
Seat 1: pompeyboy7 (440 in chips) 
Seat 2: JaimeFA22 (750 in chips) 
Seat 3: Mahu2021 (310 in chips) 
JaimeFA22: posts small blind 10
Mahu2021: posts big blind 20
*** HOLE CARDS ***
Dealt to Mahu2021 [3h 4h]
pompeyboy7: raises 40 to 60
JaimeFA22: folds 
Mahu2021: calls 40
*** FLOP *** [3c 9h Jh]
Mahu2021: bets 250 and is all-in
pompeyboy7: folds 
Uncalled bet (250) returned to Mahu2021
Mahu2021 collected 130 from pot
Mahu2021: doesn't show hand 
*** SUMMARY ***
Total pot 130 | Rake 0 
Board [3c 9h Jh]
Seat 1: pompeyboy7 (button) folded on the Flop
Seat 2: JaimeFA22 (small blind) folded before Flop
Seat 3: Mahu2021 (big blind) collected (130)



PokerStars Hand #249664564573: Tournament #3734565797, $1.84+$0.16 USD Hold'em No Limit - Level I (10/20) - 2024/03/28 11:09:38 CET [2024/03/28 6:09:38 ET]
Table '3734565797 1' 3-max Seat #2 is the button
Seat 1: pompeyboy7 (380 in chips) 
Seat 2: JaimeFA22 (740 in chips) 
Seat 3: Mahu2021 (380 in chips) 
Mahu2021: posts small blind 10
pompeyboy7: posts big blind 20
*** HOLE CARDS ***
Dealt to Mahu2021 [7c Js]
JaimeFA22: folds 
Mahu2021: folds 
Uncalled bet (10) returned to pompeyboy7
pompeyboy7 collected 20 from pot
pompeyboy7: doesn't show hand 
*** SUMMARY ***
Total pot 20 | Rake 0 
Seat 1: pompeyboy7 (big blind) collected (20)
Seat 2: JaimeFA22 (button) folded before Flop (didn't bet)
Seat 3: Mahu2021 (small blind) folded before Flop



PokerStars Hand #249664565393: Tournament #3734565797, $1.84+$0.16 USD Hold'em No Limit - Level I (10/20) - 2024/03/28 11:09:44 CET [2024/03/28 6:09:44 ET]
Table '3734565797 1' 3-max Seat #3 is the button
Seat 1: pompeyboy7 (390 in chips) 
Seat 2: JaimeFA22 (740 in chips) 
Seat 3: Mahu2021 (370 in chips) 
pompeyboy7: posts small blind 10
JaimeFA22: posts big blind 20
*** HOLE CARDS ***
Dealt to Mahu2021 [7c 2s]
Mahu2021: folds 
pompeyboy7: folds 
Uncalled bet (10) returned to JaimeFA22
JaimeFA22 collected 20 from pot
JaimeFA22: doesn't show hand 
*** SUMMARY ***
Total pot 20 | Rake 0 
Seat 1: pompeyboy7 (small blind) folded before Flop
Seat 2: JaimeFA22 (big blind) collected (20)
Seat 3: Mahu2021 (button) folded before Flop (didn't bet)



PokerStars Hand #249664566138: Tournament #3734565797, $1.84+$0.16 USD Hold'em No Limit - Level I (10/20) - 2024/03/28 11:09:50 CET [2024/03/28 6:09:50 ET]
Table '3734565797 1' 3-max Seat #1 is the button
Seat 1: pompeyboy7 (380 in chips) 
Seat 2: JaimeFA22 (750 in chips) 
Seat 3: Mahu2021 (370 in chips) 
JaimeFA22: posts small blind 10
Mahu2021: posts big blind 20
*** HOLE CARDS ***
Dealt to Mahu2021 [6c Ks]
pompeyboy7: folds 
JaimeFA22: raises 20 to 40
Mahu2021: calls 20
*** FLOP *** [4h Td 7d]
JaimeFA22: bets 40
Mahu2021: folds 
Uncalled bet (40) returned to JaimeFA22
JaimeFA22 collected 80 from pot
JaimeFA22: doesn't show hand 
*** SUMMARY ***
Total pot 80 | Rake 0 
Board [4h Td 7d]
Seat 1: pompeyboy7 (button) folded before Flop (didn't bet)
Seat 2: JaimeFA22 (small blind) collected (80)
Seat 3: Mahu2021 (big blind) folded on the Flop



PokerStars Hand #249664568006: Tournament #3734565797, $1.84+$0.16 USD Hold'em No Limit - Level I (10/20) - 2024/03/28 11:10:05 CET [2024/03/28 6:10:05 ET]
Table '3734565797 1' 3-max Seat #2 is the button
Seat 1: pompeyboy7 (380 in chips) 
Seat 2: JaimeFA22 (790 in chips) 
Seat 3: Mahu2021 (330 in chips) 
Mahu2021: posts small blind 10
pompeyboy7: posts big blind 20
*** HOLE CARDS ***
Dealt to Mahu2021 [9s 5d]
JaimeFA22: folds 
Mahu2021: folds 
Uncalled bet (10) returned to pompeyboy7
pompeyboy7 collected 20 from pot
pompeyboy7: doesn't show hand 
*** SUMMARY ***
Total pot 20 | Rake 0 
Seat 1: pompeyboy7 (big blind) collected (20)
Seat 2: JaimeFA22 (button) folded before Flop (didn't bet)
Seat 3: Mahu2021 (small blind) folded before Flop



PokerStars Hand #249664568706: Tournament #3734565797, $1.84+$0.16 USD Hold'em No Limit - Level I (10/20) - 2024/03/28 11:10:11 CET [2024/03/28 6:10:11 ET]
Table '3734565797 1' 3-max Seat #3 is the button
Seat 1: pompeyboy7 (390 in chips) 
Seat 2: JaimeFA22 (790 in chips) 
Seat 3: Mahu2021 (320 in chips) 
pompeyboy7: posts small blind 10
JaimeFA22: posts big blind 20
*** HOLE CARDS ***
Dealt to Mahu2021 [Qh 3d]
Mahu2021: folds 
pompeyboy7: folds 
Uncalled bet (10) returned to JaimeFA22
JaimeFA22 collected 20 from pot
JaimeFA22: doesn't show hand 
*** SUMMARY ***
Total pot 20 | Rake 0 
Seat 1: pompeyboy7 (small blind) folded before Flop
Seat 2: JaimeFA22 (big blind) collected (20)
Seat 3: Mahu2021 (button) folded before Flop (didn't bet)



PokerStars Hand #249664569784: Tournament #3734565797, $1.84+$0.16 USD Hold'em No Limit - Level II (15/30) - 2024/03/28 11:10:19 CET [2024/03/28 6:10:19 ET]
Table '3734565797 1' 3-max Seat #1 is the button
Seat 1: pompeyboy7 (380 in chips) 
Seat 2: JaimeFA22 (800 in chips) 
Seat 3: Mahu2021 (320 in chips) 
JaimeFA22: posts small blind 15
Mahu2021: posts big blind 30
*** HOLE CARDS ***
Dealt to Mahu2021 [6s 2s]
pompeyboy7: raises 75 to 105
JaimeFA22: folds 
Mahu2021: folds 
Uncalled bet (75) returned to pompeyboy7
pompeyboy7 collected 75 from pot
pompeyboy7: doesn't show hand 
*** SUMMARY ***
Total pot 75 | Rake 0 
Seat 1: pompeyboy7 (button) collected (75)
Seat 2: JaimeFA22 (small blind) folded before Flop
Seat 3: Mahu2021 (big blind) folded before Flop



PokerStars Hand #249664570727: Tournament #3734565797, $1.84+$0.16 USD Hold'em No Limit - Level II (15/30) - 2024/03/28 11:10:27 CET [2024/03/28 6:10:27 ET]
Table '3734565797 1' 3-max Seat #2 is the button
Seat 1: pompeyboy7 (425 in chips) 
Seat 2: JaimeFA22 (785 in chips) 
Seat 3: Mahu2021 (290 in chips) 
Mahu2021: posts small blind 15
pompeyboy7: posts big blind 30
*** HOLE CARDS ***
Dealt to Mahu2021 [Kd 9h]
JaimeFA22: folds 
Mahu2021: raises 30 to 60
pompeyboy7: folds 
Uncalled bet (30) returned to Mahu2021
Mahu2021 collected 60 from pot
Mahu2021: doesn't show hand 
*** SUMMARY ***
Total pot 60 | Rake 0 
Seat 1: pompeyboy7 (big blind) folded before Flop
Seat 2: JaimeFA22 (button) folded before Flop (didn't bet)
Seat 3: Mahu2021 (small blind) collected (60)



PokerStars Hand #249664571691: Tournament #3734565797, $1.84+$0.16 USD Hold'em No Limit - Level II (15/30) - 2024/03/28 11:10:34 CET [2024/03/28 6:10:34 ET]
Table '3734565797 1' 3-max Seat #3 is the button
Seat 1: pompeyboy7 (395 in chips) 
Seat 2: JaimeFA22 (785 in chips) 
Seat 3: Mahu2021 (320 in chips) 
pompeyboy7: posts small blind 15
JaimeFA22: posts big blind 30
*** HOLE CARDS ***
Dealt to Mahu2021 [Kc 5s]
Mahu2021: folds 
pompeyboy7: folds 
Uncalled bet (15) returned to JaimeFA22
JaimeFA22 collected 30 from pot
JaimeFA22: doesn't show hand 
*** SUMMARY ***
Total pot 30 | Rake 0 
Seat 1: pompeyboy7 (small blind) folded before Flop
Seat 2: JaimeFA22 (big blind) collected (30)
Seat 3: Mahu2021 (button) folded before Flop (didn't bet)



PokerStars Hand #249664572314: Tournament #3734565797, $1.84+$0.16 USD Hold'em No Limit - Level II (15/30) - 2024/03/28 11:10:39 CET [2024/03/28 6:10:39 ET]
Table '3734565797 1' 3-max Seat #1 is the button
Seat 1: pompeyboy7 (380 in chips) 
Seat 2: JaimeFA22 (800 in chips) 
Seat 3: Mahu2021 (320 in chips) 
JaimeFA22: posts small blind 15
Mahu2021: posts big blind 30
*** HOLE CARDS ***
Dealt to Mahu2021 [9d Td]
pompeyboy7: folds 
JaimeFA22: raises 30 to 60
Mahu2021: calls 30
*** FLOP *** [3c 2d Kh]
JaimeFA22: bets 30
Mahu2021: calls 30
*** TURN *** [3c 2d Kh] [6c]
JaimeFA22: checks 
Mahu2021: bets 180
JaimeFA22: folds 
Uncalled bet (180) returned to Mahu2021
Mahu2021 collected 180 from pot
Mahu2021: doesn't show hand 
*** SUMMARY ***
Total pot 180 | Rake 0 
Board [3c 2d Kh 6c]
Seat 1: pompeyboy7 (button) folded before Flop (didn't bet)
Seat 2: JaimeFA22 (small blind) folded on the Turn
Seat 3: Mahu2021 (big blind) collected (180)



PokerStars Hand #249664575341: Tournament #3734565797, $1.84+$0.16 USD Hold'em No Limit - Level II (15/30) - 2024/03/28 11:11:04 CET [2024/03/28 6:11:04 ET]
Table '3734565797 1' 3-max Seat #2 is the button
Seat 1: pompeyboy7 (380 in chips) 
Seat 2: JaimeFA22 (710 in chips) 
Seat 3: Mahu2021 (410 in chips) 
Mahu2021: posts small blind 15
pompeyboy7: posts big blind 30
*** HOLE CARDS ***
Dealt to Mahu2021 [4s Qc]
JaimeFA22: raises 30 to 60
Mahu2021: folds 
pompeyboy7: calls 30
*** FLOP *** [5c Kc 4d]
pompeyboy7: checks 
JaimeFA22: checks 
*** TURN *** [5c Kc 4d] [Jh]
pompeyboy7: checks 
JaimeFA22: bets 30
pompeyboy7: calls 30
*** RIVER *** [5c Kc 4d Jh] [Ks]
pompeyboy7: checks 
JaimeFA22: checks 
*** SHOW DOWN ***
pompeyboy7: shows [8d 6d] (a pair of Kings)
JaimeFA22: shows [Ac 7s] (a pair of Kings - Ace kicker)
JaimeFA22 collected 195 from pot
*** SUMMARY ***
Total pot 195 | Rake 0 
Board [5c Kc 4d Jh Ks]
Seat 1: pompeyboy7 (big blind) showed [8d 6d] and lost with a pair of Kings
Seat 2: JaimeFA22 (button) showed [Ac 7s] and won (195) with a pair of Kings
Seat 3: Mahu2021 (small blind) folded before Flop



PokerStars Hand #249664578896: Tournament #3734565797, $1.84+$0.16 USD Hold'em No Limit - Level II (15/30) - 2024/03/28 11:11:32 CET [2024/03/28 6:11:32 ET]
Table '3734565797 1' 3-max Seat #3 is the button
Seat 1: pompeyboy7 (290 in chips) 
Seat 2: JaimeFA22 (815 in chips) 
Seat 3: Mahu2021 (395 in chips) 
pompeyboy7: posts small blind 15
JaimeFA22: posts big blind 30
*** HOLE CARDS ***
Dealt to Mahu2021 [Js Kc]
Mahu2021: calls 30
pompeyboy7: folds 
JaimeFA22: checks 
*** FLOP *** [Kh 9c 9h]
JaimeFA22: checks 
Mahu2021: bets 30
JaimeFA22: folds 
Uncalled bet (30) returned to Mahu2021
Mahu2021 collected 75 from pot
Mahu2021: doesn't show hand 
*** SUMMARY ***
Total pot 75 | Rake 0 
Board [Kh 9c 9h]
Seat 1: pompeyboy7 (small blind) folded before Flop
Seat 2: JaimeFA22 (big blind) folded on the Flop
Seat 3: Mahu2021 (button) collected (75)



PokerStars Hand #249664580502: Tournament #3734565797, $1.84+$0.16 USD Hold'em No Limit - Level II (15/30) - 2024/03/28 11:11:44 CET [2024/03/28 6:11:44 ET]
Table '3734565797 1' 3-max Seat #1 is the button
Seat 1: pompeyboy7 (275 in chips) 
Seat 2: JaimeFA22 (785 in chips) 
Seat 3: Mahu2021 (440 in chips) 
JaimeFA22: posts small blind 15
Mahu2021: posts big blind 30
*** HOLE CARDS ***
Dealt to Mahu2021 [Kd 8s]
pompeyboy7: folds 
JaimeFA22: calls 15
Mahu2021: checks 
*** FLOP *** [9d 4h 5s]
JaimeFA22: bets 30
Mahu2021: folds 
Uncalled bet (30) returned to JaimeFA22
JaimeFA22 collected 60 from pot
JaimeFA22: doesn't show hand 
*** SUMMARY ***
Total pot 60 | Rake 0 
Board [9d 4h 5s]
Seat 1: pompeyboy7 (button) folded before Flop (didn't bet)
Seat 2: JaimeFA22 (small blind) collected (60)
Seat 3: Mahu2021 (big blind) folded on the Flop



PokerStars Hand #249664582260: Tournament #3734565797, $1.84+$0.16 USD Hold'em No Limit - Level II (15/30) - 2024/03/28 11:11:58 CET [2024/03/28 6:11:58 ET]
Table '3734565797 1' 3-max Seat #2 is the button
Seat 1: pompeyboy7 (275 in chips) 
Seat 2: JaimeFA22 (815 in chips) 
Seat 3: Mahu2021 (410 in chips) 
Mahu2021: posts small blind 15
pompeyboy7: posts big blind 30
*** HOLE CARDS ***
Dealt to Mahu2021 [Jd 2s]
JaimeFA22: calls 30
Mahu2021: folds 
pompeyboy7: checks 
*** FLOP *** [6s 5h 8d]
pompeyboy7: checks 
JaimeFA22: checks 
*** TURN *** [6s 5h 8d] [4h]
pompeyboy7: checks 
JaimeFA22: checks 
*** RIVER *** [6s 5h 8d 4h] [7s]
pompeyboy7: checks 
JaimeFA22: checks 
*** SHOW DOWN ***
pompeyboy7: shows [4s Qd] (a straight, Four to Eight)
JaimeFA22: shows [Th Qc] (a straight, Four to Eight)
pompeyboy7 collected 38 from pot
JaimeFA22 collected 37 from pot
*** SUMMARY ***
Total pot 75 | Rake 0 
Board [6s 5h 8d 4h 7s]
Seat 1: pompeyboy7 (big blind) showed [4s Qd] and won (38) with a straight, Four to Eight
Seat 2: JaimeFA22 (button) showed [Th Qc] and won (37) with a straight, Four to Eight
Seat 3: Mahu2021 (small blind) folded before Flop



PokerStars Hand #249664584958: Tournament #3734565797, $1.84+$0.16 USD Hold'em No Limit - Level II (15/30) - 2024/03/28 11:12:20 CET [2024/03/28 6:12:20 ET]
Table '3734565797 1' 3-max Seat #3 is the button
Seat 1: pompeyboy7 (283 in chips) 
Seat 2: JaimeFA22 (822 in chips) 
Seat 3: Mahu2021 (395 in chips) 
pompeyboy7: posts small blind 15
JaimeFA22: posts big blind 30
*** HOLE CARDS ***
Dealt to Mahu2021 [6s 8s]
Mahu2021: folds 
pompeyboy7: folds 
Uncalled bet (15) returned to JaimeFA22
JaimeFA22 collected 30 from pot
JaimeFA22: doesn't show hand 
*** SUMMARY ***
Total pot 30 | Rake 0 
Seat 1: pompeyboy7 (small blind) folded before Flop
Seat 2: JaimeFA22 (big blind) collected (30)
Seat 3: Mahu2021 (button) folded before Flop (didn't bet)



PokerStars Hand #249664585529: Tournament #3734565797, $1.84+$0.16 USD Hold'em No Limit - Level II (15/30) - 2024/03/28 11:12:24 CET [2024/03/28 6:12:24 ET]
Table '3734565797 1' 3-max Seat #1 is the button
Seat 1: pompeyboy7 (268 in chips) 
Seat 2: JaimeFA22 (837 in chips) 
Seat 3: Mahu2021 (395 in chips) 
JaimeFA22: posts small blind 15
Mahu2021: posts big blind 30
*** HOLE CARDS ***
Dealt to Mahu2021 [7d 9c]
pompeyboy7: folds 
JaimeFA22: calls 15
Mahu2021: checks 
*** FLOP *** [3d 5c 2h]
JaimeFA22: checks 
Mahu2021: checks 
*** TURN *** [3d 5c 2h] [Th]
JaimeFA22: checks 
Mahu2021: checks 
*** RIVER *** [3d 5c 2h Th] [Qd]
JaimeFA22: checks 
Mahu2021: checks 
*** SHOW DOWN ***
JaimeFA22: shows [Jd 4d] (high card Queen)
Mahu2021: mucks hand 
JaimeFA22 collected 60 from pot
*** SUMMARY ***
Total pot 60 | Rake 0 
Board [3d 5c 2h Th Qd]
Seat 1: pompeyboy7 (button) folded before Flop (didn't bet)
Seat 2: JaimeFA22 (small blind) showed [Jd 4d] and won (60) with high card Queen
Seat 3: Mahu2021 (big blind) mucked [7d 9c]



PokerStars Hand #249664588358: Tournament #3734565797, $1.84+$0.16 USD Hold'em No Limit - Level II (15/30) - 2024/03/28 11:12:46 CET [2024/03/28 6:12:46 ET]
Table '3734565797 1' 3-max Seat #2 is the button
Seat 1: pompeyboy7 (268 in chips) 
Seat 2: JaimeFA22 (867 in chips) 
Seat 3: Mahu2021 (365 in chips) 
Mahu2021: posts small blind 15
pompeyboy7: posts big blind 30
*** HOLE CARDS ***
Dealt to Mahu2021 [Ac 5h]
JaimeFA22: folds 
Mahu2021: raises 30 to 60
pompeyboy7: folds 
Uncalled bet (30) returned to Mahu2021
Mahu2021 collected 60 from pot
Mahu2021: doesn't show hand 
*** SUMMARY ***
Total pot 60 | Rake 0 
Seat 1: pompeyboy7 (big blind) folded before Flop
Seat 2: JaimeFA22 (button) folded before Flop (didn't bet)
Seat 3: Mahu2021 (small blind) collected (60)



PokerStars Hand #249664589483: Tournament #3734565797, $1.84+$0.16 USD Hold'em No Limit - Level II (15/30) - 2024/03/28 11:12:55 CET [2024/03/28 6:12:55 ET]
Table '3734565797 1' 3-max Seat #3 is the button
Seat 1: pompeyboy7 (238 in chips) 
Seat 2: JaimeFA22 (867 in chips) 
Seat 3: Mahu2021 (395 in chips) 
pompeyboy7: posts small blind 15
JaimeFA22: posts big blind 30
*** HOLE CARDS ***
Dealt to Mahu2021 [2h 8h]
Mahu2021: folds 
pompeyboy7: folds 
Uncalled bet (15) returned to JaimeFA22
JaimeFA22 collected 30 from pot
JaimeFA22: doesn't show hand 
*** SUMMARY ***
Total pot 30 | Rake 0 
Seat 1: pompeyboy7 (small blind) folded before Flop
Seat 2: JaimeFA22 (big blind) collected (30)
Seat 3: Mahu2021 (button) folded before Flop (didn't bet)



PokerStars Hand #249664590085: Tournament #3734565797, $1.84+$0.16 USD Hold'em No Limit - Level II (15/30) - 2024/03/28 11:13:00 CET [2024/03/28 6:13:00 ET]
Table '3734565797 1' 3-max Seat #1 is the button
Seat 1: pompeyboy7 (223 in chips) 
Seat 2: JaimeFA22 (882 in chips) 
Seat 3: Mahu2021 (395 in chips) 
JaimeFA22: posts small blind 15
Mahu2021: posts big blind 30
*** HOLE CARDS ***
Dealt to Mahu2021 [2d 5d]
pompeyboy7: folds 
JaimeFA22: folds 
Uncalled bet (15) returned to Mahu2021
Mahu2021 collected 30 from pot
Mahu2021: doesn't show hand 
*** SUMMARY ***
Total pot 30 | Rake 0 
Seat 1: pompeyboy7 (button) folded before Flop (didn't bet)
Seat 2: JaimeFA22 (small blind) folded before Flop
Seat 3: Mahu2021 (big blind) collected (30)



PokerStars Hand #249664590945: Tournament #3734565797, $1.84+$0.16 USD Hold'em No Limit - Level II (15/30) - 2024/03/28 11:13:07 CET [2024/03/28 6:13:07 ET]
Table '3734565797 1' 3-max Seat #2 is the button
Seat 1: pompeyboy7 (223 in chips) 
Seat 2: JaimeFA22 (867 in chips) 
Seat 3: Mahu2021 (410 in chips) 
Mahu2021: posts small blind 15
pompeyboy7: posts big blind 30
*** HOLE CARDS ***
Dealt to Mahu2021 [Th 5s]
JaimeFA22: calls 30
Mahu2021: folds 
pompeyboy7: checks 
*** FLOP *** [3d Kh 9d]
pompeyboy7: checks 
JaimeFA22: bets 30
pompeyboy7: folds 
Uncalled bet (30) returned to JaimeFA22
JaimeFA22 collected 75 from pot
JaimeFA22: doesn't show hand 
*** SUMMARY ***
Total pot 75 | Rake 0 
Board [3d Kh 9d]
Seat 1: pompeyboy7 (big blind) folded on the Flop
Seat 2: JaimeFA22 (button) collected (75)
Seat 3: Mahu2021 (small blind) folded before Flop



PokerStars Hand #249664592996: Tournament #3734565797, $1.84+$0.16 USD Hold'em No Limit - Level III (20/40) - 2024/03/28 11:13:23 CET [2024/03/28 6:13:23 ET]
Table '3734565797 1' 3-max Seat #3 is the button
Seat 1: pompeyboy7 (193 in chips) 
Seat 2: JaimeFA22 (912 in chips) 
Seat 3: Mahu2021 (395 in chips) 
pompeyboy7: posts small blind 20
JaimeFA22: posts big blind 40
*** HOLE CARDS ***
Dealt to Mahu2021 [Kh Ah]
Mahu2021: calls 40
pompeyboy7: raises 153 to 193 and is all-in
JaimeFA22: folds 
Mahu2021: calls 153
*** FLOP *** [4s 7c 4d]
*** TURN *** [4s 7c 4d] [9s]
*** RIVER *** [4s 7c 4d 9s] [9c]
*** SHOW DOWN ***
pompeyboy7: shows [Tc 8c] (two pair, Nines and Fours)
Mahu2021: shows [Kh Ah] (two pair, Nines and Fours - Ace kicker)
Mahu2021 collected 426 from pot
pompeyboy7 finished the tournament in 3rd place
*** SUMMARY ***
Total pot 426 | Rake 0 
Board [4s 7c 4d 9s 9c]
Seat 1: pompeyboy7 (small blind) showed [Tc 8c] and lost with two pair, Nines and Fours
Seat 2: JaimeFA22 (big blind) folded before Flop
Seat 3: Mahu2021 (button) showed [Kh Ah] and won (426) with two pair, Nines and Fours



PokerStars Hand #249664595523: Tournament #3734565797, $1.84+$0.16 USD Hold'em No Limit - Level III (20/40) - 2024/03/28 11:13:42 CET [2024/03/28 6:13:42 ET]
Table '3734565797 1' 3-max Seat #2 is the button
Seat 2: JaimeFA22 (872 in chips) 
Seat 3: Mahu2021 (628 in chips) 
JaimeFA22: posts small blind 20
Mahu2021: posts big blind 40
*** HOLE CARDS ***
Dealt to Mahu2021 [3h 9s]
JaimeFA22: calls 20
Mahu2021: checks 
*** FLOP *** [Jh 6h 4c]
Mahu2021: checks 
JaimeFA22: bets 40
Mahu2021: folds 
Uncalled bet (40) returned to JaimeFA22
JaimeFA22 collected 80 from pot
JaimeFA22: doesn't show hand 
*** SUMMARY ***
Total pot 80 | Rake 0 
Board [Jh 6h 4c]
Seat 2: JaimeFA22 (button) (small blind) collected (80)
Seat 3: Mahu2021 (big blind) folded on the Flop



PokerStars Hand #249664597149: Tournament #3734565797, $1.84+$0.16 USD Hold'em No Limit - Level III (20/40) - 2024/03/28 11:13:55 CET [2024/03/28 6:13:55 ET]
Table '3734565797 1' 3-max Seat #3 is the button
Seat 2: JaimeFA22 (912 in chips) 
Seat 3: Mahu2021 (588 in chips) 
Mahu2021: posts small blind 20
JaimeFA22: posts big blind 40
*** HOLE CARDS ***
Dealt to Mahu2021 [4h 3s]
Mahu2021: calls 20
JaimeFA22: raises 40 to 80
Mahu2021: folds 
Uncalled bet (40) returned to JaimeFA22
JaimeFA22 collected 80 from pot
JaimeFA22: doesn't show hand 
*** SUMMARY ***
Total pot 80 | Rake 0 
Seat 2: JaimeFA22 (big blind) collected (80)
Seat 3: Mahu2021 (button) (small blind) folded before Flop



PokerStars Hand #249664598299: Tournament #3734565797, $1.84+$0.16 USD Hold'em No Limit - Level III (20/40) - 2024/03/28 11:14:04 CET [2024/03/28 6:14:04 ET]
Table '3734565797 1' 3-max Seat #2 is the button
Seat 2: JaimeFA22 (952 in chips) 
Seat 3: Mahu2021 (548 in chips) 
JaimeFA22: posts small blind 20
Mahu2021: posts big blind 40
*** HOLE CARDS ***
Dealt to Mahu2021 [4c 7h]
JaimeFA22: calls 20
Mahu2021: checks 
*** FLOP *** [5c 3h 7d]
Mahu2021: checks 
JaimeFA22: bets 40
Mahu2021: raises 120 to 160
JaimeFA22: calls 120
*** TURN *** [5c 3h 7d] [4s]
Mahu2021: bets 348 and is all-in
JaimeFA22: calls 348
*** RIVER *** [5c 3h 7d 4s] [8s]
*** SHOW DOWN ***
Mahu2021: shows [4c 7h] (two pair, Sevens and Fours)
JaimeFA22: shows [7c 6c] (a straight, Four to Eight)
JaimeFA22 collected 1096 from pot
Mahu2021 finished the tournament in 2nd place
JaimeFA22 wins the tournament and receives $6.00 - congratulations!
*** SUMMARY ***
Total pot 1096 | Rake 0 
Board [5c 3h 7d 4s 8s]
Seat 2: JaimeFA22 (button) (small blind) showed [7c 6c] and won (1096) with a straight, Four to Eight
Seat 3: Mahu2021 (big blind) showed [4c 7h] and lost with two pair, Sevens and Fours



