PokerStars Hand #243950179679: Tournament #3597094757, $0.92+$0.08 USD Hold'em No Limit - Level I (10/20) - 2023/05/28 9:37:25 CET [2023/05/28 3:37:25 ET]
Table '3597094757 1' 3-max Seat #1 is the button
Seat 1: wellington nene (500 in chips) 
Seat 2: Mahu2021 (500 in chips) 
Seat 3: Witalij_H (500 in chips) 
Mahu2021: posts small blind 10
Witalij_H: posts big blind 20
*** HOLE CARDS ***
Dealt to Mahu2021 [Jc 7s]
wellington nene: calls 20
Mahu2021: calls 10
Witalij_H: checks 
*** FLOP *** [9s 5c 3c]
Mahu2021: checks 
Witalij_H: checks 
wellington nene: checks 
*** TURN *** [9s 5c 3c] [Ts]
Mahu2021: checks 
Witalij_H: checks 
wellington nene: checks 
*** RIVER *** [9s 5c 3c Ts] [5d]
Mahu2021: checks 
Witalij_H: checks 
wellington nene: checks 
*** SHOW DOWN ***
Mahu2021: shows [Jc 7s] (a pair of Fives)
Witalij_H: shows [2h 2c] (two pair, Fives and Deuces)
wellington nene: mucks hand 
Witalij_H collected 60 from pot
*** SUMMARY ***
Total pot 60 | Rake 0 
Board [9s 5c 3c Ts 5d]
Seat 1: wellington nene (button) mucked [6s Ah]
Seat 2: Mahu2021 (small blind) showed [Jc 7s] and lost with a pair of Fives
Seat 3: Witalij_H (big blind) showed [2h 2c] and won (60) with two pair, Fives and Deuces



PokerStars Hand #243950186185: Tournament #3597094757, $0.92+$0.08 USD Hold'em No Limit - Level I (10/20) - 2023/05/28 9:38:21 CET [2023/05/28 3:38:21 ET]
Table '3597094757 1' 3-max Seat #2 is the button
Seat 1: wellington nene (480 in chips) 
Seat 2: Mahu2021 (480 in chips) 
Seat 3: Witalij_H (540 in chips) 
Witalij_H: posts small blind 10
wellington nene: posts big blind 20
*** HOLE CARDS ***
Dealt to Mahu2021 [7h Qs]
Mahu2021: folds 
Witalij_H: raises 20 to 40
wellington nene: raises 60 to 100
Witalij_H: calls 60
*** FLOP *** [9c 9s Kc]
Witalij_H: checks 
wellington nene: bets 380 and is all-in
Witalij_H: folds 
Uncalled bet (380) returned to wellington nene
wellington nene collected 200 from pot
*** SUMMARY ***
Total pot 200 | Rake 0 
Board [9c 9s Kc]
Seat 1: wellington nene (big blind) collected (200)
Seat 2: Mahu2021 (button) folded before Flop (didn't bet)
Seat 3: Witalij_H (small blind) folded on the Flop



PokerStars Hand #243950189465: Tournament #3597094757, $0.92+$0.08 USD Hold'em No Limit - Level I (10/20) - 2023/05/28 9:38:50 CET [2023/05/28 3:38:50 ET]
Table '3597094757 1' 3-max Seat #3 is the button
Seat 1: wellington nene (580 in chips) 
Seat 2: Mahu2021 (480 in chips) 
Seat 3: Witalij_H (440 in chips) 
wellington nene: posts small blind 10
Mahu2021: posts big blind 20
*** HOLE CARDS ***
Dealt to Mahu2021 [5d Qs]
Witalij_H: raises 20 to 40
wellington nene: folds 
Mahu2021: folds 
Uncalled bet (20) returned to Witalij_H
Witalij_H collected 50 from pot
Witalij_H: doesn't show hand 
*** SUMMARY ***
Total pot 50 | Rake 0 
Seat 1: wellington nene (small blind) folded before Flop
Seat 2: Mahu2021 (big blind) folded before Flop
Seat 3: Witalij_H (button) collected (50)



PokerStars Hand #243950190459: Tournament #3597094757, $0.92+$0.08 USD Hold'em No Limit - Level I (10/20) - 2023/05/28 9:38:59 CET [2023/05/28 3:38:59 ET]
Table '3597094757 1' 3-max Seat #1 is the button
Seat 1: wellington nene (570 in chips) 
Seat 2: Mahu2021 (460 in chips) 
Seat 3: Witalij_H (470 in chips) 
Mahu2021: posts small blind 10
Witalij_H: posts big blind 20
*** HOLE CARDS ***
Dealt to Mahu2021 [5d Jd]
wellington nene: calls 20
Mahu2021: calls 10
Witalij_H: checks 
*** FLOP *** [5s 3d 9c]
Mahu2021: bets 20
Witalij_H: folds 
wellington nene: calls 20
*** TURN *** [5s 3d 9c] [2s]
Mahu2021: bets 20
wellington nene: calls 20
*** RIVER *** [5s 3d 9c 2s] [Qd]
Mahu2021: bets 20
wellington nene: raises 490 to 510 and is all-in
Mahu2021: folds 
Uncalled bet (490) returned to wellington nene
wellington nene collected 180 from pot
*** SUMMARY ***
Total pot 180 | Rake 0 
Board [5s 3d 9c 2s Qd]
Seat 1: wellington nene (button) collected (180)
Seat 2: Mahu2021 (small blind) folded on the River
Seat 3: Witalij_H (big blind) folded on the Flop



PokerStars Hand #243950194666: Tournament #3597094757, $0.92+$0.08 USD Hold'em No Limit - Level I (10/20) - 2023/05/28 9:39:36 CET [2023/05/28 3:39:36 ET]
Table '3597094757 1' 3-max Seat #2 is the button
Seat 1: wellington nene (670 in chips) 
Seat 2: Mahu2021 (380 in chips) 
Seat 3: Witalij_H (450 in chips) 
Witalij_H: posts small blind 10
wellington nene: posts big blind 20
*** HOLE CARDS ***
Dealt to Mahu2021 [9s 8h]
Mahu2021: calls 20
Witalij_H: raises 60 to 80
wellington nene: folds 
Mahu2021: folds 
Uncalled bet (60) returned to Witalij_H
Witalij_H collected 60 from pot
Witalij_H: doesn't show hand 
*** SUMMARY ***
Total pot 60 | Rake 0 
Seat 1: wellington nene (big blind) folded before Flop
Seat 2: Mahu2021 (button) folded before Flop
Seat 3: Witalij_H (small blind) collected (60)



PokerStars Hand #243950195936: Tournament #3597094757, $0.92+$0.08 USD Hold'em No Limit - Level I (10/20) - 2023/05/28 9:39:47 CET [2023/05/28 3:39:47 ET]
Table '3597094757 1' 3-max Seat #3 is the button
Seat 1: wellington nene (650 in chips) 
Seat 2: Mahu2021 (360 in chips) 
Seat 3: Witalij_H (490 in chips) 
wellington nene: posts small blind 10
Mahu2021: posts big blind 20
*** HOLE CARDS ***
Dealt to Mahu2021 [4h Jh]
Witalij_H: raises 20 to 40
wellington nene: calls 30
Mahu2021: calls 20
*** FLOP *** [Ac Kd 6c]
wellington nene: checks 
Mahu2021: checks 
Witalij_H: bets 40
wellington nene: folds 
Mahu2021: folds 
Uncalled bet (40) returned to Witalij_H
Witalij_H collected 120 from pot
Witalij_H: doesn't show hand 
*** SUMMARY ***
Total pot 120 | Rake 0 
Board [Ac Kd 6c]
Seat 1: wellington nene (small blind) folded on the Flop
Seat 2: Mahu2021 (big blind) folded on the Flop
Seat 3: Witalij_H (button) collected (120)



PokerStars Hand #243950197938: Tournament #3597094757, $0.92+$0.08 USD Hold'em No Limit - Level I (10/20) - 2023/05/28 9:40:04 CET [2023/05/28 3:40:04 ET]
Table '3597094757 1' 3-max Seat #1 is the button
Seat 1: wellington nene (610 in chips) 
Seat 2: Mahu2021 (320 in chips) 
Seat 3: Witalij_H (570 in chips) 
Mahu2021: posts small blind 10
Witalij_H: posts big blind 20
*** HOLE CARDS ***
Dealt to Mahu2021 [Td 3d]
wellington nene: calls 20
Mahu2021: folds 
Witalij_H: raises 60 to 80
wellington nene: calls 60
*** FLOP *** [Ts 5s 7s]
Witalij_H: bets 170
wellington nene: folds 
Uncalled bet (170) returned to Witalij_H
Witalij_H collected 170 from pot
Witalij_H: doesn't show hand 
*** SUMMARY ***
Total pot 170 | Rake 0 
Board [Ts 5s 7s]
Seat 1: wellington nene (button) folded on the Flop
Seat 2: Mahu2021 (small blind) folded before Flop
Seat 3: Witalij_H (big blind) collected (170)



PokerStars Hand #243950201800: Tournament #3597094757, $0.92+$0.08 USD Hold'em No Limit - Level II (15/30) - 2023/05/28 9:40:37 CET [2023/05/28 3:40:37 ET]
Table '3597094757 1' 3-max Seat #2 is the button
Seat 1: wellington nene (530 in chips) 
Seat 2: Mahu2021 (310 in chips) 
Seat 3: Witalij_H (660 in chips) 
Witalij_H: posts small blind 15
wellington nene: posts big blind 30
*** HOLE CARDS ***
Dealt to Mahu2021 [5h 6c]
Mahu2021: calls 30
Witalij_H: calls 15
wellington nene: checks 
*** FLOP *** [Qs As 2s]
Witalij_H: bets 60
wellington nene: calls 60
Mahu2021: folds 
*** TURN *** [Qs As 2s] [Kh]
Witalij_H: checks 
wellington nene: checks 
*** RIVER *** [Qs As 2s Kh] [4c]
Witalij_H: checks 
wellington nene: checks 
*** SHOW DOWN ***
Witalij_H: shows [Qh 6s] (a pair of Queens)
wellington nene: mucks hand 
Witalij_H collected 210 from pot
*** SUMMARY ***
Total pot 210 | Rake 0 
Board [Qs As 2s Kh 4c]
Seat 1: wellington nene (big blind) mucked [Js 5c]
Seat 2: Mahu2021 (button) folded on the Flop
Seat 3: Witalij_H (small blind) showed [Qh 6s] and won (210) with a pair of Queens



PokerStars Hand #243950205935: Tournament #3597094757, $0.92+$0.08 USD Hold'em No Limit - Level II (15/30) - 2023/05/28 9:41:13 CET [2023/05/28 3:41:13 ET]
Table '3597094757 1' 3-max Seat #3 is the button
Seat 1: wellington nene (440 in chips) 
Seat 2: Mahu2021 (280 in chips) 
Seat 3: Witalij_H (780 in chips) 
wellington nene: posts small blind 15
Mahu2021: posts big blind 30
*** HOLE CARDS ***
Dealt to Mahu2021 [3d 6h]
Witalij_H: folds 
wellington nene: calls 15
Mahu2021: checks 
*** FLOP *** [8c Tc Qs]
wellington nene: checks 
Mahu2021: checks 
*** TURN *** [8c Tc Qs] [Kd]
wellington nene: checks 
Mahu2021: checks 
*** RIVER *** [8c Tc Qs Kd] [Ac]
wellington nene: checks 
Mahu2021: checks 
*** SHOW DOWN ***
wellington nene: shows [6c As] (a pair of Aces)
Mahu2021: mucks hand 
wellington nene collected 60 from pot
*** SUMMARY ***
Total pot 60 | Rake 0 
Board [8c Tc Qs Kd Ac]
Seat 1: wellington nene (small blind) showed [6c As] and won (60) with a pair of Aces
Seat 2: Mahu2021 (big blind) mucked [3d 6h]
Seat 3: Witalij_H (button) folded before Flop (didn't bet)



PokerStars Hand #243950208377: Tournament #3597094757, $0.92+$0.08 USD Hold'em No Limit - Level II (15/30) - 2023/05/28 9:41:34 CET [2023/05/28 3:41:34 ET]
Table '3597094757 1' 3-max Seat #1 is the button
Seat 1: wellington nene (470 in chips) 
Seat 2: Mahu2021 (250 in chips) 
Seat 3: Witalij_H (780 in chips) 
Mahu2021: posts small blind 15
Witalij_H: posts big blind 30
*** HOLE CARDS ***
Dealt to Mahu2021 [Th 5d]
wellington nene: calls 30
Mahu2021: folds 
Witalij_H: checks 
*** FLOP *** [6s Ts Kd]
Witalij_H: checks 
wellington nene: checks 
*** TURN *** [6s Ts Kd] [4d]
Witalij_H: checks 
wellington nene: bets 30
Witalij_H: folds 
Uncalled bet (30) returned to wellington nene
wellington nene collected 75 from pot
*** SUMMARY ***
Total pot 75 | Rake 0 
Board [6s Ts Kd 4d]
Seat 1: wellington nene (button) collected (75)
Seat 2: Mahu2021 (small blind) folded before Flop
Seat 3: Witalij_H (big blind) folded on the Turn



PokerStars Hand #243950211229: Tournament #3597094757, $0.92+$0.08 USD Hold'em No Limit - Level II (15/30) - 2023/05/28 9:41:59 CET [2023/05/28 3:41:59 ET]
Table '3597094757 1' 3-max Seat #2 is the button
Seat 1: wellington nene (515 in chips) 
Seat 2: Mahu2021 (235 in chips) 
Seat 3: Witalij_H (750 in chips) 
Witalij_H: posts small blind 15
wellington nene: posts big blind 30
*** HOLE CARDS ***
Dealt to Mahu2021 [Qc 2h]
Mahu2021: folds 
Witalij_H: raises 30 to 60
wellington nene: calls 30
*** FLOP *** [4d 9h 2d]
Witalij_H: bets 30
wellington nene: calls 30
*** TURN *** [4d 9h 2d] [Qd]
Witalij_H: bets 120
wellington nene: folds 
Uncalled bet (120) returned to Witalij_H
Witalij_H collected 180 from pot
Witalij_H: doesn't show hand 
*** SUMMARY ***
Total pot 180 | Rake 0 
Board [4d 9h 2d Qd]
Seat 1: wellington nene (big blind) folded on the Turn
Seat 2: Mahu2021 (button) folded before Flop (didn't bet)
Seat 3: Witalij_H (small blind) collected (180)



PokerStars Hand #243950214953: Tournament #3597094757, $0.92+$0.08 USD Hold'em No Limit - Level II (15/30) - 2023/05/28 9:42:31 CET [2023/05/28 3:42:31 ET]
Table '3597094757 1' 3-max Seat #3 is the button
Seat 1: wellington nene (425 in chips) 
Seat 2: Mahu2021 (235 in chips) 
Seat 3: Witalij_H (840 in chips) 
wellington nene: posts small blind 15
Mahu2021: posts big blind 30
*** HOLE CARDS ***
Dealt to Mahu2021 [5h As]
Witalij_H: raises 30 to 60
wellington nene: calls 45
Mahu2021: calls 30
*** FLOP *** [6h 5c Kc]
wellington nene: checks 
Mahu2021: bets 175 and is all-in
Witalij_H: folds 
wellington nene: folds 
Uncalled bet (175) returned to Mahu2021
Mahu2021 collected 180 from pot
Mahu2021: doesn't show hand 
*** SUMMARY ***
Total pot 180 | Rake 0 
Board [6h 5c Kc]
Seat 1: wellington nene (small blind) folded on the Flop
Seat 2: Mahu2021 (big blind) collected (180)
Seat 3: Witalij_H (button) folded on the Flop



PokerStars Hand #243950217197: Tournament #3597094757, $0.92+$0.08 USD Hold'em No Limit - Level II (15/30) - 2023/05/28 9:42:50 CET [2023/05/28 3:42:50 ET]
Table '3597094757 1' 3-max Seat #1 is the button
Seat 1: wellington nene (365 in chips) 
Seat 2: Mahu2021 (355 in chips) 
Seat 3: Witalij_H (780 in chips) 
Mahu2021: posts small blind 15
Witalij_H: posts big blind 30
*** HOLE CARDS ***
Dealt to Mahu2021 [3c 8s]
wellington nene: calls 30
Mahu2021: folds 
Witalij_H: raises 750 to 780 and is all-in
wellington nene: calls 335 and is all-in
Uncalled bet (415) returned to Witalij_H
*** FLOP *** [3s 5h Jc]
*** TURN *** [3s 5h Jc] [5c]
*** RIVER *** [3s 5h Jc 5c] [6h]
*** SHOW DOWN ***
Witalij_H: shows [Ad 9d] (a pair of Fives)
wellington nene: shows [4c Tc] (a pair of Fives - lower kicker)
Witalij_H collected 745 from pot
wellington nene finished the tournament in 3rd place
*** SUMMARY ***
Total pot 745 | Rake 0 
Board [3s 5h Jc 5c 6h]
Seat 1: wellington nene (button) showed [4c Tc] and lost with a pair of Fives
Seat 2: Mahu2021 (small blind) folded before Flop
Seat 3: Witalij_H (big blind) showed [Ad 9d] and won (745) with a pair of Fives



PokerStars Hand #243950219527: Tournament #3597094757, $0.92+$0.08 USD Hold'em No Limit - Level II (15/30) - 2023/05/28 9:43:10 CET [2023/05/28 3:43:10 ET]
Table '3597094757 1' 3-max Seat #3 is the button
Seat 2: Mahu2021 (340 in chips) 
Seat 3: Witalij_H (1160 in chips) 
Witalij_H: posts small blind 15
Mahu2021: posts big blind 30
*** HOLE CARDS ***
Dealt to Mahu2021 [3d Kh]
Witalij_H: raises 1130 to 1160 and is all-in
Mahu2021: folds 
Uncalled bet (1130) returned to Witalij_H
Witalij_H collected 60 from pot
Witalij_H: doesn't show hand 
*** SUMMARY ***
Total pot 60 | Rake 0 
Seat 2: Mahu2021 (big blind) folded before Flop
Seat 3: Witalij_H (button) (small blind) collected (60)



PokerStars Hand #243950220324: Tournament #3597094757, $0.92+$0.08 USD Hold'em No Limit - Level II (15/30) - 2023/05/28 9:43:16 CET [2023/05/28 3:43:16 ET]
Table '3597094757 1' 3-max Seat #2 is the button
Seat 2: Mahu2021 (310 in chips) 
Seat 3: Witalij_H (1190 in chips) 
Mahu2021: posts small blind 15
Witalij_H: posts big blind 30
*** HOLE CARDS ***
Dealt to Mahu2021 [6h 7s]
Mahu2021: calls 15
Witalij_H: raises 1160 to 1190 and is all-in
Mahu2021: folds 
Uncalled bet (1160) returned to Witalij_H
Witalij_H collected 60 from pot
Witalij_H: doesn't show hand 
*** SUMMARY ***
Total pot 60 | Rake 0 
Seat 2: Mahu2021 (button) (small blind) folded before Flop
Seat 3: Witalij_H (big blind) collected (60)



PokerStars Hand #243950221269: Tournament #3597094757, $0.92+$0.08 USD Hold'em No Limit - Level II (15/30) - 2023/05/28 9:43:24 CET [2023/05/28 3:43:24 ET]
Table '3597094757 1' 3-max Seat #3 is the button
Seat 2: Mahu2021 (280 in chips) 
Seat 3: Witalij_H (1220 in chips) 
Witalij_H: posts small blind 15
Mahu2021: posts big blind 30
*** HOLE CARDS ***
Dealt to Mahu2021 [3c 9s]
Witalij_H: raises 1190 to 1220 and is all-in
Mahu2021: folds 
Uncalled bet (1190) returned to Witalij_H
Witalij_H collected 60 from pot
Witalij_H: doesn't show hand 
*** SUMMARY ***
Total pot 60 | Rake 0 
Seat 2: Mahu2021 (big blind) folded before Flop
Seat 3: Witalij_H (button) (small blind) collected (60)



PokerStars Hand #243950222359: Tournament #3597094757, $0.92+$0.08 USD Hold'em No Limit - Level III (20/40) - 2023/05/28 9:43:34 CET [2023/05/28 3:43:34 ET]
Table '3597094757 1' 3-max Seat #2 is the button
Seat 2: Mahu2021 (250 in chips) 
Seat 3: Witalij_H (1250 in chips) 
Mahu2021: posts small blind 20
Witalij_H: posts big blind 40
*** HOLE CARDS ***
Dealt to Mahu2021 [Ks As]
Mahu2021: calls 20
Witalij_H: checks 
*** FLOP *** [5s 3d Ah]
Witalij_H: checks 
Mahu2021: bets 40
Witalij_H: calls 40
*** TURN *** [5s 3d Ah] [7d]
Witalij_H: checks 
Mahu2021: bets 40
Witalij_H: calls 40
*** RIVER *** [5s 3d Ah 7d] [4s]
Witalij_H: checks 
Mahu2021: bets 130 and is all-in
Witalij_H: folds 
Uncalled bet (130) returned to Mahu2021
Mahu2021 collected 240 from pot
Mahu2021: doesn't show hand 
*** SUMMARY ***
Total pot 240 | Rake 0 
Board [5s 3d Ah 7d 4s]
Seat 2: Mahu2021 (button) (small blind) collected (240)
Seat 3: Witalij_H (big blind) folded on the River



PokerStars Hand #243950225099: Tournament #3597094757, $0.92+$0.08 USD Hold'em No Limit - Level III (20/40) - 2023/05/28 9:43:57 CET [2023/05/28 3:43:57 ET]
Table '3597094757 1' 3-max Seat #3 is the button
Seat 2: Mahu2021 (370 in chips) 
Seat 3: Witalij_H (1130 in chips) 
Witalij_H: posts small blind 20
Mahu2021: posts big blind 40
*** HOLE CARDS ***
Dealt to Mahu2021 [5s 4d]
Witalij_H: raises 1090 to 1130 and is all-in
Mahu2021: folds 
Uncalled bet (1090) returned to Witalij_H
Witalij_H collected 80 from pot
Witalij_H: doesn't show hand 
*** SUMMARY ***
Total pot 80 | Rake 0 
Seat 2: Mahu2021 (big blind) folded before Flop
Seat 3: Witalij_H (button) (small blind) collected (80)



PokerStars Hand #243950225996: Tournament #3597094757, $0.92+$0.08 USD Hold'em No Limit - Level III (20/40) - 2023/05/28 9:44:04 CET [2023/05/28 3:44:04 ET]
Table '3597094757 1' 3-max Seat #2 is the button
Seat 2: Mahu2021 (330 in chips) 
Seat 3: Witalij_H (1170 in chips) 
Mahu2021: posts small blind 20
Witalij_H: posts big blind 40
*** HOLE CARDS ***
Dealt to Mahu2021 [4c Ad]
Mahu2021: calls 20
Witalij_H: checks 
*** FLOP *** [3s Td 5h]
Witalij_H: checks 
Mahu2021: bets 40
Witalij_H: folds 
Uncalled bet (40) returned to Mahu2021
Mahu2021 collected 80 from pot
Mahu2021: doesn't show hand 
*** SUMMARY ***
Total pot 80 | Rake 0 
Board [3s Td 5h]
Seat 2: Mahu2021 (button) (small blind) collected (80)
Seat 3: Witalij_H (big blind) folded on the Flop



PokerStars Hand #243950229517: Tournament #3597094757, $0.92+$0.08 USD Hold'em No Limit - Level III (20/40) - 2023/05/28 9:44:35 CET [2023/05/28 3:44:35 ET]
Table '3597094757 1' 3-max Seat #3 is the button
Seat 2: Mahu2021 (370 in chips) 
Seat 3: Witalij_H (1130 in chips) 
Witalij_H: posts small blind 20
Mahu2021: posts big blind 40
*** HOLE CARDS ***
Dealt to Mahu2021 [4s Qh]
Witalij_H: raises 1090 to 1130 and is all-in
Mahu2021: folds 
Uncalled bet (1090) returned to Witalij_H
Witalij_H collected 80 from pot
Witalij_H: doesn't show hand 
*** SUMMARY ***
Total pot 80 | Rake 0 
Seat 2: Mahu2021 (big blind) folded before Flop
Seat 3: Witalij_H (button) (small blind) collected (80)



PokerStars Hand #243950230281: Tournament #3597094757, $0.92+$0.08 USD Hold'em No Limit - Level III (20/40) - 2023/05/28 9:44:42 CET [2023/05/28 3:44:42 ET]
Table '3597094757 1' 3-max Seat #2 is the button
Seat 2: Mahu2021 (330 in chips) 
Seat 3: Witalij_H (1170 in chips) 
Mahu2021: posts small blind 20
Witalij_H: posts big blind 40
*** HOLE CARDS ***
Dealt to Mahu2021 [Qh 5d]
Mahu2021: folds 
Uncalled bet (20) returned to Witalij_H
Witalij_H collected 40 from pot
Witalij_H: doesn't show hand 
*** SUMMARY ***
Total pot 40 | Rake 0 
Seat 2: Mahu2021 (button) (small blind) folded before Flop
Seat 3: Witalij_H (big blind) collected (40)



