PokerStars Hand #247565120801: Tournament #3684190905, $1.84+$0.16 USD Hold'em No Limit - Level I (10/20) - 2023/12/09 17:13:29 CET [2023/12/09 11:13:29 ET]
Table '3684190905 1' 3-max Seat #1 is the button
Seat 1: MikanThePro (500 in chips) 
Seat 2: FatMao92 (500 in chips) 
Seat 3: Mahu2021 (500 in chips) 
FatMao92: posts small blind 10
Mahu2021: posts big blind 20
*** HOLE CARDS ***
Dealt to Mahu2021 [5s 7s]
MikanThePro: raises 20 to 40
FatMao92: calls 30
Mahu2021: calls 20
*** FLOP *** [8s Qs Kh]
FatMao92: checks 
Mahu2021: checks 
MikanThePro: checks 
*** TURN *** [8s Qs Kh] [2s]
FatMao92: bets 20
Mahu2021: raises 40 to 60
MikanThePro: folds 
FatMao92: raises 100 to 160
Mahu2021: raises 300 to 460 and is all-in
FatMao92: calls 300 and is all-in
*** RIVER *** [8s Qs Kh 2s] [Jc]
*** SHOW DOWN ***
FatMao92: shows [3s Ks] (a flush, King high)
Mahu2021: shows [5s 7s] (a flush, Queen high)
FatMao92 collected 1040 from pot
Mahu2021 finished the tournament in 3rd place
*** SUMMARY ***
Total pot 1040 | Rake 0 
Board [8s Qs Kh 2s Jc]
Seat 1: MikanThePro (button) folded on the Turn
Seat 2: FatMao92 (small blind) showed [3s Ks] and won (1040) with a flush, King high
Seat 3: Mahu2021 (big blind) showed [5s 7s] and lost with a flush, Queen high



