PokerStars Hand #253297331408: Tournament #3821066626, $1.84+$0.16 USD Hold'em No Limit - Level I (10/20) - 2024/11/07 18:45:36 CET [2024/11/07 12:45:36 ET]
Table '3821066626 1' 3-max Seat #1 is the button
Seat 1: sernas1984 (500 in chips) 
Seat 2: Mahu2021 (500 in chips) 
Seat 3: bubonik90 (500 in chips) 
Mahu2021: posts small blind 10
bubonik90: posts big blind 20
*** HOLE CARDS ***
Dealt to Mahu2021 [5s Th]
sernas1984: raises 20 to 40
Mahu2021: folds 
bubonik90: raises 460 to 500 and is all-in
sernas1984: folds 
Uncalled bet (460) returned to bubonik90
bubonik90 collected 90 from pot
bubonik90: doesn't show hand 
*** SUMMARY ***
Total pot 90 | Rake 0 
Seat 1: sernas1984 (button) folded before Flop
Seat 2: Mahu2021 (small blind) folded before Flop
Seat 3: bubonik90 (big blind) collected (90)



PokerStars Hand #253297335706: Tournament #3821066626, $1.84+$0.16 USD Hold'em No Limit - Level I (10/20) - 2024/11/07 18:45:53 CET [2024/11/07 12:45:53 ET]
Table '3821066626 1' 3-max Seat #2 is the button
Seat 1: sernas1984 (460 in chips) 
Seat 2: Mahu2021 (490 in chips) 
Seat 3: bubonik90 (550 in chips) 
bubonik90: posts small blind 10
sernas1984: posts big blind 20
*** HOLE CARDS ***
Dealt to Mahu2021 [3h 5h]
Mahu2021: calls 20
bubonik90: folds 
sernas1984: checks 
*** FLOP *** [4s Qc Tc]
sernas1984: checks 
Mahu2021: bets 40
sernas1984: folds 
Uncalled bet (40) returned to Mahu2021
Mahu2021 collected 50 from pot
Mahu2021: doesn't show hand 
*** SUMMARY ***
Total pot 50 | Rake 0 
Board [4s Qc Tc]
Seat 1: sernas1984 (big blind) folded on the Flop
Seat 2: Mahu2021 (button) collected (50)
Seat 3: bubonik90 (small blind) folded before Flop



PokerStars Hand #253297341434: Tournament #3821066626, $1.84+$0.16 USD Hold'em No Limit - Level I (10/20) - 2024/11/07 18:46:17 CET [2024/11/07 12:46:17 ET]
Table '3821066626 1' 3-max Seat #3 is the button
Seat 1: sernas1984 (440 in chips) 
Seat 2: Mahu2021 (520 in chips) 
Seat 3: bubonik90 (540 in chips) 
sernas1984: posts small blind 10
Mahu2021: posts big blind 20
*** HOLE CARDS ***
Dealt to Mahu2021 [6c 3d]
bubonik90: raises 20 to 40
sernas1984: folds 
Mahu2021: folds 
Uncalled bet (20) returned to bubonik90
bubonik90 collected 50 from pot
bubonik90: doesn't show hand 
*** SUMMARY ***
Total pot 50 | Rake 0 
Seat 1: sernas1984 (small blind) folded before Flop
Seat 2: Mahu2021 (big blind) folded before Flop
Seat 3: bubonik90 (button) collected (50)



PokerStars Hand #253297343722: Tournament #3821066626, $1.84+$0.16 USD Hold'em No Limit - Level I (10/20) - 2024/11/07 18:46:26 CET [2024/11/07 12:46:26 ET]
Table '3821066626 1' 3-max Seat #1 is the button
Seat 1: sernas1984 (430 in chips) 
Seat 2: Mahu2021 (500 in chips) 
Seat 3: bubonik90 (570 in chips) 
Mahu2021: posts small blind 10
bubonik90: posts big blind 20
*** HOLE CARDS ***
Dealt to Mahu2021 [Ad 6s]
sernas1984: raises 20 to 40
Mahu2021: calls 30
bubonik90: calls 20
*** FLOP *** [2h 3s 9d]
Mahu2021: checks 
bubonik90: checks 
sernas1984: checks 
*** TURN *** [2h 3s 9d] [6h]
Mahu2021: bets 40
bubonik90: calls 40
sernas1984: folds 
*** RIVER *** [2h 3s 9d 6h] [4c]
Mahu2021: checks 
bubonik90: bets 490 and is all-in
Mahu2021: folds 
Uncalled bet (490) returned to bubonik90
bubonik90 collected 200 from pot
bubonik90: doesn't show hand 
*** SUMMARY ***
Total pot 200 | Rake 0 
Board [2h 3s 9d 6h 4c]
Seat 1: sernas1984 (button) folded on the Turn
Seat 2: Mahu2021 (small blind) folded on the River
Seat 3: bubonik90 (big blind) collected (200)



PokerStars Hand #253297352039: Tournament #3821066626, $1.84+$0.16 USD Hold'em No Limit - Level I (10/20) - 2024/11/07 18:47:01 CET [2024/11/07 12:47:01 ET]
Table '3821066626 1' 3-max Seat #2 is the button
Seat 1: sernas1984 (390 in chips) 
Seat 2: Mahu2021 (420 in chips) 
Seat 3: bubonik90 (690 in chips) 
bubonik90: posts small blind 10
sernas1984: posts big blind 20
*** HOLE CARDS ***
Dealt to Mahu2021 [8h Kh]
Mahu2021: raises 20 to 40
bubonik90: folds 
sernas1984: folds 
Uncalled bet (20) returned to Mahu2021
Mahu2021 collected 50 from pot
Mahu2021: doesn't show hand 
*** SUMMARY ***
Total pot 50 | Rake 0 
Seat 1: sernas1984 (big blind) folded before Flop
Seat 2: Mahu2021 (button) collected (50)
Seat 3: bubonik90 (small blind) folded before Flop



PokerStars Hand #253297353931: Tournament #3821066626, $1.84+$0.16 USD Hold'em No Limit - Level I (10/20) - 2024/11/07 18:47:08 CET [2024/11/07 12:47:08 ET]
Table '3821066626 1' 3-max Seat #3 is the button
Seat 1: sernas1984 (370 in chips) 
Seat 2: Mahu2021 (450 in chips) 
Seat 3: bubonik90 (680 in chips) 
sernas1984: posts small blind 10
Mahu2021: posts big blind 20
*** HOLE CARDS ***
Dealt to Mahu2021 [Tc 5s]
bubonik90: folds 
sernas1984: calls 10
Mahu2021: checks 
*** FLOP *** [Ad 9h 2c]
sernas1984: checks 
Mahu2021: checks 
*** TURN *** [Ad 9h 2c] [5d]
sernas1984: bets 22
Mahu2021: calls 22
*** RIVER *** [Ad 9h 2c 5d] [7h]
sernas1984: bets 46
Mahu2021: raises 362 to 408 and is all-in
sernas1984: calls 282 and is all-in
Uncalled bet (80) returned to Mahu2021
*** SHOW DOWN ***
Mahu2021: shows [Tc 5s] (a pair of Fives)
sernas1984: shows [Ah 5c] (two pair, Aces and Fives)
sernas1984 collected 740 from pot
*** SUMMARY ***
Total pot 740 | Rake 0 
Board [Ad 9h 2c 5d 7h]
Seat 1: sernas1984 (small blind) showed [Ah 5c] and won (740) with two pair, Aces and Fives
Seat 2: Mahu2021 (big blind) showed [Tc 5s] and lost with a pair of Fives
Seat 3: bubonik90 (button) folded before Flop (didn't bet)



PokerStars Hand #253297367725: Tournament #3821066626, $1.84+$0.16 USD Hold'em No Limit - Level II (15/30) - 2024/11/07 18:48:05 CET [2024/11/07 12:48:05 ET]
Table '3821066626 1' 3-max Seat #1 is the button
Seat 1: sernas1984 (740 in chips) 
Seat 2: Mahu2021 (80 in chips) 
Seat 3: bubonik90 (680 in chips) 
Mahu2021: posts small blind 15
bubonik90: posts big blind 30
*** HOLE CARDS ***
Dealt to Mahu2021 [2d Th]
sernas1984: raises 30 to 60
Mahu2021: folds 
bubonik90: calls 30
*** FLOP *** [3d 4c 6c]
bubonik90: checks 
sernas1984: checks 
*** TURN *** [3d 4c 6c] [2c]
bubonik90: checks 
sernas1984: checks 
*** RIVER *** [3d 4c 6c 2c] [Ad]
bubonik90: checks 
sernas1984: bets 101
bubonik90: folds 
Uncalled bet (101) returned to sernas1984
sernas1984 collected 135 from pot
sernas1984: doesn't show hand 
*** SUMMARY ***
Total pot 135 | Rake 0 
Board [3d 4c 6c 2c Ad]
Seat 1: sernas1984 (button) collected (135)
Seat 2: Mahu2021 (small blind) folded before Flop
Seat 3: bubonik90 (big blind) folded on the River



PokerStars Hand #253297378007: Tournament #3821066626, $1.84+$0.16 USD Hold'em No Limit - Level II (15/30) - 2024/11/07 18:48:46 CET [2024/11/07 12:48:46 ET]
Table '3821066626 1' 3-max Seat #2 is the button
Seat 1: sernas1984 (815 in chips) 
Seat 2: Mahu2021 (65 in chips) 
Seat 3: bubonik90 (620 in chips) 
bubonik90: posts small blind 15
sernas1984: posts big blind 30
*** HOLE CARDS ***
Dealt to Mahu2021 [8s 3h]
Mahu2021: folds 
bubonik90: raises 45 to 75
sernas1984: folds 
Uncalled bet (45) returned to bubonik90
bubonik90 collected 60 from pot
bubonik90: doesn't show hand 
*** SUMMARY ***
Total pot 60 | Rake 0 
Seat 1: sernas1984 (big blind) folded before Flop
Seat 2: Mahu2021 (button) folded before Flop (didn't bet)
Seat 3: bubonik90 (small blind) collected (60)



PokerStars Hand #253297381352: Tournament #3821066626, $1.84+$0.16 USD Hold'em No Limit - Level II (15/30) - 2024/11/07 18:49:00 CET [2024/11/07 12:49:00 ET]
Table '3821066626 1' 3-max Seat #3 is the button
Seat 1: sernas1984 (785 in chips) 
Seat 2: Mahu2021 (65 in chips) 
Seat 3: bubonik90 (650 in chips) 
sernas1984: posts small blind 15
Mahu2021: posts big blind 30
*** HOLE CARDS ***
Dealt to Mahu2021 [7s As]
bubonik90: folds 
sernas1984: folds 
Uncalled bet (15) returned to Mahu2021
Mahu2021 collected 30 from pot
Mahu2021: doesn't show hand 
*** SUMMARY ***
Total pot 30 | Rake 0 
Seat 1: sernas1984 (small blind) folded before Flop
Seat 2: Mahu2021 (big blind) collected (30)
Seat 3: bubonik90 (button) folded before Flop (didn't bet)



PokerStars Hand #253297383593: Tournament #3821066626, $1.84+$0.16 USD Hold'em No Limit - Level II (15/30) - 2024/11/07 18:49:09 CET [2024/11/07 12:49:09 ET]
Table '3821066626 1' 3-max Seat #1 is the button
Seat 1: sernas1984 (770 in chips) 
Seat 2: Mahu2021 (80 in chips) 
Seat 3: bubonik90 (650 in chips) 
Mahu2021: posts small blind 15
bubonik90: posts big blind 30
*** HOLE CARDS ***
Dealt to Mahu2021 [4s 3c]
sernas1984: raises 30 to 60
Mahu2021: folds 
bubonik90: calls 30
*** FLOP *** [2h 4c Th]
bubonik90: checks 
sernas1984: bets 74
bubonik90: folds 
Uncalled bet (74) returned to sernas1984
sernas1984 collected 135 from pot
sernas1984: doesn't show hand 
*** SUMMARY ***
Total pot 135 | Rake 0 
Board [2h 4c Th]
Seat 1: sernas1984 (button) collected (135)
Seat 2: Mahu2021 (small blind) folded before Flop
Seat 3: bubonik90 (big blind) folded on the Flop



PokerStars Hand #253297388364: Tournament #3821066626, $1.84+$0.16 USD Hold'em No Limit - Level II (15/30) - 2024/11/07 18:49:29 CET [2024/11/07 12:49:29 ET]
Table '3821066626 1' 3-max Seat #2 is the button
Seat 1: sernas1984 (845 in chips) 
Seat 2: Mahu2021 (65 in chips) 
Seat 3: bubonik90 (590 in chips) 
bubonik90: posts small blind 15
sernas1984: posts big blind 30
*** HOLE CARDS ***
Dealt to Mahu2021 [Qd 4s]
Mahu2021: folds 
bubonik90: raises 45 to 75
sernas1984: folds 
Uncalled bet (45) returned to bubonik90
bubonik90 collected 60 from pot
bubonik90: doesn't show hand 
*** SUMMARY ***
Total pot 60 | Rake 0 
Seat 1: sernas1984 (big blind) folded before Flop
Seat 2: Mahu2021 (button) folded before Flop (didn't bet)
Seat 3: bubonik90 (small blind) collected (60)



PokerStars Hand #253297391287: Tournament #3821066626, $1.84+$0.16 USD Hold'em No Limit - Level III (20/40) - 2024/11/07 18:49:41 CET [2024/11/07 12:49:41 ET]
Table '3821066626 1' 3-max Seat #3 is the button
Seat 1: sernas1984 (815 in chips) 
Seat 2: Mahu2021 (65 in chips) 
Seat 3: bubonik90 (620 in chips) 
sernas1984: posts small blind 20
Mahu2021: posts big blind 40
*** HOLE CARDS ***
Dealt to Mahu2021 [3c Qd]
bubonik90: folds 
sernas1984: raises 775 to 815 and is all-in
Mahu2021: calls 25 and is all-in
Uncalled bet (750) returned to sernas1984
*** FLOP *** [8s Jd 3h]
*** TURN *** [8s Jd 3h] [2h]
*** RIVER *** [8s Jd 3h 2h] [6c]
*** SHOW DOWN ***
sernas1984: shows [7s 6s] (a pair of Sixes)
Mahu2021: shows [3c Qd] (a pair of Threes)
sernas1984 collected 130 from pot
Mahu2021 finished the tournament in 3rd place
*** SUMMARY ***
Total pot 130 | Rake 0 
Board [8s Jd 3h 2h 6c]
Seat 1: sernas1984 (small blind) showed [7s 6s] and won (130) with a pair of Sixes
Seat 2: Mahu2021 (big blind) showed [3c Qd] and lost with a pair of Threes
Seat 3: bubonik90 (button) folded before Flop (didn't bet)



