PokerStars Hand #252878030706: Tournament #3810810347, $1.84+$0.16 USD Hold'em No Limit - Level I (10/20) - 2024/10/11 20:42:37 CET [2024/10/11 14:42:37 ET]
Table '3810810347 1' 3-max Seat #1 is the button
Seat 1: CaCanny (500 in chips) 
Seat 2: Krasachikdm (500 in chips) 
Seat 3: Mahu2021 (500 in chips) 
Krasachikdm: posts small blind 10
Mahu2021: posts big blind 20
*** HOLE CARDS ***
Dealt to Mahu2021 [Qc 3d]
CaCanny: raises 20 to 40
Krasachikdm: folds 
Mahu2021: calls 20
*** FLOP *** [6h 3h Jc]
Mahu2021: checks 
CaCanny: bets 40
Mahu2021: folds 
Uncalled bet (40) returned to CaCanny
CaCanny collected 90 from pot
CaCanny: doesn't show hand 
*** SUMMARY ***
Total pot 90 | Rake 0 
Board [6h 3h Jc]
Seat 1: CaCanny (button) collected (90)
Seat 2: Krasachikdm (small blind) folded before Flop
Seat 3: Mahu2021 (big blind) folded on the Flop



PokerStars Hand #252878034955: Tournament #3810810347, $1.84+$0.16 USD Hold'em No Limit - Level I (10/20) - 2024/10/11 20:42:52 CET [2024/10/11 14:42:52 ET]
Table '3810810347 1' 3-max Seat #2 is the button
Seat 1: CaCanny (550 in chips) 
Seat 2: Krasachikdm (490 in chips) 
Seat 3: Mahu2021 (460 in chips) 
Mahu2021: posts small blind 10
CaCanny: posts big blind 20
*** HOLE CARDS ***
Dealt to Mahu2021 [Ah Qc]
Krasachikdm: folds 
Mahu2021: raises 20 to 40
CaCanny: calls 20
*** FLOP *** [8s 3c Qh]
Mahu2021: bets 40
CaCanny: raises 40 to 80
Mahu2021: calls 40
*** TURN *** [8s 3c Qh] [2d]
Mahu2021: checks 
CaCanny: bets 80
Mahu2021: raises 260 to 340 and is all-in
CaCanny: calls 260
*** RIVER *** [8s 3c Qh 2d] [7h]
*** SHOW DOWN ***
Mahu2021: shows [Ah Qc] (a pair of Queens)
CaCanny: shows [Jh Qd] (a pair of Queens - lower kicker)
Mahu2021 collected 920 from pot
*** SUMMARY ***
Total pot 920 | Rake 0 
Board [8s 3c Qh 2d 7h]
Seat 1: CaCanny (big blind) showed [Jh Qd] and lost with a pair of Queens
Seat 2: Krasachikdm (button) folded before Flop (didn't bet)
Seat 3: Mahu2021 (small blind) showed [Ah Qc] and won (920) with a pair of Queens



PokerStars Hand #252878041719: Tournament #3810810347, $1.84+$0.16 USD Hold'em No Limit - Level I (10/20) - 2024/10/11 20:43:17 CET [2024/10/11 14:43:17 ET]
Table '3810810347 1' 3-max Seat #3 is the button
Seat 1: CaCanny (90 in chips) 
Seat 2: Krasachikdm (490 in chips) 
Seat 3: Mahu2021 (920 in chips) 
CaCanny: posts small blind 10
Krasachikdm: posts big blind 20
*** HOLE CARDS ***
Dealt to Mahu2021 [2h Qs]
Mahu2021: folds 
CaCanny: calls 10
Krasachikdm: checks 
*** FLOP *** [8d 5s 4s]
CaCanny: bets 40
Krasachikdm: folds 
Uncalled bet (40) returned to CaCanny
CaCanny collected 40 from pot
CaCanny: doesn't show hand 
*** SUMMARY ***
Total pot 40 | Rake 0 
Board [8d 5s 4s]
Seat 1: CaCanny (small blind) collected (40)
Seat 2: Krasachikdm (big blind) folded on the Flop
Seat 3: Mahu2021 (button) folded before Flop (didn't bet)



PokerStars Hand #252878049380: Tournament #3810810347, $1.84+$0.16 USD Hold'em No Limit - Level I (10/20) - 2024/10/11 20:43:45 CET [2024/10/11 14:43:45 ET]
Table '3810810347 1' 3-max Seat #1 is the button
Seat 1: CaCanny (110 in chips) 
Seat 2: Krasachikdm (470 in chips) 
Seat 3: Mahu2021 (920 in chips) 
Krasachikdm: posts small blind 10
Mahu2021: posts big blind 20
*** HOLE CARDS ***
Dealt to Mahu2021 [9s Jc]
CaCanny: folds 
Krasachikdm: folds 
Uncalled bet (10) returned to Mahu2021
Mahu2021 collected 20 from pot
Mahu2021: doesn't show hand 
*** SUMMARY ***
Total pot 20 | Rake 0 
Seat 1: CaCanny (button) folded before Flop (didn't bet)
Seat 2: Krasachikdm (small blind) folded before Flop
Seat 3: Mahu2021 (big blind) collected (20)



PokerStars Hand #252878051583: Tournament #3810810347, $1.84+$0.16 USD Hold'em No Limit - Level I (10/20) - 2024/10/11 20:43:53 CET [2024/10/11 14:43:53 ET]
Table '3810810347 1' 3-max Seat #2 is the button
Seat 1: CaCanny (110 in chips) 
Seat 2: Krasachikdm (460 in chips) 
Seat 3: Mahu2021 (930 in chips) 
Mahu2021: posts small blind 10
CaCanny: posts big blind 20
*** HOLE CARDS ***
Dealt to Mahu2021 [9s 3s]
Krasachikdm: folds 
Mahu2021: folds 
Uncalled bet (10) returned to CaCanny
CaCanny collected 20 from pot
CaCanny: doesn't show hand 
*** SUMMARY ***
Total pot 20 | Rake 0 
Seat 1: CaCanny (big blind) collected (20)
Seat 2: Krasachikdm (button) folded before Flop (didn't bet)
Seat 3: Mahu2021 (small blind) folded before Flop



PokerStars Hand #252878052758: Tournament #3810810347, $1.84+$0.16 USD Hold'em No Limit - Level I (10/20) - 2024/10/11 20:43:58 CET [2024/10/11 14:43:58 ET]
Table '3810810347 1' 3-max Seat #3 is the button
Seat 1: CaCanny (120 in chips) 
Seat 2: Krasachikdm (460 in chips) 
Seat 3: Mahu2021 (920 in chips) 
CaCanny: posts small blind 10
Krasachikdm: posts big blind 20
*** HOLE CARDS ***
Dealt to Mahu2021 [8h Ks]
Mahu2021: raises 20 to 40
CaCanny: folds 
Krasachikdm: folds 
Uncalled bet (20) returned to Mahu2021
Mahu2021 collected 50 from pot
Mahu2021: doesn't show hand 
*** SUMMARY ***
Total pot 50 | Rake 0 
Seat 1: CaCanny (small blind) folded before Flop
Seat 2: Krasachikdm (big blind) folded before Flop
Seat 3: Mahu2021 (button) collected (50)



PokerStars Hand #252878056156: Tournament #3810810347, $1.84+$0.16 USD Hold'em No Limit - Level I (10/20) - 2024/10/11 20:44:10 CET [2024/10/11 14:44:10 ET]
Table '3810810347 1' 3-max Seat #1 is the button
Seat 1: CaCanny (110 in chips) 
Seat 2: Krasachikdm (440 in chips) 
Seat 3: Mahu2021 (950 in chips) 
Krasachikdm: posts small blind 10
Mahu2021: posts big blind 20
*** HOLE CARDS ***
Dealt to Mahu2021 [3s 4c]
CaCanny: calls 20
Krasachikdm: folds 
Mahu2021: checks 
*** FLOP *** [Kc 8d 5d]
Mahu2021: checks 
CaCanny: checks 
*** TURN *** [Kc 8d 5d] [6h]
Mahu2021: checks 
CaCanny: checks 
*** RIVER *** [Kc 8d 5d 6h] [7h]
Mahu2021: bets 20
CaCanny: calls 20
*** SHOW DOWN ***
Mahu2021: shows [3s 4c] (a straight, Four to Eight)
CaCanny: mucks hand 
Mahu2021 collected 90 from pot
*** SUMMARY ***
Total pot 90 | Rake 0 
Board [Kc 8d 5d 6h 7h]
Seat 1: CaCanny (button) mucked [Js Td]
Seat 2: Krasachikdm (small blind) folded before Flop
Seat 3: Mahu2021 (big blind) showed [3s 4c] and won (90) with a straight, Four to Eight



PokerStars Hand #252878061933: Tournament #3810810347, $1.84+$0.16 USD Hold'em No Limit - Level I (10/20) - 2024/10/11 20:44:31 CET [2024/10/11 14:44:31 ET]
Table '3810810347 1' 3-max Seat #2 is the button
Seat 1: CaCanny (70 in chips) 
Seat 2: Krasachikdm (430 in chips) 
Seat 3: Mahu2021 (1000 in chips) 
Mahu2021: posts small blind 10
CaCanny: posts big blind 20
*** HOLE CARDS ***
Dealt to Mahu2021 [7c 4h]
Krasachikdm: folds 
Mahu2021: folds 
Uncalled bet (10) returned to CaCanny
CaCanny collected 20 from pot
CaCanny: doesn't show hand 
*** SUMMARY ***
Total pot 20 | Rake 0 
Seat 1: CaCanny (big blind) collected (20)
Seat 2: Krasachikdm (button) folded before Flop (didn't bet)
Seat 3: Mahu2021 (small blind) folded before Flop



PokerStars Hand #252878063654: Tournament #3810810347, $1.84+$0.16 USD Hold'em No Limit - Level I (10/20) - 2024/10/11 20:44:38 CET [2024/10/11 14:44:38 ET]
Table '3810810347 1' 3-max Seat #3 is the button
Seat 1: CaCanny (80 in chips) 
Seat 2: Krasachikdm (430 in chips) 
Seat 3: Mahu2021 (990 in chips) 
CaCanny: posts small blind 10
Krasachikdm: posts big blind 20
*** HOLE CARDS ***
Dealt to Mahu2021 [4s 7c]
Mahu2021: folds 
CaCanny: raises 60 to 80 and is all-in
Krasachikdm: calls 60
*** FLOP *** [5c 3h 4h]
*** TURN *** [5c 3h 4h] [Th]
*** RIVER *** [5c 3h 4h Th] [Qc]
*** SHOW DOWN ***
CaCanny: shows [Qs Kd] (a pair of Queens)
Krasachikdm: shows [8s 8d] (a pair of Eights)
CaCanny collected 160 from pot
*** SUMMARY ***
Total pot 160 | Rake 0 
Board [5c 3h 4h Th Qc]
Seat 1: CaCanny (small blind) showed [Qs Kd] and won (160) with a pair of Queens
Seat 2: Krasachikdm (big blind) showed [8s 8d] and lost with a pair of Eights
Seat 3: Mahu2021 (button) folded before Flop (didn't bet)



PokerStars Hand #252878069780: Tournament #3810810347, $1.84+$0.16 USD Hold'em No Limit - Level II (15/30) - 2024/10/11 20:44:59 CET [2024/10/11 14:44:59 ET]
Table '3810810347 1' 3-max Seat #1 is the button
Seat 1: CaCanny (160 in chips) 
Seat 2: Krasachikdm (350 in chips) 
Seat 3: Mahu2021 (990 in chips) 
Krasachikdm: posts small blind 15
Mahu2021: posts big blind 30
*** HOLE CARDS ***
Dealt to Mahu2021 [2s Th]
CaCanny: calls 30
Krasachikdm: folds 
Mahu2021: checks 
*** FLOP *** [4c Ac 3c]
Mahu2021: checks 
CaCanny: checks 
*** TURN *** [4c Ac 3c] [Ts]
Mahu2021: bets 30
CaCanny: folds 
Uncalled bet (30) returned to Mahu2021
Mahu2021 collected 75 from pot
Mahu2021: doesn't show hand 
*** SUMMARY ***
Total pot 75 | Rake 0 
Board [4c Ac 3c Ts]
Seat 1: CaCanny (button) folded on the Turn
Seat 2: Krasachikdm (small blind) folded before Flop
Seat 3: Mahu2021 (big blind) collected (75)



PokerStars Hand #252878075436: Tournament #3810810347, $1.84+$0.16 USD Hold'em No Limit - Level II (15/30) - 2024/10/11 20:45:20 CET [2024/10/11 14:45:20 ET]
Table '3810810347 1' 3-max Seat #2 is the button
Seat 1: CaCanny (130 in chips) 
Seat 2: Krasachikdm (335 in chips) 
Seat 3: Mahu2021 (1035 in chips) 
Mahu2021: posts small blind 15
CaCanny: posts big blind 30
*** HOLE CARDS ***
Dealt to Mahu2021 [4s 4d]
Krasachikdm: folds 
Mahu2021: raises 1005 to 1035 and is all-in
CaCanny: folds 
Uncalled bet (1005) returned to Mahu2021
Mahu2021 collected 60 from pot
Mahu2021: doesn't show hand 
*** SUMMARY ***
Total pot 60 | Rake 0 
Seat 1: CaCanny (big blind) folded before Flop
Seat 2: Krasachikdm (button) folded before Flop (didn't bet)
Seat 3: Mahu2021 (small blind) collected (60)



PokerStars Hand #252878077842: Tournament #3810810347, $1.84+$0.16 USD Hold'em No Limit - Level II (15/30) - 2024/10/11 20:45:29 CET [2024/10/11 14:45:29 ET]
Table '3810810347 1' 3-max Seat #3 is the button
Seat 1: CaCanny (100 in chips) 
Seat 2: Krasachikdm (335 in chips) 
Seat 3: Mahu2021 (1065 in chips) 
CaCanny: posts small blind 15
Krasachikdm: posts big blind 30
*** HOLE CARDS ***
Dealt to Mahu2021 [Qc Qs]
Mahu2021: raises 1035 to 1065 and is all-in
CaCanny: folds 
Krasachikdm: folds 
Uncalled bet (1035) returned to Mahu2021
Mahu2021 collected 75 from pot
Mahu2021: doesn't show hand 
*** SUMMARY ***
Total pot 75 | Rake 0 
Seat 1: CaCanny (small blind) folded before Flop
Seat 2: Krasachikdm (big blind) folded before Flop
Seat 3: Mahu2021 (button) collected (75)



PokerStars Hand #252878080562: Tournament #3810810347, $1.84+$0.16 USD Hold'em No Limit - Level II (15/30) - 2024/10/11 20:45:39 CET [2024/10/11 14:45:39 ET]
Table '3810810347 1' 3-max Seat #1 is the button
Seat 1: CaCanny (85 in chips) 
Seat 2: Krasachikdm (305 in chips) 
Seat 3: Mahu2021 (1110 in chips) 
Krasachikdm: posts small blind 15
Mahu2021: posts big blind 30
*** HOLE CARDS ***
Dealt to Mahu2021 [2h 6h]
CaCanny: raises 55 to 85 and is all-in
Krasachikdm: raises 220 to 305 and is all-in
Mahu2021: folds 
Uncalled bet (220) returned to Krasachikdm
*** FLOP *** [3h 8h Ac]
*** TURN *** [3h 8h Ac] [6d]
*** RIVER *** [3h 8h Ac 6d] [Qd]
*** SHOW DOWN ***
Krasachikdm: shows [5c Ah] (a pair of Aces)
CaCanny: shows [Qh Jd] (a pair of Queens)
Krasachikdm collected 200 from pot
CaCanny finished the tournament in 3rd place
*** SUMMARY ***
Total pot 200 | Rake 0 
Board [3h 8h Ac 6d Qd]
Seat 1: CaCanny (button) showed [Qh Jd] and lost with a pair of Queens
Seat 2: Krasachikdm (small blind) showed [5c Ah] and won (200) with a pair of Aces
Seat 3: Mahu2021 (big blind) folded before Flop



PokerStars Hand #252878086774: Tournament #3810810347, $1.84+$0.16 USD Hold'em No Limit - Level II (15/30) - 2024/10/11 20:46:01 CET [2024/10/11 14:46:01 ET]
Table '3810810347 1' 3-max Seat #3 is the button
Seat 2: Krasachikdm (420 in chips) 
Seat 3: Mahu2021 (1080 in chips) 
Mahu2021: posts small blind 15
Krasachikdm: posts big blind 30
*** HOLE CARDS ***
Dealt to Mahu2021 [5h 6h]
Mahu2021: calls 15
Krasachikdm: checks 
*** FLOP *** [4h 8h Jh]
Krasachikdm: checks 
Mahu2021: checks 
*** TURN *** [4h 8h Jh] [3h]
Krasachikdm: checks 
Mahu2021: checks 
*** RIVER *** [4h 8h Jh 3h] [Jc]
Krasachikdm: bets 30
Mahu2021: raises 90 to 120
Krasachikdm: folds 
Uncalled bet (90) returned to Mahu2021
Mahu2021 collected 120 from pot
Mahu2021: doesn't show hand 
*** SUMMARY ***
Total pot 120 | Rake 0 
Board [4h 8h Jh 3h Jc]
Seat 2: Krasachikdm (big blind) folded on the River
Seat 3: Mahu2021 (button) (small blind) collected (120)



PokerStars Hand #252878095505: Tournament #3810810347, $1.84+$0.16 USD Hold'em No Limit - Level II (15/30) - 2024/10/11 20:46:32 CET [2024/10/11 14:46:32 ET]
Table '3810810347 1' 3-max Seat #2 is the button
Seat 2: Krasachikdm (360 in chips) 
Seat 3: Mahu2021 (1140 in chips) 
Krasachikdm: posts small blind 15
Mahu2021: posts big blind 30
*** HOLE CARDS ***
Dealt to Mahu2021 [3d 4d]
Krasachikdm: folds 
Uncalled bet (15) returned to Mahu2021
Mahu2021 collected 30 from pot
Mahu2021: doesn't show hand 
*** SUMMARY ***
Total pot 30 | Rake 0 
Seat 2: Krasachikdm (button) (small blind) folded before Flop
Seat 3: Mahu2021 (big blind) collected (30)



PokerStars Hand #252878098533: Tournament #3810810347, $1.84+$0.16 USD Hold'em No Limit - Level III (20/40) - 2024/10/11 20:46:43 CET [2024/10/11 14:46:43 ET]
Table '3810810347 1' 3-max Seat #3 is the button
Seat 2: Krasachikdm (345 in chips) 
Seat 3: Mahu2021 (1155 in chips) 
Mahu2021: posts small blind 20
Krasachikdm: posts big blind 40
*** HOLE CARDS ***
Dealt to Mahu2021 [Kh 3s]
Mahu2021: raises 40 to 80
Krasachikdm: raises 265 to 345 and is all-in
Mahu2021: calls 265
*** FLOP *** [2d Ad 2s]
*** TURN *** [2d Ad 2s] [Jc]
*** RIVER *** [2d Ad 2s Jc] [7c]
*** SHOW DOWN ***
Krasachikdm: shows [9d Kd] (a pair of Deuces)
Mahu2021: shows [Kh 3s] (a pair of Deuces)
Krasachikdm collected 345 from pot
Mahu2021 collected 345 from pot
*** SUMMARY ***
Total pot 690 | Rake 0 
Board [2d Ad 2s Jc 7c]
Seat 2: Krasachikdm (big blind) showed [9d Kd] and won (345) with a pair of Deuces
Seat 3: Mahu2021 (button) (small blind) showed [Kh 3s] and won (345) with a pair of Deuces



PokerStars Hand #252878103183: Tournament #3810810347, $1.84+$0.16 USD Hold'em No Limit - Level III (20/40) - 2024/10/11 20:47:00 CET [2024/10/11 14:47:00 ET]
Table '3810810347 1' 3-max Seat #2 is the button
Seat 2: Krasachikdm (345 in chips) 
Seat 3: Mahu2021 (1155 in chips) 
Krasachikdm: posts small blind 20
Mahu2021: posts big blind 40
*** HOLE CARDS ***
Dealt to Mahu2021 [7s 9s]
Krasachikdm: raises 305 to 345 and is all-in
Mahu2021: folds 
Uncalled bet (305) returned to Krasachikdm
Krasachikdm collected 80 from pot
Krasachikdm: doesn't show hand 
*** SUMMARY ***
Total pot 80 | Rake 0 
Seat 2: Krasachikdm (button) (small blind) collected (80)
Seat 3: Mahu2021 (big blind) folded before Flop



PokerStars Hand #252878106558: Tournament #3810810347, $1.84+$0.16 USD Hold'em No Limit - Level III (20/40) - 2024/10/11 20:47:12 CET [2024/10/11 14:47:12 ET]
Table '3810810347 1' 3-max Seat #3 is the button
Seat 2: Krasachikdm (385 in chips) 
Seat 3: Mahu2021 (1115 in chips) 
Mahu2021: posts small blind 20
Krasachikdm: posts big blind 40
*** HOLE CARDS ***
Dealt to Mahu2021 [Qd Jc]
Mahu2021: raises 40 to 80
Krasachikdm: raises 305 to 385 and is all-in
Mahu2021: calls 305
*** FLOP *** [8h Td 8s]
*** TURN *** [8h Td 8s] [4c]
*** RIVER *** [8h Td 8s 4c] [6s]
*** SHOW DOWN ***
Krasachikdm: shows [6h 6c] (a full house, Sixes full of Eights)
Mahu2021: shows [Qd Jc] (a pair of Eights)
Krasachikdm collected 770 from pot
*** SUMMARY ***
Total pot 770 | Rake 0 
Board [8h Td 8s 4c 6s]
Seat 2: Krasachikdm (big blind) showed [6h 6c] and won (770) with a full house, Sixes full of Eights
Seat 3: Mahu2021 (button) (small blind) showed [Qd Jc] and lost with a pair of Eights



PokerStars Hand #252878110253: Tournament #3810810347, $1.84+$0.16 USD Hold'em No Limit - Level III (20/40) - 2024/10/11 20:47:26 CET [2024/10/11 14:47:26 ET]
Table '3810810347 1' 3-max Seat #2 is the button
Seat 2: Krasachikdm (770 in chips) 
Seat 3: Mahu2021 (730 in chips) 
Krasachikdm: posts small blind 20
Mahu2021: posts big blind 40
*** HOLE CARDS ***
Dealt to Mahu2021 [Ac 7d]
Krasachikdm: folds 
Uncalled bet (20) returned to Mahu2021
Mahu2021 collected 40 from pot
Mahu2021: doesn't show hand 
*** SUMMARY ***
Total pot 40 | Rake 0 
Seat 2: Krasachikdm (button) (small blind) folded before Flop
Seat 3: Mahu2021 (big blind) collected (40)



PokerStars Hand #252878111968: Tournament #3810810347, $1.84+$0.16 USD Hold'em No Limit - Level III (20/40) - 2024/10/11 20:47:32 CET [2024/10/11 14:47:32 ET]
Table '3810810347 1' 3-max Seat #3 is the button
Seat 2: Krasachikdm (750 in chips) 
Seat 3: Mahu2021 (750 in chips) 
Mahu2021: posts small blind 20
Krasachikdm: posts big blind 40
*** HOLE CARDS ***
Dealt to Mahu2021 [Tc 9c]
Mahu2021: raises 40 to 80
Krasachikdm: folds 
Uncalled bet (40) returned to Mahu2021
Mahu2021 collected 80 from pot
Mahu2021: doesn't show hand 
*** SUMMARY ***
Total pot 80 | Rake 0 
Seat 2: Krasachikdm (big blind) folded before Flop
Seat 3: Mahu2021 (button) (small blind) collected (80)



PokerStars Hand #252878113408: Tournament #3810810347, $1.84+$0.16 USD Hold'em No Limit - Level III (20/40) - 2024/10/11 20:47:37 CET [2024/10/11 14:47:37 ET]
Table '3810810347 1' 3-max Seat #2 is the button
Seat 2: Krasachikdm (710 in chips) 
Seat 3: Mahu2021 (790 in chips) 
Krasachikdm: posts small blind 20
Mahu2021: posts big blind 40
*** HOLE CARDS ***
Dealt to Mahu2021 [Kc 5s]
Krasachikdm: folds 
Uncalled bet (20) returned to Mahu2021
Mahu2021 collected 40 from pot
Mahu2021: doesn't show hand 
*** SUMMARY ***
Total pot 40 | Rake 0 
Seat 2: Krasachikdm (button) (small blind) folded before Flop
Seat 3: Mahu2021 (big blind) collected (40)



PokerStars Hand #252878114488: Tournament #3810810347, $1.84+$0.16 USD Hold'em No Limit - Level III (20/40) - 2024/10/11 20:47:41 CET [2024/10/11 14:47:41 ET]
Table '3810810347 1' 3-max Seat #3 is the button
Seat 2: Krasachikdm (690 in chips) 
Seat 3: Mahu2021 (810 in chips) 
Mahu2021: posts small blind 20
Krasachikdm: posts big blind 40
*** HOLE CARDS ***
Dealt to Mahu2021 [As 3h]
Mahu2021: raises 80 to 120
Krasachikdm: folds 
Uncalled bet (80) returned to Mahu2021
Mahu2021 collected 80 from pot
Mahu2021: doesn't show hand 
*** SUMMARY ***
Total pot 80 | Rake 0 
Seat 2: Krasachikdm (big blind) folded before Flop
Seat 3: Mahu2021 (button) (small blind) collected (80)



PokerStars Hand #252878117568: Tournament #3810810347, $1.84+$0.16 USD Hold'em No Limit - Level III (20/40) - 2024/10/11 20:47:53 CET [2024/10/11 14:47:53 ET]
Table '3810810347 1' 3-max Seat #2 is the button
Seat 2: Krasachikdm (650 in chips) 
Seat 3: Mahu2021 (850 in chips) 
Krasachikdm: posts small blind 20
Mahu2021: posts big blind 40
*** HOLE CARDS ***
Dealt to Mahu2021 [Js 4d]
Krasachikdm: raises 610 to 650 and is all-in
Mahu2021: folds 
Uncalled bet (610) returned to Krasachikdm
Krasachikdm collected 80 from pot
Krasachikdm: doesn't show hand 
*** SUMMARY ***
Total pot 80 | Rake 0 
Seat 2: Krasachikdm (button) (small blind) collected (80)
Seat 3: Mahu2021 (big blind) folded before Flop



PokerStars Hand #252878118872: Tournament #3810810347, $1.84+$0.16 USD Hold'em No Limit - Level III (20/40) - 2024/10/11 20:47:57 CET [2024/10/11 14:47:57 ET]
Table '3810810347 1' 3-max Seat #3 is the button
Seat 2: Krasachikdm (690 in chips) 
Seat 3: Mahu2021 (810 in chips) 
Mahu2021: posts small blind 20
Krasachikdm: posts big blind 40
*** HOLE CARDS ***
Dealt to Mahu2021 [Qs Ts]
Mahu2021: raises 40 to 80
Krasachikdm: folds 
Uncalled bet (40) returned to Mahu2021
Mahu2021 collected 80 from pot
Mahu2021: doesn't show hand 
*** SUMMARY ***
Total pot 80 | Rake 0 
Seat 2: Krasachikdm (big blind) folded before Flop
Seat 3: Mahu2021 (button) (small blind) collected (80)



PokerStars Hand #252878121094: Tournament #3810810347, $1.84+$0.16 USD Hold'em No Limit - Level III (20/40) - 2024/10/11 20:48:05 CET [2024/10/11 14:48:05 ET]
Table '3810810347 1' 3-max Seat #2 is the button
Seat 2: Krasachikdm (650 in chips) 
Seat 3: Mahu2021 (850 in chips) 
Krasachikdm: posts small blind 20
Mahu2021: posts big blind 40
*** HOLE CARDS ***
Dealt to Mahu2021 [Qc 4h]
Krasachikdm: calls 20
Mahu2021: checks 
*** FLOP *** [Ah 3c 8s]
Mahu2021: checks 
Krasachikdm: bets 40
Mahu2021: folds 
Uncalled bet (40) returned to Krasachikdm
Krasachikdm collected 80 from pot
Krasachikdm: doesn't show hand 
*** SUMMARY ***
Total pot 80 | Rake 0 
Board [Ah 3c 8s]
Seat 2: Krasachikdm (button) (small blind) collected (80)
Seat 3: Mahu2021 (big blind) folded on the Flop



PokerStars Hand #252878127722: Tournament #3810810347, $1.84+$0.16 USD Hold'em No Limit - Level III (20/40) - 2024/10/11 20:48:30 CET [2024/10/11 14:48:30 ET]
Table '3810810347 1' 3-max Seat #3 is the button
Seat 2: Krasachikdm (690 in chips) 
Seat 3: Mahu2021 (810 in chips) 
Mahu2021: posts small blind 20
Krasachikdm: posts big blind 40
*** HOLE CARDS ***
Dealt to Mahu2021 [7h 9h]
Mahu2021: calls 20
Krasachikdm: checks 
*** FLOP *** [5c 4d 6h]
Krasachikdm: checks 
Mahu2021: bets 40
Krasachikdm: calls 40
*** TURN *** [5c 4d 6h] [Qs]
Krasachikdm: checks 
Mahu2021: checks 
*** RIVER *** [5c 4d 6h Qs] [2h]
Krasachikdm: checks 
Mahu2021: checks 
*** SHOW DOWN ***
Krasachikdm: shows [Kc 8s] (high card King)
Mahu2021: mucks hand 
Krasachikdm collected 160 from pot
*** SUMMARY ***
Total pot 160 | Rake 0 
Board [5c 4d 6h Qs 2h]
Seat 2: Krasachikdm (big blind) showed [Kc 8s] and won (160) with high card King
Seat 3: Mahu2021 (button) (small blind) mucked [7h 9h]



PokerStars Hand #252878137210: Tournament #3810810347, $1.84+$0.16 USD Hold'em No Limit - Level IV (30/60) - 2024/10/11 20:49:04 CET [2024/10/11 14:49:04 ET]
Table '3810810347 1' 3-max Seat #2 is the button
Seat 2: Krasachikdm (770 in chips) 
Seat 3: Mahu2021 (730 in chips) 
Krasachikdm: posts small blind 30
Mahu2021: posts big blind 60
*** HOLE CARDS ***
Dealt to Mahu2021 [Ah Qh]
Krasachikdm: raises 710 to 770 and is all-in
Mahu2021: calls 670 and is all-in
Uncalled bet (40) returned to Krasachikdm
*** FLOP *** [4d 9d Ts]
*** TURN *** [4d 9d Ts] [Qc]
*** RIVER *** [4d 9d Ts Qc] [4h]
*** SHOW DOWN ***
Mahu2021: shows [Ah Qh] (two pair, Queens and Fours)
Krasachikdm: shows [9h Kc] (two pair, Nines and Fours)
Mahu2021 collected 1460 from pot
*** SUMMARY ***
Total pot 1460 | Rake 0 
Board [4d 9d Ts Qc 4h]
Seat 2: Krasachikdm (button) (small blind) showed [9h Kc] and lost with two pair, Nines and Fours
Seat 3: Mahu2021 (big blind) showed [Ah Qh] and won (1460) with two pair, Queens and Fours



PokerStars Hand #252878140396: Tournament #3810810347, $1.84+$0.16 USD Hold'em No Limit - Level IV (30/60) - 2024/10/11 20:49:15 CET [2024/10/11 14:49:15 ET]
Table '3810810347 1' 3-max Seat #3 is the button
Seat 2: Krasachikdm (40 in chips) 
Seat 3: Mahu2021 (1460 in chips) 
Mahu2021: posts small blind 30
Krasachikdm: posts big blind 40 and is all-in
*** HOLE CARDS ***
Dealt to Mahu2021 [Ac Td]
Mahu2021: calls 10
*** FLOP *** [7h 5h 3d]
*** TURN *** [7h 5h 3d] [Qs]
*** RIVER *** [7h 5h 3d Qs] [9s]
*** SHOW DOWN ***
Krasachikdm: shows [Qh 7d] (two pair, Queens and Sevens)
Mahu2021: shows [Ac Td] (high card Ace)
Krasachikdm collected 80 from pot
*** SUMMARY ***
Total pot 80 | Rake 0 
Board [7h 5h 3d Qs 9s]
Seat 2: Krasachikdm (big blind) showed [Qh 7d] and won (80) with two pair, Queens and Sevens
Seat 3: Mahu2021 (button) (small blind) showed [Ac Td] and lost with high card Ace



PokerStars Hand #252878143359: Tournament #3810810347, $1.84+$0.16 USD Hold'em No Limit - Level IV (30/60) - 2024/10/11 20:49:26 CET [2024/10/11 14:49:26 ET]
Table '3810810347 1' 3-max Seat #2 is the button
Seat 2: Krasachikdm (80 in chips) 
Seat 3: Mahu2021 (1420 in chips) 
Krasachikdm: posts small blind 30
Mahu2021: posts big blind 60
*** HOLE CARDS ***
Dealt to Mahu2021 [8s Td]
Krasachikdm: raises 20 to 80 and is all-in
Mahu2021: calls 20
*** FLOP *** [Ad 5d Qs]
*** TURN *** [Ad 5d Qs] [3d]
*** RIVER *** [Ad 5d Qs 3d] [Qc]
*** SHOW DOWN ***
Mahu2021: shows [8s Td] (a pair of Queens)
Krasachikdm: shows [Ah 3h] (two pair, Aces and Queens)
Krasachikdm collected 160 from pot
*** SUMMARY ***
Total pot 160 | Rake 0 
Board [Ad 5d Qs 3d Qc]
Seat 2: Krasachikdm (button) (small blind) showed [Ah 3h] and won (160) with two pair, Aces and Queens
Seat 3: Mahu2021 (big blind) showed [8s Td] and lost with a pair of Queens



PokerStars Hand #252878147629: Tournament #3810810347, $1.84+$0.16 USD Hold'em No Limit - Level IV (30/60) - 2024/10/11 20:49:41 CET [2024/10/11 14:49:41 ET]
Table '3810810347 1' 3-max Seat #3 is the button
Seat 2: Krasachikdm (160 in chips) 
Seat 3: Mahu2021 (1340 in chips) 
Mahu2021: posts small blind 30
Krasachikdm: posts big blind 60
*** HOLE CARDS ***
Dealt to Mahu2021 [4s 5h]
Mahu2021: folds 
Uncalled bet (30) returned to Krasachikdm
Krasachikdm collected 60 from pot
Krasachikdm: doesn't show hand 
*** SUMMARY ***
Total pot 60 | Rake 0 
Seat 2: Krasachikdm (big blind) collected (60)
Seat 3: Mahu2021 (button) (small blind) folded before Flop



PokerStars Hand #252878148759: Tournament #3810810347, $1.84+$0.16 USD Hold'em No Limit - Level IV (30/60) - 2024/10/11 20:49:45 CET [2024/10/11 14:49:45 ET]
Table '3810810347 1' 3-max Seat #2 is the button
Seat 2: Krasachikdm (190 in chips) 
Seat 3: Mahu2021 (1310 in chips) 
Krasachikdm: posts small blind 30
Mahu2021: posts big blind 60
*** HOLE CARDS ***
Dealt to Mahu2021 [Th 8d]
Krasachikdm: raises 130 to 190 and is all-in
Mahu2021: folds 
Uncalled bet (130) returned to Krasachikdm
Krasachikdm collected 120 from pot
Krasachikdm: doesn't show hand 
*** SUMMARY ***
Total pot 120 | Rake 0 
Seat 2: Krasachikdm (button) (small blind) collected (120)
Seat 3: Mahu2021 (big blind) folded before Flop



PokerStars Hand #252878150031: Tournament #3810810347, $1.84+$0.16 USD Hold'em No Limit - Level IV (30/60) - 2024/10/11 20:49:50 CET [2024/10/11 14:49:50 ET]
Table '3810810347 1' 3-max Seat #3 is the button
Seat 2: Krasachikdm (250 in chips) 
Seat 3: Mahu2021 (1250 in chips) 
Mahu2021: posts small blind 30
Krasachikdm: posts big blind 60
*** HOLE CARDS ***
Dealt to Mahu2021 [Qd 3c]
Mahu2021: calls 30
Krasachikdm: raises 190 to 250 and is all-in
Mahu2021: calls 190
*** FLOP *** [5s Ad Td]
*** TURN *** [5s Ad Td] [Th]
*** RIVER *** [5s Ad Td Th] [7h]
*** SHOW DOWN ***
Krasachikdm: shows [Kh 8h] (a pair of Tens)
Mahu2021: shows [Qd 3c] (a pair of Tens - lower kicker)
Krasachikdm collected 500 from pot
*** SUMMARY ***
Total pot 500 | Rake 0 
Board [5s Ad Td Th 7h]
Seat 2: Krasachikdm (big blind) showed [Kh 8h] and won (500) with a pair of Tens
Seat 3: Mahu2021 (button) (small blind) showed [Qd 3c] and lost with a pair of Tens



PokerStars Hand #252878153978: Tournament #3810810347, $1.84+$0.16 USD Hold'em No Limit - Level IV (30/60) - 2024/10/11 20:50:04 CET [2024/10/11 14:50:04 ET]
Table '3810810347 1' 3-max Seat #2 is the button
Seat 2: Krasachikdm (500 in chips) 
Seat 3: Mahu2021 (1000 in chips) 
Krasachikdm: posts small blind 30
Mahu2021: posts big blind 60
*** HOLE CARDS ***
Dealt to Mahu2021 [Tc 4s]
Krasachikdm: raises 440 to 500 and is all-in
Mahu2021: folds 
Uncalled bet (440) returned to Krasachikdm
Krasachikdm collected 120 from pot
Krasachikdm: doesn't show hand 
*** SUMMARY ***
Total pot 120 | Rake 0 
Seat 2: Krasachikdm (button) (small blind) collected (120)
Seat 3: Mahu2021 (big blind) folded before Flop



PokerStars Hand #252878156091: Tournament #3810810347, $1.84+$0.16 USD Hold'em No Limit - Level IV (30/60) - 2024/10/11 20:50:12 CET [2024/10/11 14:50:12 ET]
Table '3810810347 1' 3-max Seat #3 is the button
Seat 2: Krasachikdm (560 in chips) 
Seat 3: Mahu2021 (940 in chips) 
Mahu2021: posts small blind 30
Krasachikdm: posts big blind 60
*** HOLE CARDS ***
Dealt to Mahu2021 [4s Td]
Mahu2021: folds 
Uncalled bet (30) returned to Krasachikdm
Krasachikdm collected 60 from pot
Krasachikdm: doesn't show hand 
*** SUMMARY ***
Total pot 60 | Rake 0 
Seat 2: Krasachikdm (big blind) collected (60)
Seat 3: Mahu2021 (button) (small blind) folded before Flop



PokerStars Hand #252878157199: Tournament #3810810347, $1.84+$0.16 USD Hold'em No Limit - Level IV (30/60) - 2024/10/11 20:50:16 CET [2024/10/11 14:50:16 ET]
Table '3810810347 1' 3-max Seat #2 is the button
Seat 2: Krasachikdm (590 in chips) 
Seat 3: Mahu2021 (910 in chips) 
Krasachikdm: posts small blind 30
Mahu2021: posts big blind 60
*** HOLE CARDS ***
Dealt to Mahu2021 [7h Jc]
Krasachikdm: calls 30
Mahu2021: checks 
*** FLOP *** [3h 5d 3s]
Mahu2021: checks 
Krasachikdm: checks 
*** TURN *** [3h 5d 3s] [4s]
Mahu2021: checks 
Krasachikdm: checks 
*** RIVER *** [3h 5d 3s 4s] [6s]
Mahu2021: bets 850 and is all-in
Krasachikdm: folds 
Uncalled bet (850) returned to Mahu2021
Mahu2021 collected 120 from pot
Mahu2021: doesn't show hand 
*** SUMMARY ***
Total pot 120 | Rake 0 
Board [3h 5d 3s 4s 6s]
Seat 2: Krasachikdm (button) (small blind) folded on the River
Seat 3: Mahu2021 (big blind) collected (120)



PokerStars Hand #252878162462: Tournament #3810810347, $1.84+$0.16 USD Hold'em No Limit - Level IV (30/60) - 2024/10/11 20:50:35 CET [2024/10/11 14:50:35 ET]
Table '3810810347 1' 3-max Seat #3 is the button
Seat 2: Krasachikdm (530 in chips) 
Seat 3: Mahu2021 (970 in chips) 
Mahu2021: posts small blind 30
Krasachikdm: posts big blind 60
*** HOLE CARDS ***
Dealt to Mahu2021 [3c 4c]
Mahu2021: calls 30
Krasachikdm: raises 470 to 530 and is all-in
Mahu2021: folds 
Uncalled bet (470) returned to Krasachikdm
Krasachikdm collected 120 from pot
Krasachikdm: doesn't show hand 
*** SUMMARY ***
Total pot 120 | Rake 0 
Seat 2: Krasachikdm (big blind) collected (120)
Seat 3: Mahu2021 (button) (small blind) folded before Flop



PokerStars Hand #252878165240: Tournament #3810810347, $1.84+$0.16 USD Hold'em No Limit - Level V (40/80) - 2024/10/11 20:50:45 CET [2024/10/11 14:50:45 ET]
Table '3810810347 1' 3-max Seat #2 is the button
Seat 2: Krasachikdm (590 in chips) 
Seat 3: Mahu2021 (910 in chips) 
Krasachikdm: posts small blind 40
Mahu2021: posts big blind 80
*** HOLE CARDS ***
Dealt to Mahu2021 [Kc 7c]
Krasachikdm: raises 510 to 590 and is all-in
Mahu2021: calls 510
*** FLOP *** [2c Th 9c]
*** TURN *** [2c Th 9c] [3d]
*** RIVER *** [2c Th 9c 3d] [8c]
*** SHOW DOWN ***
Mahu2021: shows [Kc 7c] (a flush, King high)
Krasachikdm: shows [2s Js] (a pair of Deuces)
Mahu2021 collected 1180 from pot
Krasachikdm finished the tournament in 2nd place
Mahu2021 wins the tournament and receives $4.00 - congratulations!
*** SUMMARY ***
Total pot 1180 | Rake 0 
Board [2c Th 9c 3d 8c]
Seat 2: Krasachikdm (button) (small blind) showed [2s Js] and lost with a pair of Deuces
Seat 3: Mahu2021 (big blind) showed [Kc 7c] and won (1180) with a flush, King high



