PokerStars Hand #248128855951: Tournament #3697618486, $1.84+$0.16 USD Hold'em No Limit - Level I (10/20) - 2024/01/07 20:47:08 CET [2024/01/07 14:47:08 ET]
Table '3697618486 1' 3-max Seat #1 is the button
Seat 1: Mahu2021 (500 in chips) 
Seat 2: Masix88 (500 in chips) 
Seat 3: pingofortale (500 in chips) 
Masix88: posts small blind 10
pingofortale: posts big blind 20
*** HOLE CARDS ***
Dealt to Mahu2021 [6h 7c]
Mahu2021: folds 
Masix88: raises 40 to 60
pingofortale: calls 40
*** FLOP *** [9h 5d 2h]
Masix88: checks 
pingofortale: checks 
*** TURN *** [9h 5d 2h] [Jd]
Masix88: checks 
pingofortale: bets 120
Masix88: folds 
Uncalled bet (120) returned to pingofortale
pingofortale collected 120 from pot
*** SUMMARY ***
Total pot 120 | Rake 0 
Board [9h 5d 2h Jd]
Seat 1: Mahu2021 (button) folded before Flop (didn't bet)
Seat 2: Masix88 (small blind) folded on the Turn
Seat 3: pingofortale (big blind) collected (120)



PokerStars Hand #248128878596: Tournament #3697618486, $1.84+$0.16 USD Hold'em No Limit - Level I (10/20) - 2024/01/07 20:47:55 CET [2024/01/07 14:47:55 ET]
Table '3697618486 1' 3-max Seat #2 is the button
Seat 1: Mahu2021 (500 in chips) 
Seat 2: Masix88 (440 in chips) 
Seat 3: pingofortale (560 in chips) 
pingofortale: posts small blind 10
Mahu2021: posts big blind 20
*** HOLE CARDS ***
Dealt to Mahu2021 [Tc 6s]
Masix88: raises 20 to 40
pingofortale: folds 
Mahu2021: calls 20
*** FLOP *** [7d 8c Qc]
Mahu2021: checks 
Masix88: bets 30
Mahu2021: calls 30
*** TURN *** [7d 8c Qc] [2h]
Mahu2021: checks 
Masix88: bets 113
Mahu2021: folds 
Uncalled bet (113) returned to Masix88
Masix88 collected 150 from pot
Masix88: doesn't show hand 
*** SUMMARY ***
Total pot 150 | Rake 0 
Board [7d 8c Qc 2h]
Seat 1: Mahu2021 (big blind) folded on the Turn
Seat 2: Masix88 (button) collected (150)
Seat 3: pingofortale (small blind) folded before Flop



PokerStars Hand #248128887127: Tournament #3697618486, $1.84+$0.16 USD Hold'em No Limit - Level I (10/20) - 2024/01/07 20:48:13 CET [2024/01/07 14:48:13 ET]
Table '3697618486 1' 3-max Seat #3 is the button
Seat 1: Mahu2021 (430 in chips) 
Seat 2: Masix88 (520 in chips) 
Seat 3: pingofortale (550 in chips) 
Mahu2021: posts small blind 10
Masix88: posts big blind 20
*** HOLE CARDS ***
Dealt to Mahu2021 [Kd Tc]
pingofortale: raises 20 to 40
Mahu2021: calls 30
Masix88: raises 480 to 520 and is all-in
pingofortale: calls 480
Mahu2021: folds 
*** FLOP *** [4c 2d 6c]
*** TURN *** [4c 2d 6c] [7h]
*** RIVER *** [4c 2d 6c 7h] [Ks]
*** SHOW DOWN ***
Masix88: shows [Jc As] (high card Ace)
pingofortale: shows [Qd Qc] (a pair of Queens)
pingofortale collected 1080 from pot
Masix88 finished the tournament in 3rd place
*** SUMMARY ***
Total pot 1080 | Rake 0 
Board [4c 2d 6c 7h Ks]
Seat 1: Mahu2021 (small blind) folded before Flop
Seat 2: Masix88 (big blind) showed [Jc As] and lost with high card Ace
Seat 3: pingofortale (button) showed [Qd Qc] and won (1080) with a pair of Queens



PokerStars Hand #248128898826: Tournament #3697618486, $1.84+$0.16 USD Hold'em No Limit - Level I (10/20) - 2024/01/07 20:48:38 CET [2024/01/07 14:48:38 ET]
Table '3697618486 1' 3-max Seat #1 is the button
Seat 1: Mahu2021 (390 in chips) 
Seat 3: pingofortale (1110 in chips) 
Mahu2021: posts small blind 10
pingofortale: posts big blind 20
*** HOLE CARDS ***
Dealt to Mahu2021 [2c As]
Mahu2021: calls 10
pingofortale: checks 
*** FLOP *** [7s Tc Qc]
pingofortale: checks 
Mahu2021: checks 
*** TURN *** [7s Tc Qc] [8h]
pingofortale: bets 20
Mahu2021: folds 
Uncalled bet (20) returned to pingofortale
pingofortale collected 40 from pot
*** SUMMARY ***
Total pot 40 | Rake 0 
Board [7s Tc Qc 8h]
Seat 1: Mahu2021 (button) (small blind) folded on the Turn
Seat 3: pingofortale (big blind) collected (40)



PokerStars Hand #248128904230: Tournament #3697618486, $1.84+$0.16 USD Hold'em No Limit - Level I (10/20) - 2024/01/07 20:48:49 CET [2024/01/07 14:48:49 ET]
Table '3697618486 1' 3-max Seat #3 is the button
Seat 1: Mahu2021 (370 in chips) 
Seat 3: pingofortale (1130 in chips) 
pingofortale: posts small blind 10
Mahu2021: posts big blind 20
*** HOLE CARDS ***
Dealt to Mahu2021 [Ac Qc]
pingofortale: raises 20 to 40
Mahu2021: raises 330 to 370 and is all-in
pingofortale: calls 330
*** FLOP *** [4c Kc 4s]
*** TURN *** [4c Kc 4s] [Jd]
*** RIVER *** [4c Kc 4s Jd] [7c]
*** SHOW DOWN ***
Mahu2021: shows [Ac Qc] (a flush, Ace high)
pingofortale: shows [Ks Kh] (a full house, Kings full of Fours)
pingofortale collected 740 from pot
Mahu2021 finished the tournament in 2nd place
pingofortale wins the tournament and receives $6.00 - congratulations!
*** SUMMARY ***
Total pot 740 | Rake 0 
Board [4c Kc 4s Jd 7c]
Seat 1: Mahu2021 (big blind) showed [Ac Qc] and lost with a flush, Ace high
Seat 3: pingofortale (button) (small blind) showed [Ks Kh] and won (740) with a full house, Kings full of Fours



