PokerStars Hand #247753464306: Tournament #3688669750, $1.84+$0.16 USD Hold'em No Limit - Level I (10/20) - 2023/12/19 20:44:10 CET [2023/12/19 14:44:10 ET]
Table '3688669750 1' 3-max Seat #1 is the button
Seat 1: Jaintech (500 in chips) 
Seat 2: Mahu2021 (500 in chips) 
Seat 3: ashpeak (500 in chips) 
Mahu2021: posts small blind 10
ashpeak: posts big blind 20
*** HOLE CARDS ***
Dealt to Mahu2021 [Ah 2h]
Jaintech: raises 480 to 500 and is all-in
Mahu2021: folds 
ashpeak: folds 
Uncalled bet (480) returned to Jaintech
Jaintech collected 50 from pot
*** SUMMARY ***
Total pot 50 | Rake 0 
Seat 1: Jaintech (button) collected (50)
Seat 2: Mahu2021 (small blind) folded before Flop
Seat 3: ashpeak (big blind) folded before Flop



PokerStars Hand #247753468163: Tournament #3688669750, $1.84+$0.16 USD Hold'em No Limit - Level I (10/20) - 2023/12/19 20:44:21 CET [2023/12/19 14:44:21 ET]
Table '3688669750 1' 3-max Seat #2 is the button
Seat 1: Jaintech (530 in chips) 
Seat 2: Mahu2021 (490 in chips) 
Seat 3: ashpeak (480 in chips) 
ashpeak: posts small blind 10
Jaintech: posts big blind 20
*** HOLE CARDS ***
Dealt to Mahu2021 [6d Ts]
Mahu2021: folds 
ashpeak: raises 40 to 60
Jaintech: raises 470 to 530 and is all-in
ashpeak: folds 
Uncalled bet (470) returned to Jaintech
Jaintech collected 120 from pot
*** SUMMARY ***
Total pot 120 | Rake 0 
Seat 1: Jaintech (big blind) collected (120)
Seat 2: Mahu2021 (button) folded before Flop (didn't bet)
Seat 3: ashpeak (small blind) folded before Flop



PokerStars Hand #247753472733: Tournament #3688669750, $1.84+$0.16 USD Hold'em No Limit - Level I (10/20) - 2023/12/19 20:44:35 CET [2023/12/19 14:44:35 ET]
Table '3688669750 1' 3-max Seat #3 is the button
Seat 1: Jaintech (590 in chips) 
Seat 2: Mahu2021 (490 in chips) 
Seat 3: ashpeak (420 in chips) 
Jaintech: posts small blind 10
Mahu2021: posts big blind 20
*** HOLE CARDS ***
Dealt to Mahu2021 [8d Kh]
ashpeak: raises 40 to 60
Jaintech: calls 50
Mahu2021: calls 40
*** FLOP *** [2d 3h 6c]
Jaintech: bets 180
Mahu2021: folds 
ashpeak: raises 180 to 360 and is all-in
Jaintech: calls 180
*** TURN *** [2d 3h 6c] [5c]
*** RIVER *** [2d 3h 6c 5c] [9s]
*** SHOW DOWN ***
Jaintech: shows [6h 4d] (a straight, Deuce to Six)
ashpeak: shows [Jd As] (high card Ace)
Jaintech collected 900 from pot
ashpeak finished the tournament in 3rd place
*** SUMMARY ***
Total pot 900 | Rake 0 
Board [2d 3h 6c 5c 9s]
Seat 1: Jaintech (small blind) showed [6h 4d] and won (900) with a straight, Deuce to Six
Seat 2: Mahu2021 (big blind) folded on the Flop
Seat 3: ashpeak (button) showed [Jd As] and lost with high card Ace



PokerStars Hand #247753483031: Tournament #3688669750, $1.84+$0.16 USD Hold'em No Limit - Level I (10/20) - 2023/12/19 20:45:05 CET [2023/12/19 14:45:05 ET]
Table '3688669750 1' 3-max Seat #2 is the button
Seat 1: Jaintech (1070 in chips) 
Seat 2: Mahu2021 (430 in chips) 
Mahu2021: posts small blind 10
Jaintech: posts big blind 20
*** HOLE CARDS ***
Dealt to Mahu2021 [5s Ad]
Mahu2021: calls 10
Jaintech: raises 20 to 40
Mahu2021: calls 20
*** FLOP *** [Qs Kc 8c]
Jaintech: bets 20
Mahu2021: folds 
Uncalled bet (20) returned to Jaintech
Jaintech collected 80 from pot
*** SUMMARY ***
Total pot 80 | Rake 0 
Board [Qs Kc 8c]
Seat 1: Jaintech (big blind) collected (80)
Seat 2: Mahu2021 (button) (small blind) folded on the Flop



PokerStars Hand #247753486900: Tournament #3688669750, $1.84+$0.16 USD Hold'em No Limit - Level I (10/20) - 2023/12/19 20:45:17 CET [2023/12/19 14:45:17 ET]
Table '3688669750 1' 3-max Seat #1 is the button
Seat 1: Jaintech (1110 in chips) 
Seat 2: Mahu2021 (390 in chips) 
Jaintech: posts small blind 10
Mahu2021: posts big blind 20
*** HOLE CARDS ***
Dealt to Mahu2021 [Jh 2d]
Jaintech: calls 10
Mahu2021: checks 
*** FLOP *** [2h 6s 9s]
Mahu2021: checks 
Jaintech: bets 40
Mahu2021: calls 40
*** TURN *** [2h 6s 9s] [Js]
Mahu2021: checks 
Jaintech: checks 
*** RIVER *** [2h 6s 9s Js] [5c]
Mahu2021: bets 120
Jaintech: calls 120
*** SHOW DOWN ***
Mahu2021: shows [Jh 2d] (two pair, Jacks and Deuces)
Jaintech: mucks hand 
Mahu2021 collected 360 from pot
*** SUMMARY ***
Total pot 360 | Rake 0 
Board [2h 6s 9s Js 5c]
Seat 1: Jaintech (button) (small blind) mucked [7d 9h]
Seat 2: Mahu2021 (big blind) showed [Jh 2d] and won (360) with two pair, Jacks and Deuces



PokerStars Hand #247753492710: Tournament #3688669750, $1.84+$0.16 USD Hold'em No Limit - Level I (10/20) - 2023/12/19 20:45:35 CET [2023/12/19 14:45:35 ET]
Table '3688669750 1' 3-max Seat #2 is the button
Seat 1: Jaintech (930 in chips) 
Seat 2: Mahu2021 (570 in chips) 
Mahu2021: posts small blind 10
Jaintech: posts big blind 20
*** HOLE CARDS ***
Dealt to Mahu2021 [Td Qh]
Mahu2021: raises 20 to 40
Jaintech: calls 20
*** FLOP *** [Jc 6h Qc]
Jaintech: bets 20
Mahu2021: calls 20
*** TURN *** [Jc 6h Qc] [9d]
Jaintech: bets 120
Mahu2021: calls 120
*** RIVER *** [Jc 6h Qc 9d] [Ac]
Jaintech: checks 
Mahu2021: checks 
*** SHOW DOWN ***
Jaintech: shows [6c 9s] (two pair, Nines and Sixes)
Mahu2021: mucks hand 
Jaintech collected 360 from pot
*** SUMMARY ***
Total pot 360 | Rake 0 
Board [Jc 6h Qc 9d Ac]
Seat 1: Jaintech (big blind) showed [6c 9s] and won (360) with two pair, Nines and Sixes
Seat 2: Mahu2021 (button) (small blind) mucked [Td Qh]



PokerStars Hand #247753497714: Tournament #3688669750, $1.84+$0.16 USD Hold'em No Limit - Level I (10/20) - 2023/12/19 20:45:50 CET [2023/12/19 14:45:50 ET]
Table '3688669750 1' 3-max Seat #1 is the button
Seat 1: Jaintech (1110 in chips) 
Seat 2: Mahu2021 (390 in chips) 
Jaintech: posts small blind 10
Mahu2021: posts big blind 20
*** HOLE CARDS ***
Dealt to Mahu2021 [8h Td]
Jaintech: calls 10
Mahu2021: checks 
*** FLOP *** [5c 2s As]
Mahu2021: checks 
Jaintech: bets 20
Mahu2021: folds 
Uncalled bet (20) returned to Jaintech
Jaintech collected 40 from pot
*** SUMMARY ***
Total pot 40 | Rake 0 
Board [5c 2s As]
Seat 1: Jaintech (button) (small blind) collected (40)
Seat 2: Mahu2021 (big blind) folded on the Flop



PokerStars Hand #247753502062: Tournament #3688669750, $1.84+$0.16 USD Hold'em No Limit - Level I (10/20) - 2023/12/19 20:46:03 CET [2023/12/19 14:46:03 ET]
Table '3688669750 1' 3-max Seat #2 is the button
Seat 1: Jaintech (1130 in chips) 
Seat 2: Mahu2021 (370 in chips) 
Mahu2021: posts small blind 10
Jaintech: posts big blind 20
*** HOLE CARDS ***
Dealt to Mahu2021 [5c 8c]
Mahu2021: calls 10
Jaintech: checks 
*** FLOP *** [8s 4h 2h]
Jaintech: bets 20
Mahu2021: calls 20
*** TURN *** [8s 4h 2h] [Kc]
Jaintech: bets 20
Mahu2021: calls 20
*** RIVER *** [8s 4h 2h Kc] [3s]
Jaintech: checks 
Mahu2021: checks 
*** SHOW DOWN ***
Jaintech: shows [5s 7d] (high card King)
Mahu2021: shows [5c 8c] (a pair of Eights)
Mahu2021 collected 120 from pot
*** SUMMARY ***
Total pot 120 | Rake 0 
Board [8s 4h 2h Kc 3s]
Seat 1: Jaintech (big blind) showed [5s 7d] and lost with high card King
Seat 2: Mahu2021 (button) (small blind) showed [5c 8c] and won (120) with a pair of Eights



PokerStars Hand #247753507313: Tournament #3688669750, $1.84+$0.16 USD Hold'em No Limit - Level I (10/20) - 2023/12/19 20:46:19 CET [2023/12/19 14:46:19 ET]
Table '3688669750 1' 3-max Seat #1 is the button
Seat 1: Jaintech (1070 in chips) 
Seat 2: Mahu2021 (430 in chips) 
Jaintech: posts small blind 10
Mahu2021: posts big blind 20
*** HOLE CARDS ***
Dealt to Mahu2021 [4d 9c]
Jaintech: calls 10
Mahu2021: checks 
*** FLOP *** [4h 8h Js]
Mahu2021: checks 
Jaintech: bets 40
Mahu2021: folds 
Uncalled bet (40) returned to Jaintech
Jaintech collected 40 from pot
*** SUMMARY ***
Total pot 40 | Rake 0 
Board [4h 8h Js]
Seat 1: Jaintech (button) (small blind) collected (40)
Seat 2: Mahu2021 (big blind) folded on the Flop



PokerStars Hand #247753511593: Tournament #3688669750, $1.84+$0.16 USD Hold'em No Limit - Level I (10/20) - 2023/12/19 20:46:32 CET [2023/12/19 14:46:32 ET]
Table '3688669750 1' 3-max Seat #2 is the button
Seat 1: Jaintech (1090 in chips) 
Seat 2: Mahu2021 (410 in chips) 
Mahu2021: posts small blind 10
Jaintech: posts big blind 20
*** HOLE CARDS ***
Dealt to Mahu2021 [As 8h]
Mahu2021: raises 20 to 40
Jaintech: calls 20
*** FLOP *** [Qh 9s 3c]
Jaintech: checks 
Mahu2021: checks 
*** TURN *** [Qh 9s 3c] [Kh]
Jaintech: bets 20
Mahu2021: calls 20
*** RIVER *** [Qh 9s 3c Kh] [6d]
Jaintech: checks 
Mahu2021: bets 120
Jaintech: calls 120
*** SHOW DOWN ***
Mahu2021: shows [As 8h] (high card Ace)
Jaintech: shows [Kd 4d] (a pair of Kings)
Jaintech collected 360 from pot
*** SUMMARY ***
Total pot 360 | Rake 0 
Board [Qh 9s 3c Kh 6d]
Seat 1: Jaintech (big blind) showed [Kd 4d] and won (360) with a pair of Kings
Seat 2: Mahu2021 (button) (small blind) showed [As 8h] and lost with high card Ace



PokerStars Hand #247753520528: Tournament #3688669750, $1.84+$0.16 USD Hold'em No Limit - Level I (10/20) - 2023/12/19 20:46:59 CET [2023/12/19 14:46:59 ET]
Table '3688669750 1' 3-max Seat #1 is the button
Seat 1: Jaintech (1270 in chips) 
Seat 2: Mahu2021 (230 in chips) 
Jaintech: posts small blind 10
Mahu2021: posts big blind 20
*** HOLE CARDS ***
Dealt to Mahu2021 [Jh 4c]
Jaintech: calls 10
Mahu2021: checks 
*** FLOP *** [3d Qh Qs]
Mahu2021: checks 
Jaintech: checks 
*** TURN *** [3d Qh Qs] [4h]
Mahu2021: bets 210 and is all-in
Jaintech: folds 
Uncalled bet (210) returned to Mahu2021
Mahu2021 collected 40 from pot
Mahu2021: doesn't show hand 
*** SUMMARY ***
Total pot 40 | Rake 0 
Board [3d Qh Qs 4h]
Seat 1: Jaintech (button) (small blind) folded on the Turn
Seat 2: Mahu2021 (big blind) collected (40)



PokerStars Hand #247753529497: Tournament #3688669750, $1.84+$0.16 USD Hold'em No Limit - Level II (15/30) - 2023/12/19 20:47:26 CET [2023/12/19 14:47:26 ET]
Table '3688669750 1' 3-max Seat #2 is the button
Seat 1: Jaintech (1250 in chips) 
Seat 2: Mahu2021 (250 in chips) 
Mahu2021: posts small blind 15
Jaintech: posts big blind 30
*** HOLE CARDS ***
Dealt to Mahu2021 [4h Ks]
Mahu2021: raises 220 to 250 and is all-in
Jaintech: folds 
Uncalled bet (220) returned to Mahu2021
Mahu2021 collected 60 from pot
Mahu2021: doesn't show hand 
*** SUMMARY ***
Total pot 60 | Rake 0 
Seat 1: Jaintech (big blind) folded before Flop
Seat 2: Mahu2021 (button) (small blind) collected (60)



PokerStars Hand #247753533038: Tournament #3688669750, $1.84+$0.16 USD Hold'em No Limit - Level II (15/30) - 2023/12/19 20:47:36 CET [2023/12/19 14:47:36 ET]
Table '3688669750 1' 3-max Seat #1 is the button
Seat 1: Jaintech (1220 in chips) 
Seat 2: Mahu2021 (280 in chips) 
Jaintech: posts small blind 15
Mahu2021: posts big blind 30
*** HOLE CARDS ***
Dealt to Mahu2021 [Qs 2c]
Jaintech: calls 15
Mahu2021: checks 
*** FLOP *** [4s Kd 6c]
Mahu2021: checks 
Jaintech: checks 
*** TURN *** [4s Kd 6c] [2s]
Mahu2021: checks 
Jaintech: checks 
*** RIVER *** [4s Kd 6c 2s] [Ts]
Mahu2021: checks 
Jaintech: checks 
*** SHOW DOWN ***
Mahu2021: shows [Qs 2c] (a pair of Deuces)
Jaintech: mucks hand 
Mahu2021 collected 60 from pot
*** SUMMARY ***
Total pot 60 | Rake 0 
Board [4s Kd 6c 2s Ts]
Seat 1: Jaintech (button) (small blind) mucked [Js 3d]
Seat 2: Mahu2021 (big blind) showed [Qs 2c] and won (60) with a pair of Deuces



PokerStars Hand #247753538217: Tournament #3688669750, $1.84+$0.16 USD Hold'em No Limit - Level II (15/30) - 2023/12/19 20:47:52 CET [2023/12/19 14:47:52 ET]
Table '3688669750 1' 3-max Seat #2 is the button
Seat 1: Jaintech (1190 in chips) 
Seat 2: Mahu2021 (310 in chips) 
Mahu2021: posts small blind 15
Jaintech: posts big blind 30
*** HOLE CARDS ***
Dealt to Mahu2021 [8s 9h]
Mahu2021: calls 15
Jaintech: raises 30 to 60
Mahu2021: calls 30
*** FLOP *** [5d Ac Ks]
Jaintech: checks 
Mahu2021: checks 
*** TURN *** [5d Ac Ks] [5c]
Jaintech: checks 
Mahu2021: checks 
*** RIVER *** [5d Ac Ks 5c] [8h]
Jaintech: checks 
Mahu2021: checks 
*** SHOW DOWN ***
Jaintech: shows [2s 6s] (a pair of Fives)
Mahu2021: shows [8s 9h] (two pair, Eights and Fives)
Mahu2021 collected 120 from pot
*** SUMMARY ***
Total pot 120 | Rake 0 
Board [5d Ac Ks 5c 8h]
Seat 1: Jaintech (big blind) showed [2s 6s] and lost with a pair of Fives
Seat 2: Mahu2021 (button) (small blind) showed [8s 9h] and won (120) with two pair, Eights and Fives



PokerStars Hand #247753543360: Tournament #3688669750, $1.84+$0.16 USD Hold'em No Limit - Level II (15/30) - 2023/12/19 20:48:07 CET [2023/12/19 14:48:07 ET]
Table '3688669750 1' 3-max Seat #1 is the button
Seat 1: Jaintech (1130 in chips) 
Seat 2: Mahu2021 (370 in chips) 
Jaintech: posts small blind 15
Mahu2021: posts big blind 30
*** HOLE CARDS ***
Dealt to Mahu2021 [Jd Kd]
Jaintech: raises 30 to 60
Mahu2021: raises 310 to 370 and is all-in
Jaintech: calls 310
*** FLOP *** [2d 5c 8c]
*** TURN *** [2d 5c 8c] [2s]
*** RIVER *** [2d 5c 8c 2s] [Qs]
*** SHOW DOWN ***
Mahu2021: shows [Jd Kd] (a pair of Deuces)
Jaintech: shows [Tc Ts] (two pair, Tens and Deuces)
Jaintech collected 740 from pot
Mahu2021 finished the tournament in 2nd place
Jaintech wins the tournament and receives $6.00 - congratulations!
*** SUMMARY ***
Total pot 740 | Rake 0 
Board [2d 5c 8c 2s Qs]
Seat 1: Jaintech (button) (small blind) showed [Tc Ts] and won (740) with two pair, Tens and Deuces
Seat 2: Mahu2021 (big blind) showed [Jd Kd] and lost with a pair of Deuces



