PokerStars Hand #248246565990: Tournament #3700439479, $1.84+$0.16 USD Hold'em No Limit - Level I (10/20) - 2024/01/13 15:36:19 CET [2024/01/13 9:36:19 ET]
Table '3700439479 1' 3-max Seat #1 is the button
Seat 1: Pl4me7 (500 in chips) 
Seat 2: Mahu2021 (500 in chips) 
Seat 3: skalle43 (500 in chips) 
Mahu2021: posts small blind 10
skalle43: posts big blind 20
*** HOLE CARDS ***
Dealt to Mahu2021 [3d 8d]
Pl4me7: folds 
Mahu2021: folds 
Uncalled bet (10) returned to skalle43
skalle43 collected 20 from pot
skalle43: doesn't show hand 
*** SUMMARY ***
Total pot 20 | Rake 0 
Seat 1: Pl4me7 (button) folded before Flop (didn't bet)
Seat 2: Mahu2021 (small blind) folded before Flop
Seat 3: skalle43 (big blind) collected (20)



PokerStars Hand #248246567032: Tournament #3700439479, $1.84+$0.16 USD Hold'em No Limit - Level I (10/20) - 2024/01/13 15:36:23 CET [2024/01/13 9:36:23 ET]
Table '3700439479 1' 3-max Seat #2 is the button
Seat 1: Pl4me7 (500 in chips) 
Seat 2: Mahu2021 (490 in chips) 
Seat 3: skalle43 (510 in chips) 
skalle43: posts small blind 10
Pl4me7: posts big blind 20
*** HOLE CARDS ***
Dealt to Mahu2021 [7c 3d]
Mahu2021: folds 
skalle43: folds 
Uncalled bet (10) returned to Pl4me7
Pl4me7 collected 20 from pot
Pl4me7: doesn't show hand 
*** SUMMARY ***
Total pot 20 | Rake 0 
Seat 1: Pl4me7 (big blind) collected (20)
Seat 2: Mahu2021 (button) folded before Flop (didn't bet)
Seat 3: skalle43 (small blind) folded before Flop



PokerStars Hand #248246568371: Tournament #3700439479, $1.84+$0.16 USD Hold'em No Limit - Level I (10/20) - 2024/01/13 15:36:28 CET [2024/01/13 9:36:28 ET]
Table '3700439479 1' 3-max Seat #3 is the button
Seat 1: Pl4me7 (510 in chips) 
Seat 2: Mahu2021 (490 in chips) 
Seat 3: skalle43 (500 in chips) 
Pl4me7: posts small blind 10
Mahu2021: posts big blind 20
*** HOLE CARDS ***
Dealt to Mahu2021 [2d Qd]
skalle43: calls 20
Pl4me7: raises 490 to 510 and is all-in
Mahu2021: folds 
skalle43: folds 
Uncalled bet (490) returned to Pl4me7
Pl4me7 collected 60 from pot
Pl4me7: doesn't show hand 
*** SUMMARY ***
Total pot 60 | Rake 0 
Seat 1: Pl4me7 (small blind) collected (60)
Seat 2: Mahu2021 (big blind) folded before Flop
Seat 3: skalle43 (button) folded before Flop



PokerStars Hand #248246570774: Tournament #3700439479, $1.84+$0.16 USD Hold'em No Limit - Level I (10/20) - 2024/01/13 15:36:37 CET [2024/01/13 9:36:37 ET]
Table '3700439479 1' 3-max Seat #1 is the button
Seat 1: Pl4me7 (550 in chips) 
Seat 2: Mahu2021 (470 in chips) 
Seat 3: skalle43 (480 in chips) 
Mahu2021: posts small blind 10
skalle43: posts big blind 20
*** HOLE CARDS ***
Dealt to Mahu2021 [Ah 8c]
Pl4me7: folds 
Mahu2021: raises 20 to 40
skalle43: calls 20
*** FLOP *** [5s 2s Tc]
Mahu2021: checks 
skalle43: bets 100
Mahu2021: folds 
Uncalled bet (100) returned to skalle43
skalle43 collected 80 from pot
skalle43: doesn't show hand 
*** SUMMARY ***
Total pot 80 | Rake 0 
Board [5s 2s Tc]
Seat 1: Pl4me7 (button) folded before Flop (didn't bet)
Seat 2: Mahu2021 (small blind) folded on the Flop
Seat 3: skalle43 (big blind) collected (80)



PokerStars Hand #248246574145: Tournament #3700439479, $1.84+$0.16 USD Hold'em No Limit - Level I (10/20) - 2024/01/13 15:36:51 CET [2024/01/13 9:36:51 ET]
Table '3700439479 1' 3-max Seat #2 is the button
Seat 1: Pl4me7 (550 in chips) 
Seat 2: Mahu2021 (430 in chips) 
Seat 3: skalle43 (520 in chips) 
skalle43: posts small blind 10
Pl4me7: posts big blind 20
*** HOLE CARDS ***
Dealt to Mahu2021 [Tc 3h]
Mahu2021: folds 
skalle43: raises 20 to 40
Pl4me7: raises 510 to 550 and is all-in
skalle43: folds 
Uncalled bet (510) returned to Pl4me7
Pl4me7 collected 80 from pot
Pl4me7: doesn't show hand 
*** SUMMARY ***
Total pot 80 | Rake 0 
Seat 1: Pl4me7 (big blind) collected (80)
Seat 2: Mahu2021 (button) folded before Flop (didn't bet)
Seat 3: skalle43 (small blind) folded before Flop



PokerStars Hand #248246576760: Tournament #3700439479, $1.84+$0.16 USD Hold'em No Limit - Level I (10/20) - 2024/01/13 15:37:01 CET [2024/01/13 9:37:01 ET]
Table '3700439479 1' 3-max Seat #3 is the button
Seat 1: Pl4me7 (590 in chips) 
Seat 2: Mahu2021 (430 in chips) 
Seat 3: skalle43 (480 in chips) 
Pl4me7: posts small blind 10
Mahu2021: posts big blind 20
*** HOLE CARDS ***
Dealt to Mahu2021 [2s 9h]
skalle43: folds 
Pl4me7: raises 570 to 590 and is all-in
Mahu2021: folds 
Uncalled bet (570) returned to Pl4me7
Pl4me7 collected 40 from pot
Pl4me7: doesn't show hand 
*** SUMMARY ***
Total pot 40 | Rake 0 
Seat 1: Pl4me7 (small blind) collected (40)
Seat 2: Mahu2021 (big blind) folded before Flop
Seat 3: skalle43 (button) folded before Flop (didn't bet)



PokerStars Hand #248246578353: Tournament #3700439479, $1.84+$0.16 USD Hold'em No Limit - Level I (10/20) - 2024/01/13 15:37:07 CET [2024/01/13 9:37:07 ET]
Table '3700439479 1' 3-max Seat #1 is the button
Seat 1: Pl4me7 (610 in chips) 
Seat 2: Mahu2021 (410 in chips) 
Seat 3: skalle43 (480 in chips) 
Mahu2021: posts small blind 10
skalle43: posts big blind 20
*** HOLE CARDS ***
Dealt to Mahu2021 [Qh Js]
Pl4me7: raises 20 to 40
Mahu2021: calls 30
skalle43: folds 
*** FLOP *** [Th 6c Kh]
Mahu2021: checks 
Pl4me7: checks 
*** TURN *** [Th 6c Kh] [Jd]
Mahu2021: bets 40
Pl4me7: folds 
Uncalled bet (40) returned to Mahu2021
Mahu2021 collected 100 from pot
Mahu2021: doesn't show hand 
*** SUMMARY ***
Total pot 100 | Rake 0 
Board [Th 6c Kh Jd]
Seat 1: Pl4me7 (button) folded on the Turn
Seat 2: Mahu2021 (small blind) collected (100)
Seat 3: skalle43 (big blind) folded before Flop



PokerStars Hand #248246585353: Tournament #3700439479, $1.84+$0.16 USD Hold'em No Limit - Level I (10/20) - 2024/01/13 15:37:34 CET [2024/01/13 9:37:34 ET]
Table '3700439479 1' 3-max Seat #2 is the button
Seat 1: Pl4me7 (570 in chips) 
Seat 2: Mahu2021 (470 in chips) 
Seat 3: skalle43 (460 in chips) 
skalle43: posts small blind 10
Pl4me7: posts big blind 20
*** HOLE CARDS ***
Dealt to Mahu2021 [9s Kc]
Mahu2021: calls 20
skalle43: calls 10
Pl4me7: checks 
*** FLOP *** [Qs 7c 2h]
skalle43: checks 
Pl4me7: checks 
Mahu2021: checks 
*** TURN *** [Qs 7c 2h] [4h]
skalle43: bets 80
Pl4me7: folds 
Mahu2021: folds 
Uncalled bet (80) returned to skalle43
skalle43 collected 60 from pot
skalle43: doesn't show hand 
*** SUMMARY ***
Total pot 60 | Rake 0 
Board [Qs 7c 2h 4h]
Seat 1: Pl4me7 (big blind) folded on the Turn
Seat 2: Mahu2021 (button) folded on the Turn
Seat 3: skalle43 (small blind) collected (60)



PokerStars Hand #248246590282: Tournament #3700439479, $1.84+$0.16 USD Hold'em No Limit - Level I (10/20) - 2024/01/13 15:37:53 CET [2024/01/13 9:37:53 ET]
Table '3700439479 1' 3-max Seat #3 is the button
Seat 1: Pl4me7 (550 in chips) 
Seat 2: Mahu2021 (450 in chips) 
Seat 3: skalle43 (500 in chips) 
Pl4me7: posts small blind 10
Mahu2021: posts big blind 20
*** HOLE CARDS ***
Dealt to Mahu2021 [Jc 6s]
skalle43: folds 
Pl4me7: raises 20 to 40
Mahu2021: calls 20
*** FLOP *** [Qh Kd 6d]
Pl4me7: checks 
Mahu2021: checks 
*** TURN *** [Qh Kd 6d] [Qc]
Pl4me7: checks 
Mahu2021: bets 40
Pl4me7: calls 40
*** RIVER *** [Qh Kd 6d Qc] [4h]
Pl4me7: checks 
Mahu2021: bets 160
Pl4me7: folds 
Uncalled bet (160) returned to Mahu2021
Mahu2021 collected 160 from pot
Mahu2021: doesn't show hand 
*** SUMMARY ***
Total pot 160 | Rake 0 
Board [Qh Kd 6d Qc 4h]
Seat 1: Pl4me7 (small blind) folded on the River
Seat 2: Mahu2021 (big blind) collected (160)
Seat 3: skalle43 (button) folded before Flop (didn't bet)



PokerStars Hand #248246596053: Tournament #3700439479, $1.84+$0.16 USD Hold'em No Limit - Level I (10/20) - 2024/01/13 15:38:17 CET [2024/01/13 9:38:17 ET]
Table '3700439479 1' 3-max Seat #1 is the button
Seat 1: Pl4me7 (470 in chips) 
Seat 2: Mahu2021 (530 in chips) 
Seat 3: skalle43 (500 in chips) 
Mahu2021: posts small blind 10
skalle43: posts big blind 20
*** HOLE CARDS ***
Dealt to Mahu2021 [Td 7d]
Pl4me7: folds 
Mahu2021: raises 20 to 40
skalle43: folds 
Uncalled bet (20) returned to Mahu2021
Mahu2021 collected 40 from pot
Mahu2021: doesn't show hand 
*** SUMMARY ***
Total pot 40 | Rake 0 
Seat 1: Pl4me7 (button) folded before Flop (didn't bet)
Seat 2: Mahu2021 (small blind) collected (40)
Seat 3: skalle43 (big blind) folded before Flop



PokerStars Hand #248246598551: Tournament #3700439479, $1.84+$0.16 USD Hold'em No Limit - Level II (15/30) - 2024/01/13 15:38:26 CET [2024/01/13 9:38:26 ET]
Table '3700439479 1' 3-max Seat #2 is the button
Seat 1: Pl4me7 (470 in chips) 
Seat 2: Mahu2021 (550 in chips) 
Seat 3: skalle43 (480 in chips) 
skalle43: posts small blind 15
Pl4me7: posts big blind 30
*** HOLE CARDS ***
Dealt to Mahu2021 [Qs Kd]
Mahu2021: raises 30 to 60
skalle43: calls 45
Pl4me7: folds 
*** FLOP *** [5h 3h 6s]
skalle43: bets 90
Mahu2021: folds 
Uncalled bet (90) returned to skalle43
skalle43 collected 150 from pot
skalle43: doesn't show hand 
*** SUMMARY ***
Total pot 150 | Rake 0 
Board [5h 3h 6s]
Seat 1: Pl4me7 (big blind) folded before Flop
Seat 2: Mahu2021 (button) folded on the Flop
Seat 3: skalle43 (small blind) collected (150)



PokerStars Hand #248246601964: Tournament #3700439479, $1.84+$0.16 USD Hold'em No Limit - Level II (15/30) - 2024/01/13 15:38:40 CET [2024/01/13 9:38:40 ET]
Table '3700439479 1' 3-max Seat #3 is the button
Seat 1: Pl4me7 (440 in chips) 
Seat 2: Mahu2021 (490 in chips) 
Seat 3: skalle43 (570 in chips) 
Pl4me7: posts small blind 15
Mahu2021: posts big blind 30
*** HOLE CARDS ***
Dealt to Mahu2021 [Ac 2c]
skalle43: folds 
Pl4me7: calls 15
Mahu2021: checks 
*** FLOP *** [5s 4d Tc]
Pl4me7: bets 30
Mahu2021: calls 30
*** TURN *** [5s 4d Tc] [5c]
Pl4me7: bets 48
Mahu2021: calls 48
*** RIVER *** [5s 4d Tc 5c] [Kc]
Pl4me7: checks 
Mahu2021: bets 60
Pl4me7: calls 60
*** SHOW DOWN ***
Mahu2021: shows [Ac 2c] (a flush, Ace high)
Pl4me7: mucks hand 
Mahu2021 collected 336 from pot
*** SUMMARY ***
Total pot 336 | Rake 0 
Board [5s 4d Tc 5c Kc]
Seat 1: Pl4me7 (small blind) mucked [Td 6d]
Seat 2: Mahu2021 (big blind) showed [Ac 2c] and won (336) with a flush, Ace high
Seat 3: skalle43 (button) folded before Flop (didn't bet)



PokerStars Hand #248246607900: Tournament #3700439479, $1.84+$0.16 USD Hold'em No Limit - Level II (15/30) - 2024/01/13 15:39:03 CET [2024/01/13 9:39:03 ET]
Table '3700439479 1' 3-max Seat #1 is the button
Seat 1: Pl4me7 (272 in chips) 
Seat 2: Mahu2021 (658 in chips) 
Seat 3: skalle43 (570 in chips) 
Mahu2021: posts small blind 15
skalle43: posts big blind 30
*** HOLE CARDS ***
Dealt to Mahu2021 [9s Qs]
Pl4me7: raises 30 to 60
Mahu2021: calls 45
skalle43: folds 
*** FLOP *** [Jh 2c Kd]
Mahu2021: checks 
Pl4me7: bets 45
Mahu2021: calls 45
*** TURN *** [Jh 2c Kd] [7h]
Mahu2021: checks 
Pl4me7: checks 
*** RIVER *** [Jh 2c Kd 7h] [Ac]
Mahu2021: bets 60
Pl4me7: folds 
Uncalled bet (60) returned to Mahu2021
Mahu2021 collected 240 from pot
Mahu2021: doesn't show hand 
*** SUMMARY ***
Total pot 240 | Rake 0 
Board [Jh 2c Kd 7h Ac]
Seat 1: Pl4me7 (button) folded on the River
Seat 2: Mahu2021 (small blind) collected (240)
Seat 3: skalle43 (big blind) folded before Flop



PokerStars Hand #248246612526: Tournament #3700439479, $1.84+$0.16 USD Hold'em No Limit - Level II (15/30) - 2024/01/13 15:39:21 CET [2024/01/13 9:39:21 ET]
Table '3700439479 1' 3-max Seat #2 is the button
Seat 1: Pl4me7 (167 in chips) 
Seat 2: Mahu2021 (793 in chips) 
Seat 3: skalle43 (540 in chips) 
skalle43: posts small blind 15
Pl4me7: posts big blind 30
*** HOLE CARDS ***
Dealt to Mahu2021 [Kh Qs]
Mahu2021: raises 30 to 60
skalle43: calls 45
Pl4me7: folds 
*** FLOP *** [8h Jd 8c]
skalle43: bets 30
Mahu2021: calls 30
*** TURN *** [8h Jd 8c] [Kc]
skalle43: checks 
Mahu2021: bets 60
skalle43: calls 60
*** RIVER *** [8h Jd 8c Kc] [4c]
skalle43: checks 
Mahu2021: checks 
*** SHOW DOWN ***
skalle43: shows [Th Qc] (a pair of Eights)
Mahu2021: shows [Kh Qs] (two pair, Kings and Eights)
Mahu2021 collected 330 from pot
*** SUMMARY ***
Total pot 330 | Rake 0 
Board [8h Jd 8c Kc 4c]
Seat 1: Pl4me7 (big blind) folded before Flop
Seat 2: Mahu2021 (button) showed [Kh Qs] and won (330) with two pair, Kings and Eights
Seat 3: skalle43 (small blind) showed [Th Qc] and lost with a pair of Eights



PokerStars Hand #248246620756: Tournament #3700439479, $1.84+$0.16 USD Hold'em No Limit - Level II (15/30) - 2024/01/13 15:39:53 CET [2024/01/13 9:39:53 ET]
Table '3700439479 1' 3-max Seat #3 is the button
Seat 1: Pl4me7 (137 in chips) 
Seat 2: Mahu2021 (973 in chips) 
Seat 3: skalle43 (390 in chips) 
Pl4me7: posts small blind 15
Mahu2021: posts big blind 30
*** HOLE CARDS ***
Dealt to Mahu2021 [8h 2h]
skalle43: calls 30
Pl4me7: folds 
Mahu2021: checks 
*** FLOP *** [2s As Ah]
Mahu2021: checks 
skalle43: checks 
*** TURN *** [2s As Ah] [Qh]
Mahu2021: checks 
skalle43: checks 
*** RIVER *** [2s As Ah Qh] [9c]
Mahu2021: bets 30
skalle43: raises 30 to 60
Mahu2021: calls 30
*** SHOW DOWN ***
skalle43: shows [Ts Ac] (three of a kind, Aces)
Mahu2021: mucks hand 
skalle43 collected 195 from pot
*** SUMMARY ***
Total pot 195 | Rake 0 
Board [2s As Ah Qh 9c]
Seat 1: Pl4me7 (small blind) folded before Flop
Seat 2: Mahu2021 (big blind) mucked [8h 2h]
Seat 3: skalle43 (button) showed [Ts Ac] and won (195) with three of a kind, Aces



PokerStars Hand #248246625145: Tournament #3700439479, $1.84+$0.16 USD Hold'em No Limit - Level II (15/30) - 2024/01/13 15:40:10 CET [2024/01/13 9:40:10 ET]
Table '3700439479 1' 3-max Seat #1 is the button
Seat 1: Pl4me7 (122 in chips) 
Seat 2: Mahu2021 (883 in chips) 
Seat 3: skalle43 (495 in chips) 
Mahu2021: posts small blind 15
skalle43: posts big blind 30
*** HOLE CARDS ***
Dealt to Mahu2021 [7c 6s]
Pl4me7: folds 
Mahu2021: calls 15
skalle43: checks 
*** FLOP *** [9c 3h 7s]
Mahu2021: bets 30
skalle43: calls 30
*** TURN *** [9c 3h 7s] [5d]
Mahu2021: bets 30
skalle43: calls 30
*** RIVER *** [9c 3h 7s 5d] [5s]
Mahu2021: bets 30
skalle43: folds 
Uncalled bet (30) returned to Mahu2021
Mahu2021 collected 180 from pot
Mahu2021: doesn't show hand 
*** SUMMARY ***
Total pot 180 | Rake 0 
Board [9c 3h 7s 5d 5s]
Seat 1: Pl4me7 (button) folded before Flop (didn't bet)
Seat 2: Mahu2021 (small blind) collected (180)
Seat 3: skalle43 (big blind) folded on the River



PokerStars Hand #248246630656: Tournament #3700439479, $1.84+$0.16 USD Hold'em No Limit - Level III (20/40) - 2024/01/13 15:40:31 CET [2024/01/13 9:40:31 ET]
Table '3700439479 1' 3-max Seat #2 is the button
Seat 1: Pl4me7 (122 in chips) 
Seat 2: Mahu2021 (973 in chips) 
Seat 3: skalle43 (405 in chips) 
skalle43: posts small blind 20
Pl4me7: posts big blind 40
*** HOLE CARDS ***
Dealt to Mahu2021 [Qc Qh]
Mahu2021: raises 40 to 80
skalle43: folds 
Pl4me7: raises 42 to 122 and is all-in
Mahu2021: calls 42
*** FLOP *** [4h 2d 8s]
*** TURN *** [4h 2d 8s] [3s]
*** RIVER *** [4h 2d 8s 3s] [Th]
*** SHOW DOWN ***
Pl4me7: shows [4d As] (a pair of Fours)
Mahu2021: shows [Qc Qh] (a pair of Queens)
Mahu2021 collected 264 from pot
Pl4me7 finished the tournament in 3rd place
*** SUMMARY ***
Total pot 264 | Rake 0 
Board [4h 2d 8s 3s Th]
Seat 1: Pl4me7 (big blind) showed [4d As] and lost with a pair of Fours
Seat 2: Mahu2021 (button) showed [Qc Qh] and won (264) with a pair of Queens
Seat 3: skalle43 (small blind) folded before Flop



PokerStars Hand #248246635734: Tournament #3700439479, $1.84+$0.16 USD Hold'em No Limit - Level III (20/40) - 2024/01/13 15:40:50 CET [2024/01/13 9:40:50 ET]
Table '3700439479 1' 3-max Seat #3 is the button
Seat 2: Mahu2021 (1115 in chips) 
Seat 3: skalle43 (385 in chips) 
skalle43: posts small blind 20
Mahu2021: posts big blind 40
*** HOLE CARDS ***
Dealt to Mahu2021 [Ks 4d]
skalle43: raises 40 to 80
Mahu2021: calls 40
*** FLOP *** [4c Qc Qs]
Mahu2021: checks 
skalle43: bets 305 and is all-in
Mahu2021: calls 305
*** TURN *** [4c Qc Qs] [7c]
*** RIVER *** [4c Qc Qs 7c] [Tc]
*** SHOW DOWN ***
Mahu2021: shows [Ks 4d] (two pair, Queens and Fours)
skalle43: shows [3h 7d] (two pair, Queens and Sevens)
skalle43 collected 770 from pot
*** SUMMARY ***
Total pot 770 | Rake 0 
Board [4c Qc Qs 7c Tc]
Seat 2: Mahu2021 (big blind) showed [Ks 4d] and lost with two pair, Queens and Fours
Seat 3: skalle43 (button) (small blind) showed [3h 7d] and won (770) with two pair, Queens and Sevens



PokerStars Hand #248246640240: Tournament #3700439479, $1.84+$0.16 USD Hold'em No Limit - Level III (20/40) - 2024/01/13 15:41:08 CET [2024/01/13 9:41:08 ET]
Table '3700439479 1' 3-max Seat #2 is the button
Seat 2: Mahu2021 (730 in chips) 
Seat 3: skalle43 (770 in chips) 
Mahu2021: posts small blind 20
skalle43: posts big blind 40
*** HOLE CARDS ***
Dealt to Mahu2021 [Kd 5d]
Mahu2021: raises 40 to 80
skalle43: calls 40
*** FLOP *** [2s 5s Kc]
skalle43: checks 
Mahu2021: bets 40
skalle43: raises 650 to 690 and is all-in
Mahu2021: calls 610 and is all-in
Uncalled bet (40) returned to skalle43
*** TURN *** [2s 5s Kc] [2d]
*** RIVER *** [2s 5s Kc 2d] [2h]
*** SHOW DOWN ***
skalle43: shows [Kh 6c] (a full house, Deuces full of Kings)
Mahu2021: shows [Kd 5d] (a full house, Deuces full of Kings)
skalle43 collected 730 from pot
Mahu2021 collected 730 from pot
*** SUMMARY ***
Total pot 1460 | Rake 0 
Board [2s 5s Kc 2d 2h]
Seat 2: Mahu2021 (button) (small blind) showed [Kd 5d] and won (730) with a full house, Deuces full of Kings
Seat 3: skalle43 (big blind) showed [Kh 6c] and won (730) with a full house, Deuces full of Kings



PokerStars Hand #248246645728: Tournament #3700439479, $1.84+$0.16 USD Hold'em No Limit - Level III (20/40) - 2024/01/13 15:41:29 CET [2024/01/13 9:41:29 ET]
Table '3700439479 1' 3-max Seat #3 is the button
Seat 2: Mahu2021 (730 in chips) 
Seat 3: skalle43 (770 in chips) 
skalle43: posts small blind 20
Mahu2021: posts big blind 40
*** HOLE CARDS ***
Dealt to Mahu2021 [3d 3s]
skalle43: calls 20
Mahu2021: raises 690 to 730 and is all-in
skalle43: folds 
Uncalled bet (690) returned to Mahu2021
Mahu2021 collected 80 from pot
Mahu2021: doesn't show hand 
*** SUMMARY ***
Total pot 80 | Rake 0 
Seat 2: Mahu2021 (big blind) collected (80)
Seat 3: skalle43 (button) (small blind) folded before Flop



PokerStars Hand #248246647915: Tournament #3700439479, $1.84+$0.16 USD Hold'em No Limit - Level III (20/40) - 2024/01/13 15:41:38 CET [2024/01/13 9:41:38 ET]
Table '3700439479 1' 3-max Seat #2 is the button
Seat 2: Mahu2021 (770 in chips) 
Seat 3: skalle43 (730 in chips) 
Mahu2021: posts small blind 20
skalle43: posts big blind 40
*** HOLE CARDS ***
Dealt to Mahu2021 [4h Qc]
Mahu2021: folds 
Uncalled bet (20) returned to skalle43
skalle43 collected 40 from pot
skalle43: doesn't show hand 
*** SUMMARY ***
Total pot 40 | Rake 0 
Seat 2: Mahu2021 (button) (small blind) folded before Flop
Seat 3: skalle43 (big blind) collected (40)



PokerStars Hand #248246649067: Tournament #3700439479, $1.84+$0.16 USD Hold'em No Limit - Level III (20/40) - 2024/01/13 15:41:42 CET [2024/01/13 9:41:42 ET]
Table '3700439479 1' 3-max Seat #3 is the button
Seat 2: Mahu2021 (750 in chips) 
Seat 3: skalle43 (750 in chips) 
skalle43: posts small blind 20
Mahu2021: posts big blind 40
*** HOLE CARDS ***
Dealt to Mahu2021 [4s Ks]
skalle43: raises 40 to 80
Mahu2021: calls 40
*** FLOP *** [Kd 2s Ah]
Mahu2021: checks 
skalle43: bets 80
Mahu2021: calls 80
*** TURN *** [Kd 2s Ah] [7s]
Mahu2021: checks 
skalle43: bets 200
Mahu2021: raises 390 to 590 and is all-in
skalle43: calls 390 and is all-in
*** RIVER *** [Kd 2s Ah 7s] [3c]
*** SHOW DOWN ***
Mahu2021: shows [4s Ks] (a pair of Kings)
skalle43: shows [Kh 4c] (a pair of Kings)
Mahu2021 collected 750 from pot
skalle43 collected 750 from pot
*** SUMMARY ***
Total pot 1500 | Rake 0 
Board [Kd 2s Ah 7s 3c]
Seat 2: Mahu2021 (big blind) showed [4s Ks] and won (750) with a pair of Kings
Seat 3: skalle43 (button) (small blind) showed [Kh 4c] and won (750) with a pair of Kings



PokerStars Hand #248246654431: Tournament #3700439479, $1.84+$0.16 USD Hold'em No Limit - Level III (20/40) - 2024/01/13 15:42:03 CET [2024/01/13 9:42:03 ET]
Table '3700439479 1' 3-max Seat #2 is the button
Seat 2: Mahu2021 (750 in chips) 
Seat 3: skalle43 (750 in chips) 
Mahu2021: posts small blind 20
skalle43: posts big blind 40
*** HOLE CARDS ***
Dealt to Mahu2021 [8h 4d]
Mahu2021: folds 
Uncalled bet (20) returned to skalle43
skalle43 collected 40 from pot
skalle43: doesn't show hand 
*** SUMMARY ***
Total pot 40 | Rake 0 
Seat 2: Mahu2021 (button) (small blind) folded before Flop
Seat 3: skalle43 (big blind) collected (40)



PokerStars Hand #248246655536: Tournament #3700439479, $1.84+$0.16 USD Hold'em No Limit - Level III (20/40) - 2024/01/13 15:42:07 CET [2024/01/13 9:42:07 ET]
Table '3700439479 1' 3-max Seat #3 is the button
Seat 2: Mahu2021 (730 in chips) 
Seat 3: skalle43 (770 in chips) 
skalle43: posts small blind 20
Mahu2021: posts big blind 40
*** HOLE CARDS ***
Dealt to Mahu2021 [2h 4s]
skalle43: raises 40 to 80
Mahu2021: folds 
Uncalled bet (40) returned to skalle43
skalle43 collected 80 from pot
skalle43: doesn't show hand 
*** SUMMARY ***
Total pot 80 | Rake 0 
Seat 2: Mahu2021 (big blind) folded before Flop
Seat 3: skalle43 (button) (small blind) collected (80)



PokerStars Hand #248246656850: Tournament #3700439479, $1.84+$0.16 USD Hold'em No Limit - Level III (20/40) - 2024/01/13 15:42:12 CET [2024/01/13 9:42:12 ET]
Table '3700439479 1' 3-max Seat #2 is the button
Seat 2: Mahu2021 (690 in chips) 
Seat 3: skalle43 (810 in chips) 
Mahu2021: posts small blind 20
skalle43: posts big blind 40
*** HOLE CARDS ***
Dealt to Mahu2021 [Qd 5d]
Mahu2021: calls 20
skalle43: checks 
*** FLOP *** [3d 7c Th]
skalle43: checks 
Mahu2021: checks 
*** TURN *** [3d 7c Th] [Tc]
skalle43: checks 
Mahu2021: checks 
*** RIVER *** [3d 7c Th Tc] [Td]
skalle43: bets 80
Mahu2021: folds 
Uncalled bet (80) returned to skalle43
skalle43 collected 80 from pot
skalle43: doesn't show hand 
*** SUMMARY ***
Total pot 80 | Rake 0 
Board [3d 7c Th Tc Td]
Seat 2: Mahu2021 (button) (small blind) folded on the River
Seat 3: skalle43 (big blind) collected (80)



PokerStars Hand #248246662344: Tournament #3700439479, $1.84+$0.16 USD Hold'em No Limit - Level IV (30/60) - 2024/01/13 15:42:34 CET [2024/01/13 9:42:34 ET]
Table '3700439479 1' 3-max Seat #3 is the button
Seat 2: Mahu2021 (650 in chips) 
Seat 3: skalle43 (850 in chips) 
skalle43: posts small blind 30
Mahu2021: posts big blind 60
*** HOLE CARDS ***
Dealt to Mahu2021 [9h Td]
skalle43: calls 30
Mahu2021: checks 
*** FLOP *** [Qh Tc 8d]
Mahu2021: checks 
skalle43: checks 
*** TURN *** [Qh Tc 8d] [Jh]
Mahu2021: checks 
skalle43: bets 60
Mahu2021: raises 60 to 120
skalle43: raises 240 to 360
Mahu2021: raises 230 to 590 and is all-in
skalle43: calls 230
*** RIVER *** [Qh Tc 8d Jh] [6s]
*** SHOW DOWN ***
Mahu2021: shows [9h Td] (a straight, Eight to Queen)
skalle43: shows [As Kh] (a straight, Ten to Ace)
skalle43 collected 1300 from pot
Mahu2021 finished the tournament in 2nd place
skalle43 wins the tournament and receives $4.00 - congratulations!
*** SUMMARY ***
Total pot 1300 | Rake 0 
Board [Qh Tc 8d Jh 6s]
Seat 2: Mahu2021 (big blind) showed [9h Td] and lost with a straight, Eight to Queen
Seat 3: skalle43 (button) (small blind) showed [As Kh] and won (1300) with a straight, Ten to Ace



