PokerStars Hand #248075568626: Tournament #3696398510, $1.84+$0.16 USD Hold'em No Limit - Level I (10/20) - 2024/01/05 12:07:37 CET [2024/01/05 6:07:37 ET]
Table '3696398510 1' 3-max Seat #1 is the button
Seat 1: Vohndrark (500 in chips) 
Seat 2: Mahu2021 (500 in chips) 
Seat 3: Dota_999 (500 in chips) 
Mahu2021: posts small blind 10
Dota_999: posts big blind 20
*** HOLE CARDS ***
Dealt to Mahu2021 [7s 2h]
Vohndrark: folds 
Mahu2021: folds 
Uncalled bet (10) returned to Dota_999
Dota_999 collected 20 from pot
Dota_999: doesn't show hand 
*** SUMMARY ***
Total pot 20 | Rake 0 
Seat 1: Vohndrark (button) folded before Flop (didn't bet)
Seat 2: Mahu2021 (small blind) folded before Flop
Seat 3: Dota_999 (big blind) collected (20)



PokerStars Hand #248075569528: Tournament #3696398510, $1.84+$0.16 USD Hold'em No Limit - Level I (10/20) - 2024/01/05 12:07:43 CET [2024/01/05 6:07:43 ET]
Table '3696398510 1' 3-max Seat #2 is the button
Seat 1: Vohndrark (500 in chips) 
Seat 2: Mahu2021 (490 in chips) 
Seat 3: Dota_999 (510 in chips) 
Dota_999: posts small blind 10
Vohndrark: posts big blind 20
*** HOLE CARDS ***
Dealt to Mahu2021 [Jc Qs]
Mahu2021: raises 20 to 40
Dota_999: folds 
Vohndrark: folds 
Uncalled bet (20) returned to Mahu2021
Mahu2021 collected 50 from pot
Mahu2021: doesn't show hand 
*** SUMMARY ***
Total pot 50 | Rake 0 
Seat 1: Vohndrark (big blind) folded before Flop
Seat 2: Mahu2021 (button) collected (50)
Seat 3: Dota_999 (small blind) folded before Flop



PokerStars Hand #248075570908: Tournament #3696398510, $1.84+$0.16 USD Hold'em No Limit - Level I (10/20) - 2024/01/05 12:07:52 CET [2024/01/05 6:07:52 ET]
Table '3696398510 1' 3-max Seat #3 is the button
Seat 1: Vohndrark (480 in chips) 
Seat 2: Mahu2021 (520 in chips) 
Seat 3: Dota_999 (500 in chips) 
Vohndrark: posts small blind 10
Mahu2021: posts big blind 20
*** HOLE CARDS ***
Dealt to Mahu2021 [7h Jh]
Dota_999: folds 
Vohndrark: raises 460 to 480 and is all-in
Mahu2021: folds 
Uncalled bet (460) returned to Vohndrark
Vohndrark collected 40 from pot
Vohndrark: doesn't show hand 
*** SUMMARY ***
Total pot 40 | Rake 0 
Seat 1: Vohndrark (small blind) collected (40)
Seat 2: Mahu2021 (big blind) folded before Flop
Seat 3: Dota_999 (button) folded before Flop (didn't bet)



PokerStars Hand #248075572351: Tournament #3696398510, $1.84+$0.16 USD Hold'em No Limit - Level I (10/20) - 2024/01/05 12:08:02 CET [2024/01/05 6:08:02 ET]
Table '3696398510 1' 3-max Seat #1 is the button
Seat 1: Vohndrark (500 in chips) 
Seat 2: Mahu2021 (500 in chips) 
Seat 3: Dota_999 (500 in chips) 
Mahu2021: posts small blind 10
Dota_999: posts big blind 20
*** HOLE CARDS ***
Dealt to Mahu2021 [Qd Ad]
Vohndrark: folds 
Mahu2021: raises 20 to 40
Dota_999: calls 20
*** FLOP *** [5c Kd 6s]
Mahu2021: checks 
Dota_999: checks 
*** TURN *** [5c Kd 6s] [Js]
Mahu2021: checks 
Dota_999: bets 26
Mahu2021: calls 26
*** RIVER *** [5c Kd 6s Js] [4c]
Mahu2021: checks 
Dota_999: checks 
*** SHOW DOWN ***
Mahu2021: shows [Qd Ad] (high card Ace)
Dota_999: shows [5s 3s] (a pair of Fives)
Dota_999 collected 132 from pot
*** SUMMARY ***
Total pot 132 | Rake 0 
Board [5c Kd 6s Js 4c]
Seat 1: Vohndrark (button) folded before Flop (didn't bet)
Seat 2: Mahu2021 (small blind) showed [Qd Ad] and lost with high card Ace
Seat 3: Dota_999 (big blind) showed [5s 3s] and won (132) with a pair of Fives



PokerStars Hand #248075577198: Tournament #3696398510, $1.84+$0.16 USD Hold'em No Limit - Level I (10/20) - 2024/01/05 12:08:33 CET [2024/01/05 6:08:33 ET]
Table '3696398510 1' 3-max Seat #2 is the button
Seat 1: Vohndrark (500 in chips) 
Seat 2: Mahu2021 (434 in chips) 
Seat 3: Dota_999 (566 in chips) 
Dota_999: posts small blind 10
Vohndrark: posts big blind 20
*** HOLE CARDS ***
Dealt to Mahu2021 [Ks 5s]
Mahu2021: calls 20
Dota_999: folds 
Vohndrark: checks 
*** FLOP *** [5d 7d 4d]
Vohndrark: checks 
Mahu2021: bets 20
Vohndrark: folds 
Uncalled bet (20) returned to Mahu2021
Mahu2021 collected 50 from pot
Mahu2021: doesn't show hand 
*** SUMMARY ***
Total pot 50 | Rake 0 
Board [5d 7d 4d]
Seat 1: Vohndrark (big blind) folded on the Flop
Seat 2: Mahu2021 (button) collected (50)
Seat 3: Dota_999 (small blind) folded before Flop



PokerStars Hand #248075579544: Tournament #3696398510, $1.84+$0.16 USD Hold'em No Limit - Level I (10/20) - 2024/01/05 12:08:48 CET [2024/01/05 6:08:48 ET]
Table '3696398510 1' 3-max Seat #3 is the button
Seat 1: Vohndrark (480 in chips) 
Seat 2: Mahu2021 (464 in chips) 
Seat 3: Dota_999 (556 in chips) 
Vohndrark: posts small blind 10
Mahu2021: posts big blind 20
*** HOLE CARDS ***
Dealt to Mahu2021 [6h 5d]
Dota_999: folds 
Vohndrark: folds 
Uncalled bet (10) returned to Mahu2021
Mahu2021 collected 20 from pot
Mahu2021: doesn't show hand 
*** SUMMARY ***
Total pot 20 | Rake 0 
Seat 1: Vohndrark (small blind) folded before Flop
Seat 2: Mahu2021 (big blind) collected (20)
Seat 3: Dota_999 (button) folded before Flop (didn't bet)



PokerStars Hand #248075581765: Tournament #3696398510, $1.84+$0.16 USD Hold'em No Limit - Level I (10/20) - 2024/01/05 12:09:02 CET [2024/01/05 6:09:02 ET]
Table '3696398510 1' 3-max Seat #1 is the button
Seat 1: Vohndrark (470 in chips) 
Seat 2: Mahu2021 (474 in chips) 
Seat 3: Dota_999 (556 in chips) 
Mahu2021: posts small blind 10
Dota_999: posts big blind 20
*** HOLE CARDS ***
Dealt to Mahu2021 [2s Jd]
Vohndrark: folds 
Mahu2021: folds 
Uncalled bet (10) returned to Dota_999
Dota_999 collected 20 from pot
Dota_999: doesn't show hand 
*** SUMMARY ***
Total pot 20 | Rake 0 
Seat 1: Vohndrark (button) folded before Flop (didn't bet)
Seat 2: Mahu2021 (small blind) folded before Flop
Seat 3: Dota_999 (big blind) collected (20)



PokerStars Hand #248075582502: Tournament #3696398510, $1.84+$0.16 USD Hold'em No Limit - Level I (10/20) - 2024/01/05 12:09:06 CET [2024/01/05 6:09:06 ET]
Table '3696398510 1' 3-max Seat #2 is the button
Seat 1: Vohndrark (470 in chips) 
Seat 2: Mahu2021 (464 in chips) 
Seat 3: Dota_999 (566 in chips) 
Dota_999: posts small blind 10
Vohndrark: posts big blind 20
*** HOLE CARDS ***
Dealt to Mahu2021 [3h Kd]
Mahu2021: folds 
Dota_999: folds 
Uncalled bet (10) returned to Vohndrark
Vohndrark collected 20 from pot
Vohndrark: doesn't show hand 
*** SUMMARY ***
Total pot 20 | Rake 0 
Seat 1: Vohndrark (big blind) collected (20)
Seat 2: Mahu2021 (button) folded before Flop (didn't bet)
Seat 3: Dota_999 (small blind) folded before Flop



PokerStars Hand #248075584389: Tournament #3696398510, $1.84+$0.16 USD Hold'em No Limit - Level I (10/20) - 2024/01/05 12:09:18 CET [2024/01/05 6:09:18 ET]
Table '3696398510 1' 3-max Seat #3 is the button
Seat 1: Vohndrark (480 in chips) 
Seat 2: Mahu2021 (464 in chips) 
Seat 3: Dota_999 (556 in chips) 
Vohndrark: posts small blind 10
Mahu2021: posts big blind 20
*** HOLE CARDS ***
Dealt to Mahu2021 [3h Js]
Dota_999: folds 
Vohndrark: folds 
Uncalled bet (10) returned to Mahu2021
Mahu2021 collected 20 from pot
Mahu2021: doesn't show hand 
*** SUMMARY ***
Total pot 20 | Rake 0 
Seat 1: Vohndrark (small blind) folded before Flop
Seat 2: Mahu2021 (big blind) collected (20)
Seat 3: Dota_999 (button) folded before Flop (didn't bet)



PokerStars Hand #248075585703: Tournament #3696398510, $1.84+$0.16 USD Hold'em No Limit - Level I (10/20) - 2024/01/05 12:09:26 CET [2024/01/05 6:09:26 ET]
Table '3696398510 1' 3-max Seat #1 is the button
Seat 1: Vohndrark (470 in chips) 
Seat 2: Mahu2021 (474 in chips) 
Seat 3: Dota_999 (556 in chips) 
Mahu2021: posts small blind 10
Dota_999: posts big blind 20
*** HOLE CARDS ***
Dealt to Mahu2021 [Jh Kd]
Vohndrark: folds 
Mahu2021: raises 20 to 40
Dota_999: calls 20
*** FLOP *** [As 5s 3c]
Mahu2021: checks 
Dota_999: checks 
*** TURN *** [As 5s 3c] [6d]
Mahu2021: checks 
Dota_999: bets 52
Mahu2021: folds 
Uncalled bet (52) returned to Dota_999
Dota_999 collected 80 from pot
Dota_999: doesn't show hand 
*** SUMMARY ***
Total pot 80 | Rake 0 
Board [As 5s 3c 6d]
Seat 1: Vohndrark (button) folded before Flop (didn't bet)
Seat 2: Mahu2021 (small blind) folded on the Turn
Seat 3: Dota_999 (big blind) collected (80)



PokerStars Hand #248075589978: Tournament #3696398510, $1.84+$0.16 USD Hold'em No Limit - Level II (15/30) - 2024/01/05 12:09:53 CET [2024/01/05 6:09:53 ET]
Table '3696398510 1' 3-max Seat #2 is the button
Seat 1: Vohndrark (470 in chips) 
Seat 2: Mahu2021 (434 in chips) 
Seat 3: Dota_999 (596 in chips) 
Dota_999: posts small blind 15
Vohndrark: posts big blind 30
*** HOLE CARDS ***
Dealt to Mahu2021 [8d 3s]
Mahu2021: folds 
Dota_999: calls 15
Vohndrark: checks 
*** FLOP *** [Qh 9c 9h]
Dota_999: checks 
Vohndrark: checks 
*** TURN *** [Qh 9c 9h] [Qd]
Dota_999: checks 
Vohndrark: checks 
*** RIVER *** [Qh 9c 9h Qd] [8c]
Dota_999: checks 
Vohndrark: checks 
*** SHOW DOWN ***
Dota_999: shows [2c Kd] (two pair, Queens and Nines)
Vohndrark: mucks hand 
Dota_999 collected 60 from pot
*** SUMMARY ***
Total pot 60 | Rake 0 
Board [Qh 9c 9h Qd 8c]
Seat 1: Vohndrark (big blind) mucked [5d 2s]
Seat 2: Mahu2021 (button) folded before Flop (didn't bet)
Seat 3: Dota_999 (small blind) showed [2c Kd] and won (60) with two pair, Queens and Nines



PokerStars Hand #248075594183: Tournament #3696398510, $1.84+$0.16 USD Hold'em No Limit - Level II (15/30) - 2024/01/05 12:10:20 CET [2024/01/05 6:10:20 ET]
Table '3696398510 1' 3-max Seat #3 is the button
Seat 1: Vohndrark (440 in chips) 
Seat 2: Mahu2021 (434 in chips) 
Seat 3: Dota_999 (626 in chips) 
Vohndrark: posts small blind 15
Mahu2021: posts big blind 30
*** HOLE CARDS ***
Dealt to Mahu2021 [4d Qs]
Dota_999: folds 
Vohndrark: raises 410 to 440 and is all-in
Mahu2021: folds 
Uncalled bet (410) returned to Vohndrark
Vohndrark collected 60 from pot
Vohndrark: doesn't show hand 
*** SUMMARY ***
Total pot 60 | Rake 0 
Seat 1: Vohndrark (small blind) collected (60)
Seat 2: Mahu2021 (big blind) folded before Flop
Seat 3: Dota_999 (button) folded before Flop (didn't bet)



PokerStars Hand #248075595863: Tournament #3696398510, $1.84+$0.16 USD Hold'em No Limit - Level II (15/30) - 2024/01/05 12:10:31 CET [2024/01/05 6:10:31 ET]
Table '3696398510 1' 3-max Seat #1 is the button
Seat 1: Vohndrark (470 in chips) 
Seat 2: Mahu2021 (404 in chips) 
Seat 3: Dota_999 (626 in chips) 
Mahu2021: posts small blind 15
Dota_999: posts big blind 30
*** HOLE CARDS ***
Dealt to Mahu2021 [Ac 9s]
Vohndrark: folds 
Mahu2021: raises 30 to 60
Dota_999: raises 138 to 198
Mahu2021: folds 
Uncalled bet (138) returned to Dota_999
Dota_999 collected 120 from pot
Dota_999: doesn't show hand 
*** SUMMARY ***
Total pot 120 | Rake 0 
Seat 1: Vohndrark (button) folded before Flop (didn't bet)
Seat 2: Mahu2021 (small blind) folded before Flop
Seat 3: Dota_999 (big blind) collected (120)



PokerStars Hand #248075597960: Tournament #3696398510, $1.84+$0.16 USD Hold'em No Limit - Level II (15/30) - 2024/01/05 12:10:44 CET [2024/01/05 6:10:44 ET]
Table '3696398510 1' 3-max Seat #2 is the button
Seat 1: Vohndrark (470 in chips) 
Seat 2: Mahu2021 (344 in chips) 
Seat 3: Dota_999 (686 in chips) 
Dota_999: posts small blind 15
Vohndrark: posts big blind 30
*** HOLE CARDS ***
Dealt to Mahu2021 [Jh 3c]
Mahu2021: folds 
Dota_999: calls 15
Vohndrark: checks 
*** FLOP *** [4s 8h 8c]
Dota_999: checks 
Vohndrark: checks 
*** TURN *** [4s 8h 8c] [Kh]
Dota_999: checks 
Vohndrark: checks 
*** RIVER *** [4s 8h 8c Kh] [5h]
Dota_999: checks 
Vohndrark: checks 
*** SHOW DOWN ***
Dota_999: shows [5d Td] (two pair, Eights and Fives)
Vohndrark: mucks hand 
Dota_999 collected 60 from pot
*** SUMMARY ***
Total pot 60 | Rake 0 
Board [4s 8h 8c Kh 5h]
Seat 1: Vohndrark (big blind) mucked [7d Th]
Seat 2: Mahu2021 (button) folded before Flop (didn't bet)
Seat 3: Dota_999 (small blind) showed [5d Td] and won (60) with two pair, Eights and Fives



PokerStars Hand #248075602558: Tournament #3696398510, $1.84+$0.16 USD Hold'em No Limit - Level II (15/30) - 2024/01/05 12:11:13 CET [2024/01/05 6:11:13 ET]
Table '3696398510 1' 3-max Seat #3 is the button
Seat 1: Vohndrark (440 in chips) 
Seat 2: Mahu2021 (344 in chips) 
Seat 3: Dota_999 (716 in chips) 
Vohndrark: posts small blind 15
Mahu2021: posts big blind 30
*** HOLE CARDS ***
Dealt to Mahu2021 [7d 4c]
Dota_999: folds 
Vohndrark: folds 
Uncalled bet (15) returned to Mahu2021
Mahu2021 collected 30 from pot
Mahu2021: doesn't show hand 
*** SUMMARY ***
Total pot 30 | Rake 0 
Seat 1: Vohndrark (small blind) folded before Flop
Seat 2: Mahu2021 (big blind) collected (30)
Seat 3: Dota_999 (button) folded before Flop (didn't bet)



PokerStars Hand #248075603527: Tournament #3696398510, $1.84+$0.16 USD Hold'em No Limit - Level II (15/30) - 2024/01/05 12:11:19 CET [2024/01/05 6:11:19 ET]
Table '3696398510 1' 3-max Seat #1 is the button
Seat 1: Vohndrark (425 in chips) 
Seat 2: Mahu2021 (359 in chips) 
Seat 3: Dota_999 (716 in chips) 
Mahu2021: posts small blind 15
Dota_999: posts big blind 30
*** HOLE CARDS ***
Dealt to Mahu2021 [5c 7c]
Vohndrark: raises 395 to 425 and is all-in
Mahu2021: folds 
Dota_999: folds 
Uncalled bet (395) returned to Vohndrark
Vohndrark collected 75 from pot
Vohndrark: doesn't show hand 
*** SUMMARY ***
Total pot 75 | Rake 0 
Seat 1: Vohndrark (button) collected (75)
Seat 2: Mahu2021 (small blind) folded before Flop
Seat 3: Dota_999 (big blind) folded before Flop



PokerStars Hand #248075605056: Tournament #3696398510, $1.84+$0.16 USD Hold'em No Limit - Level II (15/30) - 2024/01/05 12:11:28 CET [2024/01/05 6:11:28 ET]
Table '3696398510 1' 3-max Seat #2 is the button
Seat 1: Vohndrark (470 in chips) 
Seat 2: Mahu2021 (344 in chips) 
Seat 3: Dota_999 (686 in chips) 
Dota_999: posts small blind 15
Vohndrark: posts big blind 30
*** HOLE CARDS ***
Dealt to Mahu2021 [4h 8c]
Mahu2021: folds 
Dota_999: folds 
Uncalled bet (15) returned to Vohndrark
Vohndrark collected 30 from pot
Vohndrark: doesn't show hand 
*** SUMMARY ***
Total pot 30 | Rake 0 
Seat 1: Vohndrark (big blind) collected (30)
Seat 2: Mahu2021 (button) folded before Flop (didn't bet)
Seat 3: Dota_999 (small blind) folded before Flop



PokerStars Hand #248075605758: Tournament #3696398510, $1.84+$0.16 USD Hold'em No Limit - Level II (15/30) - 2024/01/05 12:11:33 CET [2024/01/05 6:11:33 ET]
Table '3696398510 1' 3-max Seat #3 is the button
Seat 1: Vohndrark (485 in chips) 
Seat 2: Mahu2021 (344 in chips) 
Seat 3: Dota_999 (671 in chips) 
Vohndrark: posts small blind 15
Mahu2021: posts big blind 30
*** HOLE CARDS ***
Dealt to Mahu2021 [Kd 5d]
Dota_999: folds 
Vohndrark: raises 455 to 485 and is all-in
Mahu2021: folds 
Uncalled bet (455) returned to Vohndrark
Vohndrark collected 60 from pot
Vohndrark: doesn't show hand 
*** SUMMARY ***
Total pot 60 | Rake 0 
Seat 1: Vohndrark (small blind) collected (60)
Seat 2: Mahu2021 (big blind) folded before Flop
Seat 3: Dota_999 (button) folded before Flop (didn't bet)



PokerStars Hand #248075607592: Tournament #3696398510, $1.84+$0.16 USD Hold'em No Limit - Level III (20/40) - 2024/01/05 12:11:45 CET [2024/01/05 6:11:45 ET]
Table '3696398510 1' 3-max Seat #1 is the button
Seat 1: Vohndrark (515 in chips) 
Seat 2: Mahu2021 (314 in chips) 
Seat 3: Dota_999 (671 in chips) 
Mahu2021: posts small blind 20
Dota_999: posts big blind 40
*** HOLE CARDS ***
Dealt to Mahu2021 [9c Js]
Vohndrark: raises 475 to 515 and is all-in
Mahu2021: folds 
Dota_999: calls 475
*** FLOP *** [Ks 9d 5s]
*** TURN *** [Ks 9d 5s] [Kd]
*** RIVER *** [Ks 9d 5s Kd] [4s]
*** SHOW DOWN ***
Dota_999: shows [6c Ad] (a pair of Kings)
Vohndrark: shows [5h 5d] (a full house, Fives full of Kings)
Vohndrark collected 1050 from pot
*** SUMMARY ***
Total pot 1050 | Rake 0 
Board [Ks 9d 5s Kd 4s]
Seat 1: Vohndrark (button) showed [5h 5d] and won (1050) with a full house, Fives full of Kings
Seat 2: Mahu2021 (small blind) folded before Flop
Seat 3: Dota_999 (big blind) showed [6c Ad] and lost with a pair of Kings



PokerStars Hand #248075610322: Tournament #3696398510, $1.84+$0.16 USD Hold'em No Limit - Level III (20/40) - 2024/01/05 12:12:02 CET [2024/01/05 6:12:02 ET]
Table '3696398510 1' 3-max Seat #2 is the button
Seat 1: Vohndrark (1050 in chips) 
Seat 2: Mahu2021 (294 in chips) 
Seat 3: Dota_999 (156 in chips) 
Dota_999: posts small blind 20
Vohndrark: posts big blind 40
*** HOLE CARDS ***
Dealt to Mahu2021 [Kd 5s]
Mahu2021: folds 
Dota_999: raises 116 to 156 and is all-in
Vohndrark: folds 
Uncalled bet (116) returned to Dota_999
Dota_999 collected 80 from pot
Dota_999: doesn't show hand 
*** SUMMARY ***
Total pot 80 | Rake 0 
Seat 1: Vohndrark (big blind) folded before Flop
Seat 2: Mahu2021 (button) folded before Flop (didn't bet)
Seat 3: Dota_999 (small blind) collected (80)



PokerStars Hand #248075611723: Tournament #3696398510, $1.84+$0.16 USD Hold'em No Limit - Level III (20/40) - 2024/01/05 12:12:10 CET [2024/01/05 6:12:10 ET]
Table '3696398510 1' 3-max Seat #3 is the button
Seat 1: Vohndrark (1010 in chips) 
Seat 2: Mahu2021 (294 in chips) 
Seat 3: Dota_999 (196 in chips) 
Vohndrark: posts small blind 20
Mahu2021: posts big blind 40
*** HOLE CARDS ***
Dealt to Mahu2021 [3s As]
Dota_999: raises 156 to 196 and is all-in
Vohndrark: folds 
Mahu2021: calls 156
*** FLOP *** [Kc 7h 9c]
*** TURN *** [Kc 7h 9c] [Js]
*** RIVER *** [Kc 7h 9c Js] [Jh]
*** SHOW DOWN ***
Mahu2021: shows [3s As] (a pair of Jacks)
Dota_999: shows [Jd Kh] (a full house, Jacks full of Kings)
Dota_999 collected 412 from pot
*** SUMMARY ***
Total pot 412 | Rake 0 
Board [Kc 7h 9c Js Jh]
Seat 1: Vohndrark (small blind) folded before Flop
Seat 2: Mahu2021 (big blind) showed [3s As] and lost with a pair of Jacks
Seat 3: Dota_999 (button) showed [Jd Kh] and won (412) with a full house, Jacks full of Kings



PokerStars Hand #248075615055: Tournament #3696398510, $1.84+$0.16 USD Hold'em No Limit - Level III (20/40) - 2024/01/05 12:12:31 CET [2024/01/05 6:12:31 ET]
Table '3696398510 1' 3-max Seat #1 is the button
Seat 1: Vohndrark (990 in chips) 
Seat 2: Mahu2021 (98 in chips) 
Seat 3: Dota_999 (412 in chips) 
Mahu2021: posts small blind 20
Dota_999: posts big blind 40
*** HOLE CARDS ***
Dealt to Mahu2021 [Th 9c]
Vohndrark: folds 
Mahu2021: raises 58 to 98 and is all-in
Dota_999: calls 58
*** FLOP *** [3d 2c 3h]
*** TURN *** [3d 2c 3h] [5c]
*** RIVER *** [3d 2c 3h 5c] [7s]
*** SHOW DOWN ***
Mahu2021: shows [Th 9c] (a pair of Threes)
Dota_999: shows [7h 2d] (two pair, Sevens and Threes)
Dota_999 collected 196 from pot
Mahu2021 finished the tournament in 3rd place
*** SUMMARY ***
Total pot 196 | Rake 0 
Board [3d 2c 3h 5c 7s]
Seat 1: Vohndrark (button) folded before Flop (didn't bet)
Seat 2: Mahu2021 (small blind) showed [Th 9c] and lost with a pair of Threes
Seat 3: Dota_999 (big blind) showed [7h 2d] and won (196) with two pair, Sevens and Threes



