PokerStars Hand #248541267325: Tournament #3707867583, $1.84+$0.16 USD Hold'em No Limit - Level I (10/20) - 2024/01/28 10:53:48 CET [2024/01/28 4:53:48 ET]
Table '3707867583 1' 3-max Seat #1 is the button
Seat 1: Awaszka (500 in chips) 
Seat 2: Mahu2021 (500 in chips) 
Seat 3: Korol A.B. (500 in chips) 
Mahu2021: posts small blind 10
Korol A.B.: posts big blind 20
*** HOLE CARDS ***
Dealt to Mahu2021 [9s 5h]
Awaszka: raises 40 to 60
Mahu2021: folds 
Korol A.B.: folds 
Uncalled bet (40) returned to Awaszka
Awaszka collected 50 from pot
*** SUMMARY ***
Total pot 50 | Rake 0 
Seat 1: Awaszka (button) collected (50)
Seat 2: Mahu2021 (small blind) folded before Flop
Seat 3: Korol A.B. (big blind) folded before Flop



PokerStars Hand #248541268290: Tournament #3707867583, $1.84+$0.16 USD Hold'em No Limit - Level I (10/20) - 2024/01/28 10:53:55 CET [2024/01/28 4:53:55 ET]
Table '3707867583 1' 3-max Seat #2 is the button
Seat 1: Awaszka (530 in chips) 
Seat 2: Mahu2021 (490 in chips) 
Seat 3: Korol A.B. (480 in chips) 
Korol A.B.: posts small blind 10
Awaszka: posts big blind 20
*** HOLE CARDS ***
Dealt to Mahu2021 [5c 3d]
Mahu2021: folds 
Korol A.B.: calls 10
Awaszka: checks 
*** FLOP *** [4s 6c 7h]
Korol A.B.: bets 20
Awaszka: calls 20
*** TURN *** [4s 6c 7h] [As]
Korol A.B.: bets 40
Awaszka: calls 40
*** RIVER *** [4s 6c 7h As] [8s]
Korol A.B.: checks 
Awaszka: checks 
*** SHOW DOWN ***
Korol A.B.: shows [Jd 7s] (a pair of Sevens)
Awaszka: shows [Kh 8c] (a pair of Eights)
Awaszka collected 160 from pot
*** SUMMARY ***
Total pot 160 | Rake 0 
Board [4s 6c 7h As 8s]
Seat 1: Awaszka (big blind) showed [Kh 8c] and won (160) with a pair of Eights
Seat 2: Mahu2021 (button) folded before Flop (didn't bet)
Seat 3: Korol A.B. (small blind) showed [Jd 7s] and lost with a pair of Sevens



PokerStars Hand #248541270784: Tournament #3707867583, $1.84+$0.16 USD Hold'em No Limit - Level I (10/20) - 2024/01/28 10:54:13 CET [2024/01/28 4:54:13 ET]
Table '3707867583 1' 3-max Seat #3 is the button
Seat 1: Awaszka (610 in chips) 
Seat 2: Mahu2021 (490 in chips) 
Seat 3: Korol A.B. (400 in chips) 
Awaszka: posts small blind 10
Mahu2021: posts big blind 20
*** HOLE CARDS ***
Dealt to Mahu2021 [Qd 2d]
Korol A.B.: raises 20 to 40
Awaszka: calls 30
Mahu2021: calls 20
*** FLOP *** [Qc 6h 7h]
Awaszka: checks 
Mahu2021: bets 40
Korol A.B.: calls 40
Awaszka: folds 
*** TURN *** [Qc 6h 7h] [9h]
Mahu2021: checks 
Korol A.B.: checks 
*** RIVER *** [Qc 6h 7h 9h] [Ad]
Mahu2021: checks 
Korol A.B.: bets 200
Mahu2021: folds 
Uncalled bet (200) returned to Korol A.B.
Korol A.B. collected 200 from pot
*** SUMMARY ***
Total pot 200 | Rake 0 
Board [Qc 6h 7h 9h Ad]
Seat 1: Awaszka (small blind) folded on the Flop
Seat 2: Mahu2021 (big blind) folded on the River
Seat 3: Korol A.B. (button) collected (200)



PokerStars Hand #248541274283: Tournament #3707867583, $1.84+$0.16 USD Hold'em No Limit - Level I (10/20) - 2024/01/28 10:54:38 CET [2024/01/28 4:54:38 ET]
Table '3707867583 1' 3-max Seat #1 is the button
Seat 1: Awaszka (570 in chips) 
Seat 2: Mahu2021 (410 in chips) 
Seat 3: Korol A.B. (520 in chips) 
Mahu2021: posts small blind 10
Korol A.B.: posts big blind 20
*** HOLE CARDS ***
Dealt to Mahu2021 [5s 5d]
Awaszka: calls 20
Mahu2021: calls 10
Korol A.B.: checks 
*** FLOP *** [8d Td Kc]
Mahu2021: checks 
Korol A.B.: bets 20
Awaszka: calls 20
Mahu2021: folds 
*** TURN *** [8d Td Kc] [Jc]
Korol A.B.: bets 20
Awaszka: calls 20
*** RIVER *** [8d Td Kc Jc] [Ks]
Korol A.B.: bets 40
Awaszka: folds 
Uncalled bet (40) returned to Korol A.B.
Korol A.B. collected 140 from pot
*** SUMMARY ***
Total pot 140 | Rake 0 
Board [8d Td Kc Jc Ks]
Seat 1: Awaszka (button) folded on the River
Seat 2: Mahu2021 (small blind) folded on the Flop
Seat 3: Korol A.B. (big blind) collected (140)



PokerStars Hand #248541277432: Tournament #3707867583, $1.84+$0.16 USD Hold'em No Limit - Level I (10/20) - 2024/01/28 10:55:01 CET [2024/01/28 4:55:01 ET]
Table '3707867583 1' 3-max Seat #2 is the button
Seat 1: Awaszka (510 in chips) 
Seat 2: Mahu2021 (390 in chips) 
Seat 3: Korol A.B. (600 in chips) 
Korol A.B.: posts small blind 10
Awaszka: posts big blind 20
*** HOLE CARDS ***
Dealt to Mahu2021 [9c Ah]
Mahu2021: raises 40 to 60
Korol A.B.: folds 
Awaszka: folds 
Uncalled bet (40) returned to Mahu2021
Mahu2021 collected 50 from pot
Mahu2021: doesn't show hand 
*** SUMMARY ***
Total pot 50 | Rake 0 
Seat 1: Awaszka (big blind) folded before Flop
Seat 2: Mahu2021 (button) collected (50)
Seat 3: Korol A.B. (small blind) folded before Flop



PokerStars Hand #248541278652: Tournament #3707867583, $1.84+$0.16 USD Hold'em No Limit - Level I (10/20) - 2024/01/28 10:55:10 CET [2024/01/28 4:55:10 ET]
Table '3707867583 1' 3-max Seat #3 is the button
Seat 1: Awaszka (490 in chips) 
Seat 2: Mahu2021 (420 in chips) 
Seat 3: Korol A.B. (590 in chips) 
Awaszka: posts small blind 10
Mahu2021: posts big blind 20
*** HOLE CARDS ***
Dealt to Mahu2021 [2h 6c]
Korol A.B.: raises 20 to 40
Awaszka: calls 30
Mahu2021: folds 
*** FLOP *** [Th 8h 5d]
Awaszka: checks 
Korol A.B.: checks 
*** TURN *** [Th 8h 5d] [5h]
Awaszka: checks 
Korol A.B.: checks 
*** RIVER *** [Th 8h 5d 5h] [2c]
Awaszka: checks 
Korol A.B.: checks 
*** SHOW DOWN ***
Awaszka: shows [6d 4s] (a pair of Fives)
Korol A.B.: shows [Kc Jh] (a pair of Fives - King kicker)
Korol A.B. collected 100 from pot
*** SUMMARY ***
Total pot 100 | Rake 0 
Board [Th 8h 5d 5h 2c]
Seat 1: Awaszka (small blind) showed [6d 4s] and lost with a pair of Fives
Seat 2: Mahu2021 (big blind) folded before Flop
Seat 3: Korol A.B. (button) showed [Kc Jh] and won (100) with a pair of Fives



PokerStars Hand #248541280588: Tournament #3707867583, $1.84+$0.16 USD Hold'em No Limit - Level I (10/20) - 2024/01/28 10:55:26 CET [2024/01/28 4:55:26 ET]
Table '3707867583 1' 3-max Seat #1 is the button
Seat 1: Awaszka (450 in chips) 
Seat 2: Mahu2021 (400 in chips) 
Seat 3: Korol A.B. (650 in chips) 
Mahu2021: posts small blind 10
Korol A.B.: posts big blind 20
*** HOLE CARDS ***
Dealt to Mahu2021 [Jc Td]
Awaszka: calls 20
Mahu2021: calls 10
Korol A.B.: checks 
*** FLOP *** [3s 4d 5s]
Mahu2021: checks 
Korol A.B.: checks 
Awaszka: checks 
*** TURN *** [3s 4d 5s] [7d]
Mahu2021: checks 
Korol A.B.: checks 
Awaszka: checks 
*** RIVER *** [3s 4d 5s 7d] [9c]
Mahu2021: checks 
Korol A.B.: bets 20
Awaszka: folds 
Mahu2021: folds 
Uncalled bet (20) returned to Korol A.B.
Korol A.B. collected 60 from pot
*** SUMMARY ***
Total pot 60 | Rake 0 
Board [3s 4d 5s 7d 9c]
Seat 1: Awaszka (button) folded on the River
Seat 2: Mahu2021 (small blind) folded on the River
Seat 3: Korol A.B. (big blind) collected (60)



PokerStars Hand #248541282772: Tournament #3707867583, $1.84+$0.16 USD Hold'em No Limit - Level I (10/20) - 2024/01/28 10:55:45 CET [2024/01/28 4:55:45 ET]
Table '3707867583 1' 3-max Seat #2 is the button
Seat 1: Awaszka (430 in chips) 
Seat 2: Mahu2021 (380 in chips) 
Seat 3: Korol A.B. (690 in chips) 
Korol A.B.: posts small blind 10
Awaszka: posts big blind 20
*** HOLE CARDS ***
Dealt to Mahu2021 [6d 9h]
Mahu2021: folds 
Korol A.B.: calls 10
Awaszka: checks 
*** FLOP *** [7c Ts Jh]
Korol A.B.: checks 
Awaszka: checks 
*** TURN *** [7c Ts Jh] [Th]
Korol A.B.: checks 
Awaszka: checks 
*** RIVER *** [7c Ts Jh Th] [4c]
Korol A.B.: checks 
Awaszka: checks 
*** SHOW DOWN ***
Korol A.B.: shows [Qs 6c] (a pair of Tens)
Awaszka: shows [Kc 5c] (a pair of Tens - King kicker)
Awaszka collected 40 from pot
*** SUMMARY ***
Total pot 40 | Rake 0 
Board [7c Ts Jh Th 4c]
Seat 1: Awaszka (big blind) showed [Kc 5c] and won (40) with a pair of Tens
Seat 2: Mahu2021 (button) folded before Flop (didn't bet)
Seat 3: Korol A.B. (small blind) showed [Qs 6c] and lost with a pair of Tens



PokerStars Hand #248541284638: Tournament #3707867583, $1.84+$0.16 USD Hold'em No Limit - Level I (10/20) - 2024/01/28 10:56:00 CET [2024/01/28 4:56:00 ET]
Table '3707867583 1' 3-max Seat #3 is the button
Seat 1: Awaszka (450 in chips) 
Seat 2: Mahu2021 (380 in chips) 
Seat 3: Korol A.B. (670 in chips) 
Awaszka: posts small blind 10
Mahu2021: posts big blind 20
*** HOLE CARDS ***
Dealt to Mahu2021 [5d 9s]
Korol A.B.: calls 20
Awaszka: calls 10
Mahu2021: checks 
*** FLOP *** [3c 8s 2d]
Awaszka: bets 40
Mahu2021: folds 
Korol A.B.: folds 
Uncalled bet (40) returned to Awaszka
Awaszka collected 60 from pot
*** SUMMARY ***
Total pot 60 | Rake 0 
Board [3c 8s 2d]
Seat 1: Awaszka (small blind) collected (60)
Seat 2: Mahu2021 (big blind) folded on the Flop
Seat 3: Korol A.B. (button) folded on the Flop



PokerStars Hand #248541286986: Tournament #3707867583, $1.84+$0.16 USD Hold'em No Limit - Level I (10/20) - 2024/01/28 10:56:20 CET [2024/01/28 4:56:20 ET]
Table '3707867583 1' 3-max Seat #1 is the button
Seat 1: Awaszka (490 in chips) 
Seat 2: Mahu2021 (360 in chips) 
Seat 3: Korol A.B. (650 in chips) 
Mahu2021: posts small blind 10
Korol A.B.: posts big blind 20
*** HOLE CARDS ***
Dealt to Mahu2021 [9d Ah]
Awaszka: calls 20
Mahu2021: calls 10
Korol A.B.: checks 
*** FLOP *** [Kc 2s 3d]
Mahu2021: checks 
Korol A.B.: checks 
Awaszka: bets 20
Mahu2021: folds 
Korol A.B.: calls 20
*** TURN *** [Kc 2s 3d] [8h]
Korol A.B.: checks 
Awaszka: bets 20
Korol A.B.: folds 
Uncalled bet (20) returned to Awaszka
Awaszka collected 100 from pot
*** SUMMARY ***
Total pot 100 | Rake 0 
Board [Kc 2s 3d 8h]
Seat 1: Awaszka (button) collected (100)
Seat 2: Mahu2021 (small blind) folded on the Flop
Seat 3: Korol A.B. (big blind) folded on the Turn



PokerStars Hand #248541289073: Tournament #3707867583, $1.84+$0.16 USD Hold'em No Limit - Level I (10/20) - 2024/01/28 10:56:38 CET [2024/01/28 4:56:38 ET]
Table '3707867583 1' 3-max Seat #2 is the button
Seat 1: Awaszka (550 in chips) 
Seat 2: Mahu2021 (340 in chips) 
Seat 3: Korol A.B. (610 in chips) 
Korol A.B.: posts small blind 10
Awaszka: posts big blind 20
*** HOLE CARDS ***
Dealt to Mahu2021 [6s Ts]
Mahu2021: folds 
Korol A.B.: folds 
Uncalled bet (10) returned to Awaszka
Awaszka collected 20 from pot
*** SUMMARY ***
Total pot 20 | Rake 0 
Seat 1: Awaszka (big blind) collected (20)
Seat 2: Mahu2021 (button) folded before Flop (didn't bet)
Seat 3: Korol A.B. (small blind) folded before Flop



PokerStars Hand #248541289618: Tournament #3707867583, $1.84+$0.16 USD Hold'em No Limit - Level I (10/20) - 2024/01/28 10:56:43 CET [2024/01/28 4:56:43 ET]
Table '3707867583 1' 3-max Seat #3 is the button
Seat 1: Awaszka (560 in chips) 
Seat 2: Mahu2021 (340 in chips) 
Seat 3: Korol A.B. (600 in chips) 
Awaszka: posts small blind 10
Mahu2021: posts big blind 20
*** HOLE CARDS ***
Dealt to Mahu2021 [6d Th]
Korol A.B.: calls 20
Awaszka: calls 10
Mahu2021: checks 
*** FLOP *** [Qs Jc 9s]
Awaszka: checks 
Mahu2021: bets 20
Korol A.B.: calls 20
Awaszka: folds 
*** TURN *** [Qs Jc 9s] [4c]
Mahu2021: checks 
Korol A.B.: checks 
*** RIVER *** [Qs Jc 9s 4c] [Tc]
Mahu2021: checks 
Korol A.B.: bets 50
Mahu2021: folds 
Uncalled bet (50) returned to Korol A.B.
Korol A.B. collected 100 from pot
Korol A.B.: shows [3s Kc] (a straight, Nine to King)
*** SUMMARY ***
Total pot 100 | Rake 0 
Board [Qs Jc 9s 4c Tc]
Seat 1: Awaszka (small blind) folded on the Flop
Seat 2: Mahu2021 (big blind) folded on the River
Seat 3: Korol A.B. (button) collected (100)



PokerStars Hand #248541292551: Tournament #3707867583, $1.84+$0.16 USD Hold'em No Limit - Level II (15/30) - 2024/01/28 10:57:07 CET [2024/01/28 4:57:07 ET]
Table '3707867583 1' 3-max Seat #1 is the button
Seat 1: Awaszka (540 in chips) 
Seat 2: Mahu2021 (300 in chips) 
Seat 3: Korol A.B. (660 in chips) 
Mahu2021: posts small blind 15
Korol A.B.: posts big blind 30
*** HOLE CARDS ***
Dealt to Mahu2021 [Kc 7h]
Awaszka: calls 30
Mahu2021: calls 15
Korol A.B.: checks 
*** FLOP *** [2h 8d 2d]
Mahu2021: checks 
Korol A.B.: checks 
Awaszka: checks 
*** TURN *** [2h 8d 2d] [Td]
Mahu2021: checks 
Korol A.B.: checks 
Awaszka: checks 
*** RIVER *** [2h 8d 2d Td] [Ks]
Mahu2021: bets 90
Korol A.B.: folds 
Awaszka: calls 90
*** SHOW DOWN ***
Mahu2021: shows [Kc 7h] (two pair, Kings and Deuces)
Awaszka: mucks hand 
Mahu2021 collected 270 from pot
*** SUMMARY ***
Total pot 270 | Rake 0 
Board [2h 8d 2d Td Ks]
Seat 1: Awaszka (button) mucked [4c Tc]
Seat 2: Mahu2021 (small blind) showed [Kc 7h] and won (270) with two pair, Kings and Deuces
Seat 3: Korol A.B. (big blind) folded on the River



PokerStars Hand #248541295167: Tournament #3707867583, $1.84+$0.16 USD Hold'em No Limit - Level II (15/30) - 2024/01/28 10:57:29 CET [2024/01/28 4:57:29 ET]
Table '3707867583 1' 3-max Seat #2 is the button
Seat 1: Awaszka (420 in chips) 
Seat 2: Mahu2021 (450 in chips) 
Seat 3: Korol A.B. (630 in chips) 
Korol A.B.: posts small blind 15
Awaszka: posts big blind 30
*** HOLE CARDS ***
Dealt to Mahu2021 [Qd Th]
Mahu2021: raises 30 to 60
Korol A.B.: calls 45
Awaszka: raises 360 to 420 and is all-in
Mahu2021: folds 
Korol A.B.: folds 
Uncalled bet (360) returned to Awaszka
Awaszka collected 180 from pot
*** SUMMARY ***
Total pot 180 | Rake 0 
Seat 1: Awaszka (big blind) collected (180)
Seat 2: Mahu2021 (button) folded before Flop
Seat 3: Korol A.B. (small blind) folded before Flop



PokerStars Hand #248541296755: Tournament #3707867583, $1.84+$0.16 USD Hold'em No Limit - Level II (15/30) - 2024/01/28 10:57:43 CET [2024/01/28 4:57:43 ET]
Table '3707867583 1' 3-max Seat #3 is the button
Seat 1: Awaszka (540 in chips) 
Seat 2: Mahu2021 (390 in chips) 
Seat 3: Korol A.B. (570 in chips) 
Awaszka: posts small blind 15
Mahu2021: posts big blind 30
*** HOLE CARDS ***
Dealt to Mahu2021 [Ah 5s]
Korol A.B.: folds 
Awaszka: calls 15
Mahu2021: checks 
*** FLOP *** [7c 2s 8h]
Awaszka: checks 
Mahu2021: checks 
*** TURN *** [7c 2s 8h] [2d]
Awaszka: checks 
Mahu2021: bets 30
Awaszka: calls 30
*** RIVER *** [7c 2s 8h 2d] [Jh]
Awaszka: checks 
Mahu2021: bets 120
Awaszka: folds 
Uncalled bet (120) returned to Mahu2021
Mahu2021 collected 120 from pot
Mahu2021: doesn't show hand 
*** SUMMARY ***
Total pot 120 | Rake 0 
Board [7c 2s 8h 2d Jh]
Seat 1: Awaszka (small blind) folded on the River
Seat 2: Mahu2021 (big blind) collected (120)
Seat 3: Korol A.B. (button) folded before Flop (didn't bet)



PokerStars Hand #248541299035: Tournament #3707867583, $1.84+$0.16 USD Hold'em No Limit - Level II (15/30) - 2024/01/28 10:58:01 CET [2024/01/28 4:58:01 ET]
Table '3707867583 1' 3-max Seat #1 is the button
Seat 1: Awaszka (480 in chips) 
Seat 2: Mahu2021 (450 in chips) 
Seat 3: Korol A.B. (570 in chips) 
Mahu2021: posts small blind 15
Korol A.B.: posts big blind 30
*** HOLE CARDS ***
Dealt to Mahu2021 [8c Ac]
Awaszka: calls 30
Mahu2021: calls 15
Korol A.B.: raises 60 to 90
Awaszka: folds 
Mahu2021: calls 60
*** FLOP *** [Ad 3c Qs]
Mahu2021: checks 
Korol A.B.: bets 105
Mahu2021: raises 255 to 360 and is all-in
Korol A.B.: calls 255
*** TURN *** [Ad 3c Qs] [Jd]
*** RIVER *** [Ad 3c Qs Jd] [3h]
*** SHOW DOWN ***
Mahu2021: shows [8c Ac] (two pair, Aces and Threes)
Korol A.B.: shows [Qh Kh] (two pair, Queens and Threes)
Mahu2021 collected 930 from pot
*** SUMMARY ***
Total pot 930 | Rake 0 
Board [Ad 3c Qs Jd 3h]
Seat 1: Awaszka (button) folded before Flop
Seat 2: Mahu2021 (small blind) showed [8c Ac] and won (930) with two pair, Aces and Threes
Seat 3: Korol A.B. (big blind) showed [Qh Kh] and lost with two pair, Queens and Threes



PokerStars Hand #248541301565: Tournament #3707867583, $1.84+$0.16 USD Hold'em No Limit - Level II (15/30) - 2024/01/28 10:58:22 CET [2024/01/28 4:58:22 ET]
Table '3707867583 1' 3-max Seat #2 is the button
Seat 1: Awaszka (450 in chips) 
Seat 2: Mahu2021 (930 in chips) 
Seat 3: Korol A.B. (120 in chips) 
Korol A.B.: posts small blind 15
Awaszka: posts big blind 30
*** HOLE CARDS ***
Dealt to Mahu2021 [As Th]
Mahu2021: calls 30
Korol A.B.: calls 15
Awaszka: checks 
*** FLOP *** [5h 8h Ts]
Korol A.B.: checks 
Awaszka: checks 
Mahu2021: bets 90
Korol A.B.: folds 
Awaszka: folds 
Uncalled bet (90) returned to Mahu2021
Mahu2021 collected 90 from pot
Mahu2021: doesn't show hand 
*** SUMMARY ***
Total pot 90 | Rake 0 
Board [5h 8h Ts]
Seat 1: Awaszka (big blind) folded on the Flop
Seat 2: Mahu2021 (button) collected (90)
Seat 3: Korol A.B. (small blind) folded on the Flop



PokerStars Hand #248541303385: Tournament #3707867583, $1.84+$0.16 USD Hold'em No Limit - Level II (15/30) - 2024/01/28 10:58:37 CET [2024/01/28 4:58:37 ET]
Table '3707867583 1' 3-max Seat #3 is the button
Seat 1: Awaszka (420 in chips) 
Seat 2: Mahu2021 (990 in chips) 
Seat 3: Korol A.B. (90 in chips) 
Awaszka: posts small blind 15
Mahu2021: posts big blind 30
*** HOLE CARDS ***
Dealt to Mahu2021 [6d 2d]
Korol A.B.: folds 
Awaszka: calls 15
Mahu2021: checks 
*** FLOP *** [Jc 9d Ah]
Awaszka: checks 
Mahu2021: bets 30
Awaszka: folds 
Uncalled bet (30) returned to Mahu2021
Mahu2021 collected 60 from pot
Mahu2021: doesn't show hand 
*** SUMMARY ***
Total pot 60 | Rake 0 
Board [Jc 9d Ah]
Seat 1: Awaszka (small blind) folded on the Flop
Seat 2: Mahu2021 (big blind) collected (60)
Seat 3: Korol A.B. (button) folded before Flop (didn't bet)



PokerStars Hand #248541305201: Tournament #3707867583, $1.84+$0.16 USD Hold'em No Limit - Level II (15/30) - 2024/01/28 10:58:52 CET [2024/01/28 4:58:52 ET]
Table '3707867583 1' 3-max Seat #1 is the button
Seat 1: Awaszka (390 in chips) 
Seat 2: Mahu2021 (1020 in chips) 
Seat 3: Korol A.B. (90 in chips) 
Mahu2021: posts small blind 15
Korol A.B.: posts big blind 30
*** HOLE CARDS ***
Dealt to Mahu2021 [6c Ks]
Awaszka: calls 30
Mahu2021: calls 15
Korol A.B.: checks 
*** FLOP *** [4c 8s 6d]
Mahu2021: checks 
Korol A.B.: bets 60 and is all-in
Awaszka: calls 60
Mahu2021: calls 60
*** TURN *** [4c 8s 6d] [2h]
Mahu2021: checks 
Awaszka: checks 
*** RIVER *** [4c 8s 6d 2h] [Qh]
Mahu2021: checks 
Awaszka: checks 
*** SHOW DOWN ***
Mahu2021: shows [6c Ks] (a pair of Sixes)
Korol A.B.: shows [4h Qd] (two pair, Queens and Fours)
Awaszka: mucks hand 
Korol A.B. collected 270 from pot
*** SUMMARY ***
Total pot 270 | Rake 0 
Board [4c 8s 6d 2h Qh]
Seat 1: Awaszka (button) mucked [Ah 5d]
Seat 2: Mahu2021 (small blind) showed [6c Ks] and lost with a pair of Sixes
Seat 3: Korol A.B. (big blind) showed [4h Qd] and won (270) with two pair, Queens and Fours



PokerStars Hand #248541308000: Tournament #3707867583, $1.84+$0.16 USD Hold'em No Limit - Level II (15/30) - 2024/01/28 10:59:15 CET [2024/01/28 4:59:15 ET]
Table '3707867583 1' 3-max Seat #2 is the button
Seat 1: Awaszka (300 in chips) 
Seat 2: Mahu2021 (930 in chips) 
Seat 3: Korol A.B. (270 in chips) 
Korol A.B.: posts small blind 15
Awaszka: posts big blind 30
*** HOLE CARDS ***
Dealt to Mahu2021 [6d 3c]
Mahu2021: folds 
Korol A.B.: raises 240 to 270 and is all-in
Awaszka: folds 
Uncalled bet (240) returned to Korol A.B.
Korol A.B. collected 60 from pot
*** SUMMARY ***
Total pot 60 | Rake 0 
Seat 1: Awaszka (big blind) folded before Flop
Seat 2: Mahu2021 (button) folded before Flop (didn't bet)
Seat 3: Korol A.B. (small blind) collected (60)



PokerStars Hand #248541308984: Tournament #3707867583, $1.84+$0.16 USD Hold'em No Limit - Level II (15/30) - 2024/01/28 10:59:24 CET [2024/01/28 4:59:24 ET]
Table '3707867583 1' 3-max Seat #3 is the button
Seat 1: Awaszka (270 in chips) 
Seat 2: Mahu2021 (930 in chips) 
Seat 3: Korol A.B. (300 in chips) 
Awaszka: posts small blind 15
Mahu2021: posts big blind 30
*** HOLE CARDS ***
Dealt to Mahu2021 [Jc 7d]
Korol A.B.: raises 270 to 300 and is all-in
Awaszka: calls 255 and is all-in
Mahu2021: folds 
Uncalled bet (30) returned to Korol A.B.
*** FLOP *** [Qh 8c Th]
*** TURN *** [Qh 8c Th] [Ad]
*** RIVER *** [Qh 8c Th Ad] [Tc]
*** SHOW DOWN ***
Awaszka: shows [Kh 4h] (a pair of Tens)
Korol A.B.: shows [Ah 2s] (two pair, Aces and Tens)
Korol A.B. collected 570 from pot
Awaszka finished the tournament in 3rd place
*** SUMMARY ***
Total pot 570 | Rake 0 
Board [Qh 8c Th Ad Tc]
Seat 1: Awaszka (small blind) showed [Kh 4h] and lost with a pair of Tens
Seat 2: Mahu2021 (big blind) folded before Flop
Seat 3: Korol A.B. (button) showed [Ah 2s] and won (570) with two pair, Aces and Tens



PokerStars Hand #248541310940: Tournament #3707867583, $1.84+$0.16 USD Hold'em No Limit - Level II (15/30) - 2024/01/28 10:59:40 CET [2024/01/28 4:59:40 ET]
Table '3707867583 1' 3-max Seat #2 is the button
Seat 2: Mahu2021 (900 in chips) 
Seat 3: Korol A.B. (600 in chips) 
Mahu2021: posts small blind 15
Korol A.B.: posts big blind 30
*** HOLE CARDS ***
Dealt to Mahu2021 [Js 8s]
Mahu2021: raises 30 to 60
Korol A.B.: calls 30
*** FLOP *** [Kh 3c 7d]
Korol A.B.: checks 
Mahu2021: checks 
*** TURN *** [Kh 3c 7d] [Ad]
Korol A.B.: checks 
Mahu2021: bets 60
Korol A.B.: calls 60
*** RIVER *** [Kh 3c 7d Ad] [6c]
Korol A.B.: checks 
Mahu2021: bets 240
Korol A.B.: folds 
Uncalled bet (240) returned to Mahu2021
Mahu2021 collected 240 from pot
Mahu2021: doesn't show hand 
*** SUMMARY ***
Total pot 240 | Rake 0 
Board [Kh 3c 7d Ad 6c]
Seat 2: Mahu2021 (button) (small blind) collected (240)
Seat 3: Korol A.B. (big blind) folded on the River



PokerStars Hand #248541313479: Tournament #3707867583, $1.84+$0.16 USD Hold'em No Limit - Level III (20/40) - 2024/01/28 11:00:01 CET [2024/01/28 5:00:01 ET]
Table '3707867583 1' 3-max Seat #3 is the button
Seat 2: Mahu2021 (1020 in chips) 
Seat 3: Korol A.B. (480 in chips) 
Korol A.B.: posts small blind 20
Mahu2021: posts big blind 40
*** HOLE CARDS ***
Dealt to Mahu2021 [3s 4h]
Korol A.B.: calls 20
Mahu2021: checks 
*** FLOP *** [5h 9c 4c]
Mahu2021: checks 
Korol A.B.: checks 
*** TURN *** [5h 9c 4c] [As]
Mahu2021: checks 
Korol A.B.: checks 
*** RIVER *** [5h 9c 4c As] [6c]
Mahu2021: checks 
Korol A.B.: checks 
*** SHOW DOWN ***
Mahu2021: shows [3s 4h] (a pair of Fours)
Korol A.B.: mucks hand 
Mahu2021 collected 80 from pot
*** SUMMARY ***
Total pot 80 | Rake 0 
Board [5h 9c 4c As 6c]
Seat 2: Mahu2021 (big blind) showed [3s 4h] and won (80) with a pair of Fours
Seat 3: Korol A.B. (button) (small blind) mucked [3d Ks]



PokerStars Hand #248541315019: Tournament #3707867583, $1.84+$0.16 USD Hold'em No Limit - Level III (20/40) - 2024/01/28 11:00:14 CET [2024/01/28 5:00:14 ET]
Table '3707867583 1' 3-max Seat #2 is the button
Seat 2: Mahu2021 (1060 in chips) 
Seat 3: Korol A.B. (440 in chips) 
Mahu2021: posts small blind 20
Korol A.B.: posts big blind 40
*** HOLE CARDS ***
Dealt to Mahu2021 [Th 3h]
Mahu2021: calls 20
Korol A.B.: checks 
*** FLOP *** [6d Ts 3d]
Korol A.B.: checks 
Mahu2021: bets 40
Korol A.B.: calls 40
*** TURN *** [6d Ts 3d] [Qs]
Korol A.B.: checks 
Mahu2021: bets 40
Korol A.B.: calls 40
*** RIVER *** [6d Ts 3d Qs] [Qd]
Korol A.B.: bets 40
Mahu2021: calls 40
*** SHOW DOWN ***
Korol A.B.: shows [5d 2s] (a pair of Queens)
Mahu2021: shows [Th 3h] (two pair, Queens and Tens)
Mahu2021 collected 320 from pot
*** SUMMARY ***
Total pot 320 | Rake 0 
Board [6d Ts 3d Qs Qd]
Seat 2: Mahu2021 (button) (small blind) showed [Th 3h] and won (320) with two pair, Queens and Tens
Seat 3: Korol A.B. (big blind) showed [5d 2s] and lost with a pair of Queens



PokerStars Hand #248541317107: Tournament #3707867583, $1.84+$0.16 USD Hold'em No Limit - Level III (20/40) - 2024/01/28 11:00:30 CET [2024/01/28 5:00:30 ET]
Table '3707867583 1' 3-max Seat #3 is the button
Seat 2: Mahu2021 (1220 in chips) 
Seat 3: Korol A.B. (280 in chips) 
Korol A.B.: posts small blind 20
Mahu2021: posts big blind 40
*** HOLE CARDS ***
Dealt to Mahu2021 [Kd 4s]
Korol A.B.: raises 240 to 280 and is all-in
Mahu2021: calls 240
*** FLOP *** [5d 8h 5s]
*** TURN *** [5d 8h 5s] [7s]
*** RIVER *** [5d 8h 5s 7s] [Ac]
*** SHOW DOWN ***
Mahu2021: shows [Kd 4s] (a pair of Fives)
Korol A.B.: shows [Tc 7d] (two pair, Sevens and Fives)
Korol A.B. collected 560 from pot
*** SUMMARY ***
Total pot 560 | Rake 0 
Board [5d 8h 5s 7s Ac]
Seat 2: Mahu2021 (big blind) showed [Kd 4s] and lost with a pair of Fives
Seat 3: Korol A.B. (button) (small blind) showed [Tc 7d] and won (560) with two pair, Sevens and Fives



PokerStars Hand #248541318738: Tournament #3707867583, $1.84+$0.16 USD Hold'em No Limit - Level III (20/40) - 2024/01/28 11:00:44 CET [2024/01/28 5:00:44 ET]
Table '3707867583 1' 3-max Seat #2 is the button
Seat 2: Mahu2021 (940 in chips) 
Seat 3: Korol A.B. (560 in chips) 
Mahu2021: posts small blind 20
Korol A.B.: posts big blind 40
*** HOLE CARDS ***
Dealt to Mahu2021 [Qh Kd]
Mahu2021: raises 80 to 120
Korol A.B.: folds 
Uncalled bet (80) returned to Mahu2021
Mahu2021 collected 80 from pot
Mahu2021: doesn't show hand 
*** SUMMARY ***
Total pot 80 | Rake 0 
Seat 2: Mahu2021 (button) (small blind) collected (80)
Seat 3: Korol A.B. (big blind) folded before Flop



PokerStars Hand #248541319638: Tournament #3707867583, $1.84+$0.16 USD Hold'em No Limit - Level III (20/40) - 2024/01/28 11:00:50 CET [2024/01/28 5:00:50 ET]
Table '3707867583 1' 3-max Seat #3 is the button
Seat 2: Mahu2021 (980 in chips) 
Seat 3: Korol A.B. (520 in chips) 
Korol A.B.: posts small blind 20
Mahu2021: posts big blind 40
*** HOLE CARDS ***
Dealt to Mahu2021 [Tc 9h]
Korol A.B.: calls 20
Mahu2021: checks 
*** FLOP *** [Kd Ah 8c]
Mahu2021: checks 
Korol A.B.: bets 40
Mahu2021: folds 
Uncalled bet (40) returned to Korol A.B.
Korol A.B. collected 80 from pot
*** SUMMARY ***
Total pot 80 | Rake 0 
Board [Kd Ah 8c]
Seat 2: Mahu2021 (big blind) folded on the Flop
Seat 3: Korol A.B. (button) (small blind) collected (80)



PokerStars Hand #248541320911: Tournament #3707867583, $1.84+$0.16 USD Hold'em No Limit - Level III (20/40) - 2024/01/28 11:01:00 CET [2024/01/28 5:01:00 ET]
Table '3707867583 1' 3-max Seat #2 is the button
Seat 2: Mahu2021 (940 in chips) 
Seat 3: Korol A.B. (560 in chips) 
Mahu2021: posts small blind 20
Korol A.B.: posts big blind 40
*** HOLE CARDS ***
Dealt to Mahu2021 [3d Ts]
Mahu2021: folds 
Uncalled bet (20) returned to Korol A.B.
Korol A.B. collected 40 from pot
*** SUMMARY ***
Total pot 40 | Rake 0 
Seat 2: Mahu2021 (button) (small blind) folded before Flop
Seat 3: Korol A.B. (big blind) collected (40)



PokerStars Hand #248541321619: Tournament #3707867583, $1.84+$0.16 USD Hold'em No Limit - Level III (20/40) - 2024/01/28 11:01:05 CET [2024/01/28 5:01:05 ET]
Table '3707867583 1' 3-max Seat #3 is the button
Seat 2: Mahu2021 (920 in chips) 
Seat 3: Korol A.B. (580 in chips) 
Korol A.B.: posts small blind 20
Mahu2021: posts big blind 40
*** HOLE CARDS ***
Dealt to Mahu2021 [Kc 4d]
Korol A.B.: folds 
Uncalled bet (20) returned to Mahu2021
Mahu2021 collected 40 from pot
Mahu2021: doesn't show hand 
*** SUMMARY ***
Total pot 40 | Rake 0 
Seat 2: Mahu2021 (big blind) collected (40)
Seat 3: Korol A.B. (button) (small blind) folded before Flop



PokerStars Hand #248541322203: Tournament #3707867583, $1.84+$0.16 USD Hold'em No Limit - Level III (20/40) - 2024/01/28 11:01:09 CET [2024/01/28 5:01:09 ET]
Table '3707867583 1' 3-max Seat #2 is the button
Seat 2: Mahu2021 (940 in chips) 
Seat 3: Korol A.B. (560 in chips) 
Mahu2021: posts small blind 20
Korol A.B.: posts big blind 40
*** HOLE CARDS ***
Dealt to Mahu2021 [6d Ks]
Mahu2021: calls 20
Korol A.B.: checks 
*** FLOP *** [Ac 3s Ts]
Korol A.B.: checks 
Mahu2021: bets 40
Korol A.B.: folds 
Uncalled bet (40) returned to Mahu2021
Mahu2021 collected 80 from pot
Mahu2021: doesn't show hand 
*** SUMMARY ***
Total pot 80 | Rake 0 
Board [Ac 3s Ts]
Seat 2: Mahu2021 (button) (small blind) collected (80)
Seat 3: Korol A.B. (big blind) folded on the Flop



PokerStars Hand #248541323539: Tournament #3707867583, $1.84+$0.16 USD Hold'em No Limit - Level III (20/40) - 2024/01/28 11:01:19 CET [2024/01/28 5:01:19 ET]
Table '3707867583 1' 3-max Seat #3 is the button
Seat 2: Mahu2021 (980 in chips) 
Seat 3: Korol A.B. (520 in chips) 
Korol A.B.: posts small blind 20
Mahu2021: posts big blind 40
*** HOLE CARDS ***
Dealt to Mahu2021 [Ac 6h]
Korol A.B.: calls 20
Mahu2021: raises 940 to 980 and is all-in
Korol A.B.: folds 
Uncalled bet (940) returned to Mahu2021
Mahu2021 collected 80 from pot
Mahu2021: doesn't show hand 
*** SUMMARY ***
Total pot 80 | Rake 0 
Seat 2: Mahu2021 (big blind) collected (80)
Seat 3: Korol A.B. (button) (small blind) folded before Flop



PokerStars Hand #248541324781: Tournament #3707867583, $1.84+$0.16 USD Hold'em No Limit - Level III (20/40) - 2024/01/28 11:01:27 CET [2024/01/28 5:01:27 ET]
Table '3707867583 1' 3-max Seat #2 is the button
Seat 2: Mahu2021 (1020 in chips) 
Seat 3: Korol A.B. (480 in chips) 
Mahu2021: posts small blind 20
Korol A.B.: posts big blind 40
*** HOLE CARDS ***
Dealt to Mahu2021 [Td Qs]
Mahu2021: raises 40 to 80
Korol A.B.: calls 40
*** FLOP *** [Th 4h 3c]
Korol A.B.: bets 400 and is all-in
Mahu2021: calls 400
*** TURN *** [Th 4h 3c] [7h]
*** RIVER *** [Th 4h 3c 7h] [Ac]
*** SHOW DOWN ***
Korol A.B.: shows [4s Qh] (a pair of Fours)
Mahu2021: shows [Td Qs] (a pair of Tens)
Mahu2021 collected 960 from pot
Korol A.B. finished the tournament in 2nd place
Mahu2021 wins the tournament and receives $6.00 - congratulations!
*** SUMMARY ***
Total pot 960 | Rake 0 
Board [Th 4h 3c 7h Ac]
Seat 2: Mahu2021 (button) (small blind) showed [Td Qs] and won (960) with a pair of Tens
Seat 3: Korol A.B. (big blind) showed [4s Qh] and lost with a pair of Fours



