PokerStars Hand #242817466702: Tournament #3570699289, $0.92+$0.08 USD Hold'em No Limit - Level I (10/20) - 2023/04/01 17:10:28 CET [2023/04/01 11:10:28 ET]
Table '3570699289 1' 3-max Seat #1 is the button
Seat 1: Alfonso Pepito (500 in chips) 
Seat 2: _soulwash (500 in chips) 
Seat 3: Mahu2021 (500 in chips) 
_soulwash: posts small blind 10
Mahu2021: posts big blind 20
*** HOLE CARDS ***
Dealt to Mahu2021 [Js Kd]
Alfonso Pepito: folds 
_soulwash: raises 20 to 40
Mahu2021: calls 20
*** FLOP *** [Ad 4s 7s]
_soulwash: bets 20
Mahu2021: folds 
Uncalled bet (20) returned to _soulwash
_soulwash collected 80 from pot
*** SUMMARY ***
Total pot 80 | Rake 0 
Board [Ad 4s 7s]
Seat 1: Alfonso Pepito (button) folded before Flop (didn't bet)
Seat 2: _soulwash (small blind) collected (80)
Seat 3: Mahu2021 (big blind) folded on the Flop



PokerStars Hand #242817470322: Tournament #3570699289, $0.92+$0.08 USD Hold'em No Limit - Level I (10/20) - 2023/04/01 17:10:40 CET [2023/04/01 11:10:40 ET]
Table '3570699289 1' 3-max Seat #2 is the button
Seat 1: Alfonso Pepito (500 in chips) 
Seat 2: _soulwash (540 in chips) 
Seat 3: Mahu2021 (460 in chips) 
Mahu2021: posts small blind 10
Alfonso Pepito: posts big blind 20
*** HOLE CARDS ***
Dealt to Mahu2021 [6h Kh]
_soulwash: folds 
Mahu2021: calls 10
Alfonso Pepito: checks 
*** FLOP *** [2h 3d Jc]
Mahu2021: bets 20
Alfonso Pepito: folds 
Uncalled bet (20) returned to Mahu2021
Mahu2021 collected 40 from pot
Mahu2021: doesn't show hand 
*** SUMMARY ***
Total pot 40 | Rake 0 
Board [2h 3d Jc]
Seat 1: Alfonso Pepito (big blind) folded on the Flop
Seat 2: _soulwash (button) folded before Flop (didn't bet)
Seat 3: Mahu2021 (small blind) collected (40)



PokerStars Hand #242817476498: Tournament #3570699289, $0.92+$0.08 USD Hold'em No Limit - Level I (10/20) - 2023/04/01 17:11:01 CET [2023/04/01 11:11:01 ET]
Table '3570699289 1' 3-max Seat #3 is the button
Seat 1: Alfonso Pepito (480 in chips) 
Seat 2: _soulwash (540 in chips) 
Seat 3: Mahu2021 (480 in chips) 
Alfonso Pepito: posts small blind 10
_soulwash: posts big blind 20
*** HOLE CARDS ***
Dealt to Mahu2021 [Jd Th]
Mahu2021: calls 20
Alfonso Pepito: folds 
_soulwash: checks 
*** FLOP *** [2h 6c 5h]
_soulwash: checks 
Mahu2021: checks 
*** TURN *** [2h 6c 5h] [9h]
_soulwash: bets 20
Mahu2021: calls 20
*** RIVER *** [2h 6c 5h 9h] [2c]
_soulwash: bets 60
Mahu2021: folds 
Uncalled bet (60) returned to _soulwash
_soulwash collected 90 from pot
*** SUMMARY ***
Total pot 90 | Rake 0 
Board [2h 6c 5h 9h 2c]
Seat 1: Alfonso Pepito (small blind) folded before Flop
Seat 2: _soulwash (big blind) collected (90)
Seat 3: Mahu2021 (button) folded on the River



PokerStars Hand #242817483025: Tournament #3570699289, $0.92+$0.08 USD Hold'em No Limit - Level I (10/20) - 2023/04/01 17:11:24 CET [2023/04/01 11:11:24 ET]
Table '3570699289 1' 3-max Seat #1 is the button
Seat 1: Alfonso Pepito (470 in chips) 
Seat 2: _soulwash (590 in chips) 
Seat 3: Mahu2021 (440 in chips) 
_soulwash: posts small blind 10
Mahu2021: posts big blind 20
*** HOLE CARDS ***
Dealt to Mahu2021 [Qh 6s]
Alfonso Pepito: folds 
_soulwash: calls 10
Mahu2021: checks 
*** FLOP *** [6d 4d Js]
_soulwash: checks 
Mahu2021: bets 20
_soulwash: calls 20
*** TURN *** [6d 4d Js] [Kd]
_soulwash: checks 
Mahu2021: checks 
*** RIVER *** [6d 4d Js Kd] [As]
_soulwash: bets 40
Mahu2021: folds 
Uncalled bet (40) returned to _soulwash
_soulwash collected 80 from pot
*** SUMMARY ***
Total pot 80 | Rake 0 
Board [6d 4d Js Kd As]
Seat 1: Alfonso Pepito (button) folded before Flop (didn't bet)
Seat 2: _soulwash (small blind) collected (80)
Seat 3: Mahu2021 (big blind) folded on the River



PokerStars Hand #242817491962: Tournament #3570699289, $0.92+$0.08 USD Hold'em No Limit - Level I (10/20) - 2023/04/01 17:11:54 CET [2023/04/01 11:11:54 ET]
Table '3570699289 1' 3-max Seat #2 is the button
Seat 1: Alfonso Pepito (470 in chips) 
Seat 2: _soulwash (630 in chips) 
Seat 3: Mahu2021 (400 in chips) 
Mahu2021: posts small blind 10
Alfonso Pepito: posts big blind 20
*** HOLE CARDS ***
Dealt to Mahu2021 [Ks Qc]
_soulwash: folds 
Mahu2021: raises 20 to 40
Alfonso Pepito: calls 20
*** FLOP *** [6c 6h 2s]
Mahu2021: checks 
Alfonso Pepito: bets 40
Mahu2021: calls 40
*** TURN *** [6c 6h 2s] [Ts]
Mahu2021: checks 
Alfonso Pepito: checks 
*** RIVER *** [6c 6h 2s Ts] [Kc]
Mahu2021: bets 160
Alfonso Pepito: folds 
Uncalled bet (160) returned to Mahu2021
Mahu2021 collected 160 from pot
Mahu2021: doesn't show hand 
*** SUMMARY ***
Total pot 160 | Rake 0 
Board [6c 6h 2s Ts Kc]
Seat 1: Alfonso Pepito (big blind) folded on the River
Seat 2: _soulwash (button) folded before Flop (didn't bet)
Seat 3: Mahu2021 (small blind) collected (160)



PokerStars Hand #242817497608: Tournament #3570699289, $0.92+$0.08 USD Hold'em No Limit - Level I (10/20) - 2023/04/01 17:12:13 CET [2023/04/01 11:12:13 ET]
Table '3570699289 1' 3-max Seat #3 is the button
Seat 1: Alfonso Pepito (390 in chips) 
Seat 2: _soulwash (630 in chips) 
Seat 3: Mahu2021 (480 in chips) 
Alfonso Pepito: posts small blind 10
_soulwash: posts big blind 20
*** HOLE CARDS ***
Dealt to Mahu2021 [5h 6c]
Mahu2021: calls 20
Alfonso Pepito: folds 
_soulwash: checks 
*** FLOP *** [Kd Qc Jh]
_soulwash: checks 
Mahu2021: bets 50
_soulwash: folds 
Uncalled bet (50) returned to Mahu2021
Mahu2021 collected 50 from pot
Mahu2021: doesn't show hand 
*** SUMMARY ***
Total pot 50 | Rake 0 
Board [Kd Qc Jh]
Seat 1: Alfonso Pepito (small blind) folded before Flop
Seat 2: _soulwash (big blind) folded on the Flop
Seat 3: Mahu2021 (button) collected (50)



PokerStars Hand #242817503776: Tournament #3570699289, $0.92+$0.08 USD Hold'em No Limit - Level I (10/20) - 2023/04/01 17:12:33 CET [2023/04/01 11:12:33 ET]
Table '3570699289 1' 3-max Seat #1 is the button
Seat 1: Alfonso Pepito (380 in chips) 
Seat 2: _soulwash (610 in chips) 
Seat 3: Mahu2021 (510 in chips) 
_soulwash: posts small blind 10
Mahu2021: posts big blind 20
*** HOLE CARDS ***
Dealt to Mahu2021 [Qc 4s]
Alfonso Pepito: folds 
_soulwash: calls 10
Mahu2021: checks 
*** FLOP *** [7d 9d Qs]
_soulwash: bets 20
Mahu2021: calls 20
*** TURN *** [7d 9d Qs] [9c]
_soulwash: bets 40
Mahu2021: calls 40
*** RIVER *** [7d 9d Qs 9c] [Ks]
_soulwash: bets 100
Mahu2021: folds 
Uncalled bet (100) returned to _soulwash
_soulwash collected 160 from pot
*** SUMMARY ***
Total pot 160 | Rake 0 
Board [7d 9d Qs 9c Ks]
Seat 1: Alfonso Pepito (button) folded before Flop (didn't bet)
Seat 2: _soulwash (small blind) collected (160)
Seat 3: Mahu2021 (big blind) folded on the River



PokerStars Hand #242817511595: Tournament #3570699289, $0.92+$0.08 USD Hold'em No Limit - Level I (10/20) - 2023/04/01 17:13:00 CET [2023/04/01 11:13:00 ET]
Table '3570699289 1' 3-max Seat #2 is the button
Seat 1: Alfonso Pepito (380 in chips) 
Seat 2: _soulwash (690 in chips) 
Seat 3: Mahu2021 (430 in chips) 
Mahu2021: posts small blind 10
Alfonso Pepito: posts big blind 20
*** HOLE CARDS ***
Dealt to Mahu2021 [8d Th]
_soulwash: folds 
Mahu2021: calls 10
Alfonso Pepito: checks 
*** FLOP *** [Tc 2d Ad]
Mahu2021: bets 20
Alfonso Pepito: calls 20
*** TURN *** [Tc 2d Ad] [5h]
Mahu2021: bets 20
Alfonso Pepito: calls 20
*** RIVER *** [Tc 2d Ad 5h] [8c]
Mahu2021: bets 120
Alfonso Pepito: folds 
Uncalled bet (120) returned to Mahu2021
Mahu2021 collected 120 from pot
Mahu2021: doesn't show hand 
*** SUMMARY ***
Total pot 120 | Rake 0 
Board [Tc 2d Ad 5h 8c]
Seat 1: Alfonso Pepito (big blind) folded on the River
Seat 2: _soulwash (button) folded before Flop (didn't bet)
Seat 3: Mahu2021 (small blind) collected (120)



PokerStars Hand #242817518402: Tournament #3570699289, $0.92+$0.08 USD Hold'em No Limit - Level I (10/20) - 2023/04/01 17:13:22 CET [2023/04/01 11:13:22 ET]
Table '3570699289 1' 3-max Seat #3 is the button
Seat 1: Alfonso Pepito (320 in chips) 
Seat 2: _soulwash (690 in chips) 
Seat 3: Mahu2021 (490 in chips) 
Alfonso Pepito: posts small blind 10
_soulwash: posts big blind 20
*** HOLE CARDS ***
Dealt to Mahu2021 [Ah Qs]
Mahu2021: raises 20 to 40
Alfonso Pepito: raises 280 to 320 and is all-in
_soulwash: calls 300
Mahu2021: raises 170 to 490 and is all-in
_soulwash: calls 170
*** FLOP *** [Kc 3c 8h]
*** TURN *** [Kc 3c 8h] [6d]
*** RIVER *** [Kc 3c 8h 6d] [3d]
*** SHOW DOWN ***
_soulwash: shows [Qc Qd] (two pair, Queens and Threes)
Mahu2021: shows [Ah Qs] (a pair of Threes)
_soulwash collected 340 from side pot
Alfonso Pepito: shows [Jh Th] (a pair of Threes)
_soulwash collected 960 from main pot
Mahu2021 finished the tournament in 2nd place
Alfonso Pepito finished the tournament in 3rd place
_soulwash wins the tournament and receives $3.00 - congratulations!
*** SUMMARY ***
Total pot 1300 Main pot 960. Side pot 340. | Rake 0 
Board [Kc 3c 8h 6d 3d]
Seat 1: Alfonso Pepito (small blind) showed [Jh Th] and lost with a pair of Threes
Seat 2: _soulwash (big blind) showed [Qc Qd] and won (1300) with two pair, Queens and Threes
Seat 3: Mahu2021 (button) showed [Ah Qs] and lost with a pair of Threes



