PokerStars Zoom Hand #255094125838:  Hold'em No Limit ($0.05/$0.10) - 2025/03/01 21:56:58 CET [2025/03/01 15:56:58 ET]
Table 'Aludra' 6-max Seat #1 is the button
Seat 1: gpap241182 ($7.15 in chips) 
Seat 2: Mahu2021 ($9.90 in chips) 
Seat 3: rlawnsdud ($24.74 in chips) 
Seat 4: yellda ($10 in chips) 
Seat 5: crytexs123 ($9.56 in chips) 
Seat 6: Crixis90 ($3.78 in chips) 
Mahu2021: posts small blind $0.05
rlawnsdud: posts big blind $0.10
*** HOLE CARDS ***
Dealt to Mahu2021 [As 8s]
yellda: folds 
crytexs123: folds 
Crixis90: calls $0.10
gpap241182: raises $0.35 to $0.45
Mahu2021: calls $0.40
rlawnsdud: folds 
Crixis90: calls $0.35
*** FLOP *** [7d 2c Ad]
Mahu2021: checks 
Crixis90: checks 
gpap241182: bets $0.80
Mahu2021: folds 
Crixis90: folds 
Uncalled bet ($0.80) returned to gpap241182
gpap241182 collected $1.38 from pot
gpap241182: doesn't show hand 
*** SUMMARY ***
Total pot $1.45 | Rake $0.07 
Board [7d 2c Ad]
Seat 1: gpap241182 (button) collected ($1.38)
Seat 2: Mahu2021 (small blind) folded on the Flop
Seat 3: rlawnsdud (big blind) folded before Flop
Seat 4: yellda folded before Flop (didn't bet)
Seat 5: crytexs123 folded before Flop (didn't bet)
Seat 6: Crixis90 folded on the Flop



PokerStars Zoom Hand #255094122759:  Hold'em No Limit ($0.05/$0.10) - 2025/03/01 21:56:42 CET [2025/03/01 15:56:42 ET]
Table 'Aludra' 6-max Seat #1 is the button
Seat 1: enry7.ice ($10.44 in chips) 
Seat 2: marcioadrs ($14.81 in chips) 
Seat 3: Mahu2021 ($10 in chips) 
Seat 4: Fpithers ($14.57 in chips) 
Seat 5: rnegraomf ($10.45 in chips) 
Seat 6: iThreeBarrel ($11.90 in chips) 
marcioadrs: posts small blind $0.05
Mahu2021: posts big blind $0.10
*** HOLE CARDS ***
Dealt to Mahu2021 [Jd 9h]
Fpithers: folds 
rnegraomf: raises $0.15 to $0.25
iThreeBarrel: calls $0.25
enry7.ice: folds 
marcioadrs: folds 
Mahu2021: folds 
*** FLOP *** [Ks 6s 2c]
rnegraomf: bets $0.20
iThreeBarrel: calls $0.20
*** TURN *** [Ks 6s 2c] [Ac]
rnegraomf: bets $0.75
iThreeBarrel: calls $0.75
*** RIVER *** [Ks 6s 2c Ac] [Qd]
rnegraomf: bets $2.44
iThreeBarrel: calls $2.44
*** SHOW DOWN ***
rnegraomf: shows [Kc Tc] (a pair of Kings)
iThreeBarrel: shows [Ad 4d] (a pair of Aces)
iThreeBarrel collected $7.10 from pot
*** SUMMARY ***
Total pot $7.43 | Rake $0.33 
Board [Ks 6s 2c Ac Qd]
Seat 1: enry7.ice (button) folded before Flop (didn't bet)
Seat 2: marcioadrs (small blind) folded before Flop
Seat 3: Mahu2021 (big blind) folded before Flop
Seat 4: Fpithers folded before Flop (didn't bet)
Seat 5: rnegraomf showed [Kc Tc] and lost with a pair of Kings
Seat 6: iThreeBarrel showed [Ad 4d] and won ($7.10) with a pair of Aces



PokerStars Zoom Hand #255094130281:  Hold'em No Limit ($0.05/$0.10) - 2025/03/01 21:57:21 CET [2025/03/01 15:57:21 ET]
Table 'Aludra' 6-max Seat #1 is the button
Seat 1: Mahu2021 ($9.45 in chips) 
Seat 2: acd_045 ($13.06 in chips) 
Seat 3: M4tt_NMVP ($10.10 in chips) 
Seat 4: marcioadrs ($12.57 in chips) 
Seat 5: Ritter00 ($5.35 in chips) 
Seat 6: dh7889 ($12.08 in chips) 
acd_045: posts small blind $0.05
M4tt_NMVP: posts big blind $0.10
*** HOLE CARDS ***
Dealt to Mahu2021 [5d 6d]
marcioadrs: folds 
Ritter00: folds 
dh7889: raises $0.10 to $0.20
Mahu2021: calls $0.20
acd_045: folds 
M4tt_NMVP: calls $0.10
*** FLOP *** [Tc 3d Qh]
M4tt_NMVP: checks 
dh7889: checks 
Mahu2021: checks 
*** TURN *** [Tc 3d Qh] [4d]
M4tt_NMVP: checks 
dh7889: checks 
Mahu2021: bets $0.62
M4tt_NMVP: folds 
dh7889: folds 
Uncalled bet ($0.62) returned to Mahu2021
Mahu2021 collected $0.62 from pot
Mahu2021: doesn't show hand 
*** SUMMARY ***
Total pot $0.65 | Rake $0.03 
Board [Tc 3d Qh 4d]
Seat 1: Mahu2021 (button) collected ($0.62)
Seat 2: acd_045 (small blind) folded before Flop
Seat 3: M4tt_NMVP (big blind) folded on the Turn
Seat 4: marcioadrs folded before Flop (didn't bet)
Seat 5: Ritter00 folded before Flop (didn't bet)
Seat 6: dh7889 folded on the Turn



PokerStars Zoom Hand #255094139074:  Hold'em No Limit ($0.05/$0.10) - 2025/03/01 21:58:06 CET [2025/03/01 15:58:06 ET]
Table 'Aludra' 6-max Seat #1 is the button
Seat 1: crytexs123 ($20.27 in chips) 
Seat 2: dh7889 ($10.32 in chips) 
Seat 3: emo114 ($21.97 in chips) 
Seat 4: Fpithers ($14.32 in chips) 
Seat 5: alanindublin ($14.76 in chips) 
Seat 6: Mahu2021 ($9.87 in chips) 
dh7889: posts small blind $0.05
emo114: posts big blind $0.10
*** HOLE CARDS ***
Dealt to Mahu2021 [8c 3s]
Fpithers: folds 
alanindublin: folds 
Mahu2021: folds 
crytexs123: raises $0.15 to $0.25
dh7889: raises $0.85 to $1.10
emo114: folds 
crytexs123: folds 
Uncalled bet ($0.85) returned to dh7889
dh7889 collected $0.60 from pot
dh7889: doesn't show hand 
*** SUMMARY ***
Total pot $0.60 | Rake $0 
Seat 1: crytexs123 (button) folded before Flop
Seat 2: dh7889 (small blind) collected ($0.60)
Seat 3: emo114 (big blind) folded before Flop
Seat 4: Fpithers folded before Flop (didn't bet)
Seat 5: alanindublin folded before Flop (didn't bet)
Seat 6: Mahu2021 folded before Flop (didn't bet)



PokerStars Zoom Hand #255094141039:  Hold'em No Limit ($0.05/$0.10) - 2025/03/01 21:58:16 CET [2025/03/01 15:58:16 ET]
Table 'Aludra' 6-max Seat #1 is the button
Seat 1: emo114 ($21.87 in chips) 
Seat 2: davowar ($6.09 in chips) 
Seat 3: Mahu2021 ($9.87 in chips) 
Seat 4: qewwqew ($10.08 in chips) 
Seat 5: MQRSK ($4.69 in chips) 
Seat 6: durugica10 ($27.33 in chips) 
davowar: posts small blind $0.05
Mahu2021: posts big blind $0.10
*** HOLE CARDS ***
Dealt to Mahu2021 [4c Qc]
qewwqew: folds 
MQRSK: folds 
durugica10: folds 
emo114: folds 
davowar: folds 
Uncalled bet ($0.05) returned to Mahu2021
Mahu2021 collected $0.10 from pot
Mahu2021: doesn't show hand 
*** SUMMARY ***
Total pot $0.10 | Rake $0 
Seat 1: emo114 (button) folded before Flop (didn't bet)
Seat 2: davowar (small blind) folded before Flop
Seat 3: Mahu2021 (big blind) collected ($0.10)
Seat 4: qewwqew folded before Flop (didn't bet)
Seat 5: MQRSK folded before Flop (didn't bet)
Seat 6: durugica10 folded before Flop (didn't bet)



PokerStars Zoom Hand #255094144054:  Hold'em No Limit ($0.05/$0.10) - 2025/03/01 21:58:32 CET [2025/03/01 15:58:32 ET]
Table 'Aludra' 6-max Seat #1 is the button
Seat 1: Mahu2021 ($9.87 in chips) 
Seat 2: overmind27 ($11.86 in chips) 
Seat 3: ProjectPokerPro ($14.87 in chips) 
Seat 4: Jajje7 ($10.05 in chips) 
Seat 5: 72orbust ($10.13 in chips) 
Seat 6: rlawnsdud ($24.59 in chips) 
overmind27: posts small blind $0.05
ProjectPokerPro: posts big blind $0.10
*** HOLE CARDS ***
Dealt to Mahu2021 [2s 5d]
Jajje7: folds 
72orbust: folds 
rlawnsdud: folds 
Mahu2021: folds 
overmind27: folds 
Uncalled bet ($0.05) returned to ProjectPokerPro
ProjectPokerPro collected $0.10 from pot
ProjectPokerPro: doesn't show hand 
*** SUMMARY ***
Total pot $0.10 | Rake $0 
Seat 1: Mahu2021 (button) folded before Flop (didn't bet)
Seat 2: overmind27 (small blind) folded before Flop
Seat 3: ProjectPokerPro (big blind) collected ($0.10)
Seat 4: Jajje7 folded before Flop (didn't bet)
Seat 5: 72orbust folded before Flop (didn't bet)
Seat 6: rlawnsdud folded before Flop (didn't bet)



PokerStars Zoom Hand #255094144784:  Hold'em No Limit ($0.05/$0.10) - 2025/03/01 21:58:36 CET [2025/03/01 15:58:36 ET]
Table 'Aludra' 6-max Seat #1 is the button
Seat 1: K1ngOfHU ($21.37 in chips) 
Seat 2: Omaha Craig ($5.16 in chips) 
Seat 3: go_vandam ($12.19 in chips) 
Seat 4: emo114 ($12.45 in chips) 
Seat 5: Mahu2021 ($9.87 in chips) 
Seat 6: overmind27 ($11.81 in chips) 
Omaha Craig: posts small blind $0.05
go_vandam: posts big blind $0.10
*** HOLE CARDS ***
Dealt to Mahu2021 [Tc 9c]
emo114: folds 
Mahu2021: raises $0.14 to $0.24
overmind27: folds 
K1ngOfHU: folds 
Omaha Craig: folds 
go_vandam: folds 
Uncalled bet ($0.14) returned to Mahu2021
Mahu2021 collected $0.25 from pot
Mahu2021: doesn't show hand 
*** SUMMARY ***
Total pot $0.25 | Rake $0 
Seat 1: K1ngOfHU (button) folded before Flop (didn't bet)
Seat 2: Omaha Craig (small blind) folded before Flop
Seat 3: go_vandam (big blind) folded before Flop
Seat 4: emo114 folded before Flop (didn't bet)
Seat 5: Mahu2021 collected ($0.25)
Seat 6: overmind27 folded before Flop (didn't bet)



PokerStars Zoom Hand #255094139810:  Hold'em No Limit ($0.05/$0.10) - 2025/03/01 21:58:10 CET [2025/03/01 15:58:10 ET]
Table 'Aludra' 6-max Seat #1 is the button
Seat 1: sonyks2007 ($8.98 in chips) 
Seat 2: Last70 ($11.27 in chips) 
Seat 3: acd_045 ($13.29 in chips) 
Seat 4: rnegraomf ($10 in chips) 
Seat 5: Mahu2021 ($9.87 in chips) 
Seat 6: ProjectPokerPro ($10 in chips) 
Last70: posts small blind $0.05
acd_045: posts big blind $0.10
*** HOLE CARDS ***
Dealt to Mahu2021 [7s 4h]
rnegraomf: folds 
Mahu2021: folds 
ProjectPokerPro: raises $0.13 to $0.23
sonyks2007: folds 
Last70: folds 
acd_045: calls $0.13
*** FLOP *** [5c 4s 3s]
rnegraomf is disconnected 
acd_045: bets $0.15
ProjectPokerPro: calls $0.15
*** TURN *** [5c 4s 3s] [Qc]
acd_045: bets $0.23
ProjectPokerPro: calls $0.23
*** RIVER *** [5c 4s 3s Qc] [5h]
acd_045: bets $0.36
ProjectPokerPro: calls $0.36
*** SHOW DOWN ***
acd_045: shows [6d 6h] (two pair, Sixes and Fives)
ProjectPokerPro: shows [Jh Jc] (two pair, Jacks and Fives)
ProjectPokerPro collected $1.90 from pot
*** SUMMARY ***
Total pot $1.99 | Rake $0.09 
Board [5c 4s 3s Qc 5h]
Seat 1: sonyks2007 (button) folded before Flop (didn't bet)
Seat 2: Last70 (small blind) folded before Flop
Seat 3: acd_045 (big blind) showed [6d 6h] and lost with two pair, Sixes and Fives
Seat 4: rnegraomf folded before Flop (didn't bet)
Seat 5: Mahu2021 folded before Flop (didn't bet)
Seat 6: ProjectPokerPro showed [Jh Jc] and won ($1.90) with two pair, Jacks and Fives



PokerStars Zoom Hand #255094149091:  Hold'em No Limit ($0.05/$0.10) - 2025/03/01 21:58:58 CET [2025/03/01 15:58:58 ET]
Table 'Aludra' 6-max Seat #1 is the button
Seat 1: M4tt_NMVP ($9.90 in chips) 
Seat 2: Al Fr€d 69 ($11.75 in chips) 
Seat 3: Mahu2021 ($10.02 in chips) 
Seat 4: Zutuzutu_90 ($9.53 in chips) 
Seat 5: yellda ($10 in chips) 
Seat 6: qewwqew ($9.60 in chips) 
Al Fr€d 69: posts small blind $0.05
Mahu2021: posts big blind $0.10
*** HOLE CARDS ***
Dealt to Mahu2021 [3c Qs]
Zutuzutu_90: folds 
yellda: raises $0.10 to $0.20
qewwqew: folds 
M4tt_NMVP: folds 
Al Fr€d 69: folds 
Mahu2021: folds 
Uncalled bet ($0.10) returned to yellda
yellda collected $0.25 from pot
yellda: doesn't show hand 
*** SUMMARY ***
Total pot $0.25 | Rake $0 
Seat 1: M4tt_NMVP (button) folded before Flop (didn't bet)
Seat 2: Al Fr€d 69 (small blind) folded before Flop
Seat 3: Mahu2021 (big blind) folded before Flop
Seat 4: Zutuzutu_90 folded before Flop (didn't bet)
Seat 5: yellda collected ($0.25)
Seat 6: qewwqew folded before Flop (didn't bet)



PokerStars Zoom Hand #255094143233:  Hold'em No Limit ($0.05/$0.10) - 2025/03/01 21:58:28 CET [2025/03/01 15:58:28 ET]
Table 'Aludra' 6-max Seat #1 is the button
Seat 1: MoonshineElf ($10 in chips) 
Seat 2: Mahu2021 ($9.92 in chips) 
Seat 3: dozage86 ($8.96 in chips) 
Seat 4: SAVKA71 ($17.67 in chips) 
Seat 5: darchas ($10 in chips) 
Seat 6: sur_d_yan ($4.43 in chips) 
Mahu2021: posts small blind $0.05
dozage86: posts big blind $0.10
*** HOLE CARDS ***
Dealt to Mahu2021 [4h 7h]
SAVKA71: folds 
darchas: folds 
sur_d_yan: folds 
MoonshineElf is disconnected 
MoonshineElf has timed out while disconnected
MoonshineElf: folds 
Mahu2021: folds 
Uncalled bet ($0.05) returned to dozage86
dozage86 collected $0.10 from pot
dozage86: doesn't show hand 
*** SUMMARY ***
Total pot $0.10 | Rake $0 
Seat 1: MoonshineElf (button) folded before Flop (didn't bet)
Seat 2: Mahu2021 (small blind) folded before Flop
Seat 3: dozage86 (big blind) collected ($0.10)
Seat 4: SAVKA71 folded before Flop (didn't bet)
Seat 5: darchas folded before Flop (didn't bet)
Seat 6: sur_d_yan folded before Flop (didn't bet)



PokerStars Zoom Hand #255094147137:  Hold'em No Limit ($0.05/$0.10) - 2025/03/01 21:58:48 CET [2025/03/01 15:58:48 ET]
Table 'Aludra' 6-max Seat #1 is the button
Seat 1: theacesofdeath ($24.57 in chips) 
Seat 2: iThreeBarrel ($15.59 in chips) 
Seat 3: kong121291 ($6.39 in chips) 
Seat 4: K1ngOfHU ($21.37 in chips) 
Seat 5: HyperBete ($9.50 in chips) 
Seat 6: Mahu2021 ($10.02 in chips) 
iThreeBarrel: posts small blind $0.05
kong121291: posts big blind $0.10
*** HOLE CARDS ***
Dealt to Mahu2021 [3h Ad]
K1ngOfHU: folds 
HyperBete: folds 
Mahu2021: folds 
theacesofdeath: raises $0.20 to $0.30
iThreeBarrel: folds 
kong121291 is disconnected 
kong121291 has timed out while disconnected
kong121291: folds 
Uncalled bet ($0.20) returned to theacesofdeath
theacesofdeath collected $0.25 from pot
theacesofdeath: doesn't show hand 
*** SUMMARY ***
Total pot $0.25 | Rake $0 
Seat 1: theacesofdeath (button) collected ($0.25)
Seat 2: iThreeBarrel (small blind) folded before Flop
Seat 3: kong121291 (big blind) folded before Flop
Seat 4: K1ngOfHU folded before Flop (didn't bet)
Seat 5: HyperBete folded before Flop (didn't bet)
Seat 6: Mahu2021 folded before Flop (didn't bet)



PokerStars Zoom Hand #255094151248:  Hold'em No Limit ($0.05/$0.10) - 2025/03/01 21:59:09 CET [2025/03/01 15:59:09 ET]
Table 'Aludra' 6-max Seat #1 is the button
Seat 1: Mahu2021 ($9.92 in chips) 
Seat 2: qewwqew ($10.36 in chips) 
Seat 3: Jajje7 ($10.15 in chips) 
Seat 4: dh7889 ($12.27 in chips) 
Seat 5: fargofargo ($16.30 in chips) 
Seat 6: overmind27 ($10 in chips) 
qewwqew: posts small blind $0.05
Jajje7: posts big blind $0.10
*** HOLE CARDS ***
Dealt to Mahu2021 [5h 4d]
dh7889: folds 
fargofargo: folds 
overmind27: folds 
Mahu2021: folds 
qewwqew: raises $0.25 to $0.35
Jajje7: folds 
Uncalled bet ($0.25) returned to qewwqew
qewwqew collected $0.20 from pot
qewwqew: doesn't show hand 
*** SUMMARY ***
Total pot $0.20 | Rake $0 
Seat 1: Mahu2021 (button) folded before Flop (didn't bet)
Seat 2: qewwqew (small blind) collected ($0.20)
Seat 3: Jajje7 (big blind) folded before Flop
Seat 4: dh7889 folded before Flop (didn't bet)
Seat 5: fargofargo folded before Flop (didn't bet)
Seat 6: overmind27 folded before Flop (didn't bet)



PokerStars Zoom Hand #255094153105:  Hold'em No Limit ($0.05/$0.10) - 2025/03/01 21:59:19 CET [2025/03/01 15:59:19 ET]
Table 'Aludra' 6-max Seat #1 is the button
Seat 1: dh7889 ($10 in chips) 
Seat 2: Mahu2021 ($9.92 in chips) 
Seat 3: teleco185 ($10 in chips) 
Seat 4: Zutuzutu_90 ($9.43 in chips) 
Seat 5: overmind27 ($10 in chips) 
Seat 6: acd_045 ($12.27 in chips) 
Mahu2021: posts small blind $0.05
teleco185: posts big blind $0.10
*** HOLE CARDS ***
Dealt to Mahu2021 [Qs 4h]
Zutuzutu_90: folds 
overmind27: folds 
acd_045: folds 
dh7889: folds 
Mahu2021: folds 
Uncalled bet ($0.05) returned to teleco185
teleco185 collected $0.10 from pot
teleco185: doesn't show hand 
*** SUMMARY ***
Total pot $0.10 | Rake $0 
Seat 1: dh7889 (button) folded before Flop (didn't bet)
Seat 2: Mahu2021 (small blind) folded before Flop
Seat 3: teleco185 (big blind) collected ($0.10)
Seat 4: Zutuzutu_90 folded before Flop (didn't bet)
Seat 5: overmind27 folded before Flop (didn't bet)
Seat 6: acd_045 folded before Flop (didn't bet)



PokerStars Zoom Hand #255094150224:  Hold'em No Limit ($0.05/$0.10) - 2025/03/01 21:59:04 CET [2025/03/01 15:59:04 ET]
Table 'Aludra' 6-max Seat #1 is the button
Seat 1: HakuBD ($11.22 in chips) 
Seat 2: darchas ($10.27 in chips) 
Seat 3: Last70 ($17.98 in chips) 
Seat 4: Mahu2021 ($9.92 in chips) 
Seat 5: enry7.ice ($13.73 in chips) 
Seat 6: M4tt_NMVP ($9.90 in chips) 
darchas: posts small blind $0.05
Last70: posts big blind $0.10
*** HOLE CARDS ***
Dealt to Mahu2021 [7c Ks]
Mahu2021: folds 
enry7.ice: raises $0.15 to $0.25
M4tt_NMVP: raises $0.55 to $0.80
HakuBD: folds 
darchas: folds 
Last70: folds 
enry7.ice: folds 
Uncalled bet ($0.55) returned to M4tt_NMVP
M4tt_NMVP collected $0.65 from pot
M4tt_NMVP: doesn't show hand 
*** SUMMARY ***
Total pot $0.65 | Rake $0 
Seat 1: HakuBD (button) folded before Flop (didn't bet)
Seat 2: darchas (small blind) folded before Flop
Seat 3: Last70 (big blind) folded before Flop
Seat 4: Mahu2021 folded before Flop (didn't bet)
Seat 5: enry7.ice folded before Flop
Seat 6: M4tt_NMVP collected ($0.65)



PokerStars Zoom Hand #255094148250:  Hold'em No Limit ($0.05/$0.10) - 2025/03/01 21:58:54 CET [2025/03/01 15:58:54 ET]
Table 'Aludra' 6-max Seat #1 is the button
Seat 1: Rezzotto0208 ($11.43 in chips) 
Seat 2: crytexs123 ($19.92 in chips) 
Seat 3: overmind27 ($12.47 in chips) 
Seat 4: Mahu2021 ($10.02 in chips) 
Seat 5: iThreeBarrel ($15.54 in chips) 
Seat 6: enry7.ice ($13.73 in chips) 
crytexs123: posts small blind $0.05
overmind27: posts big blind $0.10
*** HOLE CARDS ***
Dealt to Mahu2021 [4h Jc]
Mahu2021: folds 
iThreeBarrel: folds 
enry7.ice: folds 
Rezzotto0208: raises $0.20 to $0.30
crytexs123: raises $0.90 to $1.20
overmind27: folds 
Rezzotto0208: calls $0.90
*** FLOP *** [5d 6c Js]
crytexs123: checks 
Rezzotto0208: checks 
*** TURN *** [5d 6c Js] [7d]
crytexs123: checks 
Rezzotto0208: bets $0.50
crytexs123: folds 
Uncalled bet ($0.50) returned to Rezzotto0208
Rezzotto0208 collected $2.39 from pot
Rezzotto0208: doesn't show hand 
*** SUMMARY ***
Total pot $2.50 | Rake $0.11 
Board [5d 6c Js 7d]
Seat 1: Rezzotto0208 (button) collected ($2.39)
Seat 2: crytexs123 (small blind) folded on the Turn
Seat 3: overmind27 (big blind) folded before Flop
Seat 4: Mahu2021 folded before Flop (didn't bet)
Seat 5: iThreeBarrel folded before Flop (didn't bet)
Seat 6: enry7.ice folded before Flop (didn't bet)



PokerStars Zoom Hand #255094157682:  Hold'em No Limit ($0.05/$0.10) - 2025/03/01 21:59:42 CET [2025/03/01 15:59:42 ET]
Table 'Aludra' 6-max Seat #1 is the button
Seat 1: Jajje7 ($10.93 in chips) 
Seat 2: crytexs123 ($21.49 in chips) 
Seat 3: ChoboPower ($16.05 in chips) 
Seat 4: sur_d_yan ($4.28 in chips) 
Seat 5: emo114 ($10.86 in chips) 
Seat 6: Mahu2021 ($9.77 in chips) 
crytexs123: posts small blind $0.05
ChoboPower: posts big blind $0.10
*** HOLE CARDS ***
Dealt to Mahu2021 [Ad Qd]
sur_d_yan: folds 
emo114: folds 
Mahu2021: raises $0.14 to $0.24
Jajje7: folds 
crytexs123: folds 
ChoboPower: folds 
Uncalled bet ($0.14) returned to Mahu2021
Mahu2021 collected $0.25 from pot
Mahu2021: doesn't show hand 
*** SUMMARY ***
Total pot $0.25 | Rake $0 
Seat 1: Jajje7 (button) folded before Flop (didn't bet)
Seat 2: crytexs123 (small blind) folded before Flop
Seat 3: ChoboPower (big blind) folded before Flop
Seat 4: sur_d_yan folded before Flop (didn't bet)
Seat 5: emo114 folded before Flop (didn't bet)
Seat 6: Mahu2021 collected ($0.25)



PokerStars Zoom Hand #255094162155:  Hold'em No Limit ($0.05/$0.10) - 2025/03/01 22:00:05 CET [2025/03/01 16:00:05 ET]
Table 'Aludra' 6-max Seat #1 is the button
Seat 1: vyaan65 ($12.06 in chips) 
Seat 2: Leytonflush ($13.86 in chips) 
Seat 3: emo114 ($21.08 in chips) 
Seat 4: Mahu2021 ($9.92 in chips) 
Seat 5: gpap241182 ($7.78 in chips) 
Seat 6: Jajje7 ($12.22 in chips) 
Leytonflush: posts small blind $0.05
emo114: posts big blind $0.10
*** HOLE CARDS ***
Dealt to Mahu2021 [7c 9d]
Mahu2021: folds 
gpap241182: folds 
Jajje7: folds 
vyaan65: folds 
Leytonflush: folds 
Uncalled bet ($0.05) returned to emo114
emo114 collected $0.10 from pot
emo114: doesn't show hand 
*** SUMMARY ***
Total pot $0.10 | Rake $0 
Seat 1: vyaan65 (button) folded before Flop (didn't bet)
Seat 2: Leytonflush (small blind) folded before Flop
Seat 3: emo114 (big blind) collected ($0.10)
Seat 4: Mahu2021 folded before Flop (didn't bet)
Seat 5: gpap241182 folded before Flop (didn't bet)
Seat 6: Jajje7 folded before Flop (didn't bet)



PokerStars Zoom Hand #255094163129:  Hold'em No Limit ($0.05/$0.10) - 2025/03/01 22:00:10 CET [2025/03/01 16:00:10 ET]
Table 'Aludra' 6-max Seat #1 is the button
Seat 1: Hopewar ($21.27 in chips) 
Seat 2: Mahu2021 ($9.92 in chips) 
Seat 3: overmind27 ($10 in chips) 
Seat 4: enry7.ice ($10.10 in chips) 
Seat 5: shabaBOBO ($15.14 in chips) 
Seat 6: sonyks2007 ($10 in chips) 
Mahu2021: posts small blind $0.05
overmind27: posts big blind $0.10
*** HOLE CARDS ***
Dealt to Mahu2021 [8d 7c]
enry7.ice: folds 
shabaBOBO: folds 
sonyks2007: folds 
Hopewar: folds 
Mahu2021: folds 
Uncalled bet ($0.05) returned to overmind27
overmind27 collected $0.10 from pot
overmind27: doesn't show hand 
*** SUMMARY ***
Total pot $0.10 | Rake $0 
Seat 1: Hopewar (button) folded before Flop (didn't bet)
Seat 2: Mahu2021 (small blind) folded before Flop
Seat 3: overmind27 (big blind) collected ($0.10)
Seat 4: enry7.ice folded before Flop (didn't bet)
Seat 5: shabaBOBO folded before Flop (didn't bet)
Seat 6: sonyks2007 folded before Flop (didn't bet)



PokerStars Zoom Hand #255094161206:  Hold'em No Limit ($0.05/$0.10) - 2025/03/01 22:00:00 CET [2025/03/01 16:00:00 ET]
Table 'Aludra' 6-max Seat #1 is the button
Seat 1: crytexs123 ($18.72 in chips) 
Seat 2: teleco185 ($10.20 in chips) 
Seat 3: qewwqew ($10.46 in chips) 
Seat 4: marcioadrs ($13.17 in chips) 
Seat 5: Mahu2021 ($9.92 in chips) 
Seat 6: Sinan123488 ($34.87 in chips) 
teleco185: posts small blind $0.05
qewwqew: posts big blind $0.10
*** HOLE CARDS ***
Dealt to Mahu2021 [6s Jh]
marcioadrs: folds 
Mahu2021: folds 
Sinan123488: folds 
crytexs123: folds 
teleco185: raises $10.10 to $10.20 and is all-in
qewwqew: folds 
Uncalled bet ($10.10) returned to teleco185
teleco185 collected $0.20 from pot
teleco185: doesn't show hand 
*** SUMMARY ***
Total pot $0.20 | Rake $0 
Seat 1: crytexs123 (button) folded before Flop (didn't bet)
Seat 2: teleco185 (small blind) collected ($0.20)
Seat 3: qewwqew (big blind) folded before Flop
Seat 4: marcioadrs folded before Flop (didn't bet)
Seat 5: Mahu2021 folded before Flop (didn't bet)
Seat 6: Sinan123488 folded before Flop (didn't bet)



PokerStars Zoom Hand #255094153880:  Hold'em No Limit ($0.05/$0.10) - 2025/03/01 21:59:23 CET [2025/03/01 15:59:23 ET]
Table 'Aludra' 6-max Seat #1 is the button
Seat 1: Anesme1 ($9.99 in chips) 
Seat 2: yellda ($10 in chips) 
Seat 3: Mahu2021 ($9.87 in chips) 
Seat 4: DimiG753 ($11.80 in chips) 
Seat 5: sonyks2007 ($8.48 in chips) 
Seat 6: K1ngOfHU ($21.14 in chips) 
yellda: posts small blind $0.05
Mahu2021: posts big blind $0.10
*** HOLE CARDS ***
Dealt to Mahu2021 [Jd 9c]
DimiG753: folds 
sonyks2007: folds 
K1ngOfHU: raises $0.20 to $0.30
Anesme1: calls $0.30
yellda: folds 
Mahu2021: folds 
*** FLOP *** [Th Js Qs]
K1ngOfHU: checks 
Anesme1: bets $0.36
K1ngOfHU: calls $0.36
*** TURN *** [Th Js Qs] [Jh]
K1ngOfHU: checks 
Anesme1: checks 
*** RIVER *** [Th Js Qs Jh] [5c]
K1ngOfHU: checks 
Anesme1: bets $0.40
K1ngOfHU: folds 
Uncalled bet ($0.40) returned to Anesme1
Anesme1 collected $1.40 from pot
Anesme1: doesn't show hand 
*** SUMMARY ***
Total pot $1.47 | Rake $0.07 
Board [Th Js Qs Jh 5c]
Seat 1: Anesme1 (button) collected ($1.40)
Seat 2: yellda (small blind) folded before Flop
Seat 3: Mahu2021 (big blind) folded before Flop
Seat 4: DimiG753 folded before Flop (didn't bet)
Seat 5: sonyks2007 folded before Flop (didn't bet)
Seat 6: K1ngOfHU folded on the River



PokerStars Zoom Hand #255094165581:  Hold'em No Limit ($0.05/$0.10) - 2025/03/01 22:00:22 CET [2025/03/01 16:00:22 ET]
Table 'Aludra' 6-max Seat #1 is the button
Seat 1: yellda ($15.34 in chips) 
Seat 2: JonKing75 ($10.53 in chips) 
Seat 3: lubo11wild ($9.95 in chips) 
Seat 4: Last70 ($24.30 in chips) 
Seat 5: Mahu2021 ($9.87 in chips) 
Seat 6: I'm _The _Groke ($12.20 in chips) 
JonKing75: posts small blind $0.05
lubo11wild: posts big blind $0.10
*** HOLE CARDS ***
Dealt to Mahu2021 [Qs 8c]
Last70: folds 
Mahu2021: folds 
I'm _The _Groke: folds 
yellda: folds 
JonKing75: folds 
Uncalled bet ($0.05) returned to lubo11wild
lubo11wild collected $0.10 from pot
lubo11wild: doesn't show hand 
*** SUMMARY ***
Total pot $0.10 | Rake $0 
Seat 1: yellda (button) folded before Flop (didn't bet)
Seat 2: JonKing75 (small blind) folded before Flop
Seat 3: lubo11wild (big blind) collected ($0.10)
Seat 4: Last70 folded before Flop (didn't bet)
Seat 5: Mahu2021 folded before Flop (didn't bet)
Seat 6: I'm _The _Groke folded before Flop (didn't bet)



PokerStars Zoom Hand #255094164887:  Hold'em No Limit ($0.05/$0.10) - 2025/03/01 22:00:19 CET [2025/03/01 16:00:19 ET]
Table 'Aludra' 6-max Seat #1 is the button
Seat 1: TilTheEnd982 ($28.52 in chips) 
Seat 2: acd_045 ($22.86 in chips) 
Seat 3: anakondo87 ($12.08 in chips) 
Seat 4: darchas ($12.26 in chips) 
Seat 5: JD 2266 E ($12.03 in chips) 
Seat 6: Mahu2021 ($9.87 in chips) 
acd_045: posts small blind $0.05
anakondo87: posts big blind $0.10
*** HOLE CARDS ***
Dealt to Mahu2021 [5d 2d]
darchas: folds 
JD 2266 E: folds 
Mahu2021: folds 
TilTheEnd982: raises $0.15 to $0.25
acd_045: folds 
anakondo87: calls $0.15
*** FLOP *** [Jh Qs 4s]
anakondo87: checks 
TilTheEnd982: bets $0.32
anakondo87: calls $0.32
*** TURN *** [Jh Qs 4s] [8c]
anakondo87: checks 
TilTheEnd982: checks 
*** RIVER *** [Jh Qs 4s 8c] [Ts]
anakondo87: checks 
TilTheEnd982: checks 
*** SHOW DOWN ***
anakondo87: shows [9s Qd] (a straight, Eight to Queen)
TilTheEnd982: mucks hand 
anakondo87 collected $1.13 from pot
*** SUMMARY ***
Total pot $1.19 | Rake $0.06 
Board [Jh Qs 4s 8c Ts]
Seat 1: TilTheEnd982 (button) mucked [7c 7s]
Seat 2: acd_045 (small blind) folded before Flop
Seat 3: anakondo87 (big blind) showed [9s Qd] and won ($1.13) with a straight, Eight to Queen
Seat 4: darchas folded before Flop (didn't bet)
Seat 5: JD 2266 E folded before Flop (didn't bet)
Seat 6: Mahu2021 folded before Flop (didn't bet)



PokerStars Zoom Hand #255094163765:  Hold'em No Limit ($0.05/$0.10) - 2025/03/01 22:00:13 CET [2025/03/01 16:00:13 ET]
Table 'Aludra' 6-max Seat #1 is the button
Seat 1: gareth76 ($3.09 in chips) 
Seat 2: K1ngOfHU ($10.06 in chips) 
Seat 3: enry7.ice ($10.10 in chips) 
Seat 4: gpap241182 ($7.78 in chips) 
Seat 5: Mahu2021 ($9.87 in chips) 
Seat 6: Leytonflush ($13.81 in chips) 
K1ngOfHU: posts small blind $0.05
enry7.ice: posts big blind $0.10
*** HOLE CARDS ***
Dealt to Mahu2021 [Qh 3c]
gpap241182: raises $0.30 to $0.40
Mahu2021: folds 
Leytonflush: folds 
gareth76: raises $2.60 to $3
K1ngOfHU: folds 
enry7.ice: folds 
gpap241182: raises $4.78 to $7.78 and is all-in
gareth76: calls $0.09 and is all-in
Uncalled bet ($4.69) returned to gpap241182
*** FLOP *** [4d 7s 4c]
*** TURN *** [4d 7s 4c] [Jd]
*** RIVER *** [4d 7s 4c Jd] [6h]
*** SHOW DOWN ***
gpap241182: shows [5d 5h] (two pair, Fives and Fours)
gareth76: shows [Ks Ah] (a pair of Fours)
gpap241182 collected $6.05 from pot
*** SUMMARY ***
Total pot $6.33 | Rake $0.28 
Board [4d 7s 4c Jd 6h]
Seat 1: gareth76 (button) showed [Ks Ah] and lost with a pair of Fours
Seat 2: K1ngOfHU (small blind) folded before Flop
Seat 3: enry7.ice (big blind) folded before Flop
Seat 4: gpap241182 showed [5d 5h] and won ($6.05) with two pair, Fives and Fours
Seat 5: Mahu2021 folded before Flop (didn't bet)
Seat 6: Leytonflush folded before Flop (didn't bet)



PokerStars Zoom Hand #255094169251:  Hold'em No Limit ($0.05/$0.10) - 2025/03/01 22:00:40 CET [2025/03/01 16:00:40 ET]
Table 'Aludra' 6-max Seat #1 is the button
Seat 1: 72orbust ($10.10 in chips) 
Seat 2: vyaan65 ($11.96 in chips) 
Seat 3: 65446418 ($6.75 in chips) 
Seat 4: dozage86 ($8.98 in chips) 
Seat 5: Jajje7 ($12.07 in chips) 
Seat 6: Mahu2021 ($9.77 in chips) 
vyaan65: posts small blind $0.05
65446418: posts big blind $0.10
*** HOLE CARDS ***
Dealt to Mahu2021 [8s Js]
dozage86: folds 
Jajje7: folds 
Mahu2021: raises $0.14 to $0.24
72orbust: folds 
vyaan65: folds 
65446418: folds 
Uncalled bet ($0.14) returned to Mahu2021
Mahu2021 collected $0.25 from pot
Mahu2021: doesn't show hand 
*** SUMMARY ***
Total pot $0.25 | Rake $0 
Seat 1: 72orbust (button) folded before Flop (didn't bet)
Seat 2: vyaan65 (small blind) folded before Flop
Seat 3: 65446418 (big blind) folded before Flop
Seat 4: dozage86 folded before Flop (didn't bet)
Seat 5: Jajje7 folded before Flop (didn't bet)
Seat 6: Mahu2021 collected ($0.25)



PokerStars Zoom Hand #255094168207:  Hold'em No Limit ($0.05/$0.10) - 2025/03/01 22:00:35 CET [2025/03/01 16:00:35 ET]
Table 'Aludra' 6-max Seat #1 is the button
Seat 1: vyaan65 ($11.96 in chips) 
Seat 2: acd_045 ($18.10 in chips) 
Seat 3: karabatici ($4.49 in chips) 
Seat 4: Mahu2021 ($9.77 in chips) 
Seat 5: dh7889 ($10.15 in chips) 
Seat 6: qewwqew ($9.35 in chips) 
acd_045: posts small blind $0.05
karabatici: posts big blind $0.10
*** HOLE CARDS ***
Dealt to Mahu2021 [3s 6d]
Mahu2021: folds 
dh7889: folds 
qewwqew: raises $0.15 to $0.25
vyaan65: folds 
acd_045: folds 
karabatici: calls $0.15
*** FLOP *** [4d Jc Th]
karabatici: checks 
qewwqew: bets $0.17
karabatici: folds 
Uncalled bet ($0.17) returned to qewwqew
qewwqew collected $0.53 from pot
qewwqew: doesn't show hand 
*** SUMMARY ***
Total pot $0.55 | Rake $0.02 
Board [4d Jc Th]
Seat 1: vyaan65 (button) folded before Flop (didn't bet)
Seat 2: acd_045 (small blind) folded before Flop
Seat 3: karabatici (big blind) folded on the Flop
Seat 4: Mahu2021 folded before Flop (didn't bet)
Seat 5: dh7889 folded before Flop (didn't bet)
Seat 6: qewwqew collected ($0.53)



PokerStars Zoom Hand #255094172999:  Hold'em No Limit ($0.05/$0.10) - 2025/03/01 22:00:57 CET [2025/03/01 16:00:57 ET]
Table 'Aludra' 6-max Seat #1 is the button
Seat 1: Ritter00 ($7.68 in chips) 
Seat 2: Mahu2021 ($9.92 in chips) 
Seat 3: teda010668 ($8.20 in chips) 
Seat 4: qewwqew ($9.63 in chips) 
Seat 5: Relaxing616 ($13.33 in chips) 
Seat 6: 65446418 ($6.65 in chips) 
Mahu2021: posts small blind $0.05
teda010668: posts big blind $0.10
*** HOLE CARDS ***
Dealt to Mahu2021 [Qs 2c]
qewwqew: folds 
Relaxing616: folds 
65446418: folds 
Ritter00: folds 
Mahu2021: folds 
Uncalled bet ($0.05) returned to teda010668
teda010668 collected $0.10 from pot
teda010668: doesn't show hand 
*** SUMMARY ***
Total pot $0.10 | Rake $0 
Seat 1: Ritter00 (button) folded before Flop (didn't bet)
Seat 2: Mahu2021 (small blind) folded before Flop
Seat 3: teda010668 (big blind) collected ($0.10)
Seat 4: qewwqew folded before Flop (didn't bet)
Seat 5: Relaxing616 folded before Flop (didn't bet)
Seat 6: 65446418 folded before Flop (didn't bet)



PokerStars Zoom Hand #255094164210:  Hold'em No Limit ($0.05/$0.10) - 2025/03/01 22:00:15 CET [2025/03/01 16:00:15 ET]
Table 'Aludra' 6-max Seat #1 is the button
Seat 1: Mahu2021 ($9.87 in chips) 
Seat 2: Ritter00 ($7.73 in chips) 
Seat 3: sonyks2007 ($10 in chips) 
Seat 4: Jajje7 ($11.89 in chips) 
Seat 5: km1883 ($18.31 in chips) 
Seat 6: Rezzotto0208 ($42.77 in chips) 
Ritter00: posts small blind $0.05
sonyks2007: posts big blind $0.10
*** HOLE CARDS ***
Dealt to Mahu2021 [8c 2d]
Jajje7: raises $0.10 to $0.20
km1883: folds 
Rezzotto0208: calls $0.20
Mahu2021: folds 
Ritter00: folds 
sonyks2007: folds 
*** FLOP *** [Ts 7h 2c]
Jajje7: bets $0.17
Rezzotto0208: calls $0.17
*** TURN *** [Ts 7h 2c] [2h]
Jajje7: checks 
Rezzotto0208: checks 
*** RIVER *** [Ts 7h 2c 2h] [Jc]
Jajje7: bets $0.55
Rezzotto0208: folds 
Uncalled bet ($0.55) returned to Jajje7
Jajje7 collected $0.85 from pot
Jajje7: doesn't show hand 
*** SUMMARY ***
Total pot $0.89 | Rake $0.04 
Board [Ts 7h 2c 2h Jc]
Seat 1: Mahu2021 (button) folded before Flop (didn't bet)
Seat 2: Ritter00 (small blind) folded before Flop
Seat 3: sonyks2007 (big blind) folded before Flop
Seat 4: Jajje7 collected ($0.85)
Seat 5: km1883 folded before Flop (didn't bet)
Seat 6: Rezzotto0208 folded on the River



PokerStars Zoom Hand #255094174137:  Hold'em No Limit ($0.05/$0.10) - 2025/03/01 22:01:02 CET [2025/03/01 16:01:02 ET]
Table 'Aludra' 6-max Seat #1 is the button
Seat 1: Mahu2021 ($9.87 in chips) 
Seat 2: Relaxing616 ($13.33 in chips) 
Seat 3: enry7.ice ($13.13 in chips) 
Seat 4: Zutuzutu_90 ($12.46 in chips) 
Seat 5: Ritter00 ($7.68 in chips) 
Seat 6: ProjectPokerPro ($11.40 in chips) 
Relaxing616: posts small blind $0.05
enry7.ice: posts big blind $0.10
*** HOLE CARDS ***
Dealt to Mahu2021 [Jc Qd]
Zutuzutu_90: folds 
Ritter00: folds 
ProjectPokerPro: folds 
Mahu2021: raises $0.20 to $0.30
Relaxing616: folds 
enry7.ice: folds 
Uncalled bet ($0.20) returned to Mahu2021
Mahu2021 collected $0.25 from pot
Mahu2021: doesn't show hand 
*** SUMMARY ***
Total pot $0.25 | Rake $0 
Seat 1: Mahu2021 (button) collected ($0.25)
Seat 2: Relaxing616 (small blind) folded before Flop
Seat 3: enry7.ice (big blind) folded before Flop
Seat 4: Zutuzutu_90 folded before Flop (didn't bet)
Seat 5: Ritter00 folded before Flop (didn't bet)
Seat 6: ProjectPokerPro folded before Flop (didn't bet)



PokerStars Zoom Hand #255094166313:  Hold'em No Limit ($0.05/$0.10) - 2025/03/01 22:00:26 CET [2025/03/01 16:00:26 ET]
Table 'Aludra' 6-max Seat #1 is the button
Seat 1: sur_d_yan ($4.43 in chips) 
Seat 2: dozage86 ($9.13 in chips) 
Seat 3: Mahu2021 ($9.87 in chips) 
Seat 4: I'm _The _Groke ($12.20 in chips) 
Seat 5: BigfootWwa ($10 in chips) 
Seat 6: M4tt_NMVP ($11.58 in chips) 
dozage86: posts small blind $0.05
Mahu2021: posts big blind $0.10
*** HOLE CARDS ***
Dealt to Mahu2021 [9h 2d]
I'm _The _Groke: folds 
BigfootWwa: folds 
M4tt_NMVP: raises $0.15 to $0.25
sur_d_yan: calls $0.25
dozage86: folds 
Mahu2021: folds 
*** FLOP *** [Ts 5h 3s]
M4tt_NMVP: checks 
sur_d_yan: bets $0.31
M4tt_NMVP: calls $0.31
*** TURN *** [Ts 5h 3s] [Td]
M4tt_NMVP: checks 
sur_d_yan: bets $0.80
M4tt_NMVP: calls $0.80
*** RIVER *** [Ts 5h 3s Td] [5d]
M4tt_NMVP: checks 
sur_d_yan: bets $1.40
M4tt_NMVP: folds 
Uncalled bet ($1.40) returned to sur_d_yan
sur_d_yan collected $2.74 from pot
sur_d_yan: doesn't show hand 
*** SUMMARY ***
Total pot $2.87 | Rake $0.13 
Board [Ts 5h 3s Td 5d]
Seat 1: sur_d_yan (button) collected ($2.74)
Seat 2: dozage86 (small blind) folded before Flop
Seat 3: Mahu2021 (big blind) folded before Flop
Seat 4: I'm _The _Groke folded before Flop (didn't bet)
Seat 5: BigfootWwa folded before Flop (didn't bet)
Seat 6: M4tt_NMVP folded on the River



PokerStars Zoom Hand #255094176630:  Hold'em No Limit ($0.05/$0.10) - 2025/03/01 22:01:12 CET [2025/03/01 16:01:12 ET]
Table 'Aludra' 6-max Seat #1 is the button
Seat 1: pokeripuikko ($20.96 in chips) 
Seat 2: overmind27 ($11.46 in chips) 
Seat 3: Mahu2021 ($10.02 in chips) 
Seat 4: Crixis90 ($4.25 in chips) 
Seat 5: sonyks2007 ($9.80 in chips) 
Seat 6: pokersenis ($26.34 in chips) 
overmind27: posts small blind $0.05
Mahu2021: posts big blind $0.10
*** HOLE CARDS ***
Dealt to Mahu2021 [9c Kh]
Crixis90: calls $0.10
sonyks2007: folds 
pokersenis: raises $0.20 to $0.30
pokeripuikko: folds 
overmind27: folds 
Mahu2021: calls $0.20
Crixis90: calls $0.20
*** FLOP *** [Ad 9d 8h]
Mahu2021: checks 
Crixis90: checks 
pokersenis: checks 
*** TURN *** [Ad 9d 8h] [8c]
Mahu2021: bets $0.30
Crixis90: calls $0.30
pokersenis: folds 
*** RIVER *** [Ad 9d 8h 8c] [Qh]
Mahu2021: checks 
Crixis90: checks 
*** SHOW DOWN ***
Mahu2021: shows [9c Kh] (two pair, Nines and Eights)
Crixis90: mucks hand 
Mahu2021 collected $1.48 from pot
*** SUMMARY ***
Total pot $1.55 | Rake $0.07 
Board [Ad 9d 8h 8c Qh]
Seat 1: pokeripuikko (button) folded before Flop (didn't bet)
Seat 2: overmind27 (small blind) folded before Flop
Seat 3: Mahu2021 (big blind) showed [9c Kh] and won ($1.48) with two pair, Nines and Eights
Seat 4: Crixis90 mucked [4d Td]
Seat 5: sonyks2007 folded before Flop (didn't bet)
Seat 6: pokersenis folded on the Turn



