PokerStars Hand #254797061733: Tournament #3856227847, $1.40+$0.10 USD Hold'em No Limit - Level I (50/100) - 2025/02/10 10:04:55 CET [2025/02/10 4:04:55 ET]
Table '3856227847 4' 8-max Seat #2 is the button
Seat 2: Mahu2021 (10000 in chips) 
Seat 3: wedontlose188 (10000 in chips) 
Seat 4: audculori88 (10000 in chips) 
Seat 5: south_lopez (10000 in chips) is sitting out
Seat 6: sunshineandrain (10000 in chips) 
Seat 7: EnricoDelahoya (10000 in chips) 
Seat 8: Specht1972 (10000 in chips) 
Mahu2021: posts the ante 10
wedontlose188: posts the ante 10
audculori88: posts the ante 10
south_lopez: posts the ante 10
sunshineandrain: posts the ante 10
EnricoDelahoya: posts the ante 10
Specht1972: posts the ante 10
wedontlose188: posts small blind 50
audculori88: posts big blind 100
*** HOLE CARDS ***
Dealt to Mahu2021 [Qh Qc]
south_lopez: folds 
sunshineandrain: raises 120 to 220
EnricoDelahoya: folds 
Specht1972: folds 
Mahu2021: raises 9770 to 9990 and is all-in
wedontlose188: folds 
audculori88: folds 
sunshineandrain: folds 
Uncalled bet (9770) returned to Mahu2021
Mahu2021 collected 660 from pot
Mahu2021: doesn't show hand 
*** SUMMARY ***
Total pot 660 | Rake 0 
Seat 2: Mahu2021 (button) collected (660)
Seat 3: wedontlose188 (small blind) folded before Flop
Seat 4: audculori88 (big blind) folded before Flop
Seat 5: south_lopez folded before Flop (didn't bet)
Seat 6: sunshineandrain folded before Flop
Seat 7: EnricoDelahoya folded before Flop (didn't bet)
Seat 8: Specht1972 folded before Flop (didn't bet)



PokerStars Hand #254797064008: Tournament #3856227847, $1.40+$0.10 USD Hold'em No Limit - Level I (50/100) - 2025/02/10 10:05:23 CET [2025/02/10 4:05:23 ET]
Table '3856227847 4' 8-max Seat #3 is the button
Seat 2: Mahu2021 (10430 in chips) 
Seat 3: wedontlose188 (9940 in chips) 
Seat 4: audculori88 (9890 in chips) 
Seat 5: south_lopez (9990 in chips) is sitting out
Seat 6: sunshineandrain (9770 in chips) 
Seat 7: EnricoDelahoya (9990 in chips) 
Seat 8: Specht1972 (9990 in chips) 
Mahu2021: posts the ante 10
wedontlose188: posts the ante 10
audculori88: posts the ante 10
south_lopez: posts the ante 10
sunshineandrain: posts the ante 10
EnricoDelahoya: posts the ante 10
Specht1972: posts the ante 10
audculori88: posts small blind 50
south_lopez: posts big blind 100
*** HOLE CARDS ***
Dealt to Mahu2021 [7d Jh]
stevem1267 is disconnected 
sunshineandrain: folds 
EnricoDelahoya: folds 
Specht1972: folds 
Mahu2021: folds 
wedontlose188: calls 100
audculori88: folds 
south_lopez: folds 
wedontlose188 collected 320 from pot
wedontlose188: doesn't show hand 
*** SUMMARY ***
Total pot 320 | Rake 0 
Seat 2: Mahu2021 folded before Flop (didn't bet)
Seat 3: wedontlose188 (button) collected (320)
Seat 4: audculori88 (small blind) folded before Flop
Seat 5: south_lopez (big blind) folded before Flop
Seat 6: sunshineandrain folded before Flop (didn't bet)
Seat 7: EnricoDelahoya folded before Flop (didn't bet)
Seat 8: Specht1972 folded before Flop (didn't bet)



PokerStars Hand #254797065475: Tournament #3856227847, $1.40+$0.10 USD Hold'em No Limit - Level I (50/100) - 2025/02/10 10:05:41 CET [2025/02/10 4:05:41 ET]
Table '3856227847 4' 8-max Seat #4 is the button
Seat 1: stevem1267 (10000 in chips) 
Seat 2: Mahu2021 (10420 in chips) 
Seat 3: wedontlose188 (10150 in chips) 
Seat 4: audculori88 (9830 in chips) 
Seat 5: south_lopez (9880 in chips) is sitting out
Seat 6: sunshineandrain (9760 in chips) 
Seat 7: EnricoDelahoya (9980 in chips) 
Seat 8: Specht1972 (9980 in chips) 
stevem1267: posts the ante 10
Mahu2021: posts the ante 10
wedontlose188: posts the ante 10
audculori88: posts the ante 10
south_lopez: posts the ante 10
sunshineandrain: posts the ante 10
EnricoDelahoya: posts the ante 10
Specht1972: posts the ante 10
south_lopez: posts small blind 50
sunshineandrain: posts big blind 100
*** HOLE CARDS ***
Dealt to Mahu2021 [7h 7s]
EnricoDelahoya: folds 
Specht1972: folds 
stevem1267: folds 
Mahu2021: raises 100 to 200
wedontlose188: calls 200
audculori88: folds 
south_lopez: folds 
sunshineandrain: calls 100
*** FLOP *** [Kc 9h Kh]
sunshineandrain: checks 
Mahu2021: checks 
wedontlose188: checks 
*** TURN *** [Kc 9h Kh] [3h]
sunshineandrain: checks 
Mahu2021: checks 
wedontlose188: checks 
*** RIVER *** [Kc 9h Kh 3h] [7c]
sunshineandrain: checks 
Mahu2021: bets 10210 and is all-in
wedontlose188: folds 
sunshineandrain: folds 
Uncalled bet (10210) returned to Mahu2021
Mahu2021 collected 730 from pot
Mahu2021: doesn't show hand 
*** SUMMARY ***
Total pot 730 | Rake 0 
Board [Kc 9h Kh 3h 7c]
Seat 1: stevem1267 folded before Flop (didn't bet)
Seat 2: Mahu2021 collected (730)
Seat 3: wedontlose188 folded on the River
Seat 4: audculori88 (button) folded before Flop (didn't bet)
Seat 5: south_lopez (small blind) folded before Flop
Seat 6: sunshineandrain (big blind) folded on the River
Seat 7: EnricoDelahoya folded before Flop (didn't bet)
Seat 8: Specht1972 folded before Flop (didn't bet)



PokerStars Hand #254797071070: Tournament #3856227847, $1.40+$0.10 USD Hold'em No Limit - Level I (50/100) - 2025/02/10 10:06:48 CET [2025/02/10 4:06:48 ET]
Table '3856227847 4' 8-max Seat #5 is the button
Seat 1: stevem1267 (9990 in chips) 
Seat 2: Mahu2021 (10940 in chips) 
Seat 3: wedontlose188 (9940 in chips) 
Seat 4: audculori88 (9820 in chips) 
Seat 5: south_lopez (9820 in chips) is sitting out
Seat 6: sunshineandrain (9550 in chips) 
Seat 7: EnricoDelahoya (9970 in chips) 
Seat 8: Specht1972 (9970 in chips) 
stevem1267: posts the ante 10
Mahu2021: posts the ante 10
wedontlose188: posts the ante 10
audculori88: posts the ante 10
south_lopez: posts the ante 10
sunshineandrain: posts the ante 10
EnricoDelahoya: posts the ante 10
Specht1972: posts the ante 10
sunshineandrain: posts small blind 50
EnricoDelahoya: posts big blind 100
*** HOLE CARDS ***
Dealt to Mahu2021 [Ac 2s]
Specht1972: folds 
stevem1267: raises 110 to 210
Mahu2021: folds 
wedontlose188: folds 
audculori88: folds 
south_lopez: folds 
sunshineandrain: folds 
EnricoDelahoya: folds 
Uncalled bet (110) returned to stevem1267
stevem1267 collected 330 from pot
stevem1267: doesn't show hand 
*** SUMMARY ***
Total pot 330 | Rake 0 
Seat 1: stevem1267 collected (330)
Seat 2: Mahu2021 folded before Flop (didn't bet)
Seat 3: wedontlose188 folded before Flop (didn't bet)
Seat 4: audculori88 folded before Flop (didn't bet)
Seat 5: south_lopez (button) folded before Flop (didn't bet)
Seat 6: sunshineandrain (small blind) folded before Flop
Seat 7: EnricoDelahoya (big blind) folded before Flop
Seat 8: Specht1972 folded before Flop (didn't bet)



PokerStars Hand #254797072616: Tournament #3856227847, $1.40+$0.10 USD Hold'em No Limit - Level I (50/100) - 2025/02/10 10:07:07 CET [2025/02/10 4:07:07 ET]
Table '3856227847 4' 8-max Seat #6 is the button
Seat 1: stevem1267 (10210 in chips) 
Seat 2: Mahu2021 (10930 in chips) 
Seat 3: wedontlose188 (9930 in chips) 
Seat 4: audculori88 (9810 in chips) 
Seat 5: south_lopez (9810 in chips) is sitting out
Seat 6: sunshineandrain (9490 in chips) 
Seat 7: EnricoDelahoya (9860 in chips) 
Seat 8: Specht1972 (9960 in chips) 
stevem1267: posts the ante 10
Mahu2021: posts the ante 10
wedontlose188: posts the ante 10
audculori88: posts the ante 10
south_lopez: posts the ante 10
sunshineandrain: posts the ante 10
EnricoDelahoya: posts the ante 10
Specht1972: posts the ante 10
EnricoDelahoya: posts small blind 50
Specht1972: posts big blind 100
*** HOLE CARDS ***
Dealt to Mahu2021 [As 4s]
stevem1267: folds 
Mahu2021: folds 
wedontlose188: folds 
audculori88: raises 122 to 222
south_lopez: folds 
sunshineandrain: raises 444 to 666
EnricoDelahoya: folds 
Specht1972: calls 566
audculori88: folds 
*** FLOP *** [Js 7h 8s]
Specht1972: checks 
sunshineandrain: checks 
*** TURN *** [Js 7h 8s] [9s]
Specht1972: bets 400
sunshineandrain: calls 400
*** RIVER *** [Js 7h 8s 9s] [Jh]
Specht1972: bets 400
sunshineandrain: calls 400
*** SHOW DOWN ***
Specht1972: shows [Tc Jc] (a straight, Seven to Jack)
sunshineandrain: mucks hand 
Specht1972 collected 3284 from pot
*** SUMMARY ***
Total pot 3284 | Rake 0 
Board [Js 7h 8s 9s Jh]
Seat 1: stevem1267 folded before Flop (didn't bet)
Seat 2: Mahu2021 folded before Flop (didn't bet)
Seat 3: wedontlose188 folded before Flop (didn't bet)
Seat 4: audculori88 folded before Flop
Seat 5: south_lopez folded before Flop (didn't bet)
Seat 6: sunshineandrain (button) mucked [Ah Qd]
Seat 7: EnricoDelahoya (small blind) folded before Flop
Seat 8: Specht1972 (big blind) showed [Tc Jc] and won (3284) with a straight, Seven to Jack



PokerStars Hand #254797077601: Tournament #3856227847, $1.40+$0.10 USD Hold'em No Limit - Level II (75/150) - 2025/02/10 10:08:07 CET [2025/02/10 4:08:07 ET]
Table '3856227847 4' 8-max Seat #7 is the button
Seat 1: stevem1267 (10200 in chips) 
Seat 2: Mahu2021 (10920 in chips) 
Seat 3: wedontlose188 (9920 in chips) 
Seat 4: audculori88 (9578 in chips) 
Seat 5: south_lopez (9800 in chips) is sitting out
Seat 6: sunshineandrain (8014 in chips) 
Seat 7: EnricoDelahoya (9800 in chips) 
Seat 8: Specht1972 (11768 in chips) 
stevem1267: posts the ante 15
Mahu2021: posts the ante 15
wedontlose188: posts the ante 15
audculori88: posts the ante 15
south_lopez: posts the ante 15
sunshineandrain: posts the ante 15
EnricoDelahoya: posts the ante 15
Specht1972: posts the ante 15
Specht1972: posts small blind 75
stevem1267: posts big blind 150
*** HOLE CARDS ***
Dealt to Mahu2021 [7s 3s]
Mahu2021: folds 
wedontlose188: folds 
audculori88: folds 
south_lopez: folds 
sunshineandrain: folds 
EnricoDelahoya: calls 150
Specht1972: calls 75
stevem1267: checks 
*** FLOP *** [2c 9h 5d]
Specht1972: checks 
stevem1267: bets 182
EnricoDelahoya: calls 182
Specht1972: folds 
*** TURN *** [2c 9h 5d] [Jd]
stevem1267: checks 
EnricoDelahoya: checks 
*** RIVER *** [2c 9h 5d Jd] [5s]
stevem1267: checks 
EnricoDelahoya: bets 150
stevem1267: folds 
Uncalled bet (150) returned to EnricoDelahoya
EnricoDelahoya collected 934 from pot
*** SUMMARY ***
Total pot 934 | Rake 0 
Board [2c 9h 5d Jd 5s]
Seat 1: stevem1267 (big blind) folded on the River
Seat 2: Mahu2021 folded before Flop (didn't bet)
Seat 3: wedontlose188 folded before Flop (didn't bet)
Seat 4: audculori88 folded before Flop (didn't bet)
Seat 5: south_lopez folded before Flop (didn't bet)
Seat 6: sunshineandrain folded before Flop (didn't bet)
Seat 7: EnricoDelahoya (button) collected (934)
Seat 8: Specht1972 (small blind) folded on the Flop



PokerStars Hand #254797083076: Tournament #3856227847, $1.40+$0.10 USD Hold'em No Limit - Level II (75/150) - 2025/02/10 10:09:15 CET [2025/02/10 4:09:15 ET]
Table '3856227847 12' 8-max Seat #1 is the button
Seat 1: Jackrogersx (10880 in chips) 
Seat 2: scalerdave (11760 in chips) 
Seat 3: Mahu2021 (10905 in chips) 
Seat 4: stickybruv (9935 in chips) 
Seat 5: ceaserea (10000 in chips) 
Jackrogersx: posts the ante 15
scalerdave: posts the ante 15
Mahu2021: posts the ante 15
stickybruv: posts the ante 15
ceaserea: posts the ante 15
scalerdave: posts small blind 75
Mahu2021: posts big blind 150
*** HOLE CARDS ***
Dealt to Mahu2021 [Ts 7s]
stickybruv is disconnected 
stickybruv is connected 
stickybruv: raises 150 to 300
ceaserea: raises 9685 to 9985 and is all-in
Jackrogersx: folds 
scalerdave: folds 
Mahu2021: folds 
stickybruv: calls 9620 and is all-in
Uncalled bet (65) returned to ceaserea
*** FLOP *** [2d 6c 5c]
*** TURN *** [2d 6c 5c] [7d]
*** RIVER *** [2d 6c 5c 7d] [2c]
*** SHOW DOWN ***
stickybruv: shows [Ac Tc] (a flush, Ace high)
ceaserea: shows [Jd Qd] (a pair of Deuces)
stickybruv collected 20140 from pot
*** SUMMARY ***
Total pot 20140 | Rake 0 
Board [2d 6c 5c 7d 2c]
Seat 1: Jackrogersx (button) folded before Flop (didn't bet)
Seat 2: scalerdave (small blind) folded before Flop
Seat 3: Mahu2021 (big blind) folded before Flop
Seat 4: stickybruv showed [Ac Tc] and won (20140) with a flush, Ace high
Seat 5: ceaserea showed [Jd Qd] and lost with a pair of Deuces



PokerStars Hand #254797084857: Tournament #3856227847, $1.40+$0.10 USD Hold'em No Limit - Level II (75/150) - 2025/02/10 10:09:38 CET [2025/02/10 4:09:38 ET]
Table '3856227847 12' 8-max Seat #2 is the button
Seat 1: Jackrogersx (10865 in chips) 
Seat 2: scalerdave (11670 in chips) 
Seat 3: Mahu2021 (10740 in chips) 
Seat 4: stickybruv (20140 in chips) 
Seat 5: ceaserea (65 in chips) 
Seat 6: Honda15097 (9975 in chips) 
Seat 8: sidlo19 (10000 in chips) 
Jackrogersx: posts the ante 15
scalerdave: posts the ante 15
Mahu2021: posts the ante 15
stickybruv: posts the ante 15
ceaserea: posts the ante 15
Honda15097: posts the ante 15
sidlo19: posts the ante 15
Mahu2021: posts small blind 75
stickybruv: posts big blind 150
*** HOLE CARDS ***
Dealt to Mahu2021 [5h Tc]
ceaserea: calls 50 and is all-in
Honda15097: raises 150 to 300
sidlo19: folds 
FRéka>26 is disconnected 
Jackrogersx: calls 300
scalerdave: folds 
Mahu2021: folds 
stickybruv: calls 150
*** FLOP *** [9s 6s 5d]
stickybruv: bets 396
Honda15097: calls 396
Jackrogersx: calls 396
*** TURN *** [9s 6s 5d] [Kc]
stickybruv: bets 811
Honda15097: calls 811
Jackrogersx: folds 
*** RIVER *** [9s 6s 5d Kc] [4c]
stickybruv: checks 
Honda15097: checks 
*** SHOW DOWN ***
stickybruv: shows [9h Qd] (a pair of Nines)
Honda15097: shows [Ts Kh] (a pair of Kings)
Honda15097 collected 3585 from side pot
ceaserea: mucks hand 
Honda15097 collected 355 from main pot
ceaserea finished the tournament
*** SUMMARY ***
Total pot 3940 Main pot 355. Side pot 3585. | Rake 0 
Board [9s 6s 5d Kc 4c]
Seat 1: Jackrogersx folded on the Turn
Seat 2: scalerdave (button) folded before Flop (didn't bet)
Seat 3: Mahu2021 (small blind) folded before Flop
Seat 4: stickybruv (big blind) showed [9h Qd] and lost with a pair of Nines
Seat 5: ceaserea mucked [3h Ac]
Seat 6: Honda15097 showed [Ts Kh] and won (3940) with a pair of Kings
Seat 8: sidlo19 folded before Flop (didn't bet)



PokerStars Hand #254797089995: Tournament #3856227847, $1.40+$0.10 USD Hold'em No Limit - Level II (75/150) - 2025/02/10 10:10:41 CET [2025/02/10 4:10:41 ET]
Table '3856227847 12' 8-max Seat #3 is the button
Seat 1: Jackrogersx (10154 in chips) 
Seat 2: scalerdave (11655 in chips) 
Seat 3: Mahu2021 (10650 in chips) 
Seat 4: stickybruv (18618 in chips) 
Seat 6: Honda15097 (12393 in chips) 
Seat 7: FRéka>26 (10000 in chips) 
Seat 8: sidlo19 (9985 in chips) 
Jackrogersx: posts the ante 15
scalerdave: posts the ante 15
Mahu2021: posts the ante 15
stickybruv: posts the ante 15
Honda15097: posts the ante 15
FRéka>26: posts the ante 15
sidlo19: posts the ante 15
stickybruv: posts small blind 75
Honda15097: posts big blind 150
*** HOLE CARDS ***
Dealt to Mahu2021 [8c 5d]
FRéka>26: folds 
sidlo19: folds 
Jackrogersx: folds 
scalerdave: folds 
Mahu2021: folds 
stickybruv: folds 
Uncalled bet (75) returned to Honda15097
Honda15097 collected 255 from pot
*** SUMMARY ***
Total pot 255 | Rake 0 
Seat 1: Jackrogersx folded before Flop (didn't bet)
Seat 2: scalerdave folded before Flop (didn't bet)
Seat 3: Mahu2021 (button) folded before Flop (didn't bet)
Seat 4: stickybruv (small blind) folded before Flop
Seat 6: Honda15097 (big blind) collected (255)
Seat 7: FRéka>26 folded before Flop (didn't bet)
Seat 8: sidlo19 folded before Flop (didn't bet)



PokerStars Hand #254797091944: Tournament #3856227847, $1.40+$0.10 USD Hold'em No Limit - Level III (100/200) - 2025/02/10 10:11:04 CET [2025/02/10 4:11:04 ET]
Table '3856227847 12' 8-max Seat #4 is the button
Seat 1: Jackrogersx (10139 in chips) 
Seat 2: scalerdave (11640 in chips) 
Seat 3: Mahu2021 (10635 in chips) 
Seat 4: stickybruv (18528 in chips) 
Seat 5: Cobo75 (10000 in chips) out of hand (moved from another table into small blind)
Seat 6: Honda15097 (12558 in chips) 
Seat 7: FRéka>26 (9985 in chips) 
Seat 8: sidlo19 (9970 in chips) 
Cobo75 will be allowed to play after the button
Jackrogersx: posts the ante 20
scalerdave: posts the ante 20
Mahu2021: posts the ante 20
stickybruv: posts the ante 20
Honda15097: posts the ante 20
FRéka>26: posts the ante 20
sidlo19: posts the ante 20
Honda15097: posts small blind 100
FRéka>26: posts big blind 200
*** HOLE CARDS ***
Dealt to Mahu2021 [Ks Kh]
sidlo19: calls 200
Jackrogersx: raises 360 to 560
scalerdave: folds 
Mahu2021: raises 10055 to 10615 and is all-in
stickybruv: folds 
Honda15097: folds 
FRéka>26: folds 
sidlo19: calls 9750 and is all-in
Jackrogersx: folds 
Uncalled bet (665) returned to Mahu2021
*** FLOP *** [6s 4c 4d]
*** TURN *** [6s 4c 4d] [7d]
*** RIVER *** [6s 4c 4d 7d] [6d]
*** SHOW DOWN ***
sidlo19: shows [9h 9d] (two pair, Nines and Sixes)
Mahu2021: shows [Ks Kh] (two pair, Kings and Sixes)
Mahu2021 collected 20900 from pot
sidlo19 finished the tournament
*** SUMMARY ***
Total pot 20900 | Rake 0 
Board [6s 4c 4d 7d 6d]
Seat 1: Jackrogersx folded before Flop
Seat 2: scalerdave folded before Flop (didn't bet)
Seat 3: Mahu2021 showed [Ks Kh] and won (20900) with two pair, Kings and Sixes
Seat 4: stickybruv (button) folded before Flop (didn't bet)
Seat 6: Honda15097 (small blind) folded before Flop
Seat 7: FRéka>26 (big blind) folded before Flop
Seat 8: sidlo19 showed [9h 9d] and lost with two pair, Nines and Sixes



PokerStars Hand #254797095036: Tournament #3856227847, $1.40+$0.10 USD Hold'em No Limit - Level III (100/200) - 2025/02/10 10:11:41 CET [2025/02/10 4:11:41 ET]
Table '3856227847 12' 8-max Seat #6 is the button
Seat 2: scalerdave (11620 in chips) 
Seat 3: Mahu2021 (21565 in chips) 
Seat 4: stickybruv (18508 in chips) 
Seat 5: Cobo75 (10000 in chips) 
Seat 6: Honda15097 (12438 in chips) 
Seat 7: FRéka>26 (9765 in chips) 
scalerdave: posts the ante 20
Mahu2021: posts the ante 20
stickybruv: posts the ante 20
Cobo75: posts the ante 20
Honda15097: posts the ante 20
FRéka>26: posts the ante 20
FRéka>26: posts small blind 100
scalerdave: posts big blind 200
*** HOLE CARDS ***
Dealt to Mahu2021 [3c Qd]
Mahu2021: folds 
stickybruv: folds 
Cobo75: raises 620 to 820
scythianhawk is disconnected 
Honda15097: folds 
FRéka>26: folds 
scalerdave: folds 
Uncalled bet (620) returned to Cobo75
Cobo75 collected 620 from pot
*** SUMMARY ***
Total pot 620 | Rake 0 
Seat 2: scalerdave (big blind) folded before Flop
Seat 3: Mahu2021 folded before Flop (didn't bet)
Seat 4: stickybruv folded before Flop (didn't bet)
Seat 5: Cobo75 collected (620)
Seat 6: Honda15097 (button) folded before Flop (didn't bet)
Seat 7: FRéka>26 (small blind) folded before Flop



PokerStars Hand #254797097499: Tournament #3856227847, $1.40+$0.10 USD Hold'em No Limit - Level III (100/200) - 2025/02/10 10:12:10 CET [2025/02/10 4:12:10 ET]
Table '3856227847 12' 8-max Seat #7 is the button
Seat 1: scythianhawk (9840 in chips) out of hand (moved from another table into small blind)
Seat 2: scalerdave (11400 in chips) 
Seat 3: Mahu2021 (21545 in chips) 
Seat 4: stickybruv (18488 in chips) 
Seat 5: Cobo75 (10400 in chips) 
Seat 6: Honda15097 (12418 in chips) 
Seat 7: FRéka>26 (9645 in chips) 
scythianhawk will be allowed to play after the button
scalerdave: posts the ante 20
Mahu2021: posts the ante 20
stickybruv: posts the ante 20
Cobo75: posts the ante 20
Honda15097: posts the ante 20
FRéka>26: posts the ante 20
scalerdave: posts small blind 100
Mahu2021: posts big blind 200
*** HOLE CARDS ***
Dealt to Mahu2021 [6h 5s]
stickybruv: folds 
Cobo75: folds 
Honda15097: calls 200
FRéka>26: raises 820 to 1020
scalerdave: raises 10360 to 11380 and is all-in
Mahu2021: folds 
Honda15097: folds 
FRéka>26: calls 8605 and is all-in
Uncalled bet (1755) returned to scalerdave
*** FLOP *** [As 9s 6c]
*** TURN *** [As 9s 6c] [Qc]
*** RIVER *** [As 9s 6c Qc] [5c]
*** SHOW DOWN ***
scalerdave: shows [Ac Kc] (a flush, Ace high)
FRéka>26: shows [Th 7h] (high card Ace)
scalerdave collected 19770 from pot
FRéka>26 finished the tournament
*** SUMMARY ***
Total pot 19770 | Rake 0 
Board [As 9s 6c Qc 5c]
Seat 2: scalerdave (small blind) showed [Ac Kc] and won (19770) with a flush, Ace high
Seat 3: Mahu2021 (big blind) folded before Flop
Seat 4: stickybruv folded before Flop (didn't bet)
Seat 5: Cobo75 folded before Flop (didn't bet)
Seat 6: Honda15097 folded before Flop
Seat 7: FRéka>26 (button) showed [Th 7h] and lost with high card Ace



PokerStars Hand #254797099900: Tournament #3856227847, $1.40+$0.10 USD Hold'em No Limit - Level III (100/200) - 2025/02/10 10:12:39 CET [2025/02/10 4:12:39 ET]
Table '3856227847 12' 8-max Seat #2 is the button
Seat 1: scythianhawk (9840 in chips) 
Seat 2: scalerdave (21525 in chips) 
Seat 3: Mahu2021 (21325 in chips) 
Seat 4: stickybruv (18468 in chips) 
Seat 5: Cobo75 (10380 in chips) 
Seat 6: Honda15097 (12198 in chips) 
scythianhawk: posts the ante 20
scalerdave: posts the ante 20
Mahu2021: posts the ante 20
stickybruv: posts the ante 20
Cobo75: posts the ante 20
Honda15097: posts the ante 20
Mahu2021: posts small blind 100
stickybruv: posts big blind 200
*** HOLE CARDS ***
Dealt to Mahu2021 [6d Jh]
Cobo75: folds 
FRéka>26 is disconnected 
Honda15097: folds 
scythianhawk: raises 400 to 600
scalerdave: folds 
Mahu2021: folds 
stickybruv: folds 
Uncalled bet (400) returned to scythianhawk
scythianhawk collected 620 from pot
scythianhawk: doesn't show hand 
*** SUMMARY ***
Total pot 620 | Rake 0 
Seat 1: scythianhawk collected (620)
Seat 2: scalerdave (button) folded before Flop (didn't bet)
Seat 3: Mahu2021 (small blind) folded before Flop
Seat 4: stickybruv (big blind) folded before Flop
Seat 5: Cobo75 folded before Flop (didn't bet)
Seat 6: Honda15097 folded before Flop (didn't bet)



PokerStars Hand #254797101554: Tournament #3856227847, $1.40+$0.10 USD Hold'em No Limit - Level III (100/200) - 2025/02/10 10:13:00 CET [2025/02/10 4:13:00 ET]
Table '3856227847 12' 8-max Seat #3 is the button
Seat 1: scythianhawk (10240 in chips) 
Seat 2: scalerdave (21505 in chips) 
Seat 3: Mahu2021 (21205 in chips) 
Seat 4: stickybruv (18248 in chips) 
Seat 5: Cobo75 (10360 in chips) 
Seat 6: Honda15097 (12178 in chips) 
Seat 7: BatiBosh (10000 in chips) 
Seat 8: FRéka>26 (10000 in chips) 
scythianhawk: posts the ante 20
scalerdave: posts the ante 20
Mahu2021: posts the ante 20
stickybruv: posts the ante 20
Cobo75: posts the ante 20
Honda15097: posts the ante 20
BatiBosh: posts the ante 20
FRéka>26: posts the ante 20
stickybruv: posts small blind 100
Cobo75: posts big blind 200
*** HOLE CARDS ***
Dealt to Mahu2021 [6c 2h]
Honda15097: folds 
BatiBosh: folds 
FRéka>26: raises 9780 to 9980 and is all-in
scythianhawk: folds 
scalerdave: folds 
Mahu2021: folds 
stickybruv: folds 
Cobo75: folds 
Uncalled bet (9780) returned to FRéka>26
FRéka>26 collected 660 from pot
FRéka>26: doesn't show hand 
*** SUMMARY ***
Total pot 660 | Rake 0 
Seat 1: scythianhawk folded before Flop (didn't bet)
Seat 2: scalerdave folded before Flop (didn't bet)
Seat 3: Mahu2021 (button) folded before Flop (didn't bet)
Seat 4: stickybruv (small blind) folded before Flop
Seat 5: Cobo75 (big blind) folded before Flop
Seat 6: Honda15097 folded before Flop (didn't bet)
Seat 7: BatiBosh folded before Flop (didn't bet)
Seat 8: FRéka>26 collected (660)



PokerStars Hand #254797103285: Tournament #3856227847, $1.40+$0.10 USD Hold'em No Limit - Level III (100/200) - 2025/02/10 10:13:21 CET [2025/02/10 4:13:21 ET]
Table '3856227847 12' 8-max Seat #4 is the button
Seat 1: scythianhawk (10220 in chips) 
Seat 2: scalerdave (21485 in chips) 
Seat 3: Mahu2021 (21185 in chips) 
Seat 4: stickybruv (18128 in chips) 
Seat 5: Cobo75 (10140 in chips) 
Seat 6: Honda15097 (12158 in chips) 
Seat 7: BatiBosh (9980 in chips) 
Seat 8: FRéka>26 (10440 in chips) 
scythianhawk: posts the ante 20
scalerdave: posts the ante 20
Mahu2021: posts the ante 20
stickybruv: posts the ante 20
Cobo75: posts the ante 20
Honda15097: posts the ante 20
BatiBosh: posts the ante 20
FRéka>26: posts the ante 20
Cobo75: posts small blind 100
Honda15097: posts big blind 200
*** HOLE CARDS ***
Dealt to Mahu2021 [6h 4s]
BatiBosh: folds 
FRéka>26: raises 10220 to 10420 and is all-in
scythianhawk: folds 
scalerdave: folds 
Mahu2021: folds 
stickybruv: folds 
Cobo75: folds 
Honda15097: folds 
Uncalled bet (10220) returned to FRéka>26
FRéka>26 collected 660 from pot
FRéka>26: doesn't show hand 
*** SUMMARY ***
Total pot 660 | Rake 0 
Seat 1: scythianhawk folded before Flop (didn't bet)
Seat 2: scalerdave folded before Flop (didn't bet)
Seat 3: Mahu2021 folded before Flop (didn't bet)
Seat 4: stickybruv (button) folded before Flop (didn't bet)
Seat 5: Cobo75 (small blind) folded before Flop
Seat 6: Honda15097 (big blind) folded before Flop
Seat 7: BatiBosh folded before Flop (didn't bet)
Seat 8: FRéka>26 collected (660)



PokerStars Hand #254797106190: Tournament #3856227847, $1.40+$0.10 USD Hold'em No Limit - Level III (100/200) - 2025/02/10 10:13:55 CET [2025/02/10 4:13:55 ET]
Table '3856227847 12' 8-max Seat #5 is the button
Seat 1: scythianhawk (10200 in chips) 
Seat 2: scalerdave (21465 in chips) 
Seat 3: Mahu2021 (21165 in chips) 
Seat 4: stickybruv (18108 in chips) 
Seat 5: Cobo75 (10020 in chips) 
Seat 6: Honda15097 (11938 in chips) 
Seat 8: FRéka>26 (10880 in chips) 
scythianhawk: posts the ante 20
scalerdave: posts the ante 20
Mahu2021: posts the ante 20
stickybruv: posts the ante 20
Cobo75: posts the ante 20
Honda15097: posts the ante 20
FRéka>26: posts the ante 20
Honda15097: posts small blind 100
FRéka>26: posts big blind 200
*** HOLE CARDS ***
Dealt to Mahu2021 [8c 4d]
scythianhawk: folds 
scalerdave: folds 
Mahu2021: folds 
stickybruv: raises 200 to 400
Cobo75: folds 
Honda15097: folds 
FRéka>26: raises 10460 to 10860 and is all-in
stickybruv: calls 10460
*** FLOP *** [Ac Qs 5d]
*** TURN *** [Ac Qs 5d] [2s]
*** RIVER *** [Ac Qs 5d 2s] [Td]
*** SHOW DOWN ***
FRéka>26: shows [Jc Ts] (a pair of Tens)
stickybruv: shows [Ad Ks] (a pair of Aces)
stickybruv collected 21960 from pot
FRéka>26 finished the tournament
*** SUMMARY ***
Total pot 21960 | Rake 0 
Board [Ac Qs 5d 2s Td]
Seat 1: scythianhawk folded before Flop (didn't bet)
Seat 2: scalerdave folded before Flop (didn't bet)
Seat 3: Mahu2021 folded before Flop (didn't bet)
Seat 4: stickybruv showed [Ad Ks] and won (21960) with a pair of Aces
Seat 5: Cobo75 (button) folded before Flop (didn't bet)
Seat 6: Honda15097 (small blind) folded before Flop
Seat 8: FRéka>26 (big blind) showed [Jc Ts] and lost with a pair of Tens



PokerStars Hand #254797109077: Tournament #3856227847, $1.40+$0.10 USD Hold'em No Limit - Level IV (150/300) - 2025/02/10 10:14:29 CET [2025/02/10 4:14:29 ET]
Table '3856227847 12' 8-max Seat #6 is the button
Seat 1: scythianhawk (10180 in chips) 
Seat 2: scalerdave (21445 in chips) 
Seat 3: Mahu2021 (21145 in chips) 
Seat 4: stickybruv (29188 in chips) 
Seat 5: Cobo75 (10000 in chips) 
Seat 6: Honda15097 (11818 in chips) 
Seat 7: Sven3047 (10000 in chips) out of hand (moved from another table into small blind)
Sven3047 will be allowed to play after the button
scythianhawk: posts the ante 30
scalerdave: posts the ante 30
Mahu2021: posts the ante 30
stickybruv: posts the ante 30
Cobo75: posts the ante 30
Honda15097: posts the ante 30
scythianhawk: posts small blind 150
scalerdave: posts big blind 300
*** HOLE CARDS ***
Dealt to Mahu2021 [3c 2c]
Mahu2021: folds 
stickybruv: folds 
Cobo75: folds 
Honda15097: raises 300 to 600
scythianhawk: raises 1200 to 1800
scalerdave: folds 
Honda15097: calls 1200
*** FLOP *** [3h 4h Jh]
scythianhawk: bets 1836
Honda15097: raises 1836 to 3672
scythianhawk: raises 4678 to 8350 and is all-in
Honda15097: calls 4678
*** TURN *** [3h 4h Jh] [3d]
*** RIVER *** [3h 4h Jh 3d] [9c]
*** SHOW DOWN ***
scythianhawk: shows [Ac Js] (two pair, Jacks and Threes)
Honda15097: shows [Ah 5d] (a pair of Threes)
scythianhawk collected 20780 from pot
*** SUMMARY ***
Total pot 20780 | Rake 0 
Board [3h 4h Jh 3d 9c]
Seat 1: scythianhawk (small blind) showed [Ac Js] and won (20780) with two pair, Jacks and Threes
Seat 2: scalerdave (big blind) folded before Flop
Seat 3: Mahu2021 folded before Flop (didn't bet)
Seat 4: stickybruv folded before Flop (didn't bet)
Seat 5: Cobo75 folded before Flop (didn't bet)
Seat 6: Honda15097 (button) showed [Ah 5d] and lost with a pair of Threes



PokerStars Hand #254797112086: Tournament #3856227847, $1.40+$0.10 USD Hold'em No Limit - Level IV (150/300) - 2025/02/10 10:15:04 CET [2025/02/10 4:15:04 ET]
Table '3856227847 12' 8-max Seat #1 is the button
Seat 1: scythianhawk (20780 in chips) 
Seat 2: scalerdave (21115 in chips) 
Seat 3: Mahu2021 (21115 in chips) 
Seat 4: stickybruv (29158 in chips) 
Seat 6: Honda15097 (1638 in chips) 
Seat 7: Sven3047 (10000 in chips) 
Seat 8: Barcud2 (10000 in chips) 
scythianhawk: posts the ante 30
scalerdave: posts the ante 30
Mahu2021: posts the ante 30
stickybruv: posts the ante 30
Honda15097: posts the ante 30
Sven3047: posts the ante 30
Barcud2: posts the ante 30
scalerdave: posts small blind 150
Mahu2021: posts big blind 300
*** HOLE CARDS ***
Dealt to Mahu2021 [4d Jd]
stickybruv: folds 
Honda15097: folds 
Sven3047: folds 
Barcud2: folds 
scythianhawk: folds 
scalerdave: calls 150
Mahu2021: checks 
*** FLOP *** [Jc 6d 6c]
scalerdave: checks 
Mahu2021: checks 
*** TURN *** [Jc 6d 6c] [8s]
scalerdave: bets 810
Mahu2021: calls 810
*** RIVER *** [Jc 6d 6c 8s] [Td]
scalerdave: checks 
Mahu2021: bets 2430
scalerdave: calls 2430
*** SHOW DOWN ***
Mahu2021: shows [4d Jd] (two pair, Jacks and Sixes)
scalerdave: shows [Kc Jh] (two pair, Jacks and Sixes - King kicker)
scalerdave collected 7290 from pot
*** SUMMARY ***
Total pot 7290 | Rake 0 
Board [Jc 6d 6c 8s Td]
Seat 1: scythianhawk (button) folded before Flop (didn't bet)
Seat 2: scalerdave (small blind) showed [Kc Jh] and won (7290) with two pair, Jacks and Sixes
Seat 3: Mahu2021 (big blind) showed [4d Jd] and lost with two pair, Jacks and Sixes
Seat 4: stickybruv folded before Flop (didn't bet)
Seat 6: Honda15097 folded before Flop (didn't bet)
Seat 7: Sven3047 folded before Flop (didn't bet)
Seat 8: Barcud2 folded before Flop (didn't bet)



PokerStars Hand #254797115538: Tournament #3856227847, $1.40+$0.10 USD Hold'em No Limit - Level IV (150/300) - 2025/02/10 10:15:44 CET [2025/02/10 4:15:44 ET]
Table '3856227847 12' 8-max Seat #2 is the button
Seat 1: scythianhawk (20750 in chips) 
Seat 2: scalerdave (24835 in chips) 
Seat 3: Mahu2021 (17545 in chips) 
Seat 4: stickybruv (29128 in chips) 
Seat 5: Charlie'skin (10000 in chips) 
Seat 6: Honda15097 (1608 in chips) 
Seat 7: Sven3047 (9970 in chips) 
Seat 8: Barcud2 (9970 in chips) 
scythianhawk: posts the ante 30
scalerdave: posts the ante 30
Mahu2021: posts the ante 30
stickybruv: posts the ante 30
Charlie'skin: posts the ante 30
Honda15097: posts the ante 30
Sven3047: posts the ante 30
Barcud2: posts the ante 30
Mahu2021: posts small blind 150
stickybruv: posts big blind 300
*** HOLE CARDS ***
Dealt to Mahu2021 [4h 2d]
Charlie'skin: raises 9670 to 9970 and is all-in
Honda15097: calls 1578 and is all-in
Sven3047: folds 
Barcud2: folds 
scythianhawk: folds 
scalerdave: folds 
Mahu2021: folds 
stickybruv: folds 
Uncalled bet (8392) returned to Charlie'skin
*** FLOP *** [6s Qc Jc]
*** TURN *** [6s Qc Jc] [Jh]
*** RIVER *** [6s Qc Jc Jh] [Jd]
*** SHOW DOWN ***
Charlie'skin: shows [As 5c] (three of a kind, Jacks)
Honda15097: shows [Tc 9c] (three of a kind, Jacks - lower kicker)
Charlie'skin collected 3846 from pot
Honda15097 finished the tournament
*** SUMMARY ***
Total pot 3846 | Rake 0 
Board [6s Qc Jc Jh Jd]
Seat 1: scythianhawk folded before Flop (didn't bet)
Seat 2: scalerdave (button) folded before Flop (didn't bet)
Seat 3: Mahu2021 (small blind) folded before Flop
Seat 4: stickybruv (big blind) folded before Flop
Seat 5: Charlie'skin showed [As 5c] and won (3846) with three of a kind, Jacks
Seat 6: Honda15097 showed [Tc 9c] and lost with three of a kind, Jacks
Seat 7: Sven3047 folded before Flop (didn't bet)
Seat 8: Barcud2 folded before Flop (didn't bet)



PokerStars Hand #254797117338: Tournament #3856227847, $1.40+$0.10 USD Hold'em No Limit - Level IV (150/300) - 2025/02/10 10:16:04 CET [2025/02/10 4:16:04 ET]
Table '3856227847 12' 8-max Seat #3 is the button
Seat 1: scythianhawk (20720 in chips) 
Seat 2: scalerdave (24805 in chips) 
Seat 3: Mahu2021 (17365 in chips) 
Seat 4: stickybruv (28798 in chips) 
Seat 5: Charlie'skin (12238 in chips) 
Seat 7: Sven3047 (9940 in chips) 
Seat 8: Barcud2 (9940 in chips) 
scythianhawk: posts the ante 30
scalerdave: posts the ante 30
Mahu2021: posts the ante 30
stickybruv: posts the ante 30
Charlie'skin: posts the ante 30
Sven3047: posts the ante 30
Barcud2: posts the ante 30
stickybruv: posts small blind 150
Charlie'skin: posts big blind 300
*** HOLE CARDS ***
Dealt to Mahu2021 [9c 6c]
Sven3047: folds 
Barcud2: folds 
scythianhawk: folds 
scalerdave: folds 
Mahu2021: folds 
stickybruv: folds 
Uncalled bet (150) returned to Charlie'skin
Charlie'skin collected 510 from pot
*** SUMMARY ***
Total pot 510 | Rake 0 
Seat 1: scythianhawk folded before Flop (didn't bet)
Seat 2: scalerdave folded before Flop (didn't bet)
Seat 3: Mahu2021 (button) folded before Flop (didn't bet)
Seat 4: stickybruv (small blind) folded before Flop
Seat 5: Charlie'skin (big blind) collected (510)
Seat 7: Sven3047 folded before Flop (didn't bet)
Seat 8: Barcud2 folded before Flop (didn't bet)



PokerStars Hand #254797119998: Tournament #3856227847, $1.40+$0.10 USD Hold'em No Limit - Level IV (150/300) - 2025/02/10 10:16:35 CET [2025/02/10 4:16:35 ET]
Table '3856227847 12' 8-max Seat #4 is the button
Seat 1: scythianhawk (20690 in chips) 
Seat 2: scalerdave (24775 in chips) 
Seat 3: Mahu2021 (17335 in chips) 
Seat 4: stickybruv (28618 in chips) 
Seat 5: Charlie'skin (12568 in chips) 
Seat 7: Sven3047 (9910 in chips) 
Seat 8: Barcud2 (9910 in chips) 
scythianhawk: posts the ante 30
scalerdave: posts the ante 30
Mahu2021: posts the ante 30
stickybruv: posts the ante 30
Charlie'skin: posts the ante 30
Sven3047: posts the ante 30
Barcud2: posts the ante 30
Charlie'skin: posts small blind 150
Sven3047: posts big blind 300
*** HOLE CARDS ***
Dealt to Mahu2021 [Qd Qh]
Barcud2: folds 
scythianhawk: folds 
scalerdave: folds 
Mahu2021: raises 600 to 900
Timo Bail is disconnected 
stickybruv: folds 
Charlie'skin: raises 11638 to 12538 and is all-in
Sven3047: folds 
Mahu2021: calls 11638
*** FLOP *** [6c 5d 8h]
*** TURN *** [6c 5d 8h] [8d]
*** RIVER *** [6c 5d 8h 8d] [Kd]
*** SHOW DOWN ***
Charlie'skin: shows [4d Ac] (a pair of Eights)
Mahu2021: shows [Qd Qh] (two pair, Queens and Eights)
Mahu2021 collected 25586 from pot
Charlie'skin finished the tournament
*** SUMMARY ***
Total pot 25586 | Rake 0 
Board [6c 5d 8h 8d Kd]
Seat 1: scythianhawk folded before Flop (didn't bet)
Seat 2: scalerdave folded before Flop (didn't bet)
Seat 3: Mahu2021 showed [Qd Qh] and won (25586) with two pair, Queens and Eights
Seat 4: stickybruv (button) folded before Flop (didn't bet)
Seat 5: Charlie'skin (small blind) showed [4d Ac] and lost with a pair of Eights
Seat 7: Sven3047 (big blind) folded before Flop
Seat 8: Barcud2 folded before Flop (didn't bet)



PokerStars Hand #254797123333: Tournament #3856227847, $1.40+$0.10 USD Hold'em No Limit - Level V (200/400) - 2025/02/10 10:17:14 CET [2025/02/10 4:17:14 ET]
Table '3856227847 12' 8-max Seat #7 is the button
Seat 1: scythianhawk (20660 in chips) 
Seat 2: scalerdave (24745 in chips) 
Seat 3: Mahu2021 (30353 in chips) 
Seat 4: stickybruv (28588 in chips) 
Seat 6: Timo Bail (10000 in chips) 
Seat 7: Sven3047 (9580 in chips) 
Seat 8: Barcud2 (9880 in chips) 
scythianhawk: posts the ante 40
scalerdave: posts the ante 40
Mahu2021: posts the ante 40
stickybruv: posts the ante 40
Timo Bail: posts the ante 40
Sven3047: posts the ante 40
Barcud2: posts the ante 40
Barcud2: posts small blind 200
scythianhawk: posts big blind 400
*** HOLE CARDS ***
Dealt to Mahu2021 [4c 3c]
scalerdave: folds 
Mahu2021: folds 
stickybruv: folds 
Timo Bail: raises 480 to 880
Sven3047: folds 
Barcud2: calls 680
scythianhawk: calls 480
*** FLOP *** [6d 8d 6c]
Barcud2: checks 
scythianhawk: checks 
Timo Bail: checks 
*** TURN *** [6d 8d 6c] [Ah]
Barcud2: checks 
scythianhawk: checks 
Timo Bail: bets 1460
Barcud2: raises 7500 to 8960 and is all-in
scythianhawk: folds 
Timo Bail: folds 
Uncalled bet (7500) returned to Barcud2
Barcud2 collected 5840 from pot
*** SUMMARY ***
Total pot 5840 | Rake 0 
Board [6d 8d 6c Ah]
Seat 1: scythianhawk (big blind) folded on the Turn
Seat 2: scalerdave folded before Flop (didn't bet)
Seat 3: Mahu2021 folded before Flop (didn't bet)
Seat 4: stickybruv folded before Flop (didn't bet)
Seat 6: Timo Bail folded on the Turn
Seat 7: Sven3047 (button) folded before Flop (didn't bet)
Seat 8: Barcud2 (small blind) collected (5840)



PokerStars Hand #254797127271: Tournament #3856227847, $1.40+$0.10 USD Hold'em No Limit - Level V (200/400) - 2025/02/10 10:18:01 CET [2025/02/10 4:18:01 ET]
Table '3856227847 12' 8-max Seat #8 is the button
Seat 1: scythianhawk (19740 in chips) 
Seat 2: scalerdave (24705 in chips) 
Seat 3: Mahu2021 (30313 in chips) 
Seat 4: stickybruv (28548 in chips) 
Seat 6: Timo Bail (7620 in chips) 
Seat 7: Sven3047 (9540 in chips) 
Seat 8: Barcud2 (13340 in chips) 
scythianhawk: posts the ante 40
scalerdave: posts the ante 40
Mahu2021: posts the ante 40
stickybruv: posts the ante 40
Timo Bail: posts the ante 40
Sven3047: posts the ante 40
Barcud2: posts the ante 40
scythianhawk: posts small blind 200
scalerdave: posts big blind 400
*** HOLE CARDS ***
Dealt to Mahu2021 [6c 4h]
Mahu2021: folds 
stickybruv: folds 
Timo Bail: folds 
Sven3047: folds 
Barcud2: folds 
scythianhawk: folds 
Uncalled bet (200) returned to scalerdave
scalerdave collected 680 from pot
scalerdave: doesn't show hand 
*** SUMMARY ***
Total pot 680 | Rake 0 
Seat 1: scythianhawk (small blind) folded before Flop
Seat 2: scalerdave (big blind) collected (680)
Seat 3: Mahu2021 folded before Flop (didn't bet)
Seat 4: stickybruv folded before Flop (didn't bet)
Seat 6: Timo Bail folded before Flop (didn't bet)
Seat 7: Sven3047 folded before Flop (didn't bet)
Seat 8: Barcud2 (button) folded before Flop (didn't bet)



PokerStars Hand #254797128255: Tournament #3856227847, $1.40+$0.10 USD Hold'em No Limit - Level V (200/400) - 2025/02/10 10:18:12 CET [2025/02/10 4:18:12 ET]
Table '3856227847 12' 8-max Seat #1 is the button
Seat 1: scythianhawk (19500 in chips) 
Seat 2: scalerdave (25145 in chips) 
Seat 3: Mahu2021 (30273 in chips) 
Seat 4: stickybruv (28508 in chips) 
Seat 5: omggg40 (10000 in chips) 
Seat 6: Timo Bail (7580 in chips) 
Seat 7: Sven3047 (9500 in chips) 
Seat 8: Barcud2 (13300 in chips) 
scythianhawk: posts the ante 40
scalerdave: posts the ante 40
Mahu2021: posts the ante 40
stickybruv: posts the ante 40
omggg40: posts the ante 40
Timo Bail: posts the ante 40
Sven3047: posts the ante 40
Barcud2: posts the ante 40
scalerdave: posts small blind 200
Mahu2021: posts big blind 400
*** HOLE CARDS ***
Dealt to Mahu2021 [Ah 8c]
stickybruv: folds 
omggg40: folds 
Timo Bail: raises 480 to 880
Sven3047: calls 880
Barcud2: folds 
scythianhawk: folds 
scalerdave: folds 
Mahu2021: calls 480
*** FLOP *** [Th 4d Qs]
Mahu2021: checks 
Timo Bail: checks 
Sven3047: bets 1580
Mahu2021: folds 
Timo Bail: folds 
Uncalled bet (1580) returned to Sven3047
Sven3047 collected 3160 from pot
*** SUMMARY ***
Total pot 3160 | Rake 0 
Board [Th 4d Qs]
Seat 1: scythianhawk (button) folded before Flop (didn't bet)
Seat 2: scalerdave (small blind) folded before Flop
Seat 3: Mahu2021 (big blind) folded on the Flop
Seat 4: stickybruv folded before Flop (didn't bet)
Seat 5: omggg40 folded before Flop (didn't bet)
Seat 6: Timo Bail folded on the Flop
Seat 7: Sven3047 collected (3160)
Seat 8: Barcud2 folded before Flop (didn't bet)



PokerStars Hand #254797131802: Tournament #3856227847, $1.40+$0.10 USD Hold'em No Limit - Level V (200/400) - 2025/02/10 10:18:53 CET [2025/02/10 4:18:53 ET]
Table '3856227847 12' 8-max Seat #2 is the button
Seat 1: scythianhawk (19460 in chips) 
Seat 2: scalerdave (24905 in chips) 
Seat 3: Mahu2021 (29353 in chips) 
Seat 4: stickybruv (28468 in chips) 
Seat 5: omggg40 (9960 in chips) 
Seat 6: Timo Bail (6660 in chips) 
Seat 7: Sven3047 (11740 in chips) 
Seat 8: Barcud2 (13260 in chips) 
scythianhawk: posts the ante 40
scalerdave: posts the ante 40
Mahu2021: posts the ante 40
stickybruv: posts the ante 40
omggg40: posts the ante 40
Timo Bail: posts the ante 40
Sven3047: posts the ante 40
Barcud2: posts the ante 40
Mahu2021: posts small blind 200
stickybruv: posts big blind 400
*** HOLE CARDS ***
Dealt to Mahu2021 [5d Qh]
omggg40: folds 
Timo Bail: folds 
Sven3047: folds 
Barcud2: folds 
scythianhawk: folds 
scalerdave: folds 
Mahu2021: folds 
Uncalled bet (200) returned to stickybruv
stickybruv collected 720 from pot
stickybruv: doesn't show hand 
*** SUMMARY ***
Total pot 720 | Rake 0 
Seat 1: scythianhawk folded before Flop (didn't bet)
Seat 2: scalerdave (button) folded before Flop (didn't bet)
Seat 3: Mahu2021 (small blind) folded before Flop
Seat 4: stickybruv (big blind) collected (720)
Seat 5: omggg40 folded before Flop (didn't bet)
Seat 6: Timo Bail folded before Flop (didn't bet)
Seat 7: Sven3047 folded before Flop (didn't bet)
Seat 8: Barcud2 folded before Flop (didn't bet)



PokerStars Hand #254797134409: Tournament #3856227847, $1.40+$0.10 USD Hold'em No Limit - Level V (200/400) - 2025/02/10 10:19:25 CET [2025/02/10 4:19:25 ET]
Table '3856227847 12' 8-max Seat #3 is the button
Seat 1: scythianhawk (19420 in chips) 
Seat 2: scalerdave (24865 in chips) 
Seat 3: Mahu2021 (29113 in chips) 
Seat 4: stickybruv (28948 in chips) 
Seat 5: omggg40 (9920 in chips) 
Seat 6: Timo Bail (6620 in chips) 
Seat 7: Sven3047 (11700 in chips) 
Seat 8: Barcud2 (13220 in chips) 
scythianhawk: posts the ante 40
scalerdave: posts the ante 40
Mahu2021: posts the ante 40
stickybruv: posts the ante 40
omggg40: posts the ante 40
Timo Bail: posts the ante 40
Sven3047: posts the ante 40
Barcud2: posts the ante 40
stickybruv: posts small blind 200
omggg40: posts big blind 400
*** HOLE CARDS ***
Dealt to Mahu2021 [4h 6c]
Timo Bail: folds 
Sven3047: folds 
Barcud2: folds 
scythianhawk: folds 
scalerdave: folds 
Mahu2021: folds 
stickybruv: raises 28508 to 28908 and is all-in
omggg40: folds 
Uncalled bet (28508) returned to stickybruv
stickybruv collected 1120 from pot
stickybruv: doesn't show hand 
*** SUMMARY ***
Total pot 1120 | Rake 0 
Seat 1: scythianhawk folded before Flop (didn't bet)
Seat 2: scalerdave folded before Flop (didn't bet)
Seat 3: Mahu2021 (button) folded before Flop (didn't bet)
Seat 4: stickybruv (small blind) collected (1120)
Seat 5: omggg40 (big blind) folded before Flop
Seat 6: Timo Bail folded before Flop (didn't bet)
Seat 7: Sven3047 folded before Flop (didn't bet)
Seat 8: Barcud2 folded before Flop (didn't bet)



PokerStars Hand #254797136363: Tournament #3856227847, $1.40+$0.10 USD Hold'em No Limit - Level V (200/400) - 2025/02/10 10:19:48 CET [2025/02/10 4:19:48 ET]
Table '3856227847 12' 8-max Seat #4 is the button
Seat 1: scythianhawk (19380 in chips) 
Seat 2: scalerdave (24825 in chips) 
Seat 3: Mahu2021 (29073 in chips) 
Seat 4: stickybruv (29628 in chips) 
Seat 5: omggg40 (9480 in chips) 
Seat 6: Timo Bail (6580 in chips) 
Seat 7: Sven3047 (11660 in chips) 
Seat 8: Barcud2 (13180 in chips) 
scythianhawk: posts the ante 40
scalerdave: posts the ante 40
Mahu2021: posts the ante 40
stickybruv: posts the ante 40
omggg40: posts the ante 40
Timo Bail: posts the ante 40
Sven3047: posts the ante 40
Barcud2: posts the ante 40
omggg40: posts small blind 200
Timo Bail: posts big blind 400
*** HOLE CARDS ***
Dealt to Mahu2021 [As Qc]
Sven3047: folds 
Barcud2: calls 400
scythianhawk: folds 
scalerdave: folds 
Mahu2021: calls 400
stickybruv: folds 
omggg40: folds 
Timo Bail: checks 
*** FLOP *** [2d 8d 6c]
Timo Bail: checks 
Barcud2: bets 1200
Mahu2021: folds 
Timo Bail: folds 
Uncalled bet (1200) returned to Barcud2
Barcud2 collected 1720 from pot
*** SUMMARY ***
Total pot 1720 | Rake 0 
Board [2d 8d 6c]
Seat 1: scythianhawk folded before Flop (didn't bet)
Seat 2: scalerdave folded before Flop (didn't bet)
Seat 3: Mahu2021 folded on the Flop
Seat 4: stickybruv (button) folded before Flop (didn't bet)
Seat 5: omggg40 (small blind) folded before Flop
Seat 6: Timo Bail (big blind) folded on the Flop
Seat 7: Sven3047 folded before Flop (didn't bet)
Seat 8: Barcud2 collected (1720)



PokerStars Hand #254797140352: Tournament #3856227847, $1.40+$0.10 USD Hold'em No Limit - Level VI (250/500) - 2025/02/10 10:20:35 CET [2025/02/10 4:20:35 ET]
Table '3856227847 12' 8-max Seat #5 is the button
Seat 1: scythianhawk (19340 in chips) 
Seat 2: scalerdave (24785 in chips) 
Seat 3: Mahu2021 (28633 in chips) 
Seat 4: stickybruv (29588 in chips) 
Seat 5: omggg40 (9240 in chips) 
Seat 6: Timo Bail (6140 in chips) 
Seat 7: Sven3047 (11620 in chips) 
Seat 8: Barcud2 (14460 in chips) 
scythianhawk: posts the ante 50
scalerdave: posts the ante 50
Mahu2021: posts the ante 50
stickybruv: posts the ante 50
omggg40: posts the ante 50
Timo Bail: posts the ante 50
Sven3047: posts the ante 50
Barcud2: posts the ante 50
Timo Bail: posts small blind 250
Sven3047: posts big blind 500
*** HOLE CARDS ***
Dealt to Mahu2021 [2d 3d]
Barcud2: folds 
scythianhawk: folds 
scalerdave: folds 
Mahu2021: folds 
stickybruv: raises 500 to 1000
omggg40: folds 
Timo Bail: folds 
Sven3047: calls 500
*** FLOP *** [Jd Ah Qs]
Sven3047: checks 
stickybruv: bets 928
Sven3047: folds 
Uncalled bet (928) returned to stickybruv
stickybruv collected 2650 from pot
stickybruv: doesn't show hand 
*** SUMMARY ***
Total pot 2650 | Rake 0 
Board [Jd Ah Qs]
Seat 1: scythianhawk folded before Flop (didn't bet)
Seat 2: scalerdave folded before Flop (didn't bet)
Seat 3: Mahu2021 folded before Flop (didn't bet)
Seat 4: stickybruv collected (2650)
Seat 5: omggg40 (button) folded before Flop (didn't bet)
Seat 6: Timo Bail (small blind) folded before Flop
Seat 7: Sven3047 (big blind) folded on the Flop
Seat 8: Barcud2 folded before Flop (didn't bet)



PokerStars Hand #254797145081: Tournament #3856227847, $1.40+$0.10 USD Hold'em No Limit - Level VI (250/500) - 2025/02/10 10:21:31 CET [2025/02/10 4:21:31 ET]
Table '3856227847 12' 8-max Seat #6 is the button
Seat 1: scythianhawk (19290 in chips) 
Seat 2: scalerdave (24735 in chips) 
Seat 3: Mahu2021 (28583 in chips) 
Seat 4: stickybruv (31188 in chips) 
Seat 5: omggg40 (9190 in chips) 
Seat 6: Timo Bail (5840 in chips) 
Seat 7: Sven3047 (10570 in chips) 
Seat 8: Barcud2 (14410 in chips) 
scythianhawk: posts the ante 50
scalerdave: posts the ante 50
Mahu2021: posts the ante 50
stickybruv: posts the ante 50
omggg40: posts the ante 50
Timo Bail: posts the ante 50
Sven3047: posts the ante 50
Barcud2: posts the ante 50
Sven3047: posts small blind 250
Barcud2: posts big blind 500
*** HOLE CARDS ***
Dealt to Mahu2021 [Th Ad]
scythianhawk: folds 
scalerdave: folds 
Mahu2021: raises 700 to 1200
stickybruv: folds 
omggg40: folds 
Timo Bail: folds 
Sven3047: raises 700 to 1900
Barcud2: folds 
Mahu2021: calls 700
*** FLOP *** [Js Kd As]
Sven3047: bets 4700
Mahu2021: raises 4700 to 9400
Sven3047: calls 3920 and is all-in
Uncalled bet (780) returned to Mahu2021
*** TURN *** [Js Kd As] [Ts]
*** RIVER *** [Js Kd As Ts] [Ks]
*** SHOW DOWN ***
Sven3047: shows [2s 2d] (a flush, Ace high)
Mahu2021: shows [Th Ad] (two pair, Aces and Kings)
Sven3047 collected 21940 from pot
*** SUMMARY ***
Total pot 21940 | Rake 0 
Board [Js Kd As Ts Ks]
Seat 1: scythianhawk folded before Flop (didn't bet)
Seat 2: scalerdave folded before Flop (didn't bet)
Seat 3: Mahu2021 showed [Th Ad] and lost with two pair, Aces and Kings
Seat 4: stickybruv folded before Flop (didn't bet)
Seat 5: omggg40 folded before Flop (didn't bet)
Seat 6: Timo Bail (button) folded before Flop (didn't bet)
Seat 7: Sven3047 (small blind) showed [2s 2d] and won (21940) with a flush, Ace high
Seat 8: Barcud2 (big blind) folded before Flop



PokerStars Hand #254797148388: Tournament #3856227847, $1.40+$0.10 USD Hold'em No Limit - Level VI (250/500) - 2025/02/10 10:22:10 CET [2025/02/10 4:22:10 ET]
Table '3856227847 12' 8-max Seat #7 is the button
Seat 1: scythianhawk (19240 in chips) 
Seat 2: scalerdave (24685 in chips) 
Seat 3: Mahu2021 (18013 in chips) 
Seat 4: stickybruv (31138 in chips) 
Seat 5: omggg40 (9140 in chips) 
Seat 6: Timo Bail (5790 in chips) 
Seat 7: Sven3047 (21940 in chips) 
Seat 8: Barcud2 (13860 in chips) 
scythianhawk: posts the ante 50
scalerdave: posts the ante 50
Mahu2021: posts the ante 50
stickybruv: posts the ante 50
omggg40: posts the ante 50
Timo Bail: posts the ante 50
Sven3047: posts the ante 50
Barcud2: posts the ante 50
Barcud2: posts small blind 250
scythianhawk: posts big blind 500
*** HOLE CARDS ***
Dealt to Mahu2021 [9h 2c]
scalerdave: calls 500
Mahu2021: folds 
stickybruv: folds 
omggg40: folds 
Timo Bail: folds 
Sven3047: calls 500
Barcud2: raises 13310 to 13810 and is all-in
scythianhawk: folds 
scalerdave: folds 
Sven3047: folds 
Uncalled bet (13310) returned to Barcud2
Barcud2 collected 2400 from pot
*** SUMMARY ***
Total pot 2400 | Rake 0 
Seat 1: scythianhawk (big blind) folded before Flop
Seat 2: scalerdave folded before Flop
Seat 3: Mahu2021 folded before Flop (didn't bet)
Seat 4: stickybruv folded before Flop (didn't bet)
Seat 5: omggg40 folded before Flop (didn't bet)
Seat 6: Timo Bail folded before Flop (didn't bet)
Seat 7: Sven3047 (button) folded before Flop
Seat 8: Barcud2 (small blind) collected (2400)



PokerStars Hand #254797151903: Tournament #3856227847, $1.40+$0.10 USD Hold'em No Limit - Level VI (250/500) - 2025/02/10 10:22:50 CET [2025/02/10 4:22:50 ET]
Table '3856227847 12' 8-max Seat #8 is the button
Seat 1: scythianhawk (18690 in chips) 
Seat 3: Mahu2021 (17963 in chips) 
Seat 4: stickybruv (31088 in chips) 
Seat 5: omggg40 (9090 in chips) 
Seat 6: Timo Bail (5740 in chips) 
Seat 7: Sven3047 (21390 in chips) 
Seat 8: Barcud2 (15710 in chips) 
scythianhawk: posts the ante 50
Mahu2021: posts the ante 50
stickybruv: posts the ante 50
omggg40: posts the ante 50
Timo Bail: posts the ante 50
Sven3047: posts the ante 50
Barcud2: posts the ante 50
scythianhawk: posts small blind 250
Mahu2021: posts big blind 500
*** HOLE CARDS ***
Dealt to Mahu2021 [Kc 4c]
stickybruv: folds 
omggg40: folds 
Timo Bail: folds 
Sven3047: folds 
Barcud2 has timed out
Barcud2: folds 
Barcud2 is sitting out
scythianhawk: folds 
Uncalled bet (250) returned to Mahu2021
Mahu2021 collected 850 from pot
Mahu2021: doesn't show hand 
*** SUMMARY ***
Total pot 850 | Rake 0 
Seat 1: scythianhawk (small blind) folded before Flop
Seat 3: Mahu2021 (big blind) collected (850)
Seat 4: stickybruv folded before Flop (didn't bet)
Seat 5: omggg40 folded before Flop (didn't bet)
Seat 6: Timo Bail folded before Flop (didn't bet)
Seat 7: Sven3047 folded before Flop (didn't bet)
Seat 8: Barcud2 (button) folded before Flop (didn't bet)



PokerStars Hand #254797154797: Tournament #3856227847, $1.40+$0.10 USD Hold'em No Limit - Level VII (300/600) - 2025/02/10 10:23:24 CET [2025/02/10 4:23:24 ET]
Table '3856227847 12' 8-max Seat #1 is the button
Seat 1: scythianhawk (18390 in chips) 
Seat 3: Mahu2021 (18513 in chips) 
Seat 4: stickybruv (31038 in chips) 
Seat 5: omggg40 (9040 in chips) 
Seat 6: Timo Bail (5690 in chips) 
Seat 7: Sven3047 (21340 in chips) 
Seat 8: Barcud2 (15660 in chips) is sitting out
scythianhawk: posts the ante 60
Mahu2021: posts the ante 60
stickybruv: posts the ante 60
omggg40: posts the ante 60
Timo Bail: posts the ante 60
Sven3047: posts the ante 60
Barcud2: posts the ante 60
Mahu2021: posts small blind 300
stickybruv: posts big blind 600
*** HOLE CARDS ***
Dealt to Mahu2021 [2s Js]
omggg40: folds 
Timo Bail: folds 
Barcud2 has returned
Sven3047: raises 600 to 1200
Barcud2: folds 
scythianhawk: folds 
Mahu2021: folds 
stickybruv: folds 
Uncalled bet (600) returned to Sven3047
Sven3047 collected 1920 from pot
*** SUMMARY ***
Total pot 1920 | Rake 0 
Seat 1: scythianhawk (button) folded before Flop (didn't bet)
Seat 3: Mahu2021 (small blind) folded before Flop
Seat 4: stickybruv (big blind) folded before Flop
Seat 5: omggg40 folded before Flop (didn't bet)
Seat 6: Timo Bail folded before Flop (didn't bet)
Seat 7: Sven3047 collected (1920)
Seat 8: Barcud2 folded before Flop (didn't bet)



PokerStars Hand #254797155996: Tournament #3856227847, $1.40+$0.10 USD Hold'em No Limit - Level VII (300/600) - 2025/02/10 10:23:38 CET [2025/02/10 4:23:38 ET]
Table '3856227847 12' 8-max Seat #3 is the button
Seat 1: scythianhawk (18330 in chips) 
Seat 3: Mahu2021 (18153 in chips) 
Seat 4: stickybruv (30378 in chips) 
Seat 5: omggg40 (8980 in chips) 
Seat 6: Timo Bail (5630 in chips) 
Seat 7: Sven3047 (22600 in chips) 
Seat 8: Barcud2 (15600 in chips) 
scythianhawk: posts the ante 60
Mahu2021: posts the ante 60
stickybruv: posts the ante 60
omggg40: posts the ante 60
Timo Bail: posts the ante 60
Sven3047: posts the ante 60
Barcud2: posts the ante 60
stickybruv: posts small blind 300
omggg40: posts big blind 600
*** HOLE CARDS ***
Dealt to Mahu2021 [Td 2c]
Timo Bail: folds 
Sven3047: folds 
Barcud2: folds 
scythianhawk: folds 
Mahu2021: folds 
stickybruv: folds 
Uncalled bet (300) returned to omggg40
omggg40 collected 1020 from pot
*** SUMMARY ***
Total pot 1020 | Rake 0 
Seat 1: scythianhawk folded before Flop (didn't bet)
Seat 3: Mahu2021 (button) folded before Flop (didn't bet)
Seat 4: stickybruv (small blind) folded before Flop
Seat 5: omggg40 (big blind) collected (1020)
Seat 6: Timo Bail folded before Flop (didn't bet)
Seat 7: Sven3047 folded before Flop (didn't bet)
Seat 8: Barcud2 folded before Flop (didn't bet)



PokerStars Hand #254797157464: Tournament #3856227847, $1.40+$0.10 USD Hold'em No Limit - Level VII (300/600) - 2025/02/10 10:23:55 CET [2025/02/10 4:23:55 ET]
Table '3856227847 12' 8-max Seat #4 is the button
Seat 1: scythianhawk (18270 in chips) 
Seat 3: Mahu2021 (18093 in chips) 
Seat 4: stickybruv (30018 in chips) 
Seat 5: omggg40 (9640 in chips) 
Seat 6: Timo Bail (5570 in chips) 
Seat 7: Sven3047 (22540 in chips) 
Seat 8: Barcud2 (15540 in chips) 
scythianhawk: posts the ante 60
Mahu2021: posts the ante 60
stickybruv: posts the ante 60
omggg40: posts the ante 60
Timo Bail: posts the ante 60
Sven3047: posts the ante 60
Barcud2: posts the ante 60
omggg40: posts small blind 300
Timo Bail: posts big blind 600
*** HOLE CARDS ***
Dealt to Mahu2021 [3h Kh]
Sven3047: calls 600
Barcud2: folds 
scythianhawk: raises 2400 to 3000
Mahu2021: folds 
stickybruv: folds 
omggg40: raises 6580 to 9580 and is all-in
Timo Bail: folds 
Sven3047: folds 
scythianhawk: calls 6580
*** FLOP *** [Jh As Kd]
*** TURN *** [Jh As Kd] [Ks]
*** RIVER *** [Jh As Kd Ks] [4d]
*** SHOW DOWN ***
omggg40: shows [Ac Qc] (two pair, Aces and Kings)
scythianhawk: shows [Ah Kc] (a full house, Kings full of Aces)
scythianhawk collected 20780 from pot
omggg40 finished the tournament
sunshineandrain is disconnected 
*** SUMMARY ***
Total pot 20780 | Rake 0 
Board [Jh As Kd Ks 4d]
Seat 1: scythianhawk showed [Ah Kc] and won (20780) with a full house, Kings full of Aces
Seat 3: Mahu2021 folded before Flop (didn't bet)
Seat 4: stickybruv (button) folded before Flop (didn't bet)
Seat 5: omggg40 (small blind) showed [Ac Qc] and lost with two pair, Aces and Kings
Seat 6: Timo Bail (big blind) folded before Flop
Seat 7: Sven3047 folded before Flop
Seat 8: Barcud2 folded before Flop (didn't bet)



PokerStars Hand #254797160678: Tournament #3856227847, $1.40+$0.10 USD Hold'em No Limit - Level VII (300/600) - 2025/02/10 10:24:33 CET [2025/02/10 4:24:33 ET]
Table '3856227847 12' 8-max Seat #6 is the button
Seat 1: scythianhawk (29410 in chips) 
Seat 2: sunshineandrain (7698 in chips) 
Seat 3: Mahu2021 (18033 in chips) 
Seat 4: stickybruv (29958 in chips) 
Seat 6: Timo Bail (4910 in chips) 
Seat 7: Sven3047 (21880 in chips) 
Seat 8: Barcud2 (15480 in chips) 
scythianhawk: posts the ante 60
sunshineandrain: posts the ante 60
Mahu2021: posts the ante 60
stickybruv: posts the ante 60
Timo Bail: posts the ante 60
Sven3047: posts the ante 60
Barcud2: posts the ante 60
Sven3047: posts small blind 300
Barcud2: posts big blind 600
*** HOLE CARDS ***
Dealt to Mahu2021 [6d 7d]
scythianhawk: folds 
sunshineandrain: folds 
Mahu2021: folds 
stickybruv: folds 
Timo Bail: folds 
Sven3047: raises 600 to 1200
Barcud2: calls 600
*** FLOP *** [2s 3s Td]
Sven3047: bets 600
Barcud2: raises 1800 to 2400
Sven3047: calls 1800
*** TURN *** [2s 3s Td] [Kc]
Sven3047: checks 
Barcud2: checks 
*** RIVER *** [2s 3s Td Kc] [Jc]
Sven3047: bets 2010
Barcud2: folds 
Uncalled bet (2010) returned to Sven3047
Sven3047 collected 7620 from pot
*** SUMMARY ***
Total pot 7620 | Rake 0 
Board [2s 3s Td Kc Jc]
Seat 1: scythianhawk folded before Flop (didn't bet)
Seat 2: sunshineandrain folded before Flop (didn't bet)
Seat 3: Mahu2021 folded before Flop (didn't bet)
Seat 4: stickybruv folded before Flop (didn't bet)
Seat 6: Timo Bail (button) folded before Flop (didn't bet)
Seat 7: Sven3047 (small blind) collected (7620)
Seat 8: Barcud2 (big blind) folded on the River



PokerStars Hand #254797165358: Tournament #3856227847, $1.40+$0.10 USD Hold'em No Limit - Level VII (300/600) - 2025/02/10 10:25:27 CET [2025/02/10 4:25:27 ET]
Table '3856227847 12' 8-max Seat #7 is the button
Seat 1: scythianhawk (29350 in chips) 
Seat 2: sunshineandrain (7638 in chips) 
Seat 3: Mahu2021 (17973 in chips) 
Seat 4: stickybruv (29898 in chips) 
Seat 5: srsly89 (5380 in chips) 
Seat 6: Timo Bail (4850 in chips) 
Seat 7: Sven3047 (25840 in chips) 
Seat 8: Barcud2 (11820 in chips) 
scythianhawk: posts the ante 60
sunshineandrain: posts the ante 60
Mahu2021: posts the ante 60
stickybruv: posts the ante 60
srsly89: posts the ante 60
Timo Bail: posts the ante 60
Sven3047: posts the ante 60
Barcud2: posts the ante 60
Barcud2: posts small blind 300
scythianhawk: posts big blind 600
*** HOLE CARDS ***
Dealt to Mahu2021 [3h Qs]
sunshineandrain: folds 
Mahu2021: folds 
stickybruv: folds 
srsly89: folds 
Timo Bail: folds 
Sven3047: folds 
Barcud2: calls 300
scythianhawk: raises 1800 to 2400
Barcud2: folds 
Uncalled bet (1800) returned to scythianhawk
scythianhawk collected 1680 from pot
scythianhawk: doesn't show hand 
*** SUMMARY ***
Total pot 1680 | Rake 0 
Seat 1: scythianhawk (big blind) collected (1680)
Seat 2: sunshineandrain folded before Flop (didn't bet)
Seat 3: Mahu2021 folded before Flop (didn't bet)
Seat 4: stickybruv folded before Flop (didn't bet)
Seat 5: srsly89 folded before Flop (didn't bet)
Seat 6: Timo Bail folded before Flop (didn't bet)
Seat 7: Sven3047 (button) folded before Flop (didn't bet)
Seat 8: Barcud2 (small blind) folded before Flop



PokerStars Hand #254797168341: Tournament #3856227847, $1.40+$0.10 USD Hold'em No Limit - Level VIII (350/700) - 2025/02/10 10:26:02 CET [2025/02/10 4:26:02 ET]
Table '3856227847 12' 8-max Seat #8 is the button
Seat 1: scythianhawk (30370 in chips) 
Seat 2: sunshineandrain (7578 in chips) 
Seat 3: Mahu2021 (17913 in chips) 
Seat 4: stickybruv (29838 in chips) 
Seat 6: Timo Bail (4790 in chips) 
Seat 7: Sven3047 (25780 in chips) 
Seat 8: Barcud2 (11160 in chips) 
scythianhawk: posts the ante 70
sunshineandrain: posts the ante 70
Mahu2021: posts the ante 70
stickybruv: posts the ante 70
Timo Bail: posts the ante 70
Sven3047: posts the ante 70
Barcud2: posts the ante 70
scythianhawk: posts small blind 350
sunshineandrain: posts big blind 700
*** HOLE CARDS ***
Dealt to Mahu2021 [3d Ac]
Mahu2021: folds 
stickybruv: folds 
Timo Bail: folds 
Sven3047: raises 700 to 1400
Barcud2: folds 
scythianhawk: folds 
sunshineandrain: folds 
Uncalled bet (700) returned to Sven3047
Sven3047 collected 2240 from pot
*** SUMMARY ***
Total pot 2240 | Rake 0 
Seat 1: scythianhawk (small blind) folded before Flop
Seat 2: sunshineandrain (big blind) folded before Flop
Seat 3: Mahu2021 folded before Flop (didn't bet)
Seat 4: stickybruv folded before Flop (didn't bet)
Seat 6: Timo Bail folded before Flop (didn't bet)
Seat 7: Sven3047 collected (2240)
Seat 8: Barcud2 (button) folded before Flop (didn't bet)



PokerStars Hand #254797169756: Tournament #3856227847, $1.40+$0.10 USD Hold'em No Limit - Level VIII (350/700) - 2025/02/10 10:26:18 CET [2025/02/10 4:26:18 ET]
Table '3856227847 12' 8-max Seat #1 is the button
Seat 1: scythianhawk (29950 in chips) 
Seat 2: sunshineandrain (6808 in chips) 
Seat 3: Mahu2021 (17843 in chips) 
Seat 4: stickybruv (29768 in chips) 
Seat 6: Timo Bail (4720 in chips) 
Seat 7: Sven3047 (27250 in chips) 
Seat 8: Barcud2 (11090 in chips) 
scythianhawk: posts the ante 70
sunshineandrain: posts the ante 70
Mahu2021: posts the ante 70
stickybruv: posts the ante 70
Timo Bail: posts the ante 70
Sven3047: posts the ante 70
Barcud2: posts the ante 70
sunshineandrain: posts small blind 350
Mahu2021: posts big blind 700
*** HOLE CARDS ***
Dealt to Mahu2021 [Td Jc]
stickybruv: folds 
Timo Bail: folds 
Sven3047: folds 
Barcud2: folds 
scythianhawk: folds 
sunshineandrain: raises 6038 to 6738 and is all-in
Mahu2021: calls 6038
*** FLOP *** [Ad Kc 4s]
*** TURN *** [Ad Kc 4s] [8s]
*** RIVER *** [Ad Kc 4s 8s] [3h]
*** SHOW DOWN ***
sunshineandrain: shows [Qh 7s] (high card Ace)
Mahu2021: shows [Td Jc] (high card Ace - lower kicker)
sunshineandrain collected 13966 from pot
*** SUMMARY ***
Total pot 13966 | Rake 0 
Board [Ad Kc 4s 8s 3h]
Seat 1: scythianhawk (button) folded before Flop (didn't bet)
Seat 2: sunshineandrain (small blind) showed [Qh 7s] and won (13966) with high card Ace
Seat 3: Mahu2021 (big blind) showed [Td Jc] and lost with high card Ace
Seat 4: stickybruv folded before Flop (didn't bet)
Seat 6: Timo Bail folded before Flop (didn't bet)
Seat 7: Sven3047 folded before Flop (didn't bet)
Seat 8: Barcud2 folded before Flop (didn't bet)



PokerStars Hand #254797173408: Tournament #3856227847, $1.40+$0.10 USD Hold'em No Limit - Level VIII (350/700) - 2025/02/10 10:27:00 CET [2025/02/10 4:27:00 ET]
Table '3856227847 12' 8-max Seat #2 is the button
Seat 1: scythianhawk (29880 in chips) 
Seat 2: sunshineandrain (13966 in chips) 
Seat 3: Mahu2021 (11035 in chips) 
Seat 4: stickybruv (29698 in chips) 
Seat 6: Timo Bail (4650 in chips) 
Seat 7: Sven3047 (27180 in chips) 
Seat 8: Barcud2 (11020 in chips) 
scythianhawk: posts the ante 70
sunshineandrain: posts the ante 70
Mahu2021: posts the ante 70
stickybruv: posts the ante 70
Timo Bail: posts the ante 70
Sven3047: posts the ante 70
Barcud2: posts the ante 70
Mahu2021: posts small blind 350
stickybruv: posts big blind 700
*** HOLE CARDS ***
Dealt to Mahu2021 [6h 6c]
Timo Bail: folds 
Sven3047: raises 700 to 1400
Barcud2: folds 
scythianhawk: folds 
sunshineandrain: folds 
Mahu2021: raises 9565 to 10965 and is all-in
stickybruv: folds 
Sven3047: calls 9565
*** FLOP *** [4c 2h 9d]
*** TURN *** [4c 2h 9d] [Kh]
*** RIVER *** [4c 2h 9d Kh] [Qh]
*** SHOW DOWN ***
Mahu2021: shows [6h 6c] (a pair of Sixes)
Sven3047: shows [Ks Ad] (a pair of Kings)
Sven3047 collected 23120 from pot
Mahu2021 finished the tournament
*** SUMMARY ***
Total pot 23120 | Rake 0 
Board [4c 2h 9d Kh Qh]
Seat 1: scythianhawk folded before Flop (didn't bet)
Seat 2: sunshineandrain (button) folded before Flop (didn't bet)
Seat 3: Mahu2021 (small blind) showed [6h 6c] and lost with a pair of Sixes
Seat 4: stickybruv (big blind) folded before Flop
Seat 6: Timo Bail folded before Flop (didn't bet)
Seat 7: Sven3047 showed [Ks Ad] and won (23120) with a pair of Kings
Seat 8: Barcud2 folded before Flop (didn't bet)



