PokerStars Hand #243011298175: Tournament #3575644719, $9.30+$0.70 USD Hold'em No Limit - Level I (10/20) - 2023/04/10 21:43:00 CET [2023/04/10 15:43:00 ET]
Table '3575644719 1' 3-max Seat #1 is the button
Seat 1: Silux70 (500 in chips) 
Seat 2: Mahu2021 (500 in chips) 
Seat 3: pavida10 (500 in chips) 
Mahu2021: posts small blind 10
pavida10: posts big blind 20
*** HOLE CARDS ***
Dealt to Mahu2021 [8s Tc]
Silux70: raises 50 to 70
Mahu2021: folds 
pavida10: calls 50
*** FLOP *** [Kh 7h 3c]
pavida10: checks 
Silux70: bets 95
pavida10: calls 95
*** TURN *** [Kh 7h 3c] [Jh]
pavida10: checks 
Silux70: checks 
*** RIVER *** [Kh 7h 3c Jh] [Qd]
pavida10: bets 335 and is all-in
Silux70: folds 
Uncalled bet (335) returned to pavida10
pavida10 collected 340 from pot
pavida10: doesn't show hand 
*** SUMMARY ***
Total pot 340 | Rake 0 
Board [Kh 7h 3c Jh Qd]
Seat 1: Silux70 (button) folded on the River
Seat 2: Mahu2021 (small blind) folded before Flop
Seat 3: pavida10 (big blind) collected (340)



PokerStars Hand #243011312186: Tournament #3575644719, $9.30+$0.70 USD Hold'em No Limit - Level I (10/20) - 2023/04/10 21:43:34 CET [2023/04/10 15:43:34 ET]
Table '3575644719 1' 3-max Seat #2 is the button
Seat 1: Silux70 (335 in chips) 
Seat 2: Mahu2021 (490 in chips) 
Seat 3: pavida10 (675 in chips) 
pavida10: posts small blind 10
Silux70: posts big blind 20
*** HOLE CARDS ***
Dealt to Mahu2021 [6d Qd]
Mahu2021: folds 
pavida10: folds 
Uncalled bet (10) returned to Silux70
Silux70 collected 20 from pot
*** SUMMARY ***
Total pot 20 | Rake 0 
Seat 1: Silux70 (big blind) collected (20)
Seat 2: Mahu2021 (button) folded before Flop (didn't bet)
Seat 3: pavida10 (small blind) folded before Flop



PokerStars Hand #243011316638: Tournament #3575644719, $9.30+$0.70 USD Hold'em No Limit - Level I (10/20) - 2023/04/10 21:43:45 CET [2023/04/10 15:43:45 ET]
Table '3575644719 1' 3-max Seat #3 is the button
Seat 1: Silux70 (345 in chips) 
Seat 2: Mahu2021 (490 in chips) 
Seat 3: pavida10 (665 in chips) 
Silux70: posts small blind 10
Mahu2021: posts big blind 20
*** HOLE CARDS ***
Dealt to Mahu2021 [Ah 3s]
pavida10: folds 
Silux70: raises 40 to 60
Mahu2021: folds 
Uncalled bet (40) returned to Silux70
Silux70 collected 40 from pot
*** SUMMARY ***
Total pot 40 | Rake 0 
Seat 1: Silux70 (small blind) collected (40)
Seat 2: Mahu2021 (big blind) folded before Flop
Seat 3: pavida10 (button) folded before Flop (didn't bet)



PokerStars Hand #243011320460: Tournament #3575644719, $9.30+$0.70 USD Hold'em No Limit - Level I (10/20) - 2023/04/10 21:43:54 CET [2023/04/10 15:43:54 ET]
Table '3575644719 1' 3-max Seat #1 is the button
Seat 1: Silux70 (365 in chips) 
Seat 2: Mahu2021 (470 in chips) 
Seat 3: pavida10 (665 in chips) 
Mahu2021: posts small blind 10
pavida10: posts big blind 20
*** HOLE CARDS ***
Dealt to Mahu2021 [Td 6d]
Silux70: calls 20
Mahu2021: calls 10
pavida10: checks 
*** FLOP *** [7c Qs 2h]
Mahu2021: checks 
pavida10: checks 
Silux70: checks 
*** TURN *** [7c Qs 2h] [9c]
Mahu2021: bets 20
pavida10: folds 
Silux70: raises 50 to 70
Mahu2021: folds 
Uncalled bet (50) returned to Silux70
Silux70 collected 100 from pot
*** SUMMARY ***
Total pot 100 | Rake 0 
Board [7c Qs 2h 9c]
Seat 1: Silux70 (button) collected (100)
Seat 2: Mahu2021 (small blind) folded on the Turn
Seat 3: pavida10 (big blind) folded on the Turn



PokerStars Hand #243011335607: Tournament #3575644719, $9.30+$0.70 USD Hold'em No Limit - Level I (10/20) - 2023/04/10 21:44:30 CET [2023/04/10 15:44:30 ET]
Table '3575644719 1' 3-max Seat #2 is the button
Seat 1: Silux70 (425 in chips) 
Seat 2: Mahu2021 (430 in chips) 
Seat 3: pavida10 (645 in chips) 
pavida10: posts small blind 10
Silux70: posts big blind 20
*** HOLE CARDS ***
Dealt to Mahu2021 [3d Kd]
Mahu2021: calls 20
pavida10: folds 
Silux70: checks 
*** FLOP *** [Qs 3h Ac]
Silux70: checks 
Mahu2021: bets 20
Silux70: folds 
Uncalled bet (20) returned to Mahu2021
Mahu2021 collected 50 from pot
Mahu2021: doesn't show hand 
*** SUMMARY ***
Total pot 50 | Rake 0 
Board [Qs 3h Ac]
Seat 1: Silux70 (big blind) folded on the Flop
Seat 2: Mahu2021 (button) collected (50)
Seat 3: pavida10 (small blind) folded before Flop



PokerStars Hand #243011347455: Tournament #3575644719, $9.30+$0.70 USD Hold'em No Limit - Level I (10/20) - 2023/04/10 21:44:58 CET [2023/04/10 15:44:58 ET]
Table '3575644719 1' 3-max Seat #3 is the button
Seat 1: Silux70 (405 in chips) 
Seat 2: Mahu2021 (460 in chips) 
Seat 3: pavida10 (635 in chips) 
Silux70: posts small blind 10
Mahu2021: posts big blind 20
*** HOLE CARDS ***
Dealt to Mahu2021 [9h 3h]
pavida10: folds 
Silux70: folds 
Uncalled bet (10) returned to Mahu2021
Mahu2021 collected 20 from pot
Mahu2021: doesn't show hand 
*** SUMMARY ***
Total pot 20 | Rake 0 
Seat 1: Silux70 (small blind) folded before Flop
Seat 2: Mahu2021 (big blind) collected (20)
Seat 3: pavida10 (button) folded before Flop (didn't bet)



PokerStars Hand #243011351234: Tournament #3575644719, $9.30+$0.70 USD Hold'em No Limit - Level II (15/30) - 2023/04/10 21:45:07 CET [2023/04/10 15:45:07 ET]
Table '3575644719 1' 3-max Seat #1 is the button
Seat 1: Silux70 (395 in chips) 
Seat 2: Mahu2021 (470 in chips) 
Seat 3: pavida10 (635 in chips) 
Mahu2021: posts small blind 15
pavida10: posts big blind 30
*** HOLE CARDS ***
Dealt to Mahu2021 [Qc Qs]
Silux70: folds 
Mahu2021: raises 440 to 470 and is all-in
pavida10: folds 
Uncalled bet (440) returned to Mahu2021
Mahu2021 collected 60 from pot
Mahu2021: doesn't show hand 
*** SUMMARY ***
Total pot 60 | Rake 0 
Seat 1: Silux70 (button) folded before Flop (didn't bet)
Seat 2: Mahu2021 (small blind) collected (60)
Seat 3: pavida10 (big blind) folded before Flop



PokerStars Hand #243011355547: Tournament #3575644719, $9.30+$0.70 USD Hold'em No Limit - Level II (15/30) - 2023/04/10 21:45:17 CET [2023/04/10 15:45:17 ET]
Table '3575644719 1' 3-max Seat #2 is the button
Seat 1: Silux70 (395 in chips) 
Seat 2: Mahu2021 (500 in chips) 
Seat 3: pavida10 (605 in chips) 
pavida10: posts small blind 15
Silux70: posts big blind 30
*** HOLE CARDS ***
Dealt to Mahu2021 [Kd Jc]
Mahu2021: raises 30 to 60
pavida10: folds 
Silux70: calls 30
*** FLOP *** [Th Kh 2c]
Silux70: checks 
Mahu2021: bets 60
Silux70: folds 
Uncalled bet (60) returned to Mahu2021
Mahu2021 collected 135 from pot
Mahu2021: doesn't show hand 
*** SUMMARY ***
Total pot 135 | Rake 0 
Board [Th Kh 2c]
Seat 1: Silux70 (big blind) folded on the Flop
Seat 2: Mahu2021 (button) collected (135)
Seat 3: pavida10 (small blind) folded before Flop



PokerStars Hand #243011364001: Tournament #3575644719, $9.30+$0.70 USD Hold'em No Limit - Level II (15/30) - 2023/04/10 21:45:38 CET [2023/04/10 15:45:38 ET]
Table '3575644719 1' 3-max Seat #3 is the button
Seat 1: Silux70 (335 in chips) 
Seat 2: Mahu2021 (575 in chips) 
Seat 3: pavida10 (590 in chips) 
Silux70: posts small blind 15
Mahu2021: posts big blind 30
*** HOLE CARDS ***
Dealt to Mahu2021 [6d 4d]
pavida10: folds 
Silux70: raises 60 to 90
Mahu2021: folds 
Uncalled bet (60) returned to Silux70
Silux70 collected 60 from pot
*** SUMMARY ***
Total pot 60 | Rake 0 
Seat 1: Silux70 (small blind) collected (60)
Seat 2: Mahu2021 (big blind) folded before Flop
Seat 3: pavida10 (button) folded before Flop (didn't bet)



PokerStars Hand #243011367374: Tournament #3575644719, $9.30+$0.70 USD Hold'em No Limit - Level II (15/30) - 2023/04/10 21:45:46 CET [2023/04/10 15:45:46 ET]
Table '3575644719 1' 3-max Seat #1 is the button
Seat 1: Silux70 (365 in chips) 
Seat 2: Mahu2021 (545 in chips) 
Seat 3: pavida10 (590 in chips) 
Mahu2021: posts small blind 15
pavida10: posts big blind 30
*** HOLE CARDS ***
Dealt to Mahu2021 [Ks Kc]
Silux70: raises 60 to 90
Mahu2021: raises 455 to 545 and is all-in
pavida10: folds 
Silux70: folds 
Uncalled bet (455) returned to Mahu2021
Mahu2021 collected 210 from pot
Mahu2021: doesn't show hand 
*** SUMMARY ***
Total pot 210 | Rake 0 
Seat 1: Silux70 (button) folded before Flop
Seat 2: Mahu2021 (small blind) collected (210)
Seat 3: pavida10 (big blind) folded before Flop



PokerStars Hand #243011372100: Tournament #3575644719, $9.30+$0.70 USD Hold'em No Limit - Level II (15/30) - 2023/04/10 21:45:57 CET [2023/04/10 15:45:57 ET]
Table '3575644719 1' 3-max Seat #2 is the button
Seat 1: Silux70 (275 in chips) 
Seat 2: Mahu2021 (665 in chips) 
Seat 3: pavida10 (560 in chips) 
pavida10: posts small blind 15
Silux70: posts big blind 30
*** HOLE CARDS ***
Dealt to Mahu2021 [Ts 8h]
Mahu2021: folds 
pavida10: folds 
Uncalled bet (15) returned to Silux70
Silux70 collected 30 from pot
*** SUMMARY ***
Total pot 30 | Rake 0 
Seat 1: Silux70 (big blind) collected (30)
Seat 2: Mahu2021 (button) folded before Flop (didn't bet)
Seat 3: pavida10 (small blind) folded before Flop



PokerStars Hand #243011376648: Tournament #3575644719, $9.30+$0.70 USD Hold'em No Limit - Level II (15/30) - 2023/04/10 21:46:08 CET [2023/04/10 15:46:08 ET]
Table '3575644719 1' 3-max Seat #3 is the button
Seat 1: Silux70 (290 in chips) 
Seat 2: Mahu2021 (665 in chips) 
Seat 3: pavida10 (545 in chips) 
Silux70: posts small blind 15
Mahu2021: posts big blind 30
*** HOLE CARDS ***
Dealt to Mahu2021 [Jc 4h]
pavida10: raises 30 to 60
Silux70: folds 
Mahu2021: folds 
Uncalled bet (30) returned to pavida10
pavida10 collected 75 from pot
pavida10: doesn't show hand 
*** SUMMARY ***
Total pot 75 | Rake 0 
Seat 1: Silux70 (small blind) folded before Flop
Seat 2: Mahu2021 (big blind) folded before Flop
Seat 3: pavida10 (button) collected (75)



PokerStars Hand #243011383210: Tournament #3575644719, $9.30+$0.70 USD Hold'em No Limit - Level II (15/30) - 2023/04/10 21:46:23 CET [2023/04/10 15:46:23 ET]
Table '3575644719 1' 3-max Seat #1 is the button
Seat 1: Silux70 (275 in chips) 
Seat 2: Mahu2021 (635 in chips) 
Seat 3: pavida10 (590 in chips) 
Mahu2021: posts small blind 15
pavida10: posts big blind 30
*** HOLE CARDS ***
Dealt to Mahu2021 [2h 8h]
Silux70: raises 60 to 90
Mahu2021: folds 
pavida10: raises 500 to 590 and is all-in
Silux70: calls 185 and is all-in
Uncalled bet (315) returned to pavida10
*** FLOP *** [6h 7s 4s]
*** TURN *** [6h 7s 4s] [7d]
*** RIVER *** [6h 7s 4s 7d] [Js]
*** SHOW DOWN ***
pavida10: shows [5h 5d] (two pair, Sevens and Fives)
Silux70: shows [7h Ad] (three of a kind, Sevens)
Silux70 collected 565 from pot
*** SUMMARY ***
Total pot 565 | Rake 0 
Board [6h 7s 4s 7d Js]
Seat 1: Silux70 (button) showed [7h Ad] and won (565) with three of a kind, Sevens
Seat 2: Mahu2021 (small blind) folded before Flop
Seat 3: pavida10 (big blind) showed [5h 5d] and lost with two pair, Sevens and Fives



PokerStars Hand #243011391695: Tournament #3575644719, $9.30+$0.70 USD Hold'em No Limit - Level II (15/30) - 2023/04/10 21:46:43 CET [2023/04/10 15:46:43 ET]
Table '3575644719 1' 3-max Seat #2 is the button
Seat 1: Silux70 (565 in chips) 
Seat 2: Mahu2021 (620 in chips) 
Seat 3: pavida10 (315 in chips) 
pavida10: posts small blind 15
Silux70: posts big blind 30
*** HOLE CARDS ***
Dealt to Mahu2021 [9c 6h]
Mahu2021: folds 
pavida10: folds 
Uncalled bet (15) returned to Silux70
Silux70 collected 30 from pot
*** SUMMARY ***
Total pot 30 | Rake 0 
Seat 1: Silux70 (big blind) collected (30)
Seat 2: Mahu2021 (button) folded before Flop (didn't bet)
Seat 3: pavida10 (small blind) folded before Flop



PokerStars Hand #243011396300: Tournament #3575644719, $9.30+$0.70 USD Hold'em No Limit - Level II (15/30) - 2023/04/10 21:46:55 CET [2023/04/10 15:46:55 ET]
Table '3575644719 1' 3-max Seat #3 is the button
Seat 1: Silux70 (580 in chips) 
Seat 2: Mahu2021 (620 in chips) 
Seat 3: pavida10 (300 in chips) 
Silux70: posts small blind 15
Mahu2021: posts big blind 30
*** HOLE CARDS ***
Dealt to Mahu2021 [Ah Ac]
pavida10: raises 270 to 300 and is all-in
Silux70: folds 
Mahu2021: calls 270
*** FLOP *** [Qd 4s Th]
*** TURN *** [Qd 4s Th] [2d]
*** RIVER *** [Qd 4s Th 2d] [8s]
*** SHOW DOWN ***
Mahu2021: shows [Ah Ac] (a pair of Aces)
pavida10: shows [As 5d] (high card Ace)
Mahu2021 collected 615 from pot
pavida10 finished the tournament in 3rd place
*** SUMMARY ***
Total pot 615 | Rake 0 
Board [Qd 4s Th 2d 8s]
Seat 1: Silux70 (small blind) folded before Flop
Seat 2: Mahu2021 (big blind) showed [Ah Ac] and won (615) with a pair of Aces
Seat 3: pavida10 (button) showed [As 5d] and lost with high card Ace



PokerStars Hand #243011404072: Tournament #3575644719, $9.30+$0.70 USD Hold'em No Limit - Level III (20/40) - 2023/04/10 21:47:13 CET [2023/04/10 15:47:13 ET]
Table '3575644719 1' 3-max Seat #2 is the button
Seat 1: Silux70 (565 in chips) 
Seat 2: Mahu2021 (935 in chips) 
Mahu2021: posts small blind 20
Silux70: posts big blind 40
*** HOLE CARDS ***
Dealt to Mahu2021 [8c 5d]
Mahu2021: calls 20
Silux70: checks 
*** FLOP *** [Ac 7d 9c]
Silux70: bets 40
Mahu2021: calls 40
*** TURN *** [Ac 7d 9c] [Jd]
Silux70: bets 80
Mahu2021: calls 80
*** RIVER *** [Ac 7d 9c Jd] [Kc]
Silux70: checks 
Mahu2021: bets 160
Silux70: folds 
Uncalled bet (160) returned to Mahu2021
Mahu2021 collected 320 from pot
Mahu2021: doesn't show hand 
*** SUMMARY ***
Total pot 320 | Rake 0 
Board [Ac 7d 9c Jd Kc]
Seat 1: Silux70 (big blind) folded on the River
Seat 2: Mahu2021 (button) (small blind) collected (320)



PokerStars Hand #243011418492: Tournament #3575644719, $9.30+$0.70 USD Hold'em No Limit - Level III (20/40) - 2023/04/10 21:47:48 CET [2023/04/10 15:47:48 ET]
Table '3575644719 1' 3-max Seat #1 is the button
Seat 1: Silux70 (405 in chips) 
Seat 2: Mahu2021 (1095 in chips) 
Silux70: posts small blind 20
Mahu2021: posts big blind 40
*** HOLE CARDS ***
Dealt to Mahu2021 [Qd 8h]
Silux70: folds 
Uncalled bet (20) returned to Mahu2021
Mahu2021 collected 40 from pot
Mahu2021: doesn't show hand 
*** SUMMARY ***
Total pot 40 | Rake 0 
Seat 1: Silux70 (button) (small blind) folded before Flop
Seat 2: Mahu2021 (big blind) collected (40)



PokerStars Hand #243011420993: Tournament #3575644719, $9.30+$0.70 USD Hold'em No Limit - Level III (20/40) - 2023/04/10 21:47:54 CET [2023/04/10 15:47:54 ET]
Table '3575644719 1' 3-max Seat #2 is the button
Seat 1: Silux70 (385 in chips) 
Seat 2: Mahu2021 (1115 in chips) 
Mahu2021: posts small blind 20
Silux70: posts big blind 40
*** HOLE CARDS ***
Dealt to Mahu2021 [6c Ad]
Mahu2021: calls 20
Silux70: checks 
*** FLOP *** [Js Kd 9s]
Silux70: checks 
Mahu2021: checks 
*** TURN *** [Js Kd 9s] [8c]
Silux70: checks 
Mahu2021: checks 
*** RIVER *** [Js Kd 9s 8c] [Qc]
Silux70: bets 80
Mahu2021: folds 
Uncalled bet (80) returned to Silux70
Silux70 collected 80 from pot
*** SUMMARY ***
Total pot 80 | Rake 0 
Board [Js Kd 9s 8c Qc]
Seat 1: Silux70 (big blind) collected (80)
Seat 2: Mahu2021 (button) (small blind) folded on the River



PokerStars Hand #243011433601: Tournament #3575644719, $9.30+$0.70 USD Hold'em No Limit - Level III (20/40) - 2023/04/10 21:48:25 CET [2023/04/10 15:48:25 ET]
Table '3575644719 1' 3-max Seat #1 is the button
Seat 1: Silux70 (425 in chips) 
Seat 2: Mahu2021 (1075 in chips) 
Silux70: posts small blind 20
Mahu2021: posts big blind 40
*** HOLE CARDS ***
Dealt to Mahu2021 [7s 3s]
Silux70: raises 80 to 120
Mahu2021: folds 
Uncalled bet (80) returned to Silux70
Silux70 collected 80 from pot
*** SUMMARY ***
Total pot 80 | Rake 0 
Seat 1: Silux70 (button) (small blind) collected (80)
Seat 2: Mahu2021 (big blind) folded before Flop



PokerStars Hand #243011436568: Tournament #3575644719, $9.30+$0.70 USD Hold'em No Limit - Level III (20/40) - 2023/04/10 21:48:32 CET [2023/04/10 15:48:32 ET]
Table '3575644719 1' 3-max Seat #2 is the button
Seat 1: Silux70 (465 in chips) 
Seat 2: Mahu2021 (1035 in chips) 
Mahu2021: posts small blind 20
Silux70: posts big blind 40
*** HOLE CARDS ***
Dealt to Mahu2021 [9d Qd]
Mahu2021: raises 40 to 80
Silux70: folds 
Uncalled bet (40) returned to Mahu2021
Mahu2021 collected 80 from pot
Mahu2021: doesn't show hand 
*** SUMMARY ***
Total pot 80 | Rake 0 
Seat 1: Silux70 (big blind) folded before Flop
Seat 2: Mahu2021 (button) (small blind) collected (80)



PokerStars Hand #243011439889: Tournament #3575644719, $9.30+$0.70 USD Hold'em No Limit - Level III (20/40) - 2023/04/10 21:48:40 CET [2023/04/10 15:48:40 ET]
Table '3575644719 1' 3-max Seat #1 is the button
Seat 1: Silux70 (425 in chips) 
Seat 2: Mahu2021 (1075 in chips) 
Silux70: posts small blind 20
Mahu2021: posts big blind 40
*** HOLE CARDS ***
Dealt to Mahu2021 [Ah 9s]
Silux70: folds 
Uncalled bet (20) returned to Mahu2021
Mahu2021 collected 40 from pot
Mahu2021: doesn't show hand 
*** SUMMARY ***
Total pot 40 | Rake 0 
Seat 1: Silux70 (button) (small blind) folded before Flop
Seat 2: Mahu2021 (big blind) collected (40)



PokerStars Hand #243011442644: Tournament #3575644719, $9.30+$0.70 USD Hold'em No Limit - Level III (20/40) - 2023/04/10 21:48:47 CET [2023/04/10 15:48:47 ET]
Table '3575644719 1' 3-max Seat #2 is the button
Seat 1: Silux70 (405 in chips) 
Seat 2: Mahu2021 (1095 in chips) 
Mahu2021: posts small blind 20
Silux70: posts big blind 40
*** HOLE CARDS ***
Dealt to Mahu2021 [4d 4h]
Mahu2021: raises 1055 to 1095 and is all-in
Silux70: calls 365 and is all-in
Uncalled bet (690) returned to Mahu2021
*** FLOP *** [Kc 8c Jh]
*** TURN *** [Kc 8c Jh] [4s]
*** RIVER *** [Kc 8c Jh 4s] [Qc]
*** SHOW DOWN ***
Silux70: shows [3h As] (high card Ace)
Mahu2021: shows [4d 4h] (three of a kind, Fours)
Mahu2021 collected 810 from pot
Silux70 finished the tournament in 2nd place
Mahu2021 wins the tournament and receives $20.00 - congratulations!
*** SUMMARY ***
Total pot 810 | Rake 0 
Board [Kc 8c Jh 4s Qc]
Seat 1: Silux70 (big blind) showed [3h As] and lost with high card Ace
Seat 2: Mahu2021 (button) (small blind) showed [4d 4h] and won (810) with three of a kind, Fours



