PokerStars Hand #249707202244: Tournament #3735588724, $4.60+$0.40 USD Hold'em No Limit - Level I (10/20) - 2024/03/30 18:33:52 CET [2024/03/30 13:33:52 ET]
Table '3735588724 1' 3-max Seat #1 is the button
Seat 1: spectru95 (500 in chips) 
Seat 2: Mahu2021 (500 in chips) 
Seat 3: Tattoo-tyn9971 (500 in chips) 
Mahu2021: posts small blind 10
Tattoo-tyn9971: posts big blind 20
*** HOLE CARDS ***
Dealt to Mahu2021 [8s 8d]
spectru95: calls 20
Mahu2021: calls 10
Tattoo-tyn9971: checks 
*** FLOP *** [Ts Jh As]
Mahu2021: checks 
Tattoo-tyn9971: bets 20
spectru95: calls 20
Mahu2021: folds 
*** TURN *** [Ts Jh As] [2h]
Tattoo-tyn9971: bets 20
spectru95: calls 20
*** RIVER *** [Ts Jh As 2h] [3c]
Tattoo-tyn9971: bets 20
spectru95: folds 
Uncalled bet (20) returned to Tattoo-tyn9971
Tattoo-tyn9971 collected 140 from pot
*** SUMMARY ***
Total pot 140 | Rake 0 
Board [Ts Jh As 2h 3c]
Seat 1: spectru95 (button) folded on the River
Seat 2: Mahu2021 (small blind) folded on the Flop
Seat 3: Tattoo-tyn9971 (big blind) collected (140)



PokerStars Hand #249707208159: Tournament #3735588724, $4.60+$0.40 USD Hold'em No Limit - Level I (10/20) - 2024/03/30 18:34:11 CET [2024/03/30 13:34:11 ET]
Table '3735588724 1' 3-max Seat #2 is the button
Seat 1: spectru95 (440 in chips) 
Seat 2: Mahu2021 (480 in chips) 
Seat 3: Tattoo-tyn9971 (580 in chips) 
Tattoo-tyn9971: posts small blind 10
spectru95: posts big blind 20
*** HOLE CARDS ***
Dealt to Mahu2021 [2d 7d]
Mahu2021: folds 
Tattoo-tyn9971: calls 10
spectru95: checks 
*** FLOP *** [Jh 3s 8c]
Tattoo-tyn9971: checks 
spectru95: checks 
*** TURN *** [Jh 3s 8c] [5s]
Tattoo-tyn9971: bets 20
spectru95: calls 20
*** RIVER *** [Jh 3s 8c 5s] [6s]
Tattoo-tyn9971: bets 20
spectru95: folds 
Uncalled bet (20) returned to Tattoo-tyn9971
Tattoo-tyn9971 collected 80 from pot
*** SUMMARY ***
Total pot 80 | Rake 0 
Board [Jh 3s 8c 5s 6s]
Seat 1: spectru95 (big blind) folded on the River
Seat 2: Mahu2021 (button) folded before Flop (didn't bet)
Seat 3: Tattoo-tyn9971 (small blind) collected (80)



PokerStars Hand #249707213193: Tournament #3735588724, $4.60+$0.40 USD Hold'em No Limit - Level I (10/20) - 2024/03/30 18:34:27 CET [2024/03/30 13:34:27 ET]
Table '3735588724 1' 3-max Seat #3 is the button
Seat 1: spectru95 (400 in chips) 
Seat 2: Mahu2021 (480 in chips) 
Seat 3: Tattoo-tyn9971 (620 in chips) 
spectru95: posts small blind 10
Mahu2021: posts big blind 20
*** HOLE CARDS ***
Dealt to Mahu2021 [Jc 9h]
Tattoo-tyn9971: calls 20
spectru95: calls 10
Mahu2021: checks 
*** FLOP *** [9s 8d 4s]
spectru95: bets 40
Mahu2021: calls 40
Tattoo-tyn9971: calls 40
*** TURN *** [9s 8d 4s] [Jd]
spectru95: checks 
Mahu2021: bets 180
Tattoo-tyn9971: folds 
spectru95: calls 180
*** RIVER *** [9s 8d 4s Jd] [Jh]
spectru95: checks 
Mahu2021: bets 240 and is all-in
spectru95: folds 
Uncalled bet (240) returned to Mahu2021
Mahu2021 collected 540 from pot
Mahu2021: doesn't show hand 
*** SUMMARY ***
Total pot 540 | Rake 0 
Board [9s 8d 4s Jd Jh]
Seat 1: spectru95 (small blind) folded on the River
Seat 2: Mahu2021 (big blind) collected (540)
Seat 3: Tattoo-tyn9971 (button) folded on the Turn



PokerStars Hand #249707222050: Tournament #3735588724, $4.60+$0.40 USD Hold'em No Limit - Level I (10/20) - 2024/03/30 18:34:56 CET [2024/03/30 13:34:56 ET]
Table '3735588724 1' 3-max Seat #1 is the button
Seat 1: spectru95 (160 in chips) 
Seat 2: Mahu2021 (780 in chips) 
Seat 3: Tattoo-tyn9971 (560 in chips) 
Mahu2021: posts small blind 10
Tattoo-tyn9971: posts big blind 20
*** HOLE CARDS ***
Dealt to Mahu2021 [Th 5s]
spectru95: raises 140 to 160 and is all-in
Mahu2021: folds 
Tattoo-tyn9971: folds 
Uncalled bet (140) returned to spectru95
spectru95 collected 50 from pot
*** SUMMARY ***
Total pot 50 | Rake 0 
Seat 1: spectru95 (button) collected (50)
Seat 2: Mahu2021 (small blind) folded before Flop
Seat 3: Tattoo-tyn9971 (big blind) folded before Flop



PokerStars Hand #249707224139: Tournament #3735588724, $4.60+$0.40 USD Hold'em No Limit - Level I (10/20) - 2024/03/30 18:35:03 CET [2024/03/30 13:35:03 ET]
Table '3735588724 1' 3-max Seat #2 is the button
Seat 1: spectru95 (190 in chips) 
Seat 2: Mahu2021 (770 in chips) 
Seat 3: Tattoo-tyn9971 (540 in chips) 
Tattoo-tyn9971: posts small blind 10
spectru95: posts big blind 20
*** HOLE CARDS ***
Dealt to Mahu2021 [5s 4d]
Mahu2021: folds 
Tattoo-tyn9971: folds 
Uncalled bet (10) returned to spectru95
spectru95 collected 20 from pot
*** SUMMARY ***
Total pot 20 | Rake 0 
Seat 1: spectru95 (big blind) collected (20)
Seat 2: Mahu2021 (button) folded before Flop (didn't bet)
Seat 3: Tattoo-tyn9971 (small blind) folded before Flop



PokerStars Hand #249707225892: Tournament #3735588724, $4.60+$0.40 USD Hold'em No Limit - Level I (10/20) - 2024/03/30 18:35:08 CET [2024/03/30 13:35:08 ET]
Table '3735588724 1' 3-max Seat #3 is the button
Seat 1: spectru95 (200 in chips) 
Seat 2: Mahu2021 (770 in chips) 
Seat 3: Tattoo-tyn9971 (530 in chips) 
spectru95: posts small blind 10
Mahu2021: posts big blind 20
*** HOLE CARDS ***
Dealt to Mahu2021 [4s 2d]
Tattoo-tyn9971: folds 
spectru95: calls 10
Mahu2021: checks 
*** FLOP *** [Ts 8d 8c]
spectru95: checks 
Mahu2021: checks 
*** TURN *** [Ts 8d 8c] [Kd]
spectru95: checks 
Mahu2021: checks 
*** RIVER *** [Ts 8d 8c Kd] [6c]
spectru95: checks 
Mahu2021: checks 
*** SHOW DOWN ***
spectru95: shows [4d Jc] (a pair of Eights)
Mahu2021: mucks hand 
spectru95 collected 40 from pot
*** SUMMARY ***
Total pot 40 | Rake 0 
Board [Ts 8d 8c Kd 6c]
Seat 1: spectru95 (small blind) showed [4d Jc] and won (40) with a pair of Eights
Seat 2: Mahu2021 (big blind) mucked [4s 2d]
Seat 3: Tattoo-tyn9971 (button) folded before Flop (didn't bet)



PokerStars Hand #249707229973: Tournament #3735588724, $4.60+$0.40 USD Hold'em No Limit - Level I (10/20) - 2024/03/30 18:35:22 CET [2024/03/30 13:35:22 ET]
Table '3735588724 1' 3-max Seat #1 is the button
Seat 1: spectru95 (220 in chips) 
Seat 2: Mahu2021 (750 in chips) 
Seat 3: Tattoo-tyn9971 (530 in chips) 
Mahu2021: posts small blind 10
Tattoo-tyn9971: posts big blind 20
*** HOLE CARDS ***
Dealt to Mahu2021 [9c 5d]
spectru95: calls 20
Mahu2021: folds 
Tattoo-tyn9971: checks 
*** FLOP *** [Th 7h 8c]
Tattoo-tyn9971: checks 
spectru95: bets 50
Tattoo-tyn9971: folds 
Uncalled bet (50) returned to spectru95
spectru95 collected 50 from pot
*** SUMMARY ***
Total pot 50 | Rake 0 
Board [Th 7h 8c]
Seat 1: spectru95 (button) collected (50)
Seat 2: Mahu2021 (small blind) folded before Flop
Seat 3: Tattoo-tyn9971 (big blind) folded on the Flop



PokerStars Hand #249707234309: Tournament #3735588724, $4.60+$0.40 USD Hold'em No Limit - Level I (10/20) - 2024/03/30 18:35:36 CET [2024/03/30 13:35:36 ET]
Table '3735588724 1' 3-max Seat #2 is the button
Seat 1: spectru95 (250 in chips) 
Seat 2: Mahu2021 (740 in chips) 
Seat 3: Tattoo-tyn9971 (510 in chips) 
Tattoo-tyn9971: posts small blind 10
spectru95: posts big blind 20
*** HOLE CARDS ***
Dealt to Mahu2021 [Kc Tc]
Mahu2021: raises 20 to 40
Tattoo-tyn9971: calls 30
spectru95: calls 20
*** FLOP *** [3c 4d 9d]
Tattoo-tyn9971: checks 
spectru95: bets 210 and is all-in
Mahu2021: folds 
Tattoo-tyn9971: folds 
Uncalled bet (210) returned to spectru95
spectru95 collected 120 from pot
*** SUMMARY ***
Total pot 120 | Rake 0 
Board [3c 4d 9d]
Seat 1: spectru95 (big blind) collected (120)
Seat 2: Mahu2021 (button) folded on the Flop
Seat 3: Tattoo-tyn9971 (small blind) folded on the Flop



PokerStars Hand #249707240193: Tournament #3735588724, $4.60+$0.40 USD Hold'em No Limit - Level I (10/20) - 2024/03/30 18:35:55 CET [2024/03/30 13:35:55 ET]
Table '3735588724 1' 3-max Seat #3 is the button
Seat 1: spectru95 (330 in chips) 
Seat 2: Mahu2021 (700 in chips) 
Seat 3: Tattoo-tyn9971 (470 in chips) 
spectru95: posts small blind 10
Mahu2021: posts big blind 20
*** HOLE CARDS ***
Dealt to Mahu2021 [Qc 6h]
Tattoo-tyn9971: calls 20
spectru95: calls 10
Mahu2021: checks 
*** FLOP *** [Kh 3s Th]
spectru95: checks 
Mahu2021: checks 
Tattoo-tyn9971: bets 40
spectru95: folds 
Mahu2021: folds 
Uncalled bet (40) returned to Tattoo-tyn9971
Tattoo-tyn9971 collected 60 from pot
*** SUMMARY ***
Total pot 60 | Rake 0 
Board [Kh 3s Th]
Seat 1: spectru95 (small blind) folded on the Flop
Seat 2: Mahu2021 (big blind) folded on the Flop
Seat 3: Tattoo-tyn9971 (button) collected (60)



PokerStars Hand #249707244421: Tournament #3735588724, $4.60+$0.40 USD Hold'em No Limit - Level I (10/20) - 2024/03/30 18:36:08 CET [2024/03/30 13:36:08 ET]
Table '3735588724 1' 3-max Seat #1 is the button
Seat 1: spectru95 (310 in chips) 
Seat 2: Mahu2021 (680 in chips) 
Seat 3: Tattoo-tyn9971 (510 in chips) 
Mahu2021: posts small blind 10
Tattoo-tyn9971: posts big blind 20
*** HOLE CARDS ***
Dealt to Mahu2021 [2s Kc]
spectru95: calls 20
Mahu2021: calls 10
Tattoo-tyn9971: checks 
*** FLOP *** [Ah Jc Th]
Mahu2021: checks 
Tattoo-tyn9971: bets 20
spectru95: calls 20
Mahu2021: calls 20
*** TURN *** [Ah Jc Th] [7d]
Mahu2021: checks 
Tattoo-tyn9971: checks 
spectru95: checks 
*** RIVER *** [Ah Jc Th 7d] [4d]
Mahu2021: checks 
Tattoo-tyn9971: checks 
spectru95: checks 
*** SHOW DOWN ***
Mahu2021: shows [2s Kc] (high card Ace)
Tattoo-tyn9971: shows [Kh 6c] (high card Ace)
spectru95: shows [9c Jd] (a pair of Jacks)
spectru95 collected 120 from pot
*** SUMMARY ***
Total pot 120 | Rake 0 
Board [Ah Jc Th 7d 4d]
Seat 1: spectru95 (button) showed [9c Jd] and won (120) with a pair of Jacks
Seat 2: Mahu2021 (small blind) showed [2s Kc] and lost with high card Ace
Seat 3: Tattoo-tyn9971 (big blind) showed [Kh 6c] and lost with high card Ace



PokerStars Hand #249707249876: Tournament #3735588724, $4.60+$0.40 USD Hold'em No Limit - Level I (10/20) - 2024/03/30 18:36:26 CET [2024/03/30 13:36:26 ET]
Table '3735588724 1' 3-max Seat #2 is the button
Seat 1: spectru95 (390 in chips) 
Seat 2: Mahu2021 (640 in chips) 
Seat 3: Tattoo-tyn9971 (470 in chips) 
Tattoo-tyn9971: posts small blind 10
spectru95: posts big blind 20
*** HOLE CARDS ***
Dealt to Mahu2021 [4h 5s]
Mahu2021: folds 
Tattoo-tyn9971: raises 20 to 40
spectru95: folds 
Uncalled bet (20) returned to Tattoo-tyn9971
Tattoo-tyn9971 collected 40 from pot
*** SUMMARY ***
Total pot 40 | Rake 0 
Seat 1: spectru95 (big blind) folded before Flop
Seat 2: Mahu2021 (button) folded before Flop (didn't bet)
Seat 3: Tattoo-tyn9971 (small blind) collected (40)



PokerStars Hand #249707252116: Tournament #3735588724, $4.60+$0.40 USD Hold'em No Limit - Level I (10/20) - 2024/03/30 18:36:33 CET [2024/03/30 13:36:33 ET]
Table '3735588724 1' 3-max Seat #3 is the button
Seat 1: spectru95 (370 in chips) 
Seat 2: Mahu2021 (640 in chips) 
Seat 3: Tattoo-tyn9971 (490 in chips) 
spectru95: posts small blind 10
Mahu2021: posts big blind 20
*** HOLE CARDS ***
Dealt to Mahu2021 [6s Ac]
Tattoo-tyn9971: calls 20
spectru95: calls 10
Mahu2021: checks 
*** FLOP *** [Kd Ks 4s]
spectru95: checks 
Mahu2021: bets 40
Tattoo-tyn9971: folds 
spectru95: folds 
Uncalled bet (40) returned to Mahu2021
Mahu2021 collected 60 from pot
Mahu2021: doesn't show hand 
*** SUMMARY ***
Total pot 60 | Rake 0 
Board [Kd Ks 4s]
Seat 1: spectru95 (small blind) folded on the Flop
Seat 2: Mahu2021 (big blind) collected (60)
Seat 3: Tattoo-tyn9971 (button) folded on the Flop



PokerStars Hand #249707255896: Tournament #3735588724, $4.60+$0.40 USD Hold'em No Limit - Level I (10/20) - 2024/03/30 18:36:46 CET [2024/03/30 13:36:46 ET]
Table '3735588724 1' 3-max Seat #1 is the button
Seat 1: spectru95 (350 in chips) 
Seat 2: Mahu2021 (680 in chips) 
Seat 3: Tattoo-tyn9971 (470 in chips) 
Mahu2021: posts small blind 10
Tattoo-tyn9971: posts big blind 20
*** HOLE CARDS ***
Dealt to Mahu2021 [Qs Tc]
spectru95: calls 20
Mahu2021: calls 10
Tattoo-tyn9971: raises 40 to 60
spectru95: calls 40
Mahu2021: calls 40
*** FLOP *** [Js 9c 2c]
Mahu2021: checks 
Tattoo-tyn9971: bets 60
spectru95: folds 
Mahu2021: calls 60
*** TURN *** [Js 9c 2c] [3h]
Mahu2021: checks 
Tattoo-tyn9971: bets 100
Mahu2021: calls 100
*** RIVER *** [Js 9c 2c 3h] [5d]
Mahu2021: checks 
Tattoo-tyn9971: checks 
*** SHOW DOWN ***
Mahu2021: shows [Qs Tc] (high card Queen)
Tattoo-tyn9971: shows [Jd Ah] (a pair of Jacks)
Tattoo-tyn9971 collected 500 from pot
*** SUMMARY ***
Total pot 500 | Rake 0 
Board [Js 9c 2c 3h 5d]
Seat 1: spectru95 (button) folded on the Flop
Seat 2: Mahu2021 (small blind) showed [Qs Tc] and lost with high card Queen
Seat 3: Tattoo-tyn9971 (big blind) showed [Jd Ah] and won (500) with a pair of Jacks



PokerStars Hand #249707263895: Tournament #3735588724, $4.60+$0.40 USD Hold'em No Limit - Level II (15/30) - 2024/03/30 18:37:12 CET [2024/03/30 13:37:12 ET]
Table '3735588724 1' 3-max Seat #2 is the button
Seat 1: spectru95 (290 in chips) 
Seat 2: Mahu2021 (460 in chips) 
Seat 3: Tattoo-tyn9971 (750 in chips) 
Tattoo-tyn9971: posts small blind 15
spectru95: posts big blind 30
*** HOLE CARDS ***
Dealt to Mahu2021 [8d Ks]
Mahu2021: calls 30
Tattoo-tyn9971: calls 15
spectru95: checks 
*** FLOP *** [Qc Th Ad]
Tattoo-tyn9971: checks 
spectru95: bets 30
Mahu2021: calls 30
Tattoo-tyn9971: raises 60 to 90
spectru95: calls 60
Mahu2021: folds 
*** TURN *** [Qc Th Ad] [4s]
Tattoo-tyn9971: bets 90
spectru95: raises 80 to 170 and is all-in
Tattoo-tyn9971: calls 80
*** RIVER *** [Qc Th Ad 4s] [8c]
*** SHOW DOWN ***
Tattoo-tyn9971: shows [Kh Jh] (a straight, Ten to Ace)
spectru95: shows [7d Qs] (a pair of Queens)
Tattoo-tyn9971 collected 640 from pot
spectru95 finished the tournament in 3rd place
*** SUMMARY ***
Total pot 640 | Rake 0 
Board [Qc Th Ad 4s 8c]
Seat 1: spectru95 (big blind) showed [7d Qs] and lost with a pair of Queens
Seat 2: Mahu2021 (button) folded on the Flop
Seat 3: Tattoo-tyn9971 (small blind) showed [Kh Jh] and won (640) with a straight, Ten to Ace



PokerStars Hand #249707273892: Tournament #3735588724, $4.60+$0.40 USD Hold'em No Limit - Level II (15/30) - 2024/03/30 18:37:44 CET [2024/03/30 13:37:44 ET]
Table '3735588724 1' 3-max Seat #3 is the button
Seat 2: Mahu2021 (400 in chips) 
Seat 3: Tattoo-tyn9971 (1100 in chips) 
Tattoo-tyn9971: posts small blind 15
Mahu2021: posts big blind 30
*** HOLE CARDS ***
Dealt to Mahu2021 [Th 7s]
Tattoo-tyn9971: calls 15
Mahu2021: checks 
*** FLOP *** [Td Ah 2h]
Mahu2021: checks 
Tattoo-tyn9971: checks 
*** TURN *** [Td Ah 2h] [Jd]
Mahu2021: checks 
Tattoo-tyn9971: bets 30
Mahu2021: calls 30
*** RIVER *** [Td Ah 2h Jd] [Qh]
Mahu2021: checks 
Tattoo-tyn9971: checks 
*** SHOW DOWN ***
Mahu2021: shows [Th 7s] (a pair of Tens)
Tattoo-tyn9971: shows [Jc 6d] (a pair of Jacks)
Tattoo-tyn9971 collected 120 from pot
*** SUMMARY ***
Total pot 120 | Rake 0 
Board [Td Ah 2h Jd Qh]
Seat 2: Mahu2021 (big blind) showed [Th 7s] and lost with a pair of Tens
Seat 3: Tattoo-tyn9971 (button) (small blind) showed [Jc 6d] and won (120) with a pair of Jacks



PokerStars Hand #249707278362: Tournament #3735588724, $4.60+$0.40 USD Hold'em No Limit - Level II (15/30) - 2024/03/30 18:37:58 CET [2024/03/30 13:37:58 ET]
Table '3735588724 1' 3-max Seat #2 is the button
Seat 2: Mahu2021 (340 in chips) 
Seat 3: Tattoo-tyn9971 (1160 in chips) 
Mahu2021: posts small blind 15
Tattoo-tyn9971: posts big blind 30
*** HOLE CARDS ***
Dealt to Mahu2021 [7h Kh]
Mahu2021: raises 30 to 60
Tattoo-tyn9971: folds 
Uncalled bet (30) returned to Mahu2021
Mahu2021 collected 60 from pot
Mahu2021: doesn't show hand 
*** SUMMARY ***
Total pot 60 | Rake 0 
Seat 2: Mahu2021 (button) (small blind) collected (60)
Seat 3: Tattoo-tyn9971 (big blind) folded before Flop



PokerStars Hand #249707280093: Tournament #3735588724, $4.60+$0.40 USD Hold'em No Limit - Level II (15/30) - 2024/03/30 18:38:04 CET [2024/03/30 13:38:04 ET]
Table '3735588724 1' 3-max Seat #3 is the button
Seat 2: Mahu2021 (370 in chips) 
Seat 3: Tattoo-tyn9971 (1130 in chips) 
Tattoo-tyn9971: posts small blind 15
Mahu2021: posts big blind 30
*** HOLE CARDS ***
Dealt to Mahu2021 [2c 7d]
Tattoo-tyn9971: calls 15
Mahu2021: checks 
*** FLOP *** [9c 5h Ac]
Mahu2021: checks 
Tattoo-tyn9971: checks 
*** TURN *** [9c 5h Ac] [8c]
Mahu2021: checks 
Tattoo-tyn9971: bets 30
Mahu2021: folds 
Uncalled bet (30) returned to Tattoo-tyn9971
Tattoo-tyn9971 collected 60 from pot
*** SUMMARY ***
Total pot 60 | Rake 0 
Board [9c 5h Ac 8c]
Seat 2: Mahu2021 (big blind) folded on the Turn
Seat 3: Tattoo-tyn9971 (button) (small blind) collected (60)



PokerStars Hand #249707286334: Tournament #3735588724, $4.60+$0.40 USD Hold'em No Limit - Level II (15/30) - 2024/03/30 18:38:24 CET [2024/03/30 13:38:24 ET]
Table '3735588724 1' 3-max Seat #2 is the button
Seat 2: Mahu2021 (340 in chips) 
Seat 3: Tattoo-tyn9971 (1160 in chips) 
Mahu2021: posts small blind 15
Tattoo-tyn9971: posts big blind 30
*** HOLE CARDS ***
Dealt to Mahu2021 [3h 6h]
Mahu2021: calls 15
Tattoo-tyn9971: checks 
*** FLOP *** [Kc 2c 3s]
Tattoo-tyn9971: checks 
Mahu2021: bets 30
Tattoo-tyn9971: folds 
Uncalled bet (30) returned to Mahu2021
Mahu2021 collected 60 from pot
Mahu2021: doesn't show hand 
*** SUMMARY ***
Total pot 60 | Rake 0 
Board [Kc 2c 3s]
Seat 2: Mahu2021 (button) (small blind) collected (60)
Seat 3: Tattoo-tyn9971 (big blind) folded on the Flop



PokerStars Hand #249707291300: Tournament #3735588724, $4.60+$0.40 USD Hold'em No Limit - Level II (15/30) - 2024/03/30 18:38:40 CET [2024/03/30 13:38:40 ET]
Table '3735588724 1' 3-max Seat #3 is the button
Seat 2: Mahu2021 (370 in chips) 
Seat 3: Tattoo-tyn9971 (1130 in chips) 
Tattoo-tyn9971: posts small blind 15
Mahu2021: posts big blind 30
*** HOLE CARDS ***
Dealt to Mahu2021 [Qd 6s]
Tattoo-tyn9971: calls 15
Mahu2021: checks 
*** FLOP *** [2d 2h Jc]
Mahu2021: checks 
Tattoo-tyn9971: checks 
*** TURN *** [2d 2h Jc] [Js]
Mahu2021: checks 
Tattoo-tyn9971: checks 
*** RIVER *** [2d 2h Jc Js] [3c]
Mahu2021: checks 
Tattoo-tyn9971: bets 30
Mahu2021: folds 
Uncalled bet (30) returned to Tattoo-tyn9971
Tattoo-tyn9971 collected 60 from pot
*** SUMMARY ***
Total pot 60 | Rake 0 
Board [2d 2h Jc Js 3c]
Seat 2: Mahu2021 (big blind) folded on the River
Seat 3: Tattoo-tyn9971 (button) (small blind) collected (60)



PokerStars Hand #249707295830: Tournament #3735588724, $4.60+$0.40 USD Hold'em No Limit - Level II (15/30) - 2024/03/30 18:38:55 CET [2024/03/30 13:38:55 ET]
Table '3735588724 1' 3-max Seat #2 is the button
Seat 2: Mahu2021 (340 in chips) 
Seat 3: Tattoo-tyn9971 (1160 in chips) 
Mahu2021: posts small blind 15
Tattoo-tyn9971: posts big blind 30
*** HOLE CARDS ***
Dealt to Mahu2021 [Kc 5s]
Mahu2021: calls 15
Tattoo-tyn9971: checks 
*** FLOP *** [7d 3d 9d]
Tattoo-tyn9971: checks 
Mahu2021: checks 
*** TURN *** [7d 3d 9d] [9h]
Tattoo-tyn9971: bets 30
Mahu2021: folds 
Uncalled bet (30) returned to Tattoo-tyn9971
Tattoo-tyn9971 collected 60 from pot
*** SUMMARY ***
Total pot 60 | Rake 0 
Board [7d 3d 9d 9h]
Seat 2: Mahu2021 (button) (small blind) folded on the Turn
Seat 3: Tattoo-tyn9971 (big blind) collected (60)



PokerStars Hand #249707299616: Tournament #3735588724, $4.60+$0.40 USD Hold'em No Limit - Level II (15/30) - 2024/03/30 18:39:07 CET [2024/03/30 13:39:07 ET]
Table '3735588724 1' 3-max Seat #3 is the button
Seat 2: Mahu2021 (310 in chips) 
Seat 3: Tattoo-tyn9971 (1190 in chips) 
Tattoo-tyn9971: posts small blind 15
Mahu2021: posts big blind 30
*** HOLE CARDS ***
Dealt to Mahu2021 [9s Qs]
Tattoo-tyn9971: raises 30 to 60
Mahu2021: calls 30
*** FLOP *** [2h Ks Qc]
Mahu2021: checks 
Tattoo-tyn9971: checks 
*** TURN *** [2h Ks Qc] [6h]
Mahu2021: checks 
Tattoo-tyn9971: checks 
*** RIVER *** [2h Ks Qc 6h] [Jd]
Mahu2021: bets 60
Tattoo-tyn9971: folds 
Uncalled bet (60) returned to Mahu2021
Mahu2021 collected 120 from pot
Mahu2021: doesn't show hand 
*** SUMMARY ***
Total pot 120 | Rake 0 
Board [2h Ks Qc 6h Jd]
Seat 2: Mahu2021 (big blind) collected (120)
Seat 3: Tattoo-tyn9971 (button) (small blind) folded on the River



PokerStars Hand #249707304145: Tournament #3735588724, $4.60+$0.40 USD Hold'em No Limit - Level II (15/30) - 2024/03/30 18:39:22 CET [2024/03/30 13:39:22 ET]
Table '3735588724 1' 3-max Seat #2 is the button
Seat 2: Mahu2021 (370 in chips) 
Seat 3: Tattoo-tyn9971 (1130 in chips) 
Mahu2021: posts small blind 15
Tattoo-tyn9971: posts big blind 30
*** HOLE CARDS ***
Dealt to Mahu2021 [8h 2d]
Mahu2021: folds 
Uncalled bet (15) returned to Tattoo-tyn9971
Tattoo-tyn9971 collected 30 from pot
*** SUMMARY ***
Total pot 30 | Rake 0 
Seat 2: Mahu2021 (button) (small blind) folded before Flop
Seat 3: Tattoo-tyn9971 (big blind) collected (30)



PokerStars Hand #249707305559: Tournament #3735588724, $4.60+$0.40 USD Hold'em No Limit - Level II (15/30) - 2024/03/30 18:39:26 CET [2024/03/30 13:39:26 ET]
Table '3735588724 1' 3-max Seat #3 is the button
Seat 2: Mahu2021 (355 in chips) 
Seat 3: Tattoo-tyn9971 (1145 in chips) 
Tattoo-tyn9971: posts small blind 15
Mahu2021: posts big blind 30
*** HOLE CARDS ***
Dealt to Mahu2021 [Js 8s]
Tattoo-tyn9971: calls 15
Mahu2021: checks 
*** FLOP *** [9c Ah 2h]
Mahu2021: checks 
Tattoo-tyn9971: checks 
*** TURN *** [9c Ah 2h] [Ks]
Mahu2021: checks 
Tattoo-tyn9971: bets 30
Mahu2021: folds 
Uncalled bet (30) returned to Tattoo-tyn9971
Tattoo-tyn9971 collected 60 from pot
*** SUMMARY ***
Total pot 60 | Rake 0 
Board [9c Ah 2h Ks]
Seat 2: Mahu2021 (big blind) folded on the Turn
Seat 3: Tattoo-tyn9971 (button) (small blind) collected (60)



PokerStars Hand #249707309493: Tournament #3735588724, $4.60+$0.40 USD Hold'em No Limit - Level II (15/30) - 2024/03/30 18:39:39 CET [2024/03/30 13:39:39 ET]
Table '3735588724 1' 3-max Seat #2 is the button
Seat 2: Mahu2021 (325 in chips) 
Seat 3: Tattoo-tyn9971 (1175 in chips) 
Mahu2021: posts small blind 15
Tattoo-tyn9971: posts big blind 30
*** HOLE CARDS ***
Dealt to Mahu2021 [Qh 8c]
Mahu2021: calls 15
Tattoo-tyn9971: checks 
*** FLOP *** [2s Ks Ts]
Tattoo-tyn9971: checks 
Mahu2021: checks 
*** TURN *** [2s Ks Ts] [Js]
Tattoo-tyn9971: checks 
Mahu2021: bets 30
Tattoo-tyn9971: calls 30
*** RIVER *** [2s Ks Ts Js] [Qd]
Tattoo-tyn9971: bets 30
Mahu2021: folds 
Uncalled bet (30) returned to Tattoo-tyn9971
Tattoo-tyn9971 collected 120 from pot
*** SUMMARY ***
Total pot 120 | Rake 0 
Board [2s Ks Ts Js Qd]
Seat 2: Mahu2021 (button) (small blind) folded on the River
Seat 3: Tattoo-tyn9971 (big blind) collected (120)



PokerStars Hand #249707315778: Tournament #3735588724, $4.60+$0.40 USD Hold'em No Limit - Level III (20/40) - 2024/03/30 18:40:00 CET [2024/03/30 13:40:00 ET]
Table '3735588724 1' 3-max Seat #3 is the button
Seat 2: Mahu2021 (265 in chips) 
Seat 3: Tattoo-tyn9971 (1235 in chips) 
Tattoo-tyn9971: posts small blind 20
Mahu2021: posts big blind 40
*** HOLE CARDS ***
Dealt to Mahu2021 [4d 6s]
Tattoo-tyn9971: raises 80 to 120
Mahu2021: folds 
Uncalled bet (80) returned to Tattoo-tyn9971
Tattoo-tyn9971 collected 80 from pot
*** SUMMARY ***
Total pot 80 | Rake 0 
Seat 2: Mahu2021 (big blind) folded before Flop
Seat 3: Tattoo-tyn9971 (button) (small blind) collected (80)



PokerStars Hand #249707317744: Tournament #3735588724, $4.60+$0.40 USD Hold'em No Limit - Level III (20/40) - 2024/03/30 18:40:06 CET [2024/03/30 13:40:06 ET]
Table '3735588724 1' 3-max Seat #2 is the button
Seat 2: Mahu2021 (225 in chips) 
Seat 3: Tattoo-tyn9971 (1275 in chips) 
Mahu2021: posts small blind 20
Tattoo-tyn9971: posts big blind 40
*** HOLE CARDS ***
Dealt to Mahu2021 [Qc Kc]
Mahu2021: calls 20
Tattoo-tyn9971: checks 
*** FLOP *** [Jc 5h Ks]
Tattoo-tyn9971: checks 
Mahu2021: checks 
*** TURN *** [Jc 5h Ks] [2h]
Tattoo-tyn9971: checks 
Mahu2021: checks 
*** RIVER *** [Jc 5h Ks 2h] [4s]
Tattoo-tyn9971: checks 
Mahu2021: bets 80
Tattoo-tyn9971: folds 
Uncalled bet (80) returned to Mahu2021
Mahu2021 collected 80 from pot
Mahu2021: doesn't show hand 
*** SUMMARY ***
Total pot 80 | Rake 0 
Board [Jc 5h Ks 2h 4s]
Seat 2: Mahu2021 (button) (small blind) collected (80)
Seat 3: Tattoo-tyn9971 (big blind) folded on the River



PokerStars Hand #249707322863: Tournament #3735588724, $4.60+$0.40 USD Hold'em No Limit - Level III (20/40) - 2024/03/30 18:40:23 CET [2024/03/30 13:40:23 ET]
Table '3735588724 1' 3-max Seat #3 is the button
Seat 2: Mahu2021 (265 in chips) 
Seat 3: Tattoo-tyn9971 (1235 in chips) 
Tattoo-tyn9971: posts small blind 20
Mahu2021: posts big blind 40
*** HOLE CARDS ***
Dealt to Mahu2021 [5s 9h]
Tattoo-tyn9971: raises 40 to 80
Mahu2021: folds 
Uncalled bet (40) returned to Tattoo-tyn9971
Tattoo-tyn9971 collected 80 from pot
*** SUMMARY ***
Total pot 80 | Rake 0 
Seat 2: Mahu2021 (big blind) folded before Flop
Seat 3: Tattoo-tyn9971 (button) (small blind) collected (80)



PokerStars Hand #249707324812: Tournament #3735588724, $4.60+$0.40 USD Hold'em No Limit - Level III (20/40) - 2024/03/30 18:40:29 CET [2024/03/30 13:40:29 ET]
Table '3735588724 1' 3-max Seat #2 is the button
Seat 2: Mahu2021 (225 in chips) 
Seat 3: Tattoo-tyn9971 (1275 in chips) 
Mahu2021: posts small blind 20
Tattoo-tyn9971: posts big blind 40
*** HOLE CARDS ***
Dealt to Mahu2021 [Ad 5s]
Mahu2021: raises 40 to 80
Tattoo-tyn9971: calls 40
*** FLOP *** [9h Ah 2d]
Tattoo-tyn9971: checks 
Mahu2021: bets 40
Tattoo-tyn9971: folds 
Uncalled bet (40) returned to Mahu2021
Mahu2021 collected 160 from pot
Mahu2021: doesn't show hand 
*** SUMMARY ***
Total pot 160 | Rake 0 
Board [9h Ah 2d]
Seat 2: Mahu2021 (button) (small blind) collected (160)
Seat 3: Tattoo-tyn9971 (big blind) folded on the Flop



PokerStars Hand #249707328256: Tournament #3735588724, $4.60+$0.40 USD Hold'em No Limit - Level III (20/40) - 2024/03/30 18:40:40 CET [2024/03/30 13:40:40 ET]
Table '3735588724 1' 3-max Seat #3 is the button
Seat 2: Mahu2021 (305 in chips) 
Seat 3: Tattoo-tyn9971 (1195 in chips) 
Tattoo-tyn9971: posts small blind 20
Mahu2021: posts big blind 40
*** HOLE CARDS ***
Dealt to Mahu2021 [9c 6d]
Tattoo-tyn9971: calls 20
Mahu2021: checks 
*** FLOP *** [Ks Kd 8h]
Mahu2021: checks 
Tattoo-tyn9971: checks 
*** TURN *** [Ks Kd 8h] [Td]
Mahu2021: checks 
Tattoo-tyn9971: bets 40
Mahu2021: folds 
Uncalled bet (40) returned to Tattoo-tyn9971
Tattoo-tyn9971 collected 80 from pot
*** SUMMARY ***
Total pot 80 | Rake 0 
Board [Ks Kd 8h Td]
Seat 2: Mahu2021 (big blind) folded on the Turn
Seat 3: Tattoo-tyn9971 (button) (small blind) collected (80)



PokerStars Hand #249707331939: Tournament #3735588724, $4.60+$0.40 USD Hold'em No Limit - Level III (20/40) - 2024/03/30 18:40:52 CET [2024/03/30 13:40:52 ET]
Table '3735588724 1' 3-max Seat #2 is the button
Seat 2: Mahu2021 (265 in chips) 
Seat 3: Tattoo-tyn9971 (1235 in chips) 
Mahu2021: posts small blind 20
Tattoo-tyn9971: posts big blind 40
*** HOLE CARDS ***
Dealt to Mahu2021 [Td 4d]
Mahu2021: folds 
Uncalled bet (20) returned to Tattoo-tyn9971
Tattoo-tyn9971 collected 40 from pot
*** SUMMARY ***
Total pot 40 | Rake 0 
Seat 2: Mahu2021 (button) (small blind) folded before Flop
Seat 3: Tattoo-tyn9971 (big blind) collected (40)



PokerStars Hand #249707333379: Tournament #3735588724, $4.60+$0.40 USD Hold'em No Limit - Level III (20/40) - 2024/03/30 18:40:57 CET [2024/03/30 13:40:57 ET]
Table '3735588724 1' 3-max Seat #3 is the button
Seat 2: Mahu2021 (245 in chips) 
Seat 3: Tattoo-tyn9971 (1255 in chips) 
Tattoo-tyn9971: posts small blind 20
Mahu2021: posts big blind 40
*** HOLE CARDS ***
Dealt to Mahu2021 [Kh 6d]
Tattoo-tyn9971: folds 
Uncalled bet (20) returned to Mahu2021
Mahu2021 collected 40 from pot
Mahu2021: doesn't show hand 
*** SUMMARY ***
Total pot 40 | Rake 0 
Seat 2: Mahu2021 (big blind) collected (40)
Seat 3: Tattoo-tyn9971 (button) (small blind) folded before Flop



PokerStars Hand #249707334799: Tournament #3735588724, $4.60+$0.40 USD Hold'em No Limit - Level III (20/40) - 2024/03/30 18:41:01 CET [2024/03/30 13:41:01 ET]
Table '3735588724 1' 3-max Seat #2 is the button
Seat 2: Mahu2021 (265 in chips) 
Seat 3: Tattoo-tyn9971 (1235 in chips) 
Mahu2021: posts small blind 20
Tattoo-tyn9971: posts big blind 40
*** HOLE CARDS ***
Dealt to Mahu2021 [9d 5c]
Mahu2021: folds 
Uncalled bet (20) returned to Tattoo-tyn9971
Tattoo-tyn9971 collected 40 from pot
*** SUMMARY ***
Total pot 40 | Rake 0 
Seat 2: Mahu2021 (button) (small blind) folded before Flop
Seat 3: Tattoo-tyn9971 (big blind) collected (40)



PokerStars Hand #249707336146: Tournament #3735588724, $4.60+$0.40 USD Hold'em No Limit - Level III (20/40) - 2024/03/30 18:41:06 CET [2024/03/30 13:41:06 ET]
Table '3735588724 1' 3-max Seat #3 is the button
Seat 2: Mahu2021 (245 in chips) 
Seat 3: Tattoo-tyn9971 (1255 in chips) 
Tattoo-tyn9971: posts small blind 20
Mahu2021: posts big blind 40
*** HOLE CARDS ***
Dealt to Mahu2021 [Jc Js]
Tattoo-tyn9971: raises 40 to 80
Mahu2021: raises 165 to 245 and is all-in
Tattoo-tyn9971: calls 165
*** FLOP *** [4c 7h 5c]
*** TURN *** [4c 7h 5c] [5s]
*** RIVER *** [4c 7h 5c 5s] [Qd]
*** SHOW DOWN ***
Mahu2021: shows [Jc Js] (two pair, Jacks and Fives)
Tattoo-tyn9971: shows [Ad 3h] (a pair of Fives)
Mahu2021 collected 490 from pot
*** SUMMARY ***
Total pot 490 | Rake 0 
Board [4c 7h 5c 5s Qd]
Seat 2: Mahu2021 (big blind) showed [Jc Js] and won (490) with two pair, Jacks and Fives
Seat 3: Tattoo-tyn9971 (button) (small blind) showed [Ad 3h] and lost with a pair of Fives



PokerStars Hand #249707340376: Tournament #3735588724, $4.60+$0.40 USD Hold'em No Limit - Level III (20/40) - 2024/03/30 18:41:20 CET [2024/03/30 13:41:20 ET]
Table '3735588724 1' 3-max Seat #2 is the button
Seat 2: Mahu2021 (490 in chips) 
Seat 3: Tattoo-tyn9971 (1010 in chips) 
Mahu2021: posts small blind 20
Tattoo-tyn9971: posts big blind 40
*** HOLE CARDS ***
Dealt to Mahu2021 [4c Ks]
Mahu2021: calls 20
Tattoo-tyn9971: checks 
*** FLOP *** [5h 9c Td]
Tattoo-tyn9971: bets 40
Mahu2021: folds 
Uncalled bet (40) returned to Tattoo-tyn9971
Tattoo-tyn9971 collected 80 from pot
*** SUMMARY ***
Total pot 80 | Rake 0 
Board [5h 9c Td]
Seat 2: Mahu2021 (button) (small blind) folded on the Flop
Seat 3: Tattoo-tyn9971 (big blind) collected (80)



PokerStars Hand #249707343210: Tournament #3735588724, $4.60+$0.40 USD Hold'em No Limit - Level III (20/40) - 2024/03/30 18:41:29 CET [2024/03/30 13:41:29 ET]
Table '3735588724 1' 3-max Seat #3 is the button
Seat 2: Mahu2021 (450 in chips) 
Seat 3: Tattoo-tyn9971 (1050 in chips) 
Tattoo-tyn9971: posts small blind 20
Mahu2021: posts big blind 40
*** HOLE CARDS ***
Dealt to Mahu2021 [Jd Td]
Tattoo-tyn9971: raises 80 to 120
Mahu2021: calls 80
*** FLOP *** [Kc 3c As]
Mahu2021: checks 
Tattoo-tyn9971: bets 40
Mahu2021: calls 40
*** TURN *** [Kc 3c As] [7c]
Mahu2021: checks 
Tattoo-tyn9971: bets 80
Mahu2021: folds 
Uncalled bet (80) returned to Tattoo-tyn9971
Tattoo-tyn9971 collected 320 from pot
*** SUMMARY ***
Total pot 320 | Rake 0 
Board [Kc 3c As 7c]
Seat 2: Mahu2021 (big blind) folded on the Turn
Seat 3: Tattoo-tyn9971 (button) (small blind) collected (320)



PokerStars Hand #249707348551: Tournament #3735588724, $4.60+$0.40 USD Hold'em No Limit - Level III (20/40) - 2024/03/30 18:41:46 CET [2024/03/30 13:41:46 ET]
Table '3735588724 1' 3-max Seat #2 is the button
Seat 2: Mahu2021 (290 in chips) 
Seat 3: Tattoo-tyn9971 (1210 in chips) 
Mahu2021: posts small blind 20
Tattoo-tyn9971: posts big blind 40
*** HOLE CARDS ***
Dealt to Mahu2021 [5d Ts]
Mahu2021: folds 
Uncalled bet (20) returned to Tattoo-tyn9971
Tattoo-tyn9971 collected 40 from pot
*** SUMMARY ***
Total pot 40 | Rake 0 
Seat 2: Mahu2021 (button) (small blind) folded before Flop
Seat 3: Tattoo-tyn9971 (big blind) collected (40)



PokerStars Hand #249707349996: Tournament #3735588724, $4.60+$0.40 USD Hold'em No Limit - Level III (20/40) - 2024/03/30 18:41:51 CET [2024/03/30 13:41:51 ET]
Table '3735588724 1' 3-max Seat #3 is the button
Seat 2: Mahu2021 (270 in chips) 
Seat 3: Tattoo-tyn9971 (1230 in chips) 
Tattoo-tyn9971: posts small blind 20
Mahu2021: posts big blind 40
*** HOLE CARDS ***
Dealt to Mahu2021 [Js 5c]
Tattoo-tyn9971: calls 20
Mahu2021: checks 
*** FLOP *** [2d 6h 4s]
Mahu2021: checks 
Tattoo-tyn9971: checks 
*** TURN *** [2d 6h 4s] [3c]
Mahu2021: checks 
Tattoo-tyn9971: bets 40
Mahu2021: raises 40 to 80
Tattoo-tyn9971: raises 1110 to 1190 and is all-in
Mahu2021: calls 150 and is all-in
Uncalled bet (960) returned to Tattoo-tyn9971
*** RIVER *** [2d 6h 4s 3c] [Ad]
*** SHOW DOWN ***
Mahu2021: shows [Js 5c] (a straight, Deuce to Six)
Tattoo-tyn9971: shows [5h 8c] (a straight, Deuce to Six)
Mahu2021 collected 270 from pot
Tattoo-tyn9971 collected 270 from pot
*** SUMMARY ***
Total pot 540 | Rake 0 
Board [2d 6h 4s 3c Ad]
Seat 2: Mahu2021 (big blind) showed [Js 5c] and won (270) with a straight, Deuce to Six
Seat 3: Tattoo-tyn9971 (button) (small blind) showed [5h 8c] and won (270) with a straight, Deuce to Six



PokerStars Hand #249707357606: Tournament #3735588724, $4.60+$0.40 USD Hold'em No Limit - Level III (20/40) - 2024/03/30 18:42:15 CET [2024/03/30 13:42:15 ET]
Table '3735588724 1' 3-max Seat #2 is the button
Seat 2: Mahu2021 (270 in chips) 
Seat 3: Tattoo-tyn9971 (1230 in chips) 
Mahu2021: posts small blind 20
Tattoo-tyn9971: posts big blind 40
*** HOLE CARDS ***
Dealt to Mahu2021 [Jh 8s]
Mahu2021: calls 20
Tattoo-tyn9971: raises 80 to 120
Mahu2021: folds 
Uncalled bet (80) returned to Tattoo-tyn9971
Tattoo-tyn9971 collected 80 from pot
*** SUMMARY ***
Total pot 80 | Rake 0 
Seat 2: Mahu2021 (button) (small blind) folded before Flop
Seat 3: Tattoo-tyn9971 (big blind) collected (80)



PokerStars Hand #249707360207: Tournament #3735588724, $4.60+$0.40 USD Hold'em No Limit - Level III (20/40) - 2024/03/30 18:42:24 CET [2024/03/30 13:42:24 ET]
Table '3735588724 1' 3-max Seat #3 is the button
Seat 2: Mahu2021 (230 in chips) 
Seat 3: Tattoo-tyn9971 (1270 in chips) 
Tattoo-tyn9971: posts small blind 20
Mahu2021: posts big blind 40
*** HOLE CARDS ***
Dealt to Mahu2021 [Kd 7h]
Tattoo-tyn9971: calls 20
Mahu2021: raises 190 to 230 and is all-in
Tattoo-tyn9971: folds 
Uncalled bet (190) returned to Mahu2021
Mahu2021 collected 80 from pot
Mahu2021: doesn't show hand 
*** SUMMARY ***
Total pot 80 | Rake 0 
Seat 2: Mahu2021 (big blind) collected (80)
Seat 3: Tattoo-tyn9971 (button) (small blind) folded before Flop



PokerStars Hand #249707362329: Tournament #3735588724, $4.60+$0.40 USD Hold'em No Limit - Level III (20/40) - 2024/03/30 18:42:31 CET [2024/03/30 13:42:31 ET]
Table '3735588724 1' 3-max Seat #2 is the button
Seat 2: Mahu2021 (270 in chips) 
Seat 3: Tattoo-tyn9971 (1230 in chips) 
Mahu2021: posts small blind 20
Tattoo-tyn9971: posts big blind 40
*** HOLE CARDS ***
Dealt to Mahu2021 [Jc 5h]
Mahu2021: calls 20
Tattoo-tyn9971: checks 
*** FLOP *** [9h 5s Qs]
Tattoo-tyn9971: bets 40
Mahu2021: calls 40
*** TURN *** [9h 5s Qs] [4h]
Tattoo-tyn9971: bets 40
Mahu2021: raises 150 to 190 and is all-in
Tattoo-tyn9971: calls 150
*** RIVER *** [9h 5s Qs 4h] [3h]
*** SHOW DOWN ***
Tattoo-tyn9971: shows [9d 6d] (a pair of Nines)
Mahu2021: shows [Jc 5h] (a pair of Fives)
Tattoo-tyn9971 collected 540 from pot
Mahu2021 finished the tournament in 2nd place
Tattoo-tyn9971 wins the tournament and receives $15.00 - congratulations!
*** SUMMARY ***
Total pot 540 | Rake 0 
Board [9h 5s Qs 4h 3h]
Seat 2: Mahu2021 (button) (small blind) showed [Jc 5h] and lost with a pair of Fives
Seat 3: Tattoo-tyn9971 (big blind) showed [9d 6d] and won (540) with a pair of Nines



