PokerStars Hand #252739985801: Tournament #3807530025, $1.84+$0.16 USD Hold'em No Limit - Level I (10/20) - 2024/10/02 21:22:44 CET [2024/10/02 15:22:44 ET]
Table '3807530025 1' 3-max Seat #1 is the button
Seat 1: Mahu2021 (500 in chips) 
Seat 2: KazimChoudhary (500 in chips) 
Seat 3: voiqr (500 in chips) 
KazimChoudhary: posts small blind 10
voiqr: posts big blind 20
*** HOLE CARDS ***
Dealt to Mahu2021 [Ts Qs]
Mahu2021: raises 20 to 40
KazimChoudhary: raises 100 to 140
voiqr: folds 
Mahu2021: folds 
Uncalled bet (100) returned to KazimChoudhary
KazimChoudhary collected 100 from pot
KazimChoudhary: doesn't show hand 
*** SUMMARY ***
Total pot 100 | Rake 0 
Seat 1: Mahu2021 (button) folded before Flop
Seat 2: KazimChoudhary (small blind) collected (100)
Seat 3: voiqr (big blind) folded before Flop



PokerStars Hand #252739989417: Tournament #3807530025, $1.84+$0.16 USD Hold'em No Limit - Level I (10/20) - 2024/10/02 21:22:55 CET [2024/10/02 15:22:55 ET]
Table '3807530025 1' 3-max Seat #2 is the button
Seat 1: Mahu2021 (460 in chips) 
Seat 2: KazimChoudhary (560 in chips) 
Seat 3: voiqr (480 in chips) 
voiqr: posts small blind 10
Mahu2021: posts big blind 20
*** HOLE CARDS ***
Dealt to Mahu2021 [5h Ac]
KazimChoudhary: folds 
voiqr: calls 10
Mahu2021: checks 
*** FLOP *** [Kh 2c Qd]
voiqr: checks 
Mahu2021: checks 
*** TURN *** [Kh 2c Qd] [6s]
voiqr: bets 40
Mahu2021: folds 
Uncalled bet (40) returned to voiqr
voiqr collected 40 from pot
voiqr: doesn't show hand 
*** SUMMARY ***
Total pot 40 | Rake 0 
Board [Kh 2c Qd 6s]
Seat 1: Mahu2021 (big blind) folded on the Turn
Seat 2: KazimChoudhary (button) folded before Flop (didn't bet)
Seat 3: voiqr (small blind) collected (40)



PokerStars Hand #252739994138: Tournament #3807530025, $1.84+$0.16 USD Hold'em No Limit - Level I (10/20) - 2024/10/02 21:23:11 CET [2024/10/02 15:23:11 ET]
Table '3807530025 1' 3-max Seat #3 is the button
Seat 1: Mahu2021 (440 in chips) 
Seat 2: KazimChoudhary (560 in chips) 
Seat 3: voiqr (500 in chips) 
Mahu2021: posts small blind 10
KazimChoudhary: posts big blind 20
*** HOLE CARDS ***
Dealt to Mahu2021 [Ts Kh]
voiqr: calls 20
Mahu2021: raises 20 to 40
KazimChoudhary: folds 
voiqr: calls 20
*** FLOP *** [8s 7h Qc]
Mahu2021: checks 
voiqr: checks 
*** TURN *** [8s 7h Qc] [Ac]
Mahu2021: bets 40
voiqr: calls 40
*** RIVER *** [8s 7h Qc Ac] [3h]
Mahu2021: checks 
voiqr: bets 180
Mahu2021: folds 
Uncalled bet (180) returned to voiqr
voiqr collected 180 from pot
voiqr: doesn't show hand 
*** SUMMARY ***
Total pot 180 | Rake 0 
Board [8s 7h Qc Ac 3h]
Seat 1: Mahu2021 (small blind) folded on the River
Seat 2: KazimChoudhary (big blind) folded before Flop
Seat 3: voiqr (button) collected (180)



PokerStars Hand #252740000252: Tournament #3807530025, $1.84+$0.16 USD Hold'em No Limit - Level I (10/20) - 2024/10/02 21:23:30 CET [2024/10/02 15:23:30 ET]
Table '3807530025 1' 3-max Seat #1 is the button
Seat 1: Mahu2021 (360 in chips) 
Seat 2: KazimChoudhary (540 in chips) 
Seat 3: voiqr (600 in chips) 
KazimChoudhary: posts small blind 10
voiqr: posts big blind 20
*** HOLE CARDS ***
Dealt to Mahu2021 [Tc 9h]
Mahu2021: folds 
KazimChoudhary: calls 10
voiqr: raises 120 to 140
KazimChoudhary: folds 
Uncalled bet (120) returned to voiqr
voiqr collected 40 from pot
voiqr: doesn't show hand 
*** SUMMARY ***
Total pot 40 | Rake 0 
Seat 1: Mahu2021 (button) folded before Flop (didn't bet)
Seat 2: KazimChoudhary (small blind) folded before Flop
Seat 3: voiqr (big blind) collected (40)



PokerStars Hand #252740003460: Tournament #3807530025, $1.84+$0.16 USD Hold'em No Limit - Level I (10/20) - 2024/10/02 21:23:40 CET [2024/10/02 15:23:40 ET]
Table '3807530025 1' 3-max Seat #2 is the button
Seat 1: Mahu2021 (360 in chips) 
Seat 2: KazimChoudhary (520 in chips) 
Seat 3: voiqr (620 in chips) 
voiqr: posts small blind 10
Mahu2021: posts big blind 20
*** HOLE CARDS ***
Dealt to Mahu2021 [Qd 3h]
KazimChoudhary: folds 
voiqr: calls 10
Mahu2021: checks 
*** FLOP *** [Kh 2d 4d]
voiqr: checks 
Mahu2021: checks 
*** TURN *** [Kh 2d 4d] [Th]
voiqr: bets 20
Mahu2021: folds 
Uncalled bet (20) returned to voiqr
voiqr collected 40 from pot
voiqr: doesn't show hand 
*** SUMMARY ***
Total pot 40 | Rake 0 
Board [Kh 2d 4d Th]
Seat 1: Mahu2021 (big blind) folded on the Turn
Seat 2: KazimChoudhary (button) folded before Flop (didn't bet)
Seat 3: voiqr (small blind) collected (40)



PokerStars Hand #252740008113: Tournament #3807530025, $1.84+$0.16 USD Hold'em No Limit - Level I (10/20) - 2024/10/02 21:23:55 CET [2024/10/02 15:23:55 ET]
Table '3807530025 1' 3-max Seat #3 is the button
Seat 1: Mahu2021 (340 in chips) 
Seat 2: KazimChoudhary (520 in chips) 
Seat 3: voiqr (640 in chips) 
Mahu2021: posts small blind 10
KazimChoudhary: posts big blind 20
*** HOLE CARDS ***
Dealt to Mahu2021 [8s 5s]
voiqr: calls 20
Mahu2021: calls 10
KazimChoudhary: checks 
*** FLOP *** [5d 6d As]
Mahu2021: checks 
KazimChoudhary: bets 30
voiqr: calls 30
Mahu2021: folds 
*** TURN *** [5d 6d As] [8c]
KazimChoudhary: checks 
voiqr: checks 
*** RIVER *** [5d 6d As 8c] [Ah]
KazimChoudhary: checks 
voiqr: bets 120
KazimChoudhary: folds 
Uncalled bet (120) returned to voiqr
voiqr collected 120 from pot
voiqr: doesn't show hand 
*** SUMMARY ***
Total pot 120 | Rake 0 
Board [5d 6d As 8c Ah]
Seat 1: Mahu2021 (small blind) folded on the Flop
Seat 2: KazimChoudhary (big blind) folded on the River
Seat 3: voiqr (button) collected (120)



PokerStars Hand #252740015301: Tournament #3807530025, $1.84+$0.16 USD Hold'em No Limit - Level I (10/20) - 2024/10/02 21:24:19 CET [2024/10/02 15:24:19 ET]
Table '3807530025 1' 3-max Seat #1 is the button
Seat 1: Mahu2021 (320 in chips) 
Seat 2: KazimChoudhary (470 in chips) 
Seat 3: voiqr (710 in chips) 
KazimChoudhary: posts small blind 10
voiqr: posts big blind 20
*** HOLE CARDS ***
Dealt to Mahu2021 [Ad 7d]
Mahu2021: raises 20 to 40
KazimChoudhary: folds 
voiqr: raises 20 to 60
Mahu2021: calls 20
*** FLOP *** [3d 5d Qh]
voiqr: bets 650 and is all-in
Mahu2021: calls 260 and is all-in
Uncalled bet (390) returned to voiqr
*** TURN *** [3d 5d Qh] [2c]
*** RIVER *** [3d 5d Qh 2c] [Ac]
*** SHOW DOWN ***
voiqr: shows [7s Kd] (high card Ace)
Mahu2021: shows [Ad 7d] (a pair of Aces)
Mahu2021 collected 650 from pot
*** SUMMARY ***
Total pot 650 | Rake 0 
Board [3d 5d Qh 2c Ac]
Seat 1: Mahu2021 (button) showed [Ad 7d] and won (650) with a pair of Aces
Seat 2: KazimChoudhary (small blind) folded before Flop
Seat 3: voiqr (big blind) showed [7s Kd] and lost with high card Ace



PokerStars Hand #252740020014: Tournament #3807530025, $1.84+$0.16 USD Hold'em No Limit - Level I (10/20) - 2024/10/02 21:24:34 CET [2024/10/02 15:24:34 ET]
Table '3807530025 1' 3-max Seat #2 is the button
Seat 1: Mahu2021 (650 in chips) 
Seat 2: KazimChoudhary (460 in chips) 
Seat 3: voiqr (390 in chips) 
voiqr: posts small blind 10
Mahu2021: posts big blind 20
*** HOLE CARDS ***
Dealt to Mahu2021 [9s 6h]
KazimChoudhary: calls 20
voiqr: raises 60 to 80
Mahu2021: folds 
KazimChoudhary: folds 
Uncalled bet (60) returned to voiqr
voiqr collected 60 from pot
voiqr: doesn't show hand 
*** SUMMARY ***
Total pot 60 | Rake 0 
Seat 1: Mahu2021 (big blind) folded before Flop
Seat 2: KazimChoudhary (button) folded before Flop
Seat 3: voiqr (small blind) collected (60)



PokerStars Hand #252740022927: Tournament #3807530025, $1.84+$0.16 USD Hold'em No Limit - Level I (10/20) - 2024/10/02 21:24:43 CET [2024/10/02 15:24:43 ET]
Table '3807530025 1' 3-max Seat #3 is the button
Seat 1: Mahu2021 (630 in chips) 
Seat 2: KazimChoudhary (440 in chips) 
Seat 3: voiqr (430 in chips) 
Mahu2021: posts small blind 10
KazimChoudhary: posts big blind 20
*** HOLE CARDS ***
Dealt to Mahu2021 [Tc 6h]
voiqr: raises 20 to 40
Mahu2021: folds 
KazimChoudhary: calls 20
*** FLOP *** [3h 2d 7d]
KazimChoudhary: checks 
voiqr: checks 
*** TURN *** [3h 2d 7d] [Qs]
KazimChoudhary: bets 20
voiqr: calls 20
*** RIVER *** [3h 2d 7d Qs] [8s]
KazimChoudhary: checks 
voiqr: checks 
*** SHOW DOWN ***
KazimChoudhary: shows [Kd Jc] (high card King)
voiqr: shows [4s 8h] (a pair of Eights)
voiqr collected 130 from pot
*** SUMMARY ***
Total pot 130 | Rake 0 
Board [3h 2d 7d Qs 8s]
Seat 1: Mahu2021 (small blind) folded before Flop
Seat 2: KazimChoudhary (big blind) showed [Kd Jc] and lost with high card King
Seat 3: voiqr (button) showed [4s 8h] and won (130) with a pair of Eights



PokerStars Hand #252740028443: Tournament #3807530025, $1.84+$0.16 USD Hold'em No Limit - Level II (15/30) - 2024/10/02 21:25:01 CET [2024/10/02 15:25:01 ET]
Table '3807530025 1' 3-max Seat #1 is the button
Seat 1: Mahu2021 (620 in chips) 
Seat 2: KazimChoudhary (380 in chips) 
Seat 3: voiqr (500 in chips) 
KazimChoudhary: posts small blind 15
voiqr: posts big blind 30
*** HOLE CARDS ***
Dealt to Mahu2021 [6s 2s]
Mahu2021: folds 
KazimChoudhary: folds 
Uncalled bet (15) returned to voiqr
voiqr collected 30 from pot
voiqr: doesn't show hand 
*** SUMMARY ***
Total pot 30 | Rake 0 
Seat 1: Mahu2021 (button) folded before Flop (didn't bet)
Seat 2: KazimChoudhary (small blind) folded before Flop
Seat 3: voiqr (big blind) collected (30)



PokerStars Hand #252740031389: Tournament #3807530025, $1.84+$0.16 USD Hold'em No Limit - Level II (15/30) - 2024/10/02 21:25:10 CET [2024/10/02 15:25:10 ET]
Table '3807530025 1' 3-max Seat #2 is the button
Seat 1: Mahu2021 (620 in chips) 
Seat 2: KazimChoudhary (365 in chips) 
Seat 3: voiqr (515 in chips) 
voiqr: posts small blind 15
Mahu2021: posts big blind 30
*** HOLE CARDS ***
Dealt to Mahu2021 [Ad Qd]
KazimChoudhary: raises 30 to 60
voiqr: calls 45
Mahu2021: raises 560 to 620 and is all-in
KazimChoudhary: folds 
voiqr: folds 
Uncalled bet (560) returned to Mahu2021
Mahu2021 collected 180 from pot
Mahu2021: doesn't show hand 
*** SUMMARY ***
Total pot 180 | Rake 0 
Seat 1: Mahu2021 (big blind) collected (180)
Seat 2: KazimChoudhary (button) folded before Flop
Seat 3: voiqr (small blind) folded before Flop



PokerStars Hand #252740035679: Tournament #3807530025, $1.84+$0.16 USD Hold'em No Limit - Level II (15/30) - 2024/10/02 21:25:24 CET [2024/10/02 15:25:24 ET]
Table '3807530025 1' 3-max Seat #3 is the button
Seat 1: Mahu2021 (740 in chips) 
Seat 2: KazimChoudhary (305 in chips) 
Seat 3: voiqr (455 in chips) 
Mahu2021: posts small blind 15
KazimChoudhary: posts big blind 30
*** HOLE CARDS ***
Dealt to Mahu2021 [2s 8h]
voiqr: raises 425 to 455 and is all-in
Mahu2021: folds 
KazimChoudhary: calls 275 and is all-in
Uncalled bet (150) returned to voiqr
*** FLOP *** [5h Kd 2d]
*** TURN *** [5h Kd 2d] [Qh]
*** RIVER *** [5h Kd 2d Qh] [5s]
*** SHOW DOWN ***
KazimChoudhary: shows [9h Ac] (a pair of Fives)
voiqr: shows [As 7h] (a pair of Fives)
KazimChoudhary collected 313 from pot
voiqr collected 312 from pot
*** SUMMARY ***
Total pot 625 | Rake 0 
Board [5h Kd 2d Qh 5s]
Seat 1: Mahu2021 (small blind) folded before Flop
Seat 2: KazimChoudhary (big blind) showed [9h Ac] and won (313) with a pair of Fives
Seat 3: voiqr (button) showed [As 7h] and won (312) with a pair of Fives



PokerStars Hand #252740039398: Tournament #3807530025, $1.84+$0.16 USD Hold'em No Limit - Level II (15/30) - 2024/10/02 21:25:36 CET [2024/10/02 15:25:36 ET]
Table '3807530025 1' 3-max Seat #1 is the button
Seat 1: Mahu2021 (725 in chips) 
Seat 2: KazimChoudhary (313 in chips) 
Seat 3: voiqr (462 in chips) 
KazimChoudhary: posts small blind 15
voiqr: posts big blind 30
*** HOLE CARDS ***
Dealt to Mahu2021 [Th Kh]
Mahu2021: calls 30
KazimChoudhary: folds 
voiqr: checks 
*** FLOP *** [5d 9d 3c]
voiqr: checks 
Mahu2021: checks 
*** TURN *** [5d 9d 3c] [6d]
voiqr: bets 30
Mahu2021: folds 
Uncalled bet (30) returned to voiqr
voiqr collected 75 from pot
voiqr: doesn't show hand 
*** SUMMARY ***
Total pot 75 | Rake 0 
Board [5d 9d 3c 6d]
Seat 1: Mahu2021 (button) folded on the Turn
Seat 2: KazimChoudhary (small blind) folded before Flop
Seat 3: voiqr (big blind) collected (75)



PokerStars Hand #252740042873: Tournament #3807530025, $1.84+$0.16 USD Hold'em No Limit - Level II (15/30) - 2024/10/02 21:25:48 CET [2024/10/02 15:25:48 ET]
Table '3807530025 1' 3-max Seat #2 is the button
Seat 1: Mahu2021 (695 in chips) 
Seat 2: KazimChoudhary (298 in chips) 
Seat 3: voiqr (507 in chips) 
voiqr: posts small blind 15
Mahu2021: posts big blind 30
*** HOLE CARDS ***
Dealt to Mahu2021 [Ah 3c]
KazimChoudhary: folds 
voiqr: calls 15
Mahu2021: checks 
*** FLOP *** [Kc 7c 6c]
voiqr: checks 
Mahu2021: checks 
*** TURN *** [Kc 7c 6c] [9c]
voiqr: checks 
Mahu2021: bets 30
voiqr: folds 
Uncalled bet (30) returned to Mahu2021
Mahu2021 collected 60 from pot
Mahu2021: doesn't show hand 
*** SUMMARY ***
Total pot 60 | Rake 0 
Board [Kc 7c 6c 9c]
Seat 1: Mahu2021 (big blind) collected (60)
Seat 2: KazimChoudhary (button) folded before Flop (didn't bet)
Seat 3: voiqr (small blind) folded on the Turn



PokerStars Hand #252740048466: Tournament #3807530025, $1.84+$0.16 USD Hold'em No Limit - Level II (15/30) - 2024/10/02 21:26:06 CET [2024/10/02 15:26:06 ET]
Table '3807530025 1' 3-max Seat #3 is the button
Seat 1: Mahu2021 (725 in chips) 
Seat 2: KazimChoudhary (298 in chips) 
Seat 3: voiqr (477 in chips) 
Mahu2021: posts small blind 15
KazimChoudhary: posts big blind 30
*** HOLE CARDS ***
Dealt to Mahu2021 [Ks 4d]
voiqr: calls 30
Mahu2021: calls 15
KazimChoudhary: checks 
*** FLOP *** [Qh Th 9s]
Mahu2021: checks 
KazimChoudhary: checks 
voiqr: checks 
*** TURN *** [Qh Th 9s] [Jd]
Mahu2021: bets 30
KazimChoudhary: folds 
voiqr: calls 30
*** RIVER *** [Qh Th 9s Jd] [8h]
Mahu2021: bets 120
voiqr: calls 120
*** SHOW DOWN ***
Mahu2021: shows [Ks 4d] (a straight, Nine to King)
voiqr: mucks hand 
Mahu2021 collected 390 from pot
*** SUMMARY ***
Total pot 390 | Rake 0 
Board [Qh Th 9s Jd 8h]
Seat 1: Mahu2021 (small blind) showed [Ks 4d] and won (390) with a straight, Nine to King
Seat 2: KazimChoudhary (big blind) folded on the Turn
Seat 3: voiqr (button) mucked [Jc 2h]



PokerStars Hand #252740054816: Tournament #3807530025, $1.84+$0.16 USD Hold'em No Limit - Level II (15/30) - 2024/10/02 21:26:26 CET [2024/10/02 15:26:26 ET]
Table '3807530025 1' 3-max Seat #1 is the button
Seat 1: Mahu2021 (935 in chips) 
Seat 2: KazimChoudhary (268 in chips) 
Seat 3: voiqr (297 in chips) 
KazimChoudhary: posts small blind 15
voiqr: posts big blind 30
*** HOLE CARDS ***
Dealt to Mahu2021 [4c 2c]
Mahu2021: folds 
KazimChoudhary: folds 
Uncalled bet (15) returned to voiqr
voiqr collected 30 from pot
voiqr: doesn't show hand 
*** SUMMARY ***
Total pot 30 | Rake 0 
Seat 1: Mahu2021 (button) folded before Flop (didn't bet)
Seat 2: KazimChoudhary (small blind) folded before Flop
Seat 3: voiqr (big blind) collected (30)



PokerStars Hand #252740057023: Tournament #3807530025, $1.84+$0.16 USD Hold'em No Limit - Level II (15/30) - 2024/10/02 21:26:34 CET [2024/10/02 15:26:34 ET]
Table '3807530025 1' 3-max Seat #2 is the button
Seat 1: Mahu2021 (935 in chips) 
Seat 2: KazimChoudhary (253 in chips) 
Seat 3: voiqr (312 in chips) 
voiqr: posts small blind 15
Mahu2021: posts big blind 30
*** HOLE CARDS ***
Dealt to Mahu2021 [6h Js]
KazimChoudhary: raises 223 to 253 and is all-in
voiqr: raises 59 to 312 and is all-in
Mahu2021: folds 
Uncalled bet (59) returned to voiqr
*** FLOP *** [Ks 7h Qh]
*** TURN *** [Ks 7h Qh] [Tc]
*** RIVER *** [Ks 7h Qh Tc] [8c]
*** SHOW DOWN ***
voiqr: shows [5h 5s] (a pair of Fives)
KazimChoudhary: shows [Ac 3h] (high card Ace)
voiqr collected 536 from pot
KazimChoudhary finished the tournament in 3rd place
*** SUMMARY ***
Total pot 536 | Rake 0 
Board [Ks 7h Qh Tc 8c]
Seat 1: Mahu2021 (big blind) folded before Flop
Seat 2: KazimChoudhary (button) showed [Ac 3h] and lost with high card Ace
Seat 3: voiqr (small blind) showed [5h 5s] and won (536) with a pair of Fives



PokerStars Hand #252740062383: Tournament #3807530025, $1.84+$0.16 USD Hold'em No Limit - Level III (20/40) - 2024/10/02 21:26:51 CET [2024/10/02 15:26:51 ET]
Table '3807530025 1' 3-max Seat #1 is the button
Seat 1: Mahu2021 (905 in chips) 
Seat 3: voiqr (595 in chips) 
Mahu2021: posts small blind 20
voiqr: posts big blind 40
*** HOLE CARDS ***
Dealt to Mahu2021 [9h Kd]
Mahu2021: calls 20
voiqr: raises 555 to 595 and is all-in
Mahu2021: folds 
Uncalled bet (555) returned to voiqr
voiqr collected 80 from pot
voiqr: doesn't show hand 
*** SUMMARY ***
Total pot 80 | Rake 0 
Seat 1: Mahu2021 (button) (small blind) folded before Flop
Seat 3: voiqr (big blind) collected (80)



PokerStars Hand #252740064499: Tournament #3807530025, $1.84+$0.16 USD Hold'em No Limit - Level III (20/40) - 2024/10/02 21:26:58 CET [2024/10/02 15:26:58 ET]
Table '3807530025 1' 3-max Seat #3 is the button
Seat 1: Mahu2021 (865 in chips) 
Seat 3: voiqr (635 in chips) 
voiqr: posts small blind 20
Mahu2021: posts big blind 40
*** HOLE CARDS ***
Dealt to Mahu2021 [3h 8d]
voiqr: raises 595 to 635 and is all-in
Mahu2021: folds 
Uncalled bet (595) returned to voiqr
voiqr collected 80 from pot
voiqr: doesn't show hand 
*** SUMMARY ***
Total pot 80 | Rake 0 
Seat 1: Mahu2021 (big blind) folded before Flop
Seat 3: voiqr (button) (small blind) collected (80)



PokerStars Hand #252740066121: Tournament #3807530025, $1.84+$0.16 USD Hold'em No Limit - Level III (20/40) - 2024/10/02 21:27:03 CET [2024/10/02 15:27:03 ET]
Table '3807530025 1' 3-max Seat #1 is the button
Seat 1: Mahu2021 (825 in chips) 
Seat 3: voiqr (675 in chips) 
Mahu2021: posts small blind 20
voiqr: posts big blind 40
*** HOLE CARDS ***
Dealt to Mahu2021 [3c 7s]
Mahu2021: folds 
Uncalled bet (20) returned to voiqr
voiqr collected 40 from pot
voiqr: doesn't show hand 
*** SUMMARY ***
Total pot 40 | Rake 0 
Seat 1: Mahu2021 (button) (small blind) folded before Flop
Seat 3: voiqr (big blind) collected (40)



PokerStars Hand #252740067375: Tournament #3807530025, $1.84+$0.16 USD Hold'em No Limit - Level III (20/40) - 2024/10/02 21:27:07 CET [2024/10/02 15:27:07 ET]
Table '3807530025 1' 3-max Seat #3 is the button
Seat 1: Mahu2021 (805 in chips) 
Seat 3: voiqr (695 in chips) 
voiqr: posts small blind 20
Mahu2021: posts big blind 40
*** HOLE CARDS ***
Dealt to Mahu2021 [Qd 7s]
voiqr: raises 655 to 695 and is all-in
Mahu2021: folds 
Uncalled bet (655) returned to voiqr
voiqr collected 80 from pot
voiqr: doesn't show hand 
*** SUMMARY ***
Total pot 80 | Rake 0 
Seat 1: Mahu2021 (big blind) folded before Flop
Seat 3: voiqr (button) (small blind) collected (80)



PokerStars Hand #252740069138: Tournament #3807530025, $1.84+$0.16 USD Hold'em No Limit - Level III (20/40) - 2024/10/02 21:27:12 CET [2024/10/02 15:27:12 ET]
Table '3807530025 1' 3-max Seat #1 is the button
Seat 1: Mahu2021 (765 in chips) 
Seat 3: voiqr (735 in chips) 
Mahu2021: posts small blind 20
voiqr: posts big blind 40
*** HOLE CARDS ***
Dealt to Mahu2021 [Ah 7c]
Mahu2021: raises 40 to 80
voiqr: calls 40
*** FLOP *** [7h 5c Jh]
voiqr: checks 
Mahu2021: bets 80
voiqr: calls 80
*** TURN *** [7h 5c Jh] [4s]
voiqr: checks 
Mahu2021: bets 80
voiqr: folds 
Uncalled bet (80) returned to Mahu2021
Mahu2021 collected 320 from pot
Mahu2021: doesn't show hand 
*** SUMMARY ***
Total pot 320 | Rake 0 
Board [7h 5c Jh 4s]
Seat 1: Mahu2021 (button) (small blind) collected (320)
Seat 3: voiqr (big blind) folded on the Turn



PokerStars Hand #252740073897: Tournament #3807530025, $1.84+$0.16 USD Hold'em No Limit - Level III (20/40) - 2024/10/02 21:27:28 CET [2024/10/02 15:27:28 ET]
Table '3807530025 1' 3-max Seat #3 is the button
Seat 1: Mahu2021 (925 in chips) 
Seat 3: voiqr (575 in chips) 
voiqr: posts small blind 20
Mahu2021: posts big blind 40
*** HOLE CARDS ***
Dealt to Mahu2021 [6d Td]
voiqr: calls 20
Mahu2021: checks 
*** FLOP *** [8d 7c Ks]
Mahu2021: checks 
voiqr: checks 
*** TURN *** [8d 7c Ks] [8s]
Mahu2021: checks 
voiqr: checks 
*** RIVER *** [8d 7c Ks 8s] [2d]
Mahu2021: bets 40
voiqr: folds 
Uncalled bet (40) returned to Mahu2021
Mahu2021 collected 80 from pot
Mahu2021: doesn't show hand 
*** SUMMARY ***
Total pot 80 | Rake 0 
Board [8d 7c Ks 8s 2d]
Seat 1: Mahu2021 (big blind) collected (80)
Seat 3: voiqr (button) (small blind) folded on the River



PokerStars Hand #252740082711: Tournament #3807530025, $1.84+$0.16 USD Hold'em No Limit - Level III (20/40) - 2024/10/02 21:27:56 CET [2024/10/02 15:27:56 ET]
Table '3807530025 1' 3-max Seat #1 is the button
Seat 1: Mahu2021 (965 in chips) 
Seat 3: voiqr (535 in chips) 
Mahu2021: posts small blind 20
voiqr: posts big blind 40
*** HOLE CARDS ***
Dealt to Mahu2021 [Jd Jh]
Mahu2021: raises 925 to 965 and is all-in
voiqr: calls 495 and is all-in
Uncalled bet (430) returned to Mahu2021
*** FLOP *** [3h Tc 8h]
*** TURN *** [3h Tc 8h] [8d]
*** RIVER *** [3h Tc 8h 8d] [Td]
*** SHOW DOWN ***
voiqr: shows [Qs Ks] (two pair, Tens and Eights)
Mahu2021: shows [Jd Jh] (two pair, Jacks and Tens)
Mahu2021 collected 1070 from pot
voiqr finished the tournament in 2nd place
Mahu2021 wins the tournament and receives $4.00 - congratulations!
*** SUMMARY ***
Total pot 1070 | Rake 0 
Board [3h Tc 8h 8d Td]
Seat 1: Mahu2021 (button) (small blind) showed [Jd Jh] and won (1070) with two pair, Jacks and Tens
Seat 3: voiqr (big blind) showed [Qs Ks] and lost with two pair, Tens and Eights



