PokerStars Hand #243226263508: Tournament #3580619304, $0.92+$0.08 USD Hold'em No Limit - Level I (10/20) - 2023/04/21 15:37:22 CET [2023/04/21 9:37:22 ET]
Table '3580619304 1' 3-max Seat #1 is the button
Seat 1: Merysc (500 in chips) 
Seat 2: cassio126 (500 in chips) 
Seat 3: Mahu2021 (500 in chips) 
cassio126: posts small blind 10
Mahu2021: posts big blind 20
*** HOLE CARDS ***
Dealt to Mahu2021 [Tc 2d]
Merysc: raises 20 to 40
cassio126: folds 
Mahu2021: folds 
Uncalled bet (20) returned to Merysc
Merysc collected 50 from pot
*** SUMMARY ***
Total pot 50 | Rake 0 
Seat 1: Merysc (button) collected (50)
Seat 2: cassio126 (small blind) folded before Flop
Seat 3: Mahu2021 (big blind) folded before Flop



PokerStars Hand #243226266460: Tournament #3580619304, $0.92+$0.08 USD Hold'em No Limit - Level I (10/20) - 2023/04/21 15:37:35 CET [2023/04/21 9:37:35 ET]
Table '3580619304 1' 3-max Seat #2 is the button
Seat 1: Merysc (530 in chips) 
Seat 2: cassio126 (490 in chips) 
Seat 3: Mahu2021 (480 in chips) 
Mahu2021: posts small blind 10
Merysc: posts big blind 20
*** HOLE CARDS ***
Dealt to Mahu2021 [Ad 6c]
cassio126: raises 20 to 40
Mahu2021: folds 
Merysc: calls 20
*** FLOP *** [8d 4h Ks]
Merysc: checks 
cassio126: bets 20
Merysc: calls 20
*** TURN *** [8d 4h Ks] [Td]
Merysc: checks 
cassio126: bets 50
Merysc: folds 
Uncalled bet (50) returned to cassio126
cassio126 collected 130 from pot
cassio126: doesn't show hand 
*** SUMMARY ***
Total pot 130 | Rake 0 
Board [8d 4h Ks Td]
Seat 1: Merysc (big blind) folded on the Turn
Seat 2: cassio126 (button) collected (130)
Seat 3: Mahu2021 (small blind) folded before Flop



PokerStars Hand #243226273008: Tournament #3580619304, $0.92+$0.08 USD Hold'em No Limit - Level I (10/20) - 2023/04/21 15:38:03 CET [2023/04/21 9:38:03 ET]
Table '3580619304 1' 3-max Seat #3 is the button
Seat 1: Merysc (470 in chips) 
Seat 2: cassio126 (560 in chips) 
Seat 3: Mahu2021 (470 in chips) 
Merysc: posts small blind 10
cassio126: posts big blind 20
*** HOLE CARDS ***
Dealt to Mahu2021 [Qh 7s]
Mahu2021: folds 
Merysc: raises 20 to 40
cassio126: calls 20
*** FLOP *** [2h Tc 4h]
Merysc: bets 80
cassio126: folds 
Uncalled bet (80) returned to Merysc
Merysc collected 80 from pot
*** SUMMARY ***
Total pot 80 | Rake 0 
Board [2h Tc 4h]
Seat 1: Merysc (small blind) collected (80)
Seat 2: cassio126 (big blind) folded on the Flop
Seat 3: Mahu2021 (button) folded before Flop (didn't bet)



PokerStars Hand #243226277503: Tournament #3580619304, $0.92+$0.08 USD Hold'em No Limit - Level I (10/20) - 2023/04/21 15:38:23 CET [2023/04/21 9:38:23 ET]
Table '3580619304 1' 3-max Seat #1 is the button
Seat 1: Merysc (510 in chips) 
Seat 2: cassio126 (520 in chips) 
Seat 3: Mahu2021 (470 in chips) 
cassio126: posts small blind 10
Mahu2021: posts big blind 20
*** HOLE CARDS ***
Dealt to Mahu2021 [Ac Qh]
Merysc: folds 
cassio126: folds 
Uncalled bet (10) returned to Mahu2021
Mahu2021 collected 20 from pot
Mahu2021: doesn't show hand 
*** SUMMARY ***
Total pot 20 | Rake 0 
Seat 1: Merysc (button) folded before Flop (didn't bet)
Seat 2: cassio126 (small blind) folded before Flop
Seat 3: Mahu2021 (big blind) collected (20)



PokerStars Hand #243226279325: Tournament #3580619304, $0.92+$0.08 USD Hold'em No Limit - Level I (10/20) - 2023/04/21 15:38:30 CET [2023/04/21 9:38:30 ET]
Table '3580619304 1' 3-max Seat #2 is the button
Seat 1: Merysc (510 in chips) 
Seat 2: cassio126 (510 in chips) 
Seat 3: Mahu2021 (480 in chips) 
Mahu2021: posts small blind 10
Merysc: posts big blind 20
*** HOLE CARDS ***
Dealt to Mahu2021 [8c 2h]
cassio126: folds 
Mahu2021: folds 
Uncalled bet (10) returned to Merysc
Merysc collected 20 from pot
*** SUMMARY ***
Total pot 20 | Rake 0 
Seat 1: Merysc (big blind) collected (20)
Seat 2: cassio126 (button) folded before Flop (didn't bet)
Seat 3: Mahu2021 (small blind) folded before Flop



PokerStars Hand #243226280647: Tournament #3580619304, $0.92+$0.08 USD Hold'em No Limit - Level I (10/20) - 2023/04/21 15:38:37 CET [2023/04/21 9:38:37 ET]
Table '3580619304 1' 3-max Seat #3 is the button
Seat 1: Merysc (520 in chips) 
Seat 2: cassio126 (510 in chips) 
Seat 3: Mahu2021 (470 in chips) 
Merysc: posts small blind 10
cassio126: posts big blind 20
*** HOLE CARDS ***
Dealt to Mahu2021 [Qh Th]
Mahu2021: raises 40 to 60
Merysc: calls 50
cassio126: folds 
*** FLOP *** [Kc Qd 8d]
Merysc: bets 140
Mahu2021: folds 
Uncalled bet (140) returned to Merysc
Merysc collected 140 from pot
*** SUMMARY ***
Total pot 140 | Rake 0 
Board [Kc Qd 8d]
Seat 1: Merysc (small blind) collected (140)
Seat 2: cassio126 (big blind) folded before Flop
Seat 3: Mahu2021 (button) folded on the Flop



PokerStars Hand #243226285355: Tournament #3580619304, $0.92+$0.08 USD Hold'em No Limit - Level I (10/20) - 2023/04/21 15:38:57 CET [2023/04/21 9:38:57 ET]
Table '3580619304 1' 3-max Seat #1 is the button
Seat 1: Merysc (600 in chips) 
Seat 2: cassio126 (490 in chips) 
Seat 3: Mahu2021 (410 in chips) 
cassio126: posts small blind 10
Mahu2021: posts big blind 20
*** HOLE CARDS ***
Dealt to Mahu2021 [2c Ks]
Merysc: folds 
cassio126: folds 
Uncalled bet (10) returned to Mahu2021
Mahu2021 collected 20 from pot
Mahu2021: doesn't show hand 
*** SUMMARY ***
Total pot 20 | Rake 0 
Seat 1: Merysc (button) folded before Flop (didn't bet)
Seat 2: cassio126 (small blind) folded before Flop
Seat 3: Mahu2021 (big blind) collected (20)



PokerStars Hand #243226287011: Tournament #3580619304, $0.92+$0.08 USD Hold'em No Limit - Level I (10/20) - 2023/04/21 15:39:04 CET [2023/04/21 9:39:04 ET]
Table '3580619304 1' 3-max Seat #2 is the button
Seat 1: Merysc (600 in chips) 
Seat 2: cassio126 (480 in chips) 
Seat 3: Mahu2021 (420 in chips) 
Mahu2021: posts small blind 10
Merysc: posts big blind 20
*** HOLE CARDS ***
Dealt to Mahu2021 [4h 3h]
cassio126: folds 
Mahu2021: calls 10
Merysc: checks 
*** FLOP *** [2s Jh Kc]
Mahu2021: bets 20
Merysc: calls 20
*** TURN *** [2s Jh Kc] [8c]
Mahu2021: checks 
Merysc: checks 
*** RIVER *** [2s Jh Kc 8c] [3c]
Mahu2021: bets 20
Merysc: calls 20
*** SHOW DOWN ***
Mahu2021: shows [4h 3h] (a pair of Threes)
Merysc: shows [5s Jc] (a pair of Jacks)
Merysc collected 120 from pot
*** SUMMARY ***
Total pot 120 | Rake 0 
Board [2s Jh Kc 8c 3c]
Seat 1: Merysc (big blind) showed [5s Jc] and won (120) with a pair of Jacks
Seat 2: cassio126 (button) folded before Flop (didn't bet)
Seat 3: Mahu2021 (small blind) showed [4h 3h] and lost with a pair of Threes



PokerStars Hand #243226291477: Tournament #3580619304, $0.92+$0.08 USD Hold'em No Limit - Level I (10/20) - 2023/04/21 15:39:23 CET [2023/04/21 9:39:23 ET]
Table '3580619304 1' 3-max Seat #3 is the button
Seat 1: Merysc (660 in chips) 
Seat 2: cassio126 (480 in chips) 
Seat 3: Mahu2021 (360 in chips) 
Merysc: posts small blind 10
cassio126: posts big blind 20
*** HOLE CARDS ***
Dealt to Mahu2021 [Jc 8c]
Mahu2021: raises 20 to 40
Merysc: calls 30
cassio126: folds 
*** FLOP *** [Ts Kd 9d]
Merysc: bets 20
Mahu2021: raises 300 to 320 and is all-in
Merysc: folds 
Uncalled bet (300) returned to Mahu2021
Mahu2021 collected 140 from pot
Mahu2021: doesn't show hand 
*** SUMMARY ***
Total pot 140 | Rake 0 
Board [Ts Kd 9d]
Seat 1: Merysc (small blind) folded on the Flop
Seat 2: cassio126 (big blind) folded before Flop
Seat 3: Mahu2021 (button) collected (140)



PokerStars Hand #243226296393: Tournament #3580619304, $0.92+$0.08 USD Hold'em No Limit - Level II (15/30) - 2023/04/21 15:39:44 CET [2023/04/21 9:39:44 ET]
Table '3580619304 1' 3-max Seat #1 is the button
Seat 1: Merysc (600 in chips) 
Seat 2: cassio126 (460 in chips) 
Seat 3: Mahu2021 (440 in chips) 
cassio126: posts small blind 15
Mahu2021: posts big blind 30
*** HOLE CARDS ***
Dealt to Mahu2021 [6d 8s]
Merysc: calls 30
cassio126: folds 
Mahu2021: checks 
*** FLOP *** [Ac 3c 5s]
Mahu2021: checks 
Merysc: checks 
*** TURN *** [Ac 3c 5s] [7s]
Mahu2021: bets 75
Merysc: folds 
Uncalled bet (75) returned to Mahu2021
Mahu2021 collected 75 from pot
Mahu2021: doesn't show hand 
*** SUMMARY ***
Total pot 75 | Rake 0 
Board [Ac 3c 5s 7s]
Seat 1: Merysc (button) folded on the Turn
Seat 2: cassio126 (small blind) folded before Flop
Seat 3: Mahu2021 (big blind) collected (75)



PokerStars Hand #243226300863: Tournament #3580619304, $0.92+$0.08 USD Hold'em No Limit - Level II (15/30) - 2023/04/21 15:40:04 CET [2023/04/21 9:40:04 ET]
Table '3580619304 1' 3-max Seat #2 is the button
Seat 1: Merysc (570 in chips) 
Seat 2: cassio126 (445 in chips) 
Seat 3: Mahu2021 (485 in chips) 
Mahu2021: posts small blind 15
Merysc: posts big blind 30
*** HOLE CARDS ***
Dealt to Mahu2021 [Ad Tc]
cassio126: folds 
Mahu2021: raises 60 to 90
Merysc: calls 60
*** FLOP *** [5h Qh 6d]
Mahu2021: checks 
Merysc: checks 
*** TURN *** [5h Qh 6d] [Ks]
Mahu2021: checks 
Merysc: bets 30
Mahu2021: calls 30
*** RIVER *** [5h Qh 6d Ks] [7h]
Mahu2021: checks 
Merysc: bets 30
Mahu2021: folds 
Uncalled bet (30) returned to Merysc
Merysc collected 240 from pot
*** SUMMARY ***
Total pot 240 | Rake 0 
Board [5h Qh 6d Ks 7h]
Seat 1: Merysc (big blind) collected (240)
Seat 2: cassio126 (button) folded before Flop (didn't bet)
Seat 3: Mahu2021 (small blind) folded on the River



PokerStars Hand #243226305594: Tournament #3580619304, $0.92+$0.08 USD Hold'em No Limit - Level II (15/30) - 2023/04/21 15:40:25 CET [2023/04/21 9:40:25 ET]
Table '3580619304 1' 3-max Seat #3 is the button
Seat 1: Merysc (690 in chips) 
Seat 2: cassio126 (445 in chips) 
Seat 3: Mahu2021 (365 in chips) 
Merysc: posts small blind 15
cassio126: posts big blind 30
*** HOLE CARDS ***
Dealt to Mahu2021 [7c Jc]
Mahu2021: raises 30 to 60
Merysc: calls 45
cassio126: folds 
*** FLOP *** [2h Ts Ad]
Merysc: checks 
Mahu2021: bets 305 and is all-in
Merysc: folds 
Uncalled bet (305) returned to Mahu2021
Mahu2021 collected 150 from pot
Mahu2021: doesn't show hand 
*** SUMMARY ***
Total pot 150 | Rake 0 
Board [2h Ts Ad]
Seat 1: Merysc (small blind) folded on the Flop
Seat 2: cassio126 (big blind) folded before Flop
Seat 3: Mahu2021 (button) collected (150)



PokerStars Hand #243226309470: Tournament #3580619304, $0.92+$0.08 USD Hold'em No Limit - Level II (15/30) - 2023/04/21 15:40:42 CET [2023/04/21 9:40:42 ET]
Table '3580619304 1' 3-max Seat #1 is the button
Seat 1: Merysc (630 in chips) 
Seat 2: cassio126 (415 in chips) 
Seat 3: Mahu2021 (455 in chips) 
cassio126: posts small blind 15
Mahu2021: posts big blind 30
*** HOLE CARDS ***
Dealt to Mahu2021 [Jd 6h]
Merysc: calls 30
cassio126: raises 385 to 415 and is all-in
Mahu2021: folds 
Merysc: folds 
Uncalled bet (385) returned to cassio126
cassio126 collected 90 from pot
cassio126: doesn't show hand 
*** SUMMARY ***
Total pot 90 | Rake 0 
Seat 1: Merysc (button) folded before Flop
Seat 2: cassio126 (small blind) collected (90)
Seat 3: Mahu2021 (big blind) folded before Flop



PokerStars Hand #243226313503: Tournament #3580619304, $0.92+$0.08 USD Hold'em No Limit - Level II (15/30) - 2023/04/21 15:40:59 CET [2023/04/21 9:40:59 ET]
Table '3580619304 1' 3-max Seat #2 is the button
Seat 1: Merysc (600 in chips) 
Seat 2: cassio126 (475 in chips) 
Seat 3: Mahu2021 (425 in chips) 
Mahu2021: posts small blind 15
Merysc: posts big blind 30
*** HOLE CARDS ***
Dealt to Mahu2021 [9h Qc]
cassio126: raises 30 to 60
Mahu2021: folds 
Merysc: folds 
Uncalled bet (30) returned to cassio126
cassio126 collected 75 from pot
cassio126: doesn't show hand 
*** SUMMARY ***
Total pot 75 | Rake 0 
Seat 1: Merysc (big blind) folded before Flop
Seat 2: cassio126 (button) collected (75)
Seat 3: Mahu2021 (small blind) folded before Flop



PokerStars Hand #243226316044: Tournament #3580619304, $0.92+$0.08 USD Hold'em No Limit - Level II (15/30) - 2023/04/21 15:41:10 CET [2023/04/21 9:41:10 ET]
Table '3580619304 1' 3-max Seat #3 is the button
Seat 1: Merysc (570 in chips) 
Seat 2: cassio126 (520 in chips) 
Seat 3: Mahu2021 (410 in chips) 
Merysc: posts small blind 15
cassio126: posts big blind 30
*** HOLE CARDS ***
Dealt to Mahu2021 [3c 5s]
Mahu2021: folds 
Merysc: calls 15
cassio126: checks 
*** FLOP *** [8c 3d 7h]
Merysc: bets 30
cassio126: calls 30
*** TURN *** [8c 3d 7h] [3h]
Merysc: bets 30
cassio126: raises 47 to 77
Merysc: calls 47
*** RIVER *** [8c 3d 7h 3h] [Jc]
Merysc: checks 
cassio126: bets 129
Merysc: folds 
Uncalled bet (129) returned to cassio126
cassio126 collected 274 from pot
cassio126: doesn't show hand 
*** SUMMARY ***
Total pot 274 | Rake 0 
Board [8c 3d 7h 3h Jc]
Seat 1: Merysc (small blind) folded on the River
Seat 2: cassio126 (big blind) collected (274)
Seat 3: Mahu2021 (button) folded before Flop (didn't bet)



PokerStars Hand #243226327775: Tournament #3580619304, $0.92+$0.08 USD Hold'em No Limit - Level III (20/40) - 2023/04/21 15:42:01 CET [2023/04/21 9:42:01 ET]
Table '3580619304 1' 3-max Seat #1 is the button
Seat 1: Merysc (433 in chips) 
Seat 2: cassio126 (657 in chips) 
Seat 3: Mahu2021 (410 in chips) 
cassio126: posts small blind 20
Mahu2021: posts big blind 40
*** HOLE CARDS ***
Dealt to Mahu2021 [Kc 5d]
Merysc: calls 40
cassio126: folds 
Mahu2021: checks 
*** FLOP *** [2d Td Js]
Mahu2021: checks 
Merysc: bets 100
Mahu2021: folds 
Uncalled bet (100) returned to Merysc
Merysc collected 100 from pot
*** SUMMARY ***
Total pot 100 | Rake 0 
Board [2d Td Js]
Seat 1: Merysc (button) collected (100)
Seat 2: cassio126 (small blind) folded before Flop
Seat 3: Mahu2021 (big blind) folded on the Flop



PokerStars Hand #243226331285: Tournament #3580619304, $0.92+$0.08 USD Hold'em No Limit - Level III (20/40) - 2023/04/21 15:42:16 CET [2023/04/21 9:42:16 ET]
Table '3580619304 1' 3-max Seat #2 is the button
Seat 1: Merysc (493 in chips) 
Seat 2: cassio126 (637 in chips) 
Seat 3: Mahu2021 (370 in chips) 
Mahu2021: posts small blind 20
Merysc: posts big blind 40
*** HOLE CARDS ***
Dealt to Mahu2021 [4c 4d]
cassio126: folds 
Mahu2021: raises 330 to 370 and is all-in
Merysc: folds 
Uncalled bet (330) returned to Mahu2021
Mahu2021 collected 80 from pot
Mahu2021: doesn't show hand 
*** SUMMARY ***
Total pot 80 | Rake 0 
Seat 1: Merysc (big blind) folded before Flop
Seat 2: cassio126 (button) folded before Flop (didn't bet)
Seat 3: Mahu2021 (small blind) collected (80)



PokerStars Hand #243226333003: Tournament #3580619304, $0.92+$0.08 USD Hold'em No Limit - Level III (20/40) - 2023/04/21 15:42:24 CET [2023/04/21 9:42:24 ET]
Table '3580619304 1' 3-max Seat #3 is the button
Seat 1: Merysc (453 in chips) 
Seat 2: cassio126 (637 in chips) 
Seat 3: Mahu2021 (410 in chips) 
Merysc: posts small blind 20
cassio126: posts big blind 40
*** HOLE CARDS ***
Dealt to Mahu2021 [Kc Td]
Mahu2021: raises 40 to 80
Merysc: calls 60
cassio126: folds 
*** FLOP *** [3d Th Ah]
Merysc: checks 
Mahu2021: checks 
*** TURN *** [3d Th Ah] [5h]
Merysc: checks 
Mahu2021: checks 
*** RIVER *** [3d Th Ah 5h] [6d]
Merysc: checks 
Mahu2021: checks 
*** SHOW DOWN ***
Merysc: shows [7c 8c] (high card Ace)
Mahu2021: shows [Kc Td] (a pair of Tens)
Mahu2021 collected 200 from pot
*** SUMMARY ***
Total pot 200 | Rake 0 
Board [3d Th Ah 5h 6d]
Seat 1: Merysc (small blind) showed [7c 8c] and lost with high card Ace
Seat 2: cassio126 (big blind) folded before Flop
Seat 3: Mahu2021 (button) showed [Kc Td] and won (200) with a pair of Tens



PokerStars Hand #243226339135: Tournament #3580619304, $0.92+$0.08 USD Hold'em No Limit - Level III (20/40) - 2023/04/21 15:42:50 CET [2023/04/21 9:42:50 ET]
Table '3580619304 1' 3-max Seat #1 is the button
Seat 1: Merysc (373 in chips) 
Seat 2: cassio126 (597 in chips) 
Seat 3: Mahu2021 (530 in chips) 
cassio126: posts small blind 20
Mahu2021: posts big blind 40
*** HOLE CARDS ***
Dealt to Mahu2021 [3d 8h]
Merysc: folds 
cassio126: raises 40 to 80
Mahu2021: folds 
Uncalled bet (40) returned to cassio126
cassio126 collected 80 from pot
cassio126: doesn't show hand 
*** SUMMARY ***
Total pot 80 | Rake 0 
Seat 1: Merysc (button) folded before Flop (didn't bet)
Seat 2: cassio126 (small blind) collected (80)
Seat 3: Mahu2021 (big blind) folded before Flop



PokerStars Hand #243226341088: Tournament #3580619304, $0.92+$0.08 USD Hold'em No Limit - Level III (20/40) - 2023/04/21 15:42:59 CET [2023/04/21 9:42:59 ET]
Table '3580619304 1' 3-max Seat #2 is the button
Seat 1: Merysc (373 in chips) 
Seat 2: cassio126 (637 in chips) 
Seat 3: Mahu2021 (490 in chips) 
Mahu2021: posts small blind 20
Merysc: posts big blind 40
*** HOLE CARDS ***
Dealt to Mahu2021 [2h 5c]
cassio126: raises 40 to 80
Mahu2021: folds 
Merysc: folds 
Uncalled bet (40) returned to cassio126
cassio126 collected 100 from pot
cassio126: doesn't show hand 
*** SUMMARY ***
Total pot 100 | Rake 0 
Seat 1: Merysc (big blind) folded before Flop
Seat 2: cassio126 (button) collected (100)
Seat 3: Mahu2021 (small blind) folded before Flop



PokerStars Hand #243226343819: Tournament #3580619304, $0.92+$0.08 USD Hold'em No Limit - Level III (20/40) - 2023/04/21 15:43:11 CET [2023/04/21 9:43:11 ET]
Table '3580619304 1' 3-max Seat #3 is the button
Seat 1: Merysc (333 in chips) 
Seat 2: cassio126 (697 in chips) 
Seat 3: Mahu2021 (470 in chips) 
Merysc: posts small blind 20
cassio126: posts big blind 40
*** HOLE CARDS ***
Dealt to Mahu2021 [5h 8c]
Mahu2021: folds 
Merysc: calls 20
cassio126: checks 
*** FLOP *** [5c 4d Kd]
Merysc: checks 
cassio126: bets 40
Merysc: folds 
Uncalled bet (40) returned to cassio126
cassio126 collected 80 from pot
cassio126: doesn't show hand 
*** SUMMARY ***
Total pot 80 | Rake 0 
Board [5c 4d Kd]
Seat 1: Merysc (small blind) folded on the Flop
Seat 2: cassio126 (big blind) collected (80)
Seat 3: Mahu2021 (button) folded before Flop (didn't bet)



PokerStars Hand #243226348301: Tournament #3580619304, $0.92+$0.08 USD Hold'em No Limit - Level IV (30/60) - 2023/04/21 15:43:31 CET [2023/04/21 9:43:31 ET]
Table '3580619304 1' 3-max Seat #1 is the button
Seat 1: Merysc (293 in chips) 
Seat 2: cassio126 (737 in chips) 
Seat 3: Mahu2021 (470 in chips) 
cassio126: posts small blind 30
Mahu2021: posts big blind 60
*** HOLE CARDS ***
Dealt to Mahu2021 [8s 7d]
Merysc: folds 
cassio126: folds 
Uncalled bet (30) returned to Mahu2021
Mahu2021 collected 60 from pot
Mahu2021: doesn't show hand 
*** SUMMARY ***
Total pot 60 | Rake 0 
Seat 1: Merysc (button) folded before Flop (didn't bet)
Seat 2: cassio126 (small blind) folded before Flop
Seat 3: Mahu2021 (big blind) collected (60)



PokerStars Hand #243226350201: Tournament #3580619304, $0.92+$0.08 USD Hold'em No Limit - Level IV (30/60) - 2023/04/21 15:43:39 CET [2023/04/21 9:43:39 ET]
Table '3580619304 1' 3-max Seat #2 is the button
Seat 1: Merysc (293 in chips) 
Seat 2: cassio126 (707 in chips) 
Seat 3: Mahu2021 (500 in chips) 
Mahu2021: posts small blind 30
Merysc: posts big blind 60
*** HOLE CARDS ***
Dealt to Mahu2021 [Qd 9c]
cassio126: folds 
Mahu2021: raises 440 to 500 and is all-in
Merysc: folds 
Uncalled bet (440) returned to Mahu2021
Mahu2021 collected 120 from pot
Mahu2021: doesn't show hand 
*** SUMMARY ***
Total pot 120 | Rake 0 
Seat 1: Merysc (big blind) folded before Flop
Seat 2: cassio126 (button) folded before Flop (didn't bet)
Seat 3: Mahu2021 (small blind) collected (120)



PokerStars Hand #243226352241: Tournament #3580619304, $0.92+$0.08 USD Hold'em No Limit - Level IV (30/60) - 2023/04/21 15:43:49 CET [2023/04/21 9:43:49 ET]
Table '3580619304 1' 3-max Seat #3 is the button
Seat 1: Merysc (233 in chips) 
Seat 2: cassio126 (707 in chips) 
Seat 3: Mahu2021 (560 in chips) 
Merysc: posts small blind 30
cassio126: posts big blind 60
*** HOLE CARDS ***
Dealt to Mahu2021 [4h Kh]
Mahu2021: folds 
Merysc: raises 173 to 233 and is all-in
cassio126: folds 
Uncalled bet (173) returned to Merysc
Merysc collected 120 from pot
*** SUMMARY ***
Total pot 120 | Rake 0 
Seat 1: Merysc (small blind) collected (120)
Seat 2: cassio126 (big blind) folded before Flop
Seat 3: Mahu2021 (button) folded before Flop (didn't bet)



PokerStars Hand #243226355525: Tournament #3580619304, $0.92+$0.08 USD Hold'em No Limit - Level IV (30/60) - 2023/04/21 15:44:03 CET [2023/04/21 9:44:03 ET]
Table '3580619304 1' 3-max Seat #1 is the button
Seat 1: Merysc (293 in chips) 
Seat 2: cassio126 (647 in chips) 
Seat 3: Mahu2021 (560 in chips) 
cassio126: posts small blind 30
Mahu2021: posts big blind 60
*** HOLE CARDS ***
Dealt to Mahu2021 [8d 9c]
Merysc: folds 
cassio126: raises 587 to 647 and is all-in
Mahu2021: folds 
Uncalled bet (587) returned to cassio126
cassio126 collected 120 from pot
cassio126: doesn't show hand 
*** SUMMARY ***
Total pot 120 | Rake 0 
Seat 1: Merysc (button) folded before Flop (didn't bet)
Seat 2: cassio126 (small blind) collected (120)
Seat 3: Mahu2021 (big blind) folded before Flop



PokerStars Hand #243226359141: Tournament #3580619304, $0.92+$0.08 USD Hold'em No Limit - Level IV (30/60) - 2023/04/21 15:44:19 CET [2023/04/21 9:44:19 ET]
Table '3580619304 1' 3-max Seat #2 is the button
Seat 1: Merysc (293 in chips) 
Seat 2: cassio126 (707 in chips) 
Seat 3: Mahu2021 (500 in chips) 
Mahu2021: posts small blind 30
Merysc: posts big blind 60
*** HOLE CARDS ***
Dealt to Mahu2021 [Th Td]
cassio126: raises 647 to 707 and is all-in
Mahu2021: calls 470 and is all-in
Merysc: folds 
Uncalled bet (207) returned to cassio126
*** FLOP *** [Qc As Kc]
*** TURN *** [Qc As Kc] [Jh]
*** RIVER *** [Qc As Kc Jh] [3d]
*** SHOW DOWN ***
Mahu2021: shows [Th Td] (a straight, Ten to Ace)
cassio126: shows [Ah 7s] (a pair of Aces)
Mahu2021 collected 1060 from pot
*** SUMMARY ***
Total pot 1060 | Rake 0 
Board [Qc As Kc Jh 3d]
Seat 1: Merysc (big blind) folded before Flop
Seat 2: cassio126 (button) showed [Ah 7s] and lost with a pair of Aces
Seat 3: Mahu2021 (small blind) showed [Th Td] and won (1060) with a straight, Ten to Ace



PokerStars Hand #243226362281: Tournament #3580619304, $0.92+$0.08 USD Hold'em No Limit - Level IV (30/60) - 2023/04/21 15:44:33 CET [2023/04/21 9:44:33 ET]
Table '3580619304 1' 3-max Seat #3 is the button
Seat 1: Merysc (233 in chips) 
Seat 2: cassio126 (207 in chips) 
Seat 3: Mahu2021 (1060 in chips) 
Merysc: posts small blind 30
cassio126: posts big blind 60
*** HOLE CARDS ***
Dealt to Mahu2021 [Kd Js]
Mahu2021: raises 120 to 180
Merysc: raises 53 to 233 and is all-in
cassio126: folds 
Mahu2021: calls 53
*** FLOP *** [Th Jh 4s]
*** TURN *** [Th Jh 4s] [8c]
*** RIVER *** [Th Jh 4s 8c] [7d]
*** SHOW DOWN ***
Merysc: shows [9h Ad] (a straight, Seven to Jack)
Mahu2021: shows [Kd Js] (a pair of Jacks)
Merysc collected 526 from pot
*** SUMMARY ***
Total pot 526 | Rake 0 
Board [Th Jh 4s 8c 7d]
Seat 1: Merysc (small blind) showed [9h Ad] and won (526) with a straight, Seven to Jack
Seat 2: cassio126 (big blind) folded before Flop
Seat 3: Mahu2021 (button) showed [Kd Js] and lost with a pair of Jacks



PokerStars Hand #243226367856: Tournament #3580619304, $0.92+$0.08 USD Hold'em No Limit - Level IV (30/60) - 2023/04/21 15:44:58 CET [2023/04/21 9:44:58 ET]
Table '3580619304 1' 3-max Seat #1 is the button
Seat 1: Merysc (526 in chips) 
Seat 2: cassio126 (147 in chips) 
Seat 3: Mahu2021 (827 in chips) 
cassio126: posts small blind 30
Mahu2021: posts big blind 60
*** HOLE CARDS ***
Dealt to Mahu2021 [4h Kc]
Merysc: folds 
cassio126: raises 87 to 147 and is all-in
Mahu2021: calls 87
*** FLOP *** [Ad 8h 2h]
*** TURN *** [Ad 8h 2h] [5c]
*** RIVER *** [Ad 8h 2h 5c] [8c]
*** SHOW DOWN ***
cassio126: shows [9s Jh] (a pair of Eights)
Mahu2021: shows [4h Kc] (a pair of Eights - Ace+King kicker)
Mahu2021 collected 294 from pot
cassio126 finished the tournament in 3rd place
*** SUMMARY ***
Total pot 294 | Rake 0 
Board [Ad 8h 2h 5c 8c]
Seat 1: Merysc (button) folded before Flop (didn't bet)
Seat 2: cassio126 (small blind) showed [9s Jh] and lost with a pair of Eights
Seat 3: Mahu2021 (big blind) showed [4h Kc] and won (294) with a pair of Eights



PokerStars Hand #243226372155: Tournament #3580619304, $0.92+$0.08 USD Hold'em No Limit - Level IV (30/60) - 2023/04/21 15:45:17 CET [2023/04/21 9:45:17 ET]
Table '3580619304 1' 3-max Seat #3 is the button
Seat 1: Merysc (526 in chips) 
Seat 3: Mahu2021 (974 in chips) 
Mahu2021: posts small blind 30
Merysc: posts big blind 60
*** HOLE CARDS ***
Dealt to Mahu2021 [Tc 6h]
Mahu2021: calls 30
Merysc: checks 
*** FLOP *** [As 8h 5h]
Merysc: bets 60
Mahu2021: folds 
Uncalled bet (60) returned to Merysc
Merysc collected 120 from pot
*** SUMMARY ***
Total pot 120 | Rake 0 
Board [As 8h 5h]
Seat 1: Merysc (big blind) collected (120)
Seat 3: Mahu2021 (button) (small blind) folded on the Flop



PokerStars Hand #243226375519: Tournament #3580619304, $0.92+$0.08 USD Hold'em No Limit - Level V (40/80) - 2023/04/21 15:45:31 CET [2023/04/21 9:45:31 ET]
Table '3580619304 1' 3-max Seat #1 is the button
Seat 1: Merysc (586 in chips) 
Seat 3: Mahu2021 (914 in chips) 
Merysc: posts small blind 40
Mahu2021: posts big blind 80
*** HOLE CARDS ***
Dealt to Mahu2021 [4h 4c]
Merysc: folds 
Uncalled bet (40) returned to Mahu2021
Mahu2021 collected 80 from pot
Mahu2021: doesn't show hand 
*** SUMMARY ***
Total pot 80 | Rake 0 
Seat 1: Merysc (button) (small blind) folded before Flop
Seat 3: Mahu2021 (big blind) collected (80)



PokerStars Hand #243226376607: Tournament #3580619304, $0.92+$0.08 USD Hold'em No Limit - Level V (40/80) - 2023/04/21 15:45:36 CET [2023/04/21 9:45:36 ET]
Table '3580619304 1' 3-max Seat #3 is the button
Seat 1: Merysc (546 in chips) 
Seat 3: Mahu2021 (954 in chips) 
Mahu2021: posts small blind 40
Merysc: posts big blind 80
*** HOLE CARDS ***
Dealt to Mahu2021 [5s 5c]
Mahu2021: raises 874 to 954 and is all-in
Merysc: calls 466 and is all-in
Uncalled bet (408) returned to Mahu2021
*** FLOP *** [5d 2s Qs]
*** TURN *** [5d 2s Qs] [Kc]
*** RIVER *** [5d 2s Qs Kc] [5h]
*** SHOW DOWN ***
Merysc: shows [Ad Jh] (a pair of Fives)
Mahu2021: shows [5s 5c] (four of a kind, Fives)
Mahu2021 collected 1092 from pot
Merysc finished the tournament in 2nd place
Mahu2021 wins the tournament and receives $2.00 - congratulations!
*** SUMMARY ***
Total pot 1092 | Rake 0 
Board [5d 2s Qs Kc 5h]
Seat 1: Merysc (big blind) showed [Ad Jh] and lost with a pair of Fives
Seat 3: Mahu2021 (button) (small blind) showed [5s 5c] and won (1092) with four of a kind, Fives



