PokerStars Hand #247752894258: Tournament #3688656389, $1.84+$0.16 USD Hold'em No Limit - Level I (10/20) - 2023/12/19 20:14:46 CET [2023/12/19 14:14:46 ET]
Table '3688656389 1' 3-max Seat #1 is the button
Seat 1: Mahu2021 (500 in chips) 
Seat 2: juranirr (500 in chips) 
Seat 3: KongCazEx (500 in chips) 
juranirr: posts small blind 10
KongCazEx: posts big blind 20
*** HOLE CARDS ***
Dealt to Mahu2021 [9h 6d]
Mahu2021: folds 
juranirr: raises 20 to 40
KongCazEx: raises 80 to 120
juranirr: folds 
Uncalled bet (80) returned to KongCazEx
KongCazEx collected 80 from pot
*** SUMMARY ***
Total pot 80 | Rake 0 
Seat 1: Mahu2021 (button) folded before Flop (didn't bet)
Seat 2: juranirr (small blind) folded before Flop
Seat 3: KongCazEx (big blind) collected (80)



PokerStars Hand #247752898604: Tournament #3688656389, $1.84+$0.16 USD Hold'em No Limit - Level I (10/20) - 2023/12/19 20:15:00 CET [2023/12/19 14:15:00 ET]
Table '3688656389 1' 3-max Seat #2 is the button
Seat 1: Mahu2021 (500 in chips) 
Seat 2: juranirr (460 in chips) 
Seat 3: KongCazEx (540 in chips) 
KongCazEx: posts small blind 10
Mahu2021: posts big blind 20
*** HOLE CARDS ***
Dealt to Mahu2021 [6s Kc]
juranirr: folds 
KongCazEx: calls 10
Mahu2021: checks 
*** FLOP *** [6h 9c Ts]
KongCazEx: checks 
Mahu2021: checks 
*** TURN *** [6h 9c Ts] [4d]
KongCazEx: bets 20
Mahu2021: calls 20
*** RIVER *** [6h 9c Ts 4d] [Jc]
KongCazEx: bets 500 and is all-in
Mahu2021: folds 
Uncalled bet (500) returned to KongCazEx
KongCazEx collected 80 from pot
*** SUMMARY ***
Total pot 80 | Rake 0 
Board [6h 9c Ts 4d Jc]
Seat 1: Mahu2021 (big blind) folded on the River
Seat 2: juranirr (button) folded before Flop (didn't bet)
Seat 3: KongCazEx (small blind) collected (80)



PokerStars Hand #247752905197: Tournament #3688656389, $1.84+$0.16 USD Hold'em No Limit - Level I (10/20) - 2023/12/19 20:15:19 CET [2023/12/19 14:15:19 ET]
Table '3688656389 1' 3-max Seat #3 is the button
Seat 1: Mahu2021 (460 in chips) 
Seat 2: juranirr (460 in chips) 
Seat 3: KongCazEx (580 in chips) 
Mahu2021: posts small blind 10
juranirr: posts big blind 20
*** HOLE CARDS ***
Dealt to Mahu2021 [2d 6h]
KongCazEx: raises 40 to 60
Mahu2021: folds 
juranirr: calls 40
*** FLOP *** [2s 5h 7c]
juranirr: checks 
KongCazEx: checks 
*** TURN *** [2s 5h 7c] [8h]
juranirr: bets 130
KongCazEx: raises 130 to 260
juranirr: calls 130
*** RIVER *** [2s 5h 7c 8h] [6s]
juranirr: checks 
KongCazEx: checks 
*** SHOW DOWN ***
juranirr: shows [Td 9s] (a straight, Six to Ten)
KongCazEx: mucks hand 
juranirr collected 650 from pot
*** SUMMARY ***
Total pot 650 | Rake 0 
Board [2s 5h 7c 8h 6s]
Seat 1: Mahu2021 (small blind) folded before Flop
Seat 2: juranirr (big blind) showed [Td 9s] and won (650) with a straight, Six to Ten
Seat 3: KongCazEx (button) mucked [8s Kd]



PokerStars Hand #247752912556: Tournament #3688656389, $1.84+$0.16 USD Hold'em No Limit - Level I (10/20) - 2023/12/19 20:15:43 CET [2023/12/19 14:15:43 ET]
Table '3688656389 1' 3-max Seat #1 is the button
Seat 1: Mahu2021 (450 in chips) 
Seat 2: juranirr (790 in chips) 
Seat 3: KongCazEx (260 in chips) 
juranirr: posts small blind 10
KongCazEx: posts big blind 20
*** HOLE CARDS ***
Dealt to Mahu2021 [7s Th]
Mahu2021: folds 
juranirr: folds 
Uncalled bet (10) returned to KongCazEx
KongCazEx collected 20 from pot
*** SUMMARY ***
Total pot 20 | Rake 0 
Seat 1: Mahu2021 (button) folded before Flop (didn't bet)
Seat 2: juranirr (small blind) folded before Flop
Seat 3: KongCazEx (big blind) collected (20)



PokerStars Hand #247752914299: Tournament #3688656389, $1.84+$0.16 USD Hold'em No Limit - Level I (10/20) - 2023/12/19 20:15:48 CET [2023/12/19 14:15:48 ET]
Table '3688656389 1' 3-max Seat #2 is the button
Seat 1: Mahu2021 (450 in chips) 
Seat 2: juranirr (780 in chips) 
Seat 3: KongCazEx (270 in chips) 
KongCazEx: posts small blind 10
Mahu2021: posts big blind 20
*** HOLE CARDS ***
Dealt to Mahu2021 [6d 5d]
juranirr: raises 760 to 780 and is all-in
KongCazEx: folds 
Mahu2021: folds 
Uncalled bet (760) returned to juranirr
juranirr collected 50 from pot
*** SUMMARY ***
Total pot 50 | Rake 0 
Seat 1: Mahu2021 (big blind) folded before Flop
Seat 2: juranirr (button) collected (50)
Seat 3: KongCazEx (small blind) folded before Flop



PokerStars Hand #247752916998: Tournament #3688656389, $1.84+$0.16 USD Hold'em No Limit - Level I (10/20) - 2023/12/19 20:15:56 CET [2023/12/19 14:15:56 ET]
Table '3688656389 1' 3-max Seat #3 is the button
Seat 1: Mahu2021 (430 in chips) 
Seat 2: juranirr (810 in chips) 
Seat 3: KongCazEx (260 in chips) 
Mahu2021: posts small blind 10
juranirr: posts big blind 20
*** HOLE CARDS ***
Dealt to Mahu2021 [8c 7s]
KongCazEx: folds 
Mahu2021: calls 10
juranirr: checks 
*** FLOP *** [8h 2c Qh]
Mahu2021: bets 20
juranirr: folds 
Uncalled bet (20) returned to Mahu2021
Mahu2021 collected 40 from pot
Mahu2021: doesn't show hand 
*** SUMMARY ***
Total pot 40 | Rake 0 
Board [8h 2c Qh]
Seat 1: Mahu2021 (small blind) collected (40)
Seat 2: juranirr (big blind) folded on the Flop
Seat 3: KongCazEx (button) folded before Flop (didn't bet)



PokerStars Hand #247752920866: Tournament #3688656389, $1.84+$0.16 USD Hold'em No Limit - Level I (10/20) - 2023/12/19 20:16:08 CET [2023/12/19 14:16:08 ET]
Table '3688656389 1' 3-max Seat #1 is the button
Seat 1: Mahu2021 (450 in chips) 
Seat 2: juranirr (790 in chips) 
Seat 3: KongCazEx (260 in chips) 
juranirr: posts small blind 10
KongCazEx: posts big blind 20
*** HOLE CARDS ***
Dealt to Mahu2021 [3h Qc]
Mahu2021: folds 
juranirr: raises 20 to 40
KongCazEx: calls 20
*** FLOP *** [Ks 5d Qs]
juranirr: bets 40
KongCazEx: folds 
Uncalled bet (40) returned to juranirr
juranirr collected 80 from pot
*** SUMMARY ***
Total pot 80 | Rake 0 
Board [Ks 5d Qs]
Seat 1: Mahu2021 (button) folded before Flop (didn't bet)
Seat 2: juranirr (small blind) collected (80)
Seat 3: KongCazEx (big blind) folded on the Flop



PokerStars Hand #247752924531: Tournament #3688656389, $1.84+$0.16 USD Hold'em No Limit - Level I (10/20) - 2023/12/19 20:16:20 CET [2023/12/19 14:16:20 ET]
Table '3688656389 1' 3-max Seat #2 is the button
Seat 1: Mahu2021 (450 in chips) 
Seat 2: juranirr (830 in chips) 
Seat 3: KongCazEx (220 in chips) 
KongCazEx: posts small blind 10
Mahu2021: posts big blind 20
*** HOLE CARDS ***
Dealt to Mahu2021 [3d 2h]
juranirr: raises 20 to 40
KongCazEx: folds 
Mahu2021: calls 20
*** FLOP *** [Jd Ks Qs]
Mahu2021: checks 
juranirr: bets 45
Mahu2021: folds 
Uncalled bet (45) returned to juranirr
juranirr collected 90 from pot
*** SUMMARY ***
Total pot 90 | Rake 0 
Board [Jd Ks Qs]
Seat 1: Mahu2021 (big blind) folded on the Flop
Seat 2: juranirr (button) collected (90)
Seat 3: KongCazEx (small blind) folded before Flop



PokerStars Hand #247752928418: Tournament #3688656389, $1.84+$0.16 USD Hold'em No Limit - Level I (10/20) - 2023/12/19 20:16:32 CET [2023/12/19 14:16:32 ET]
Table '3688656389 1' 3-max Seat #3 is the button
Seat 1: Mahu2021 (410 in chips) 
Seat 2: juranirr (880 in chips) 
Seat 3: KongCazEx (210 in chips) 
Mahu2021: posts small blind 10
juranirr: posts big blind 20
*** HOLE CARDS ***
Dealt to Mahu2021 [5s Td]
KongCazEx: raises 190 to 210 and is all-in
Mahu2021: folds 
juranirr: calls 190
*** FLOP *** [2s 9h 5h]
*** TURN *** [2s 9h 5h] [4s]
*** RIVER *** [2s 9h 5h 4s] [3h]
*** SHOW DOWN ***
juranirr: shows [4h Kc] (a pair of Fours)
KongCazEx: shows [9s 6s] (a straight, Deuce to Six)
KongCazEx collected 430 from pot
*** SUMMARY ***
Total pot 430 | Rake 0 
Board [2s 9h 5h 4s 3h]
Seat 1: Mahu2021 (small blind) folded before Flop
Seat 2: juranirr (big blind) showed [4h Kc] and lost with a pair of Fours
Seat 3: KongCazEx (button) showed [9s 6s] and won (430) with a straight, Deuce to Six



PokerStars Hand #247752932801: Tournament #3688656389, $1.84+$0.16 USD Hold'em No Limit - Level I (10/20) - 2023/12/19 20:16:46 CET [2023/12/19 14:16:46 ET]
Table '3688656389 1' 3-max Seat #1 is the button
Seat 1: Mahu2021 (400 in chips) 
Seat 2: juranirr (670 in chips) 
Seat 3: KongCazEx (430 in chips) 
juranirr: posts small blind 10
KongCazEx: posts big blind 20
*** HOLE CARDS ***
Dealt to Mahu2021 [7d Kc]
Mahu2021: folds 
juranirr: raises 650 to 670 and is all-in
KongCazEx: calls 410 and is all-in
Uncalled bet (240) returned to juranirr
*** FLOP *** [5h 8d Qd]
*** TURN *** [5h 8d Qd] [9d]
*** RIVER *** [5h 8d Qd 9d] [3d]
*** SHOW DOWN ***
juranirr: shows [Qh 2d] (a flush, Queen high)
KongCazEx: shows [3h Ac] (a pair of Threes)
juranirr collected 860 from pot
KongCazEx finished the tournament in 3rd place
*** SUMMARY ***
Total pot 860 | Rake 0 
Board [5h 8d Qd 9d 3d]
Seat 1: Mahu2021 (button) folded before Flop (didn't bet)
Seat 2: juranirr (small blind) showed [Qh 2d] and won (860) with a flush, Queen high
Seat 3: KongCazEx (big blind) showed [3h Ac] and lost with a pair of Threes



PokerStars Hand #247752938023: Tournament #3688656389, $1.84+$0.16 USD Hold'em No Limit - Level II (15/30) - 2023/12/19 20:17:02 CET [2023/12/19 14:17:02 ET]
Table '3688656389 1' 3-max Seat #2 is the button
Seat 1: Mahu2021 (400 in chips) 
Seat 2: juranirr (1100 in chips) 
juranirr: posts small blind 15
Mahu2021: posts big blind 30
*** HOLE CARDS ***
Dealt to Mahu2021 [7d Kc]
juranirr: raises 1070 to 1100 and is all-in
Mahu2021: folds 
Uncalled bet (1070) returned to juranirr
juranirr collected 60 from pot
*** SUMMARY ***
Total pot 60 | Rake 0 
Seat 1: Mahu2021 (big blind) folded before Flop
Seat 2: juranirr (button) (small blind) collected (60)



PokerStars Hand #247752940185: Tournament #3688656389, $1.84+$0.16 USD Hold'em No Limit - Level II (15/30) - 2023/12/19 20:17:09 CET [2023/12/19 14:17:09 ET]
Table '3688656389 1' 3-max Seat #1 is the button
Seat 1: Mahu2021 (370 in chips) 
Seat 2: juranirr (1130 in chips) 
Mahu2021: posts small blind 15
juranirr: posts big blind 30
*** HOLE CARDS ***
Dealt to Mahu2021 [Ad 7s]
Mahu2021: calls 15
juranirr: raises 1100 to 1130 and is all-in
Mahu2021: calls 340 and is all-in
Uncalled bet (760) returned to juranirr
*** FLOP *** [8s 8h 7h]
*** TURN *** [8s 8h 7h] [Jc]
*** RIVER *** [8s 8h 7h Jc] [Ah]
*** SHOW DOWN ***
juranirr: shows [2d As] (two pair, Aces and Eights)
Mahu2021: shows [Ad 7s] (two pair, Aces and Eights)
juranirr collected 370 from pot
Mahu2021 collected 370 from pot
*** SUMMARY ***
Total pot 740 | Rake 0 
Board [8s 8h 7h Jc Ah]
Seat 1: Mahu2021 (button) (small blind) showed [Ad 7s] and won (370) with two pair, Aces and Eights
Seat 2: juranirr (big blind) showed [2d As] and won (370) with two pair, Aces and Eights



PokerStars Hand #247752944607: Tournament #3688656389, $1.84+$0.16 USD Hold'em No Limit - Level II (15/30) - 2023/12/19 20:17:23 CET [2023/12/19 14:17:23 ET]
Table '3688656389 1' 3-max Seat #2 is the button
Seat 1: Mahu2021 (370 in chips) 
Seat 2: juranirr (1130 in chips) 
juranirr: posts small blind 15
Mahu2021: posts big blind 30
*** HOLE CARDS ***
Dealt to Mahu2021 [Jc 3d]
juranirr: raises 1100 to 1130 and is all-in
Mahu2021: folds 
Uncalled bet (1100) returned to juranirr
juranirr collected 60 from pot
*** SUMMARY ***
Total pot 60 | Rake 0 
Seat 1: Mahu2021 (big blind) folded before Flop
Seat 2: juranirr (button) (small blind) collected (60)



PokerStars Hand #247752946323: Tournament #3688656389, $1.84+$0.16 USD Hold'em No Limit - Level II (15/30) - 2023/12/19 20:17:28 CET [2023/12/19 14:17:28 ET]
Table '3688656389 1' 3-max Seat #1 is the button
Seat 1: Mahu2021 (340 in chips) 
Seat 2: juranirr (1160 in chips) 
Mahu2021: posts small blind 15
juranirr: posts big blind 30
*** HOLE CARDS ***
Dealt to Mahu2021 [Qs Tc]
Mahu2021: calls 15
juranirr: checks 
*** FLOP *** [8c 3h 8s]
juranirr: checks 
Mahu2021: checks 
*** TURN *** [8c 3h 8s] [9s]
juranirr: bets 60
Mahu2021: folds 
Uncalled bet (60) returned to juranirr
juranirr collected 60 from pot
*** SUMMARY ***
Total pot 60 | Rake 0 
Board [8c 3h 8s 9s]
Seat 1: Mahu2021 (button) (small blind) folded on the Turn
Seat 2: juranirr (big blind) collected (60)



PokerStars Hand #247752950924: Tournament #3688656389, $1.84+$0.16 USD Hold'em No Limit - Level II (15/30) - 2023/12/19 20:17:43 CET [2023/12/19 14:17:43 ET]
Table '3688656389 1' 3-max Seat #2 is the button
Seat 1: Mahu2021 (310 in chips) 
Seat 2: juranirr (1190 in chips) 
juranirr: posts small blind 15
Mahu2021: posts big blind 30
*** HOLE CARDS ***
Dealt to Mahu2021 [9s 7d]
juranirr: calls 15
Mahu2021: checks 
*** FLOP *** [Kc Tc 8d]
Mahu2021: bets 30
juranirr: folds 
Uncalled bet (30) returned to Mahu2021
Mahu2021 collected 60 from pot
Mahu2021: doesn't show hand 
*** SUMMARY ***
Total pot 60 | Rake 0 
Board [Kc Tc 8d]
Seat 1: Mahu2021 (big blind) collected (60)
Seat 2: juranirr (button) (small blind) folded on the Flop



PokerStars Hand #247752954105: Tournament #3688656389, $1.84+$0.16 USD Hold'em No Limit - Level II (15/30) - 2023/12/19 20:17:52 CET [2023/12/19 14:17:52 ET]
Table '3688656389 1' 3-max Seat #1 is the button
Seat 1: Mahu2021 (340 in chips) 
Seat 2: juranirr (1160 in chips) 
Mahu2021: posts small blind 15
juranirr: posts big blind 30
*** HOLE CARDS ***
Dealt to Mahu2021 [4d 6h]
Mahu2021: folds 
Uncalled bet (15) returned to juranirr
juranirr collected 30 from pot
*** SUMMARY ***
Total pot 30 | Rake 0 
Seat 1: Mahu2021 (button) (small blind) folded before Flop
Seat 2: juranirr (big blind) collected (30)



PokerStars Hand #247752955564: Tournament #3688656389, $1.84+$0.16 USD Hold'em No Limit - Level II (15/30) - 2023/12/19 20:17:57 CET [2023/12/19 14:17:57 ET]
Table '3688656389 1' 3-max Seat #2 is the button
Seat 1: Mahu2021 (325 in chips) 
Seat 2: juranirr (1175 in chips) 
juranirr: posts small blind 15
Mahu2021: posts big blind 30
*** HOLE CARDS ***
Dealt to Mahu2021 [2h Qd]
juranirr: raises 1145 to 1175 and is all-in
Mahu2021: folds 
Uncalled bet (1145) returned to juranirr
juranirr collected 60 from pot
*** SUMMARY ***
Total pot 60 | Rake 0 
Seat 1: Mahu2021 (big blind) folded before Flop
Seat 2: juranirr (button) (small blind) collected (60)



PokerStars Hand #247752957234: Tournament #3688656389, $1.84+$0.16 USD Hold'em No Limit - Level II (15/30) - 2023/12/19 20:18:02 CET [2023/12/19 14:18:02 ET]
Table '3688656389 1' 3-max Seat #1 is the button
Seat 1: Mahu2021 (295 in chips) 
Seat 2: juranirr (1205 in chips) 
Mahu2021: posts small blind 15
juranirr: posts big blind 30
*** HOLE CARDS ***
Dealt to Mahu2021 [6c 5s]
Mahu2021: calls 15
juranirr: raises 1175 to 1205 and is all-in
Mahu2021: folds 
Uncalled bet (1175) returned to juranirr
juranirr collected 60 from pot
*** SUMMARY ***
Total pot 60 | Rake 0 
Seat 1: Mahu2021 (button) (small blind) folded before Flop
Seat 2: juranirr (big blind) collected (60)



PokerStars Hand #247752959569: Tournament #3688656389, $1.84+$0.16 USD Hold'em No Limit - Level II (15/30) - 2023/12/19 20:18:10 CET [2023/12/19 14:18:10 ET]
Table '3688656389 1' 3-max Seat #2 is the button
Seat 1: Mahu2021 (265 in chips) 
Seat 2: juranirr (1235 in chips) 
juranirr: posts small blind 15
Mahu2021: posts big blind 30
*** HOLE CARDS ***
Dealt to Mahu2021 [Ac Kh]
juranirr: calls 15
Mahu2021: raises 235 to 265 and is all-in
juranirr: folds 
Uncalled bet (235) returned to Mahu2021
Mahu2021 collected 60 from pot
Mahu2021: doesn't show hand 
*** SUMMARY ***
Total pot 60 | Rake 0 
Seat 1: Mahu2021 (big blind) collected (60)
Seat 2: juranirr (button) (small blind) folded before Flop



PokerStars Hand #247752962214: Tournament #3688656389, $1.84+$0.16 USD Hold'em No Limit - Level II (15/30) - 2023/12/19 20:18:18 CET [2023/12/19 14:18:18 ET]
Table '3688656389 1' 3-max Seat #1 is the button
Seat 1: Mahu2021 (295 in chips) 
Seat 2: juranirr (1205 in chips) 
Mahu2021: posts small blind 15
juranirr: posts big blind 30
*** HOLE CARDS ***
Dealt to Mahu2021 [2h As]
Mahu2021: raises 265 to 295 and is all-in
juranirr: calls 265
*** FLOP *** [Ks 7d 5s]
*** TURN *** [Ks 7d 5s] [7s]
*** RIVER *** [Ks 7d 5s 7s] [8s]
*** SHOW DOWN ***
juranirr: shows [9c Qd] (a pair of Sevens)
Mahu2021: shows [2h As] (a flush, Ace high)
Mahu2021 collected 590 from pot
*** SUMMARY ***
Total pot 590 | Rake 0 
Board [Ks 7d 5s 7s 8s]
Seat 1: Mahu2021 (button) (small blind) showed [2h As] and won (590) with a flush, Ace high
Seat 2: juranirr (big blind) showed [9c Qd] and lost with a pair of Sevens



PokerStars Hand #247752966284: Tournament #3688656389, $1.84+$0.16 USD Hold'em No Limit - Level II (15/30) - 2023/12/19 20:18:31 CET [2023/12/19 14:18:31 ET]
Table '3688656389 1' 3-max Seat #2 is the button
Seat 1: Mahu2021 (590 in chips) 
Seat 2: juranirr (910 in chips) 
juranirr: posts small blind 15
Mahu2021: posts big blind 30
*** HOLE CARDS ***
Dealt to Mahu2021 [Qs Th]
juranirr: raises 880 to 910 and is all-in
Mahu2021: folds 
Uncalled bet (880) returned to juranirr
juranirr collected 60 from pot
*** SUMMARY ***
Total pot 60 | Rake 0 
Seat 1: Mahu2021 (big blind) folded before Flop
Seat 2: juranirr (button) (small blind) collected (60)



PokerStars Hand #247752968958: Tournament #3688656389, $1.84+$0.16 USD Hold'em No Limit - Level II (15/30) - 2023/12/19 20:18:39 CET [2023/12/19 14:18:39 ET]
Table '3688656389 1' 3-max Seat #1 is the button
Seat 1: Mahu2021 (560 in chips) 
Seat 2: juranirr (940 in chips) 
Mahu2021: posts small blind 15
juranirr: posts big blind 30
*** HOLE CARDS ***
Dealt to Mahu2021 [Qc Ah]
Mahu2021: calls 15
juranirr: checks 
*** FLOP *** [5c 7d Ts]
juranirr: checks 
Mahu2021: checks 
*** TURN *** [5c 7d Ts] [6d]
juranirr: bets 30
Mahu2021: folds 
Uncalled bet (30) returned to juranirr
juranirr collected 60 from pot
*** SUMMARY ***
Total pot 60 | Rake 0 
Board [5c 7d Ts 6d]
Seat 1: Mahu2021 (button) (small blind) folded on the Turn
Seat 2: juranirr (big blind) collected (60)



PokerStars Hand #247752975189: Tournament #3688656389, $1.84+$0.16 USD Hold'em No Limit - Level III (20/40) - 2023/12/19 20:18:59 CET [2023/12/19 14:18:59 ET]
Table '3688656389 1' 3-max Seat #2 is the button
Seat 1: Mahu2021 (530 in chips) 
Seat 2: juranirr (970 in chips) 
juranirr: posts small blind 20
Mahu2021: posts big blind 40
*** HOLE CARDS ***
Dealt to Mahu2021 [9c As]
juranirr: raises 80 to 120
Mahu2021: raises 410 to 530 and is all-in
juranirr: calls 410
*** FLOP *** [8s 7d 8c]
*** TURN *** [8s 7d 8c] [Ks]
*** RIVER *** [8s 7d 8c Ks] [8h]
*** SHOW DOWN ***
Mahu2021: shows [9c As] (three of a kind, Eights)
juranirr: shows [8d Ad] (four of a kind, Eights)
juranirr collected 1060 from pot
Mahu2021 finished the tournament in 2nd place
juranirr wins the tournament and receives $4.00 - congratulations!
*** SUMMARY ***
Total pot 1060 | Rake 0 
Board [8s 7d 8c Ks 8h]
Seat 1: Mahu2021 (big blind) showed [9c As] and lost with three of a kind, Eights
Seat 2: juranirr (button) (small blind) showed [8d Ad] and won (1060) with four of a kind, Eights



