PokerStars Zoom Hand #247144353553:  Hold'em No Limit ($0.02/$0.05) - 2023/11/16 19:49:44 CET [2023/11/16 13:49:44 ET]
Table 'Donati' 6-max Seat #1 is the button
Seat 1: VanChaves94 ($7.06 in chips) 
Seat 2: arni10afs ($9.43 in chips) 
Seat 3: Mahu2021 ($3.65 in chips) 
Seat 4: klndzadza ($4.80 in chips) 
Seat 5: getaddicted ($10.29 in chips) 
Seat 6: Jamekya 228 ($4.66 in chips) 
arni10afs: posts small blind $0.02
Mahu2021: posts big blind $0.05
*** HOLE CARDS ***
Dealt to Mahu2021 [3c 6d]
klndzadza: raises $0.05 to $0.10
getaddicted: folds 
Jamekya 228: raises $0.25 to $0.35
VanChaves94: folds 
arni10afs: folds 
Mahu2021: folds 
klndzadza: folds 
Uncalled bet ($0.25) returned to Jamekya 228
Jamekya 228 collected $0.27 from pot
Jamekya 228: doesn't show hand 
*** SUMMARY ***
Total pot $0.27 | Rake $0 
Seat 1: VanChaves94 (button) folded before Flop (didn't bet)
Seat 2: arni10afs (small blind) folded before Flop
Seat 3: Mahu2021 (big blind) folded before Flop
Seat 4: klndzadza folded before Flop
Seat 5: getaddicted folded before Flop (didn't bet)
Seat 6: Jamekya 228 collected ($0.27)



PokerStars Zoom Hand #247144357216:  Hold'em No Limit ($0.02/$0.05) - 2023/11/16 19:49:56 CET [2023/11/16 13:49:56 ET]
Table 'Donati' 6-max Seat #1 is the button
Seat 1: sgr1ff1n ($4.28 in chips) 
Seat 2: Potti.Gr ($4.86 in chips) 
Seat 3: DespoSep ($8.84 in chips) 
Seat 4: Jonha_AR ($6.17 in chips) 
Seat 5: ZoltanKovacs ($5.02 in chips) 
Seat 6: Mahu2021 ($3.58 in chips) 
Potti.Gr: posts small blind $0.02
DespoSep: posts big blind $0.05
*** HOLE CARDS ***
Dealt to Mahu2021 [Kh 6d]
Jonha_AR: folds 
ZoltanKovacs: folds 
Mahu2021: folds 
sgr1ff1n: folds 
Potti.Gr: folds 
Uncalled bet ($0.03) returned to DespoSep
DespoSep collected $0.04 from pot
DespoSep: doesn't show hand 
*** SUMMARY ***
Total pot $0.04 | Rake $0 
Seat 1: sgr1ff1n (button) folded before Flop (didn't bet)
Seat 2: Potti.Gr (small blind) folded before Flop
Seat 3: DespoSep (big blind) collected ($0.04)
Seat 4: Jonha_AR folded before Flop (didn't bet)
Seat 5: ZoltanKovacs folded before Flop (didn't bet)
Seat 6: Mahu2021 folded before Flop (didn't bet)



PokerStars Zoom Hand #247144359678:  Hold'em No Limit ($0.02/$0.05) - 2023/11/16 19:50:03 CET [2023/11/16 13:50:03 ET]
Table 'Donati' 6-max Seat #1 is the button
Seat 1: Mahu2021 ($3.58 in chips) 
Seat 2: Potti.Gr ($7.88 in chips) 
Seat 3: Chaca273 ($10.62 in chips) 
Seat 4: Fridenn ($5.24 in chips) 
Seat 5: 2easy4me1 ($8.01 in chips) 
Seat 6: chirurg103 ($5.23 in chips) 
Potti.Gr: posts small blind $0.02
Chaca273: posts big blind $0.05
*** HOLE CARDS ***
Dealt to Mahu2021 [Qs 8c]
Fridenn: folds 
2easy4me1: folds 
chirurg103: folds 
Mahu2021: folds 
Potti.Gr: folds 
Uncalled bet ($0.03) returned to Chaca273
Chaca273 collected $0.04 from pot
Chaca273: doesn't show hand 
*** SUMMARY ***
Total pot $0.04 | Rake $0 
Seat 1: Mahu2021 (button) folded before Flop (didn't bet)
Seat 2: Potti.Gr (small blind) folded before Flop
Seat 3: Chaca273 (big blind) collected ($0.04)
Seat 4: Fridenn folded before Flop (didn't bet)
Seat 5: 2easy4me1 folded before Flop (didn't bet)
Seat 6: chirurg103 folded before Flop (didn't bet)



PokerStars Zoom Hand #247144358666:  Hold'em No Limit ($0.02/$0.05) - 2023/11/16 19:50:00 CET [2023/11/16 13:50:00 ET]
Table 'Donati' 6-max Seat #1 is the button
Seat 1: Jonha_AR ($6.17 in chips) 
Seat 2: ZoltanKovacs ($5.02 in chips) 
Seat 3: Thebuntu ($5.43 in chips) 
Seat 4: morphote ($5 in chips) 
Seat 5: Mahu2021 ($3.58 in chips) 
Seat 6: Dziad2137 ($6 in chips) 
ZoltanKovacs: posts small blind $0.02
Thebuntu: posts big blind $0.05
*** HOLE CARDS ***
Dealt to Mahu2021 [6s Qh]
morphote: folds 
Mahu2021: folds 
Dziad2137: folds 
Jonha_AR: raises $0.07 to $0.12
ZoltanKovacs: folds 
Thebuntu: calls $0.07
*** FLOP *** [Kc 5h Kh]
Thebuntu: checks 
Jonha_AR: bets $0.08
Thebuntu: folds 
Uncalled bet ($0.08) returned to Jonha_AR
Jonha_AR collected $0.25 from pot
Jonha_AR: doesn't show hand 
*** SUMMARY ***
Total pot $0.26 | Rake $0.01 
Board [Kc 5h Kh]
Seat 1: Jonha_AR (button) collected ($0.25)
Seat 2: ZoltanKovacs (small blind) folded before Flop
Seat 3: Thebuntu (big blind) folded on the Flop
Seat 4: morphote folded before Flop (didn't bet)
Seat 5: Mahu2021 folded before Flop (didn't bet)
Seat 6: Dziad2137 folded before Flop (didn't bet)



PokerStars Zoom Hand #247144356191:  Hold'em No Limit ($0.02/$0.05) - 2023/11/16 19:49:53 CET [2023/11/16 13:49:53 ET]
Table 'Donati' 6-max Seat #1 is the button
Seat 1: honda589 ($5.85 in chips) 
Seat 2: Mahu2021 ($3.60 in chips) 
Seat 3: BenitaNaston ($8.75 in chips) 
Seat 4: jekan1984 ($4.64 in chips) 
Seat 5: Malwo1 ($14.95 in chips) 
Seat 6: Thesheep69 ($5 in chips) 
Mahu2021: posts small blind $0.02
BenitaNaston: posts big blind $0.05
*** HOLE CARDS ***
Dealt to Mahu2021 [2d Qc]
jekan1984: calls $0.05
Malwo1: folds 
Thesheep69: folds 
honda589: folds 
Mahu2021: folds 
BenitaNaston: checks 
*** FLOP *** [8s 3c 5c]
BenitaNaston: checks 
jekan1984: checks 
*** TURN *** [8s 3c 5c] [4s]
BenitaNaston: bets $0.15
jekan1984: folds 
Uncalled bet ($0.15) returned to BenitaNaston
BenitaNaston collected $0.12 from pot
BenitaNaston: doesn't show hand 
*** SUMMARY ***
Total pot $0.12 | Rake $0 
Board [8s 3c 5c 4s]
Seat 1: honda589 (button) folded before Flop (didn't bet)
Seat 2: Mahu2021 (small blind) folded before Flop
Seat 3: BenitaNaston (big blind) collected ($0.12)
Seat 4: jekan1984 folded on the Turn
Seat 5: Malwo1 folded before Flop (didn't bet)
Seat 6: Thesheep69 folded before Flop (didn't bet)



PokerStars Zoom Hand #247144360739:  Hold'em No Limit ($0.02/$0.05) - 2023/11/16 19:50:07 CET [2023/11/16 13:50:07 ET]
Table 'Donati' 6-max Seat #1 is the button
Seat 1: zorba19605 ($5.37 in chips) 
Seat 2: crumbking ($16.20 in chips) 
Seat 3: Mahu2021 ($3.58 in chips) 
Seat 4: polinarija12 ($5.92 in chips) 
Seat 5: 01giannis01 ($8.42 in chips) 
Seat 6: Bouklas23 ($8.03 in chips) 
crumbking: posts small blind $0.02
Mahu2021: posts big blind $0.05
*** HOLE CARDS ***
Dealt to Mahu2021 [Ac Kc]
polinarija12: raises $0.07 to $0.12
01giannis01: folds 
Bouklas23: folds 
zorba19605: folds 
crumbking: calls $0.10
Mahu2021: raises $0.23 to $0.35
polinarija12: calls $0.23
crumbking: calls $0.23
*** FLOP *** [Td 2s 8h]
crumbking: checks 
Mahu2021: checks 
polinarija12: checks 
*** TURN *** [Td 2s 8h] [6h]
crumbking: checks 
Mahu2021: bets $0.70
polinarija12: folds 
crumbking: folds 
Uncalled bet ($0.70) returned to Mahu2021
Mahu2021 collected $1.01 from pot
Mahu2021: doesn't show hand 
*** SUMMARY ***
Total pot $1.05 | Rake $0.04 
Board [Td 2s 8h 6h]
Seat 1: zorba19605 (button) folded before Flop (didn't bet)
Seat 2: crumbking (small blind) folded on the Turn
Seat 3: Mahu2021 (big blind) collected ($1.01)
Seat 4: polinarija12 folded on the Turn
Seat 5: 01giannis01 folded before Flop (didn't bet)
Seat 6: Bouklas23 folded before Flop (didn't bet)



PokerStars Zoom Hand #247144380639:  Hold'em No Limit ($0.02/$0.05) - 2023/11/16 19:51:08 CET [2023/11/16 13:51:08 ET]
Table 'Donati' 6-max Seat #1 is the button
Seat 1: 01giannis01 ($14.49 in chips) 
Seat 2: JonathanRoza ($5 in chips) 
Seat 3: lanwei-fish ($5 in chips) 
Seat 4: Mahu2021 ($4.24 in chips) 
Seat 5: silinsd ($5 in chips) 
Seat 6: Julia Remo ($28.72 in chips) 
JonathanRoza: posts small blind $0.02
lanwei-fish: posts big blind $0.05
*** HOLE CARDS ***
Dealt to Mahu2021 [7d 6d]
Mahu2021: folds 
silinsd: folds 
Julia Remo: folds 
01giannis01: folds 
JonathanRoza: folds 
Uncalled bet ($0.03) returned to lanwei-fish
lanwei-fish collected $0.04 from pot
lanwei-fish: doesn't show hand 
*** SUMMARY ***
Total pot $0.04 | Rake $0 
Seat 1: 01giannis01 (button) folded before Flop (didn't bet)
Seat 2: JonathanRoza (small blind) folded before Flop
Seat 3: lanwei-fish (big blind) collected ($0.04)
Seat 4: Mahu2021 folded before Flop (didn't bet)
Seat 5: silinsd folded before Flop (didn't bet)
Seat 6: Julia Remo folded before Flop (didn't bet)



PokerStars Zoom Hand #247144383850:  Hold'em No Limit ($0.02/$0.05) - 2023/11/16 19:51:18 CET [2023/11/16 13:51:18 ET]
Table 'Donati' 6-max Seat #1 is the button
Seat 1: Mahu2021 ($4.22 in chips) 
Seat 2: sbuckton91 ($3.38 in chips) 
Seat 3: kesstukas25 ($3.06 in chips) 
Seat 4: wayneo75 ($8.39 in chips) 
Seat 5: antares1968 ($5.54 in chips) 
Seat 6: BIGXAVIII ($4.48 in chips) 
sbuckton91: posts small blind $0.02
kesstukas25: posts big blind $0.05
*** HOLE CARDS ***
Dealt to Mahu2021 [6c As]
wayneo75: folds 
antares1968: folds 
BIGXAVIII: raises $0.06 to $0.11
Mahu2021: folds 
sbuckton91: folds 
kesstukas25: folds 
Uncalled bet ($0.06) returned to BIGXAVIII
BIGXAVIII collected $0.12 from pot
BIGXAVIII: doesn't show hand 
*** SUMMARY ***
Total pot $0.12 | Rake $0 
Seat 1: Mahu2021 (button) folded before Flop (didn't bet)
Seat 2: sbuckton91 (small blind) folded before Flop
Seat 3: kesstukas25 (big blind) folded before Flop
Seat 4: wayneo75 folded before Flop (didn't bet)
Seat 5: antares1968 folded before Flop (didn't bet)
Seat 6: BIGXAVIII collected ($0.12)



PokerStars Zoom Hand #247144382525:  Hold'em No Limit ($0.02/$0.05) - 2023/11/16 19:51:14 CET [2023/11/16 13:51:14 ET]
Table 'Donati' 6-max Seat #1 is the button
Seat 1: klndzadza ($4.41 in chips) 
Seat 2: Mahu2021 ($4.24 in chips) 
Seat 3: puchy98 ($5.05 in chips) 
Seat 4: OREDAN123 ($7.89 in chips) 
Seat 5: chirurg103 ($5.08 in chips) 
Seat 6: kugelmeer ($7.59 in chips) 
Mahu2021: posts small blind $0.02
puchy98: posts big blind $0.05
*** HOLE CARDS ***
Dealt to Mahu2021 [3s 7s]
OREDAN123: raises $0.05 to $0.10
chirurg103: folds 
kugelmeer: folds 
klndzadza: folds 
Mahu2021: folds 
puchy98: folds 
Uncalled bet ($0.05) returned to OREDAN123
OREDAN123 collected $0.12 from pot
OREDAN123: doesn't show hand 
*** SUMMARY ***
Total pot $0.12 | Rake $0 
Seat 1: klndzadza (button) folded before Flop (didn't bet)
Seat 2: Mahu2021 (small blind) folded before Flop
Seat 3: puchy98 (big blind) folded before Flop
Seat 4: OREDAN123 collected ($0.12)
Seat 5: chirurg103 folded before Flop (didn't bet)
Seat 6: kugelmeer folded before Flop (didn't bet)



PokerStars Zoom Hand #247144385103:  Hold'em No Limit ($0.02/$0.05) - 2023/11/16 19:51:22 CET [2023/11/16 13:51:22 ET]
Table 'Donati' 6-max Seat #1 is the button
Seat 1: LicGuapo ($5.39 in chips) 
Seat 2: VanChaves94 ($4.40 in chips) 
Seat 3: derhupi ($7.35 in chips) 
Seat 4: Chaca273 ($10.04 in chips) 
Seat 5: dalien194 ($13.96 in chips) 
Seat 6: Mahu2021 ($4.22 in chips) 
VanChaves94: posts small blind $0.02
derhupi: posts big blind $0.05
*** HOLE CARDS ***
Dealt to Mahu2021 [6d Ac]
Chaca273: raises $0.07 to $0.12
dalien194: calls $0.12
Mahu2021: folds 
LicGuapo: folds 
VanChaves94: folds 
derhupi: folds 
*** FLOP *** [6h 7d 4h]
Chaca273: checks 
dalien194: checks 
*** TURN *** [6h 7d 4h] [Jh]
Chaca273: checks 
dalien194: checks 
*** RIVER *** [6h 7d 4h Jh] [5h]
Chaca273: bets $0.15
dalien194: calls $0.15
*** SHOW DOWN ***
Chaca273: shows [9s As] (high card Ace)
dalien194: shows [Qd Qc] (a pair of Queens)
dalien194 collected $0.58 from pot
*** SUMMARY ***
Total pot $0.61 | Rake $0.03 
Board [6h 7d 4h Jh 5h]
Seat 1: LicGuapo (button) folded before Flop (didn't bet)
Seat 2: VanChaves94 (small blind) folded before Flop
Seat 3: derhupi (big blind) folded before Flop
Seat 4: Chaca273 showed [9s As] and lost with high card Ace
Seat 5: dalien194 showed [Qd Qc] and won ($0.58) with a pair of Queens
Seat 6: Mahu2021 folded before Flop (didn't bet)



PokerStars Zoom Hand #247144386355:  Hold'em No Limit ($0.02/$0.05) - 2023/11/16 19:51:26 CET [2023/11/16 13:51:26 ET]
Table 'Donati' 6-max Seat #1 is the button
Seat 1: sgr1ff1n ($3.29 in chips) 
Seat 2: Mahu2021 ($4.22 in chips) 
Seat 3: zorba19605 ($5.15 in chips) 
Seat 4: Karina2707 ($7.04 in chips) 
Seat 5: Jonha_AR ($5 in chips) 
Seat 6: lucastav206 ($5.56 in chips) 
Mahu2021: posts small blind $0.02
zorba19605: posts big blind $0.05
*** HOLE CARDS ***
Dealt to Mahu2021 [Jd Js]
Karina2707: folds 
Jonha_AR: raises $0.05 to $0.10
lucastav206: folds 
sgr1ff1n: folds 
Mahu2021: raises $0.25 to $0.35
zorba19605: calls $0.30
Jonha_AR: folds 
*** FLOP *** [Kd 3c Qh]
Mahu2021: checks 
zorba19605: bets $0.40
Mahu2021: folds 
Uncalled bet ($0.40) returned to zorba19605
zorba19605 collected $0.77 from pot
zorba19605: doesn't show hand 
*** SUMMARY ***
Total pot $0.80 | Rake $0.03 
Board [Kd 3c Qh]
Seat 1: sgr1ff1n (button) folded before Flop (didn't bet)
Seat 2: Mahu2021 (small blind) folded on the Flop
Seat 3: zorba19605 (big blind) collected ($0.77)
Seat 4: Karina2707 folded before Flop (didn't bet)
Seat 5: Jonha_AR folded before Flop
Seat 6: lucastav206 folded before Flop (didn't bet)



PokerStars Zoom Hand #247144397220:  Hold'em No Limit ($0.02/$0.05) - 2023/11/16 19:52:00 CET [2023/11/16 13:52:00 ET]
Table 'Donati' 6-max Seat #1 is the button
Seat 1: dollydoll69 ($5.60 in chips) 
Seat 2: LicGuapo ($5.51 in chips) 
Seat 3: mareke8 ($5.43 in chips) 
Seat 4: TrueLargen ($5 in chips) 
Seat 5: Mahu2021 ($3.82 in chips) 
Seat 6: sgr1ff1n ($6.25 in chips) 
LicGuapo: posts small blind $0.02
mareke8: posts big blind $0.05
*** HOLE CARDS ***
Dealt to Mahu2021 [Tc 8s]
TrueLargen: folds 
Mahu2021: folds 
sgr1ff1n: folds 
dollydoll69: folds 
LicGuapo: folds 
Uncalled bet ($0.03) returned to mareke8
mareke8 collected $0.04 from pot
mareke8: doesn't show hand 
*** SUMMARY ***
Total pot $0.04 | Rake $0 
Seat 1: dollydoll69 (button) folded before Flop (didn't bet)
Seat 2: LicGuapo (small blind) folded before Flop
Seat 3: mareke8 (big blind) collected ($0.04)
Seat 4: TrueLargen folded before Flop (didn't bet)
Seat 5: Mahu2021 folded before Flop (didn't bet)
Seat 6: sgr1ff1n folded before Flop (didn't bet)



PokerStars Zoom Hand #247144395324:  Hold'em No Limit ($0.02/$0.05) - 2023/11/16 19:51:54 CET [2023/11/16 13:51:54 ET]
Table 'Donati' 6-max Seat #1 is the button
Seat 1: OREDAN123 ($8.13 in chips) 
Seat 2: Vandalar ($10.50 in chips) 
Seat 3: Mahu2021 ($3.87 in chips) 
Seat 4: mvelev ($7.80 in chips) 
Seat 5: skmx12 ($15.30 in chips) 
Seat 6: puchy98 ($5.07 in chips) 
Vandalar: posts small blind $0.02
Mahu2021: posts big blind $0.05
*** HOLE CARDS ***
Dealt to Mahu2021 [3h 7s]
mvelev: folds 
skmx12: folds 
puchy98: folds 
OREDAN123: raises $0.05 to $0.10
Vandalar: folds 
Mahu2021: folds 
Uncalled bet ($0.05) returned to OREDAN123
OREDAN123 collected $0.12 from pot
OREDAN123: doesn't show hand 
*** SUMMARY ***
Total pot $0.12 | Rake $0 
Seat 1: OREDAN123 (button) collected ($0.12)
Seat 2: Vandalar (small blind) folded before Flop
Seat 3: Mahu2021 (big blind) folded before Flop
Seat 4: mvelev folded before Flop (didn't bet)
Seat 5: skmx12 folded before Flop (didn't bet)
Seat 6: puchy98 folded before Flop (didn't bet)



PokerStars Zoom Hand #247144399841:  Hold'em No Limit ($0.02/$0.05) - 2023/11/16 19:52:09 CET [2023/11/16 13:52:09 ET]
Table 'Donati' 6-max Seat #1 is the button
Seat 1: Mahu2021 ($3.82 in chips) 
Seat 2: lanwei-fish ($12.44 in chips) 
Seat 3: Dziad2137 ($5 in chips) 
Seat 4: klndzadza ($4.32 in chips) 
Seat 5: Karina2707 ($7.06 in chips) 
Seat 6: Bouklas23 ($7.68 in chips) 
lanwei-fish: posts small blind $0.02
Dziad2137: posts big blind $0.05
*** HOLE CARDS ***
Dealt to Mahu2021 [9c 6c]
klndzadza: folds 
Karina2707: folds 
Bouklas23: folds 
Mahu2021: folds 
lanwei-fish: folds 
Uncalled bet ($0.03) returned to Dziad2137
Dziad2137 collected $0.04 from pot
Dziad2137: doesn't show hand 
*** SUMMARY ***
Total pot $0.04 | Rake $0 
Seat 1: Mahu2021 (button) folded before Flop (didn't bet)
Seat 2: lanwei-fish (small blind) folded before Flop
Seat 3: Dziad2137 (big blind) collected ($0.04)
Seat 4: klndzadza folded before Flop (didn't bet)
Seat 5: Karina2707 folded before Flop (didn't bet)
Seat 6: Bouklas23 folded before Flop (didn't bet)



PokerStars Zoom Hand #247144398590:  Hold'em No Limit ($0.02/$0.05) - 2023/11/16 19:52:05 CET [2023/11/16 13:52:05 ET]
Table 'Donati' 6-max Seat #1 is the button
Seat 1: viking_ro ($5.17 in chips) 
Seat 2: bendigo9 ($5.56 in chips) 
Seat 3: viejoloco87 ($5.60 in chips) 
Seat 4: LicGuapo ($5.51 in chips) 
Seat 5: puchy98 ($5.07 in chips) 
Seat 6: Mahu2021 ($3.82 in chips) 
bendigo9: posts small blind $0.02
viejoloco87: posts big blind $0.05
*** HOLE CARDS ***
Dealt to Mahu2021 [9d Jc]
LicGuapo: folds 
puchy98: raises $0.07 to $0.12
Mahu2021: folds 
viking_ro: folds 
bendigo9: folds 
viejoloco87: folds 
Uncalled bet ($0.07) returned to puchy98
puchy98 collected $0.12 from pot
puchy98: doesn't show hand 
*** SUMMARY ***
Total pot $0.12 | Rake $0 
Seat 1: viking_ro (button) folded before Flop (didn't bet)
Seat 2: bendigo9 (small blind) folded before Flop
Seat 3: viejoloco87 (big blind) folded before Flop
Seat 4: LicGuapo folded before Flop (didn't bet)
Seat 5: puchy98 collected ($0.12)
Seat 6: Mahu2021 folded before Flop (didn't bet)



PokerStars Zoom Hand #247144401111:  Hold'em No Limit ($0.02/$0.05) - 2023/11/16 19:52:12 CET [2023/11/16 13:52:12 ET]
Table 'Donati' 6-max Seat #1 is the button
Seat 1: puchy98 ($6.49 in chips) 
Seat 2: tvo23 ($5.99 in chips) 
Seat 3: cmp9999 ($5.11 in chips) 
Seat 4: Mahu2021 ($3.82 in chips) 
Seat 5: gribkod911 ($20.97 in chips) 
Seat 6: OREDAN123 ($8.20 in chips) 
tvo23: posts small blind $0.02
cmp9999: posts big blind $0.05
*** HOLE CARDS ***
Dealt to Mahu2021 [6d 7c]
Mahu2021: folds 
gribkod911: raises $0.10 to $0.15
OREDAN123: folds 
puchy98: folds 
tvo23: raises $0.35 to $0.50
cmp9999: folds 
gribkod911: raises $1.05 to $1.55
tvo23: folds 
Uncalled bet ($1.05) returned to gribkod911
gribkod911 collected $1.05 from pot
gribkod911: doesn't show hand 
*** SUMMARY ***
Total pot $1.05 | Rake $0 
Seat 1: puchy98 (button) folded before Flop (didn't bet)
Seat 2: tvo23 (small blind) folded before Flop
Seat 3: cmp9999 (big blind) folded before Flop
Seat 4: Mahu2021 folded before Flop (didn't bet)
Seat 5: gribkod911 collected ($1.05)
Seat 6: OREDAN123 folded before Flop (didn't bet)



PokerStars Zoom Hand #247144402413:  Hold'em No Limit ($0.02/$0.05) - 2023/11/16 19:52:16 CET [2023/11/16 13:52:16 ET]
Table 'Donati' 6-max Seat #1 is the button
Seat 1: jbinns74309 ($5 in chips) 
Seat 2: HARHOO ($4.95 in chips) 
Seat 3: Mahu2021 ($3.82 in chips) 
Seat 4: zorba19605 ($5.55 in chips) 
Seat 5: honda589 ($5.25 in chips) 
Seat 6: puchy98 ($5.59 in chips) 
HARHOO: posts small blind $0.02
Mahu2021: posts big blind $0.05
*** HOLE CARDS ***
Dealt to Mahu2021 [8d Qd]
zorba19605: folds 
honda589: folds 
puchy98: folds 
jbinns74309: folds 
HARHOO: raises $0.10 to $0.15
Mahu2021: calls $0.10
*** FLOP *** [6h 4c Ks]
HARHOO: bets $0.15
Mahu2021: folds 
Uncalled bet ($0.15) returned to HARHOO
HARHOO collected $0.29 from pot
HARHOO: doesn't show hand 
*** SUMMARY ***
Total pot $0.30 | Rake $0.01 
Board [6h 4c Ks]
Seat 1: jbinns74309 (button) folded before Flop (didn't bet)
Seat 2: HARHOO (small blind) collected ($0.29)
Seat 3: Mahu2021 (big blind) folded on the Flop
Seat 4: zorba19605 folded before Flop (didn't bet)
Seat 5: honda589 folded before Flop (didn't bet)
Seat 6: puchy98 folded before Flop (didn't bet)



PokerStars Zoom Hand #247144410178:  Hold'em No Limit ($0.02/$0.05) - 2023/11/16 19:52:41 CET [2023/11/16 13:52:41 ET]
Table 'Donati' 6-max Seat #1 is the button
Seat 1: HARHOO ($5.09 in chips) 
Seat 2: puchy98 ($5.44 in chips) 
Seat 3: ZoltanKovacs ($5.05 in chips) 
Seat 4: sgr1ff1n ($6.18 in chips) 
Seat 5: Mahu2021 ($3.67 in chips) 
Seat 6: OREDAN123 ($8.11 in chips) 
puchy98: posts small blind $0.02
ZoltanKovacs: posts big blind $0.05
*** HOLE CARDS ***
Dealt to Mahu2021 [Td Jc]
sgr1ff1n: raises $0.05 to $0.10
Mahu2021: calls $0.10
OREDAN123: raises $0.37 to $0.47
HARHOO: folds 
puchy98: folds 
ZoltanKovacs: folds 
sgr1ff1n: calls $0.37
Mahu2021: calls $0.37
*** FLOP *** [5h 2h Js]
sgr1ff1n: checks 
Mahu2021: bets $3.20 and is all-in
OREDAN123: folds 
sgr1ff1n: folds 
Uncalled bet ($3.20) returned to Mahu2021
Mahu2021 collected $1.42 from pot
Mahu2021: doesn't show hand 
*** SUMMARY ***
Total pot $1.48 | Rake $0.06 
Board [5h 2h Js]
Seat 1: HARHOO (button) folded before Flop (didn't bet)
Seat 2: puchy98 (small blind) folded before Flop
Seat 3: ZoltanKovacs (big blind) folded before Flop
Seat 4: sgr1ff1n folded on the Flop
Seat 5: Mahu2021 collected ($1.42)
Seat 6: OREDAN123 folded on the Flop



PokerStars Zoom Hand #247144418164:  Hold'em No Limit ($0.02/$0.05) - 2023/11/16 19:53:06 CET [2023/11/16 13:53:06 ET]
Table 'Donati' 6-max Seat #1 is the button
Seat 1: BLACKY7555 ($7.94 in chips) 
Seat 2: Mahu2021 ($4.62 in chips) 
Seat 3: puchy98 ($5 in chips) 
Seat 4: Cristian Ramos ($5.60 in chips) 
Seat 5: Demoninho666 ($5 in chips) 
Seat 6: Vandalar ($5.20 in chips) 
Mahu2021: posts small blind $0.02
puchy98: posts big blind $0.05
*** HOLE CARDS ***
Dealt to Mahu2021 [Jd Ks]
Cristian Ramos: folds 
Demoninho666: folds 
Vandalar: raises $0.07 to $0.12
BLACKY7555: folds 
Mahu2021: calls $0.10
puchy98: folds 
*** FLOP *** [Jc Kc 5c]
Mahu2021: checks 
Vandalar: bets $0.41
Mahu2021: calls $0.41
*** TURN *** [Jc Kc 5c] [Tc]
Mahu2021: checks 
Vandalar: checks 
*** RIVER *** [Jc Kc 5c Tc] [3d]
Mahu2021: checks 
Vandalar: bets $1.54
Mahu2021: calls $1.54
*** SHOW DOWN ***
Vandalar: shows [7c Ac] (a flush, Ace high)
Mahu2021: mucks hand 
Vandalar collected $4.02 from pot
*** SUMMARY ***
Total pot $4.19 | Rake $0.17 
Board [Jc Kc 5c Tc 3d]
Seat 1: BLACKY7555 (button) folded before Flop (didn't bet)
Seat 2: Mahu2021 (small blind) mucked [Jd Ks]
Seat 3: puchy98 (big blind) folded before Flop
Seat 4: Cristian Ramos folded before Flop (didn't bet)
Seat 5: Demoninho666 folded before Flop (didn't bet)
Seat 6: Vandalar showed [7c Ac] and won ($4.02) with a flush, Ace high



PokerStars Zoom Hand #247144435552:  Hold'em No Limit ($0.02/$0.05) - 2023/11/16 19:54:01 CET [2023/11/16 13:54:01 ET]
Table 'Donati' 6-max Seat #1 is the button
Seat 1: lanwei-fish ($14.27 in chips) 
Seat 2: mvelev ($5.07 in chips) 
Seat 3: JonathanRoza ($8.50 in chips) 
Seat 4: ginobili666 ($5 in chips) 
Seat 5: Mahu2021 ($2.55 in chips) 
Seat 6: Pool78856 ($6.12 in chips) 
mvelev: posts small blind $0.02
JonathanRoza: posts big blind $0.05
*** HOLE CARDS ***
Dealt to Mahu2021 [Tc Td]
ginobili666: raises $0.10 to $0.15
Mahu2021: raises $0.35 to $0.50
Pool78856: folds 
lanwei-fish: folds 
mvelev: folds 
JonathanRoza: folds 
ginobili666: calls $0.35
*** FLOP *** [5c Kd 3c]
ginobili666: checks 
Mahu2021: bets $2.05 and is all-in
ginobili666: folds 
Uncalled bet ($2.05) returned to Mahu2021
Mahu2021 collected $1.03 from pot
Mahu2021: doesn't show hand 
*** SUMMARY ***
Total pot $1.07 | Rake $0.04 
Board [5c Kd 3c]
Seat 1: lanwei-fish (button) folded before Flop (didn't bet)
Seat 2: mvelev (small blind) folded before Flop
Seat 3: JonathanRoza (big blind) folded before Flop
Seat 4: ginobili666 folded on the Flop
Seat 5: Mahu2021 collected ($1.03)
Seat 6: Pool78856 folded before Flop (didn't bet)



PokerStars Zoom Hand #247144434286:  Hold'em No Limit ($0.02/$0.05) - 2023/11/16 19:53:57 CET [2023/11/16 13:53:57 ET]
Table 'Donati' 6-max Seat #1 is the button
Seat 1: petokrcmar ($2.97 in chips) 
Seat 2: VanChaves94 ($6.75 in chips) 
Seat 3: Josip2525 ($4.93 in chips) 
Seat 4: DespoSep ($9.31 in chips) 
Seat 5: puchy98 ($5.35 in chips) 
Seat 6: Mahu2021 ($2.55 in chips) 
VanChaves94: posts small blind $0.02
Josip2525: posts big blind $0.05
*** HOLE CARDS ***
Dealt to Mahu2021 [Kh 4s]
DespoSep: folds 
puchy98: folds 
Mahu2021: folds 
petokrcmar: folds 
VanChaves94: raises $0.10 to $0.15
Josip2525: raises $0.10 to $0.25
VanChaves94: calls $0.10
*** FLOP *** [Ks Qs 3c]
VanChaves94: checks 
Josip2525: bets $0.36
VanChaves94: calls $0.36
*** TURN *** [Ks Qs 3c] [Js]
VanChaves94: checks 
Josip2525: bets $0.88
VanChaves94: folds 
Uncalled bet ($0.88) returned to Josip2525
Josip2525 collected $1.17 from pot
Josip2525: doesn't show hand 
*** SUMMARY ***
Total pot $1.22 | Rake $0.05 
Board [Ks Qs 3c Js]
Seat 1: petokrcmar (button) folded before Flop (didn't bet)
Seat 2: VanChaves94 (small blind) folded on the Turn
Seat 3: Josip2525 (big blind) collected ($1.17)
Seat 4: DespoSep folded before Flop (didn't bet)
Seat 5: puchy98 folded before Flop (didn't bet)
Seat 6: Mahu2021 folded before Flop (didn't bet)



PokerStars Zoom Hand #247144442208:  Hold'em No Limit ($0.02/$0.05) - 2023/11/16 19:54:22 CET [2023/11/16 13:54:22 ET]
Table 'Donati' 6-max Seat #1 is the button
Seat 1: Mahu2021 ($3.08 in chips) 
Seat 2: LT38979 ($5.02 in chips) 
Seat 3: Lokisfenrir ($2.22 in chips) 
Seat 4: viking_ro ($5.55 in chips) 
Seat 5: Pool78856 ($5 in chips) 
Seat 6: Thebuntu ($5.31 in chips) 
LT38979: posts small blind $0.02
Lokisfenrir: posts big blind $0.05
*** HOLE CARDS ***
Dealt to Mahu2021 [8d 5s]
viking_ro: folds 
Pool78856: folds 
Thebuntu: raises $0.05 to $0.10
Mahu2021: folds 
LT38979: folds 
Lokisfenrir: folds 
Uncalled bet ($0.05) returned to Thebuntu
Thebuntu collected $0.12 from pot
Thebuntu: doesn't show hand 
*** SUMMARY ***
Total pot $0.12 | Rake $0 
Seat 1: Mahu2021 (button) folded before Flop (didn't bet)
Seat 2: LT38979 (small blind) folded before Flop
Seat 3: Lokisfenrir (big blind) folded before Flop
Seat 4: viking_ro folded before Flop (didn't bet)
Seat 5: Pool78856 folded before Flop (didn't bet)
Seat 6: Thebuntu collected ($0.12)



PokerStars Zoom Hand #247144443383:  Hold'em No Limit ($0.02/$0.05) - 2023/11/16 19:54:26 CET [2023/11/16 13:54:26 ET]
Table 'Donati' 6-max Seat #1 is the button
Seat 1: arni10afs ($9.24 in chips) 
Seat 2: honda589 ($5.13 in chips) 
Seat 3: mvelev ($5.05 in chips) 
Seat 4: Mahu2021 ($3.08 in chips) 
Seat 5: Thesheep69 ($5.40 in chips) 
Seat 6: LicGuapo ($5.23 in chips) 
honda589: posts small blind $0.02
mvelev: posts big blind $0.05
*** HOLE CARDS ***
Dealt to Mahu2021 [3h 4s]
Mahu2021: folds 
Thesheep69: folds 
LicGuapo: raises $0.08 to $0.13
arni10afs: folds 
honda589: folds 
mvelev: folds 
Uncalled bet ($0.08) returned to LicGuapo
LicGuapo collected $0.12 from pot
LicGuapo: doesn't show hand 
*** SUMMARY ***
Total pot $0.12 | Rake $0 
Seat 1: arni10afs (button) folded before Flop (didn't bet)
Seat 2: honda589 (small blind) folded before Flop
Seat 3: mvelev (big blind) folded before Flop
Seat 4: Mahu2021 folded before Flop (didn't bet)
Seat 5: Thesheep69 folded before Flop (didn't bet)
Seat 6: LicGuapo collected ($0.12)



PokerStars Zoom Hand #247144444686:  Hold'em No Limit ($0.02/$0.05) - 2023/11/16 19:54:30 CET [2023/11/16 13:54:30 ET]
Table 'Donati' 6-max Seat #1 is the button
Seat 1: Cristian Ramos ($6.03 in chips) 
Seat 2: Yra.Tatarnev ($5.09 in chips) 
Seat 3: Mahu2021 ($3.08 in chips) 
Seat 4: ZoltanKovacs ($5.22 in chips) 
Seat 5: Vandalar ($6.93 in chips) 
Seat 6: Viinha ($1.20 in chips) 
Yra.Tatarnev: posts small blind $0.02
Mahu2021: posts big blind $0.05
*** HOLE CARDS ***
Dealt to Mahu2021 [4h 4s]
ZoltanKovacs: folds 
Vandalar: raises $0.07 to $0.12
Viinha: folds 
Cristian Ramos: folds 
Yra.Tatarnev: folds 
Mahu2021: calls $0.07
*** FLOP *** [Ts 7c Kh]
Mahu2021: checks 
Vandalar: checks 
*** TURN *** [Ts 7c Kh] [3d]
Mahu2021: checks 
Vandalar: checks 
*** RIVER *** [Ts 7c Kh 3d] [Js]
Mahu2021: checks 
Vandalar: checks 
*** SHOW DOWN ***
Mahu2021: shows [4h 4s] (a pair of Fours)
Vandalar: shows [As Jh] (a pair of Jacks)
Vandalar collected $0.25 from pot
*** SUMMARY ***
Total pot $0.26 | Rake $0.01 
Board [Ts 7c Kh 3d Js]
Seat 1: Cristian Ramos (button) folded before Flop (didn't bet)
Seat 2: Yra.Tatarnev (small blind) folded before Flop
Seat 3: Mahu2021 (big blind) showed [4h 4s] and lost with a pair of Fours
Seat 4: ZoltanKovacs folded before Flop (didn't bet)
Seat 5: Vandalar showed [As Jh] and won ($0.25) with a pair of Jacks
Seat 6: Viinha folded before Flop (didn't bet)



PokerStars Zoom Hand #247144458516:  Hold'em No Limit ($0.02/$0.05) - 2023/11/16 19:55:14 CET [2023/11/16 13:55:14 ET]
Table 'Donati' 6-max Seat #1 is the button
Seat 1: LT38979 ($6.25 in chips) 
Seat 2: Mahu2021 ($2.96 in chips) 
Seat 3: Viinha ($1.06 in chips) 
Seat 4: tvo23 ($5.25 in chips) 
Seat 5: happygamer2 ($6.02 in chips) 
Seat 6: Old_Soldier_D ($8.44 in chips) 
Mahu2021: posts small blind $0.02
Viinha: posts big blind $0.05
*** HOLE CARDS ***
Dealt to Mahu2021 [5d 3h]
tvo23: folds 
happygamer2: folds 
Old_Soldier_D: folds 
LT38979: folds 
Mahu2021: folds 
Uncalled bet ($0.03) returned to Viinha
Viinha collected $0.04 from pot
Viinha: doesn't show hand 
*** SUMMARY ***
Total pot $0.04 | Rake $0 
Seat 1: LT38979 (button) folded before Flop (didn't bet)
Seat 2: Mahu2021 (small blind) folded before Flop
Seat 3: Viinha (big blind) collected ($0.04)
Seat 4: tvo23 folded before Flop (didn't bet)
Seat 5: happygamer2 folded before Flop (didn't bet)
Seat 6: Old_Soldier_D folded before Flop (didn't bet)



PokerStars Zoom Hand #247144459540:  Hold'em No Limit ($0.02/$0.05) - 2023/11/16 19:55:18 CET [2023/11/16 13:55:18 ET]
Table 'Donati' 6-max Seat #1 is the button
Seat 1: kesstukas25 ($2.71 in chips) 
Seat 2: kokkalo666 ($6.83 in chips) 
Seat 3: happygamer2 ($6.48 in chips) 
Seat 4: Glurry ($12.38 in chips) 
Seat 5: Sanixm ($4.44 in chips) 
Seat 6: Mahu2021 ($2.94 in chips) 
kokkalo666: posts small blind $0.02
happygamer2: posts big blind $0.05
*** HOLE CARDS ***
Dealt to Mahu2021 [3h Jd]
Glurry: folds 
Sanixm: folds 
Mahu2021: folds 
kesstukas25: folds 
kokkalo666: raises $0.11 to $0.16
happygamer2: folds 
Uncalled bet ($0.11) returned to kokkalo666
kokkalo666 collected $0.10 from pot
kokkalo666: doesn't show hand 
*** SUMMARY ***
Total pot $0.10 | Rake $0 
Seat 1: kesstukas25 (button) folded before Flop (didn't bet)
Seat 2: kokkalo666 (small blind) collected ($0.10)
Seat 3: happygamer2 (big blind) folded before Flop
Seat 4: Glurry folded before Flop (didn't bet)
Seat 5: Sanixm folded before Flop (didn't bet)
Seat 6: Mahu2021 folded before Flop (didn't bet)



PokerStars Zoom Hand #247144460316:  Hold'em No Limit ($0.02/$0.05) - 2023/11/16 19:55:21 CET [2023/11/16 13:55:21 ET]
Table 'Donati' 6-max Seat #1 is the button
Seat 1: Mahu2021 ($2.94 in chips) 
Seat 2: kopeyka17167 ($5 in chips) 
Seat 3: pavelbabenkov ($11.57 in chips) 
Seat 4: kato-2003 ($5.21 in chips) 
Seat 5: ahti2000 ($6.54 in chips) 
Seat 6: Valujko ($7.66 in chips) 
kopeyka17167: posts small blind $0.02
pavelbabenkov: posts big blind $0.05
*** HOLE CARDS ***
Dealt to Mahu2021 [7s Td]
kato-2003: folds 
ahti2000: folds 
Valujko: folds 
Mahu2021: folds 
kopeyka17167: folds 
Uncalled bet ($0.03) returned to pavelbabenkov
pavelbabenkov collected $0.04 from pot
pavelbabenkov: doesn't show hand 
*** SUMMARY ***
Total pot $0.04 | Rake $0 
Seat 1: Mahu2021 (button) folded before Flop (didn't bet)
Seat 2: kopeyka17167 (small blind) folded before Flop
Seat 3: pavelbabenkov (big blind) collected ($0.04)
Seat 4: kato-2003 folded before Flop (didn't bet)
Seat 5: ahti2000 folded before Flop (didn't bet)
Seat 6: Valujko folded before Flop (didn't bet)



PokerStars Zoom Hand #247144461153:  Hold'em No Limit ($0.02/$0.05) - 2023/11/16 19:55:24 CET [2023/11/16 13:55:24 ET]
Table 'Donati' 6-max Seat #1 is the button
Seat 1: ginobili666 ($5.05 in chips) 
Seat 2: manpantheo ($7.23 in chips) 
Seat 3: lanwei-fish ($14.09 in chips) 
Seat 4: 01giannis01 ($5.14 in chips) 
Seat 5: Mahu2021 ($2.94 in chips) 
Seat 6: Dziad2137 ($5.23 in chips) 
manpantheo: posts small blind $0.02
lanwei-fish: posts big blind $0.05
*** HOLE CARDS ***
Dealt to Mahu2021 [Ad Jd]
01giannis01: raises $0.06 to $0.11
Mahu2021: raises $0.24 to $0.35
Dziad2137: calls $0.35
ginobili666: folds 
manpantheo: folds 
lanwei-fish: folds 
01giannis01: calls $0.24
*** FLOP *** [5h 7h 3c]
01giannis01: checks 
Mahu2021: checks 
Dziad2137: checks 
*** TURN *** [5h 7h 3c] [8c]
01giannis01: checks 
Mahu2021: checks 
Dziad2137: bets $0.52
01giannis01: folds 
Mahu2021: calls $0.52
*** RIVER *** [5h 7h 3c 8c] [5c]
Mahu2021: checks 
Dziad2137: checks 
*** SHOW DOWN ***
Mahu2021: shows [Ad Jd] (a pair of Fives)
Dziad2137: shows [Qs Ah] (a pair of Fives - Ace+Queen kicker)
Dziad2137 collected $2.07 from pot
*** SUMMARY ***
Total pot $2.16 | Rake $0.09 
Board [5h 7h 3c 8c 5c]
Seat 1: ginobili666 (button) folded before Flop (didn't bet)
Seat 2: manpantheo (small blind) folded before Flop
Seat 3: lanwei-fish (big blind) folded before Flop
Seat 4: 01giannis01 folded on the Turn
Seat 5: Mahu2021 showed [Ad Jd] and lost with a pair of Fives
Seat 6: Dziad2137 showed [Qs Ah] and won ($2.07) with a pair of Fives



PokerStars Zoom Hand #247144475324:  Hold'em No Limit ($0.02/$0.05) - 2023/11/16 19:56:25 CET [2023/11/16 13:56:25 ET]
Table 'Donati' 6-max Seat #1 is the button
Seat 1: Potti.Gr ($5 in chips) 
Seat 2: Viinha ($1.61 in chips) 
Seat 3: Julia Remo ($13.42 in chips) 
Seat 4: Mahu2021 ($2.07 in chips) 
Seat 5: sgr1ff1n ($4.83 in chips) 
Seat 6: 01giannis01 ($4.63 in chips) 
Viinha: posts small blind $0.02
Julia Remo: posts big blind $0.05
*** HOLE CARDS ***
Dealt to Mahu2021 [Js 5h]
Mahu2021: folds 
sgr1ff1n: folds 
01giannis01: folds 
Potti.Gr: folds 
Viinha: folds 
Uncalled bet ($0.03) returned to Julia Remo
Julia Remo collected $0.04 from pot
Julia Remo: doesn't show hand 
*** SUMMARY ***
Total pot $0.04 | Rake $0 
Seat 1: Potti.Gr (button) folded before Flop (didn't bet)
Seat 2: Viinha (small blind) folded before Flop
Seat 3: Julia Remo (big blind) collected ($0.04)
Seat 4: Mahu2021 folded before Flop (didn't bet)
Seat 5: sgr1ff1n folded before Flop (didn't bet)
Seat 6: 01giannis01 folded before Flop (didn't bet)



PokerStars Zoom Hand #247144476310:  Hold'em No Limit ($0.02/$0.05) - 2023/11/16 19:56:29 CET [2023/11/16 13:56:29 ET]
Table 'Donati' 6-max Seat #1 is the button
Seat 1: Karina2707 ($10.38 in chips) 
Seat 2: Mahu2021 ($2.07 in chips) 
Seat 3: VanChaves94 ($5.42 in chips) 
Seat 4: Glurry ($12.26 in chips) 
Seat 5: Chaca273 ($11.25 in chips) 
Seat 6: petokrcmar ($1.75 in chips) 
Mahu2021: posts small blind $0.02
VanChaves94: posts big blind $0.05
*** HOLE CARDS ***
Dealt to Mahu2021 [Qh Kc]
Glurry: folds 
Chaca273: folds 
petokrcmar: folds 
Karina2707 has timed out
Karina2707: folds 
Mahu2021: raises $0.05 to $0.10
VanChaves94: folds 
Uncalled bet ($0.05) returned to Mahu2021
Mahu2021 collected $0.10 from pot
Mahu2021: doesn't show hand 
*** SUMMARY ***
Total pot $0.10 | Rake $0 
Seat 1: Karina2707 (button) folded before Flop (didn't bet)
Seat 2: Mahu2021 (small blind) collected ($0.10)
Seat 3: VanChaves94 (big blind) folded before Flop
Seat 4: Glurry folded before Flop (didn't bet)
Seat 5: Chaca273 folded before Flop (didn't bet)
Seat 6: petokrcmar folded before Flop (didn't bet)



PokerStars Zoom Hand #247144481625:  Hold'em No Limit ($0.02/$0.05) - 2023/11/16 19:56:51 CET [2023/11/16 13:56:51 ET]
Table 'Donati' 6-max Seat #1 is the button
Seat 1: imsoanonym ($5.39 in chips) 
Seat 2: Viinha ($2.19 in chips) 
Seat 3: puchy98 ($6.35 in chips) 
Seat 4: Mahu2021 ($2.12 in chips) 
Seat 5: Potti.Gr ($5.07 in chips) 
Seat 6: mrtn_132 ($4.73 in chips) 
Viinha: posts small blind $0.02
puchy98: posts big blind $0.05
*** HOLE CARDS ***
Dealt to Mahu2021 [5d 9c]
Mahu2021: folds 
Potti.Gr: folds 
mrtn_132: folds 
imsoanonym: raises $0.07 to $0.12
Viinha: folds 
puchy98: folds 
Uncalled bet ($0.07) returned to imsoanonym
imsoanonym collected $0.12 from pot
imsoanonym: doesn't show hand 
*** SUMMARY ***
Total pot $0.12 | Rake $0 
Seat 1: imsoanonym (button) collected ($0.12)
Seat 2: Viinha (small blind) folded before Flop
Seat 3: puchy98 (big blind) folded before Flop
Seat 4: Mahu2021 folded before Flop (didn't bet)
Seat 5: Potti.Gr folded before Flop (didn't bet)
Seat 6: mrtn_132 folded before Flop (didn't bet)



PokerStars Zoom Hand #247144484857:  Hold'em No Limit ($0.02/$0.05) - 2023/11/16 19:57:05 CET [2023/11/16 13:57:05 ET]
Table 'Donati' 6-max Seat #1 is the button
Seat 1: Josip2525 ($5.27 in chips) 
Seat 2: sgr1ff1n ($4.03 in chips) 
Seat 3: seryj_ss ($4.85 in chips) 
Seat 4: Julia Remo ($28.51 in chips) 
Seat 5: Mahu2021 ($2.07 in chips) 
Seat 6: Dräpern ($3.21 in chips) 
sgr1ff1n: posts small blind $0.02
seryj_ss: posts big blind $0.05
*** HOLE CARDS ***
Dealt to Mahu2021 [Ah Tc]
Julia Remo: folds 
Mahu2021: raises $0.05 to $0.10
Dräpern: folds 
Josip2525: folds 
sgr1ff1n: folds 
seryj_ss: folds 
Uncalled bet ($0.05) returned to Mahu2021
Mahu2021 collected $0.12 from pot
Mahu2021: doesn't show hand 
*** SUMMARY ***
Total pot $0.12 | Rake $0 
Seat 1: Josip2525 (button) folded before Flop (didn't bet)
Seat 2: sgr1ff1n (small blind) folded before Flop
Seat 3: seryj_ss (big blind) folded before Flop
Seat 4: Julia Remo folded before Flop (didn't bet)
Seat 5: Mahu2021 collected ($0.12)
Seat 6: Dräpern folded before Flop (didn't bet)



PokerStars Zoom Hand #247144482581:  Hold'em No Limit ($0.02/$0.05) - 2023/11/16 19:56:55 CET [2023/11/16 13:56:55 ET]
Table 'Donati' 6-max Seat #1 is the button
Seat 1: Dziad2137 ($5 in chips) 
Seat 2: Jake591 ($5 in chips) 
Seat 3: Mahu2021 ($2.12 in chips) 
Seat 4: Zuraker ($6.59 in chips) 
Seat 5: Muhlen9 ($5.28 in chips) 
Seat 6: OutThinker ($18.49 in chips) 
Jake591: posts small blind $0.02
Mahu2021: posts big blind $0.05
*** HOLE CARDS ***
Dealt to Mahu2021 [Qs 3h]
Zuraker: folds 
Muhlen9: folds 
OutThinker: raises $0.07 to $0.12
Dziad2137: folds 
Jake591: calls $0.10
Mahu2021: folds 
*** FLOP *** [5d 6d Ks]
Jake591: checks 
OutThinker: bets $0.14
Jake591: folds 
Uncalled bet ($0.14) returned to OutThinker
OutThinker collected $0.28 from pot
OutThinker: doesn't show hand 
*** SUMMARY ***
Total pot $0.29 | Rake $0.01 
Board [5d 6d Ks]
Seat 1: Dziad2137 (button) folded before Flop (didn't bet)
Seat 2: Jake591 (small blind) folded on the Flop
Seat 3: Mahu2021 (big blind) folded before Flop
Seat 4: Zuraker folded before Flop (didn't bet)
Seat 5: Muhlen9 folded before Flop (didn't bet)
Seat 6: OutThinker collected ($0.28)



PokerStars Zoom Hand #247144488769:  Hold'em No Limit ($0.02/$0.05) - 2023/11/16 19:57:21 CET [2023/11/16 13:57:21 ET]
Table 'Donati' 6-max Seat #1 is the button
Seat 1: Zuraker ($5 in chips) 
Seat 2: Tidus.17.x ($5.47 in chips) 
Seat 3: Jake591 ($5.05 in chips) 
Seat 4: Viinha ($1.66 in chips) 
Seat 5: tvo23 ($5 in chips) 
Seat 6: Mahu2021 ($2.14 in chips) 
Tidus.17.x: posts small blind $0.02
Jake591: posts big blind $0.05
*** HOLE CARDS ***
Dealt to Mahu2021 [2h 2d]
Viinha: folds 
tvo23: folds 
Mahu2021: raises $0.05 to $0.10
Zuraker: folds 
Tidus.17.x: folds 
Jake591: folds 
Uncalled bet ($0.05) returned to Mahu2021
Mahu2021 collected $0.12 from pot
Mahu2021: doesn't show hand 
*** SUMMARY ***
Total pot $0.12 | Rake $0 
Seat 1: Zuraker (button) folded before Flop (didn't bet)
Seat 2: Tidus.17.x (small blind) folded before Flop
Seat 3: Jake591 (big blind) folded before Flop
Seat 4: Viinha folded before Flop (didn't bet)
Seat 5: tvo23 folded before Flop (didn't bet)
Seat 6: Mahu2021 collected ($0.12)



PokerStars Zoom Hand #247144487723:  Hold'em No Limit ($0.02/$0.05) - 2023/11/16 19:57:17 CET [2023/11/16 13:57:17 ET]
Table 'Donati' 6-max Seat #1 is the button
Seat 1: Mahu2021 ($2.14 in chips) 
Seat 2: jasinek189 ($2.26 in chips) 
Seat 3: R0seThorns ($5 in chips) 
Seat 4: mvelev ($8.95 in chips) 
Seat 5: oss1kk ($18.57 in chips) 
Seat 6: seryj_ss ($5.75 in chips) 
jasinek189: posts small blind $0.02
R0seThorns: posts big blind $0.05
*** HOLE CARDS ***
Dealt to Mahu2021 [5h 8s]
mvelev: folds 
oss1kk: raises $0.05 to $0.10
seryj_ss: folds 
Mahu2021: folds 
jasinek189: calls $0.08
R0seThorns: folds 
*** FLOP *** [3c Qd 5d]
jasinek189: checks 
oss1kk: checks 
*** TURN *** [3c Qd 5d] [6s]
jasinek189: checks 
oss1kk: bets $0.33
jasinek189: folds 
Uncalled bet ($0.33) returned to oss1kk
oss1kk collected $0.24 from pot
oss1kk: doesn't show hand 
*** SUMMARY ***
Total pot $0.25 | Rake $0.01 
Board [3c Qd 5d 6s]
Seat 1: Mahu2021 (button) folded before Flop (didn't bet)
Seat 2: jasinek189 (small blind) folded on the Turn
Seat 3: R0seThorns (big blind) folded before Flop
Seat 4: mvelev folded before Flop (didn't bet)
Seat 5: oss1kk collected ($0.24)
Seat 6: seryj_ss folded before Flop (didn't bet)



PokerStars Zoom Hand #247144492017:  Hold'em No Limit ($0.02/$0.05) - 2023/11/16 19:57:35 CET [2023/11/16 13:57:35 ET]
Table 'Donati' 6-max Seat #1 is the button
Seat 1: MGodziem ($3.38 in chips) 
Seat 2: Mahu2021 ($2.21 in chips) 
Seat 3: Old_Soldier_D ($10.47 in chips) 
Seat 4: Steve_Belve88 ($12.48 in chips) 
Seat 5: Lokisfenrir ($0.90 in chips) 
Seat 6: JonathanRoza ($5.10 in chips) 
Mahu2021: posts small blind $0.02
Old_Soldier_D: posts big blind $0.05
*** HOLE CARDS ***
Dealt to Mahu2021 [6d 7d]
Steve_Belve88: raises $0.15 to $0.20
Lokisfenrir: folds 
JonathanRoza: folds 
MGodziem: folds 
Mahu2021: folds 
Old_Soldier_D: folds 
Uncalled bet ($0.15) returned to Steve_Belve88
Steve_Belve88 collected $0.12 from pot
Steve_Belve88: doesn't show hand 
*** SUMMARY ***
Total pot $0.12 | Rake $0 
Seat 1: MGodziem (button) folded before Flop (didn't bet)
Seat 2: Mahu2021 (small blind) folded before Flop
Seat 3: Old_Soldier_D (big blind) folded before Flop
Seat 4: Steve_Belve88 collected ($0.12)
Seat 5: Lokisfenrir folded before Flop (didn't bet)
Seat 6: JonathanRoza folded before Flop (didn't bet)



PokerStars Zoom Hand #247144493271:  Hold'em No Limit ($0.02/$0.05) - 2023/11/16 19:57:40 CET [2023/11/16 13:57:40 ET]
Table 'Donati' 6-max Seat #1 is the button
Seat 1: 01giannis01 ($14.26 in chips) 
Seat 2: Pool78856 ($6.31 in chips) 
Seat 3: Mahu2021 ($2.19 in chips) 
Seat 4: klndzadza ($5.64 in chips) 
Seat 5: Thesheep69 ($5.20 in chips) 
Seat 6: chirurg103 ($4.38 in chips) 
Pool78856: posts small blind $0.02
Mahu2021: posts big blind $0.05
*** HOLE CARDS ***
Dealt to Mahu2021 [Qh 3c]
klndzadza: folds 
Thesheep69: folds 
chirurg103: folds 
01giannis01: raises $0.05 to $0.10
Pool78856: folds 
Mahu2021: folds 
Uncalled bet ($0.05) returned to 01giannis01
01giannis01 collected $0.12 from pot
01giannis01: doesn't show hand 
*** SUMMARY ***
Total pot $0.12 | Rake $0 
Seat 1: 01giannis01 (button) collected ($0.12)
Seat 2: Pool78856 (small blind) folded before Flop
Seat 3: Mahu2021 (big blind) folded before Flop
Seat 4: klndzadza folded before Flop (didn't bet)
Seat 5: Thesheep69 folded before Flop (didn't bet)
Seat 6: chirurg103 folded before Flop (didn't bet)



PokerStars Zoom Hand #247144496406:  Hold'em No Limit ($0.02/$0.05) - 2023/11/16 19:57:53 CET [2023/11/16 13:57:53 ET]
Table 'Donati' 6-max Seat #1 is the button
Seat 1: redshadow117 ($5.88 in chips) 
Seat 2: billybro1995 ($4.95 in chips) 
Seat 3: ZoltanKovacs ($5 in chips) 
Seat 4: puchy98 ($5.07 in chips) 
Seat 5: Mahu2021 ($2.14 in chips) 
Seat 6: Lilikos60 ($3.29 in chips) 
billybro1995: posts small blind $0.02
ZoltanKovacs: posts big blind $0.05
*** HOLE CARDS ***
Dealt to Mahu2021 [9s 3c]
puchy98: folds 
Mahu2021: folds 
Lilikos60: raises $0.05 to $0.10
redshadow117: folds 
billybro1995: folds 
ZoltanKovacs: folds 
Uncalled bet ($0.05) returned to Lilikos60
Lilikos60 collected $0.12 from pot
Lilikos60: doesn't show hand 
*** SUMMARY ***
Total pot $0.12 | Rake $0 
Seat 1: redshadow117 (button) folded before Flop (didn't bet)
Seat 2: billybro1995 (small blind) folded before Flop
Seat 3: ZoltanKovacs (big blind) folded before Flop
Seat 4: puchy98 folded before Flop (didn't bet)
Seat 5: Mahu2021 folded before Flop (didn't bet)
Seat 6: Lilikos60 collected ($0.12)



PokerStars Zoom Hand #247144497417:  Hold'em No Limit ($0.02/$0.05) - 2023/11/16 19:57:57 CET [2023/11/16 13:57:57 ET]
Table 'Donati' 6-max Seat #1 is the button
Seat 1: honda589 ($5 in chips) 
Seat 2: Thesheep69 ($5.15 in chips) 
Seat 3: zorba19605 ($5.20 in chips) 
Seat 4: Jonha_AR ($5 in chips) 
Seat 5: LicGuapo ($7.96 in chips) 
Seat 6: Mahu2021 ($2.14 in chips) 
Thesheep69: posts small blind $0.02
zorba19605: posts big blind $0.05
*** HOLE CARDS ***
Dealt to Mahu2021 [4d Ah]
Jonha_AR: folds 
LicGuapo: raises $0.08 to $0.13
Mahu2021: folds 
honda589: folds 
Thesheep69: folds 
zorba19605: calls $0.08
*** FLOP *** [Kh 8c 3c]
zorba19605: checks 
LicGuapo: bets $0.09
zorba19605: folds 
Uncalled bet ($0.09) returned to LicGuapo
LicGuapo collected $0.27 from pot
LicGuapo: doesn't show hand 
*** SUMMARY ***
Total pot $0.28 | Rake $0.01 
Board [Kh 8c 3c]
Seat 1: honda589 (button) folded before Flop (didn't bet)
Seat 2: Thesheep69 (small blind) folded before Flop
Seat 3: zorba19605 (big blind) folded on the Flop
Seat 4: Jonha_AR folded before Flop (didn't bet)
Seat 5: LicGuapo collected ($0.27)
Seat 6: Mahu2021 folded before Flop (didn't bet)



PokerStars Zoom Hand #247144498355:  Hold'em No Limit ($0.02/$0.05) - 2023/11/16 19:58:01 CET [2023/11/16 13:58:01 ET]
Table 'Donati' 6-max Seat #1 is the button
Seat 1: Mahu2021 ($2.14 in chips) 
Seat 2: Zuraker ($5 in chips) 
Seat 3: mareke8 ($7.17 in chips) 
Seat 4: VanChaves94 ($5.90 in chips) 
Seat 5: endjoy78 ($5.30 in chips) 
Seat 6: Viinha ($1.59 in chips) 
Zuraker: posts small blind $0.02
mareke8: posts big blind $0.05
*** HOLE CARDS ***
Dealt to Mahu2021 [Kh Ks]
VanChaves94: folds 
endjoy78: raises $0.07 to $0.12
Viinha: folds 
Mahu2021: raises $0.23 to $0.35
Zuraker: folds 
mareke8: folds 
endjoy78: folds 
Uncalled bet ($0.23) returned to Mahu2021
Mahu2021 collected $0.31 from pot
Mahu2021: doesn't show hand 
*** SUMMARY ***
Total pot $0.31 | Rake $0 
Seat 1: Mahu2021 (button) collected ($0.31)
Seat 2: Zuraker (small blind) folded before Flop
Seat 3: mareke8 (big blind) folded before Flop
Seat 4: VanChaves94 folded before Flop (didn't bet)
Seat 5: endjoy78 folded before Flop
Seat 6: Viinha folded before Flop (didn't bet)



PokerStars Zoom Hand #247144504993:  Hold'em No Limit ($0.02/$0.05) - 2023/11/16 19:58:29 CET [2023/11/16 13:58:29 ET]
Table 'Donati' 6-max Seat #1 is the button
Seat 1: 01giannis01 ($4.56 in chips) 
Seat 2: ZoltanKovacs ($6.34 in chips) 
Seat 3: BiiggBoosss ($5.09 in chips) 
Seat 4: Old_Soldier_D ($5.81 in chips) 
Seat 5: Mahu2021 ($2.33 in chips) 
Seat 6: klndzadza ($4.26 in chips) 
ZoltanKovacs: posts small blind $0.02
BiiggBoosss: posts big blind $0.05
*** HOLE CARDS ***
Dealt to Mahu2021 [Td 6d]
Old_Soldier_D: folds 
Mahu2021: folds 
klndzadza: folds 
01giannis01: folds 
ZoltanKovacs: folds 
Uncalled bet ($0.03) returned to BiiggBoosss
BiiggBoosss collected $0.04 from pot
BiiggBoosss: doesn't show hand 
*** SUMMARY ***
Total pot $0.04 | Rake $0 
Seat 1: 01giannis01 (button) folded before Flop (didn't bet)
Seat 2: ZoltanKovacs (small blind) folded before Flop
Seat 3: BiiggBoosss (big blind) collected ($0.04)
Seat 4: Old_Soldier_D folded before Flop (didn't bet)
Seat 5: Mahu2021 folded before Flop (didn't bet)
Seat 6: klndzadza folded before Flop (didn't bet)



PokerStars Zoom Hand #247144505930:  Hold'em No Limit ($0.02/$0.05) - 2023/11/16 19:58:33 CET [2023/11/16 13:58:33 ET]
Table 'Donati' 6-max Seat #1 is the button
Seat 1: imsoanonym ($6.01 in chips) 
Seat 2: JonathanRoza ($5.12 in chips) 
Seat 3: eduboenko210886 ($2.50 in chips) 
Seat 4: Mahu2021 ($2.33 in chips) 
Seat 5: ZoltanKovacs ($6.32 in chips) 
Seat 6: honda589 ($5.39 in chips) 
JonathanRoza: posts small blind $0.02
eduboenko210886: posts big blind $0.05
*** HOLE CARDS ***
Dealt to Mahu2021 [Qd Jh]
Mahu2021: raises $0.05 to $0.10
ZoltanKovacs: folds 
honda589: folds 
imsoanonym: folds 
JonathanRoza: folds 
eduboenko210886: folds 
Uncalled bet ($0.05) returned to Mahu2021
Mahu2021 collected $0.12 from pot
Mahu2021: doesn't show hand 
*** SUMMARY ***
Total pot $0.12 | Rake $0 
Seat 1: imsoanonym (button) folded before Flop (didn't bet)
Seat 2: JonathanRoza (small blind) folded before Flop
Seat 3: eduboenko210886 (big blind) folded before Flop
Seat 4: Mahu2021 collected ($0.12)
Seat 5: ZoltanKovacs folded before Flop (didn't bet)
Seat 6: honda589 folded before Flop (didn't bet)



PokerStars Zoom Hand #247144515785:  Hold'em No Limit ($0.02/$0.05) - 2023/11/16 19:59:14 CET [2023/11/16 13:59:14 ET]
Table 'Donati' 6-max Seat #1 is the button
Seat 1: Zuraker ($5 in chips) 
Seat 2: Mahu2021 ($2.21 in chips) 
Seat 3: dalien194 ($14.32 in chips) 
Seat 4: oss1kk ($18.42 in chips) 
Seat 5: Karina2707 ($11.01 in chips) 
Seat 6: Potti.Gr ($5.51 in chips) 
Mahu2021: posts small blind $0.02
dalien194: posts big blind $0.05
*** HOLE CARDS ***
Dealt to Mahu2021 [5h 3d]
oss1kk: folds 
Karina2707: folds 
Potti.Gr: folds 
Zuraker: folds 
Mahu2021: folds 
Uncalled bet ($0.03) returned to dalien194
dalien194 collected $0.04 from pot
dalien194: doesn't show hand 
*** SUMMARY ***
Total pot $0.04 | Rake $0 
Seat 1: Zuraker (button) folded before Flop (didn't bet)
Seat 2: Mahu2021 (small blind) folded before Flop
Seat 3: dalien194 (big blind) collected ($0.04)
Seat 4: oss1kk folded before Flop (didn't bet)
Seat 5: Karina2707 folded before Flop (didn't bet)
Seat 6: Potti.Gr folded before Flop (didn't bet)



PokerStars Zoom Hand #247144517724:  Hold'em No Limit ($0.02/$0.05) - 2023/11/16 19:59:22 CET [2023/11/16 13:59:22 ET]
Table 'Donati' 6-max Seat #1 is the button
Seat 1: Mahu2021 ($2.19 in chips) 
Seat 2: Karina2707 ($11.01 in chips) 
Seat 3: seryj_ss ($4.73 in chips) 
Seat 4: Demoninho666 ($9.79 in chips) 
Seat 5: getaddicted ($8.89 in chips) 
Seat 6: happygamer2 ($6.52 in chips) 
Karina2707: posts small blind $0.02
seryj_ss: posts big blind $0.05
*** HOLE CARDS ***
Dealt to Mahu2021 [7h 6c]
Demoninho666: folds 
getaddicted: folds 
happygamer2: folds 
Mahu2021: folds 
Karina2707: folds 
Uncalled bet ($0.03) returned to seryj_ss
seryj_ss collected $0.04 from pot
seryj_ss: doesn't show hand 
*** SUMMARY ***
Total pot $0.04 | Rake $0 
Seat 1: Mahu2021 (button) folded before Flop (didn't bet)
Seat 2: Karina2707 (small blind) folded before Flop
Seat 3: seryj_ss (big blind) collected ($0.04)
Seat 4: Demoninho666 folded before Flop (didn't bet)
Seat 5: getaddicted folded before Flop (didn't bet)
Seat 6: happygamer2 folded before Flop (didn't bet)



PokerStars Zoom Hand #247144519528:  Hold'em No Limit ($0.02/$0.05) - 2023/11/16 19:59:30 CET [2023/11/16 13:59:30 ET]
Table 'Donati' 6-max Seat #1 is the button
Seat 1: HARHOO ($6.85 in chips) 
Seat 2: LT38979 ($5 in chips) 
Seat 3: BLACKY7555 ($8.27 in chips) 
Seat 4: honda589 ($5.32 in chips) 
Seat 5: Mahu2021 ($2.17 in chips) 
Seat 6: Jirda21 ($7.50 in chips) 
LT38979: posts small blind $0.02
BLACKY7555: posts big blind $0.05
*** HOLE CARDS ***
Dealt to Mahu2021 [7d Ac]
honda589: raises $0.10 to $0.15
Mahu2021: folds 
Jirda21: folds 
HARHOO: folds 
LT38979: folds 
BLACKY7555: folds 
Uncalled bet ($0.10) returned to honda589
honda589 collected $0.12 from pot
honda589: doesn't show hand 
*** SUMMARY ***
Total pot $0.12 | Rake $0 
Seat 1: HARHOO (button) folded before Flop (didn't bet)
Seat 2: LT38979 (small blind) folded before Flop
Seat 3: BLACKY7555 (big blind) folded before Flop
Seat 4: honda589 collected ($0.12)
Seat 5: Mahu2021 folded before Flop (didn't bet)
Seat 6: Jirda21 folded before Flop (didn't bet)



PokerStars Zoom Hand #247144518594:  Hold'em No Limit ($0.02/$0.05) - 2023/11/16 19:59:26 CET [2023/11/16 13:59:26 ET]
Table 'Donati' 6-max Seat #1 is the button
Seat 1: Karina2707 ($10.99 in chips) 
Seat 2: Mahu2021 ($2.19 in chips) 
Seat 3: TrueLargen ($9.10 in chips) 
Seat 4: mvelev ($5 in chips) 
Seat 5: 01giannis01 ($5.09 in chips) 
Seat 6: redshadow117 ($5.99 in chips) 
Mahu2021: posts small blind $0.02
TrueLargen: posts big blind $0.05
*** HOLE CARDS ***
Dealt to Mahu2021 [8d 2h]
mvelev: folds 
01giannis01: folds 
redshadow117: folds 
Karina2707: raises $0.07 to $0.12
Mahu2021: folds 
TrueLargen: folds 
Uncalled bet ($0.07) returned to Karina2707
Karina2707 collected $0.12 from pot
Karina2707: doesn't show hand 
*** SUMMARY ***
Total pot $0.12 | Rake $0 
Seat 1: Karina2707 (button) collected ($0.12)
Seat 2: Mahu2021 (small blind) folded before Flop
Seat 3: TrueLargen (big blind) folded before Flop
Seat 4: mvelev folded before Flop (didn't bet)
Seat 5: 01giannis01 folded before Flop (didn't bet)
Seat 6: redshadow117 folded before Flop (didn't bet)



PokerStars Zoom Hand #247144510524:  Hold'em No Limit ($0.02/$0.05) - 2023/11/16 19:58:52 CET [2023/11/16 13:58:52 ET]
Table 'Donati' 6-max Seat #1 is the button
Seat 1: DudsFred ($5.16 in chips) 
Seat 2: BiiggBoosss ($5.11 in chips) 
Seat 3: Mahu2021 ($2.40 in chips) 
Seat 4: Tidus.17.x ($6.41 in chips) 
Seat 5: omarog8a ($4.52 in chips) 
Seat 6: Lokisfenrir ($0.75 in chips) 
BiiggBoosss: posts small blind $0.02
Mahu2021: posts big blind $0.05
*** HOLE CARDS ***
Dealt to Mahu2021 [Ks Qd]
Tidus.17.x: raises $0.07 to $0.12
omarog8a: raises $0.07 to $0.19
Lokisfenrir: folds 
DudsFred: folds 
BiiggBoosss: folds 
Mahu2021: calls $0.14
Tidus.17.x: calls $0.07
*** FLOP *** [7c 8c 9c]
Mahu2021: checks 
Tidus.17.x: checks 
omarog8a: bets $0.29
Mahu2021: folds 
Tidus.17.x: calls $0.29
*** TURN *** [7c 8c 9c] [2h]
Tidus.17.x: checks 
omarog8a: bets $0.56
Tidus.17.x: calls $0.56
*** RIVER *** [7c 8c 9c 2h] [6s]
Tidus.17.x: bets $1.05
omarog8a: calls $1.05
*** SHOW DOWN ***
Tidus.17.x: shows [Ac Qs] (high card Ace)
omarog8a: shows [7d 7h] (three of a kind, Sevens)
omarog8a collected $4.21 from pot
*** SUMMARY ***
Total pot $4.39 | Rake $0.18 
Board [7c 8c 9c 2h 6s]
Seat 1: DudsFred (button) folded before Flop (didn't bet)
Seat 2: BiiggBoosss (small blind) folded before Flop
Seat 3: Mahu2021 (big blind) folded on the Flop
Seat 4: Tidus.17.x showed [Ac Qs] and lost with high card Ace
Seat 5: omarog8a showed [7d 7h] and won ($4.21) with three of a kind, Sevens
Seat 6: Lokisfenrir folded before Flop (didn't bet)



PokerStars Zoom Hand #247144520585:  Hold'em No Limit ($0.02/$0.05) - 2023/11/16 19:59:34 CET [2023/11/16 13:59:34 ET]
Table 'Donati' 6-max Seat #1 is the button
Seat 1: MagiNiki ($5.39 in chips) 
Seat 2: *Andi1984*08* ($5.70 in chips) 
Seat 3: Chaca273 ($8.10 in chips) 
Seat 4: Thesheep69 ($5.07 in chips) 
Seat 5: HARHOO ($6.85 in chips) 
Seat 6: Mahu2021 ($2.17 in chips) 
*Andi1984*08*: posts small blind $0.02
Chaca273: posts big blind $0.05
*** HOLE CARDS ***
Dealt to Mahu2021 [Kh Qh]
Thesheep69: folds 
HARHOO: folds 
Mahu2021: raises $0.05 to $0.10
MagiNiki: folds 
*Andi1984*08*: folds 
Chaca273: calls $0.05
*** FLOP *** [Ah 3s Ac]
Chaca273: checks 
Mahu2021: bets $0.21
Chaca273: folds 
Uncalled bet ($0.21) returned to Mahu2021
Mahu2021 collected $0.21 from pot
Mahu2021: doesn't show hand 
*** SUMMARY ***
Total pot $0.22 | Rake $0.01 
Board [Ah 3s Ac]
Seat 1: MagiNiki (button) folded before Flop (didn't bet)
Seat 2: *Andi1984*08* (small blind) folded before Flop
Seat 3: Chaca273 (big blind) folded on the Flop
Seat 4: Thesheep69 folded before Flop (didn't bet)
Seat 5: HARHOO folded before Flop (didn't bet)
Seat 6: Mahu2021 collected ($0.21)



PokerStars Zoom Hand #247144527532:  Hold'em No Limit ($0.02/$0.05) - 2023/11/16 20:00:03 CET [2023/11/16 14:00:03 ET]
Table 'Donati' 6-max Seat #1 is the button
Seat 1: Jamskulin ($10.96 in chips) 
Seat 2: ginobili666 ($5 in chips) 
Seat 3: Mahu2021 ($2.28 in chips) 
Seat 4: tvo23 ($5.16 in chips) 
Seat 5: dalien194 ($14.27 in chips) 
Seat 6: petokrcmar ($1.38 in chips) 
ginobili666: posts small blind $0.02
Mahu2021: posts big blind $0.05
*** HOLE CARDS ***
Dealt to Mahu2021 [9c Jh]
tvo23: folds 
dalien194: folds 
petokrcmar: folds 
Jamskulin: folds 
ginobili666: folds 
Uncalled bet ($0.03) returned to Mahu2021
Mahu2021 collected $0.04 from pot
Mahu2021: doesn't show hand 
*** SUMMARY ***
Total pot $0.04 | Rake $0 
Seat 1: Jamskulin (button) folded before Flop (didn't bet)
Seat 2: ginobili666 (small blind) folded before Flop
Seat 3: Mahu2021 (big blind) collected ($0.04)
Seat 4: tvo23 folded before Flop (didn't bet)
Seat 5: dalien194 folded before Flop (didn't bet)
Seat 6: petokrcmar folded before Flop (didn't bet)



PokerStars Zoom Hand #247144516743:  Hold'em No Limit ($0.02/$0.05) - 2023/11/16 19:59:18 CET [2023/11/16 13:59:18 ET]
Table 'Donati' 6-max Seat #1 is the button
Seat 1: Vandalar ($10.15 in chips) 
Seat 2: MGodziem ($4.71 in chips) 
Seat 3: *Andi1984*08* ($8.67 in chips) 
Seat 4: PokerbotGpt ($5.18 in chips) 
Seat 5: Edgardohp ($9.66 in chips) 
Seat 6: Mahu2021 ($2.19 in chips) 
MGodziem: posts small blind $0.02
*Andi1984*08*: posts big blind $0.05
*** HOLE CARDS ***
Dealt to Mahu2021 [6d 7h]
PokerbotGpt: calls $0.05
Edgardohp: raises $0.15 to $0.20
Mahu2021: folds 
Vandalar: folds 
MGodziem: folds 
*Andi1984*08*: calls $0.15
PokerbotGpt: calls $0.15
*** FLOP *** [Tc 3c 5c]
*Andi1984*08*: checks 
PokerbotGpt: checks 
Edgardohp: bets $0.30
*Andi1984*08*: calls $0.30
PokerbotGpt: calls $0.30
*** TURN *** [Tc 3c 5c] [9c]
*Andi1984*08*: checks 
PokerbotGpt: checks 
Edgardohp: bets $0.50
*Andi1984*08*: calls $0.50
PokerbotGpt: calls $0.50
*** RIVER *** [Tc 3c 5c 9c] [Ks]
*Andi1984*08*: checks 
PokerbotGpt: checks 
Edgardohp: checks 
*** SHOW DOWN ***
*Andi1984*08*: shows [9s Ts] (two pair, Tens and Nines)
PokerbotGpt: shows [Qd Qc] (a flush, Queen high)
Edgardohp: mucks hand 
PokerbotGpt collected $2.89 from pot
*** SUMMARY ***
Total pot $3.02 | Rake $0.13 
Board [Tc 3c 5c 9c Ks]
Seat 1: Vandalar (button) folded before Flop (didn't bet)
Seat 2: MGodziem (small blind) folded before Flop
Seat 3: *Andi1984*08* (big blind) showed [9s Ts] and lost with two pair, Tens and Nines
Seat 4: PokerbotGpt showed [Qd Qc] and won ($2.89) with a flush, Queen high
Seat 5: Edgardohp mucked [Kh Kd]
Seat 6: Mahu2021 folded before Flop (didn't bet)



PokerStars Zoom Hand #247144531314:  Hold'em No Limit ($0.02/$0.05) - 2023/11/16 20:00:19 CET [2023/11/16 14:00:19 ET]
Table 'Donati' 6-max Seat #1 is the button
Seat 1: dalien194 ($14.25 in chips) 
Seat 2: seryj_ss ($4.68 in chips) 
Seat 3: F2u&F2urFace ($5.30 in chips) 
Seat 4: Mahu2021 ($2.30 in chips) 
Seat 5: antares1968 ($4.53 in chips) 
Seat 6: mareke8 ($5 in chips) 
seryj_ss: posts small blind $0.02
F2u&F2urFace: posts big blind $0.05
*** HOLE CARDS ***
Dealt to Mahu2021 [Ks Qh]
Mahu2021: raises $0.05 to $0.10
antares1968: folds 
mareke8: raises $0.30 to $0.40
dalien194: folds 
seryj_ss: folds 
F2u&F2urFace: folds 
Mahu2021: calls $0.30
*** FLOP *** [Jc 3s Td]
Mahu2021: checks 
mareke8: checks 
*** TURN *** [Jc 3s Td] [7h]
Mahu2021: bets $0.83
mareke8: folds 
Uncalled bet ($0.83) returned to Mahu2021
Mahu2021 collected $0.83 from pot
Mahu2021: doesn't show hand 
*** SUMMARY ***
Total pot $0.87 | Rake $0.04 
Board [Jc 3s Td 7h]
Seat 1: dalien194 (button) folded before Flop (didn't bet)
Seat 2: seryj_ss (small blind) folded before Flop
Seat 3: F2u&F2urFace (big blind) folded before Flop
Seat 4: Mahu2021 collected ($0.83)
Seat 5: antares1968 folded before Flop (didn't bet)
Seat 6: mareke8 folded on the Turn



PokerStars Zoom Hand #247144537641:  Hold'em No Limit ($0.02/$0.05) - 2023/11/16 20:00:44 CET [2023/11/16 14:00:44 ET]
Table 'Donati' 6-max Seat #1 is the button
Seat 1: Karina2707 ($11.06 in chips) 
Seat 2: kesstukas25 ($2.50 in chips) 
Seat 3: DespoSep ($10.60 in chips) 
Seat 4: xeeneizze ($5.10 in chips) 
Seat 5: Mahu2021 ($2.73 in chips) 
Seat 6: (CartmanBrah)-s ($10.01 in chips) 
kesstukas25: posts small blind $0.02
DespoSep: posts big blind $0.05
*** HOLE CARDS ***
Dealt to Mahu2021 [2d Td]
xeeneizze: folds 
Mahu2021: folds 
(CartmanBrah)-s: folds 
Karina2707: folds 
kesstukas25: folds 
Uncalled bet ($0.03) returned to DespoSep
DespoSep collected $0.04 from pot
DespoSep: doesn't show hand 
*** SUMMARY ***
Total pot $0.04 | Rake $0 
Seat 1: Karina2707 (button) folded before Flop (didn't bet)
Seat 2: kesstukas25 (small blind) folded before Flop
Seat 3: DespoSep (big blind) collected ($0.04)
Seat 4: xeeneizze folded before Flop (didn't bet)
Seat 5: Mahu2021 folded before Flop (didn't bet)
Seat 6: (CartmanBrah)-s folded before Flop (didn't bet)



PokerStars Zoom Hand #247144538706:  Hold'em No Limit ($0.02/$0.05) - 2023/11/16 20:00:48 CET [2023/11/16 14:00:48 ET]
Table 'Donati' 6-max Seat #1 is the button
Seat 1: tvo23 ($5.16 in chips) 
Seat 2: Mahu2021 ($2.73 in chips) 
Seat 3: xeeneizze ($5.10 in chips) 
Seat 4: Pusbrolis1 ($3.32 in chips) 
Seat 5: endjoy78 ($5.06 in chips) 
Seat 6: pera995 ($8.84 in chips) 
Mahu2021: posts small blind $0.02
xeeneizze: posts big blind $0.05
*** HOLE CARDS ***
Dealt to Mahu2021 [4d 4h]
Pusbrolis1: folds 
endjoy78: folds 
pera995: folds 
tvo23: raises $0.10 to $0.15
Mahu2021: calls $0.13
xeeneizze: folds 
*** FLOP *** [Qd Th Td]
Mahu2021: checks 
tvo23: bets $0.17
Mahu2021: calls $0.17
*** TURN *** [Qd Th Td] [7c]
Mahu2021: checks 
tvo23: bets $0.46
Mahu2021: folds 
Uncalled bet ($0.46) returned to tvo23
tvo23 collected $0.66 from pot
tvo23: doesn't show hand 
*** SUMMARY ***
Total pot $0.69 | Rake $0.03 
Board [Qd Th Td 7c]
Seat 1: tvo23 (button) collected ($0.66)
Seat 2: Mahu2021 (small blind) folded on the Turn
Seat 3: xeeneizze (big blind) folded before Flop
Seat 4: Pusbrolis1 folded before Flop (didn't bet)
Seat 5: endjoy78 folded before Flop (didn't bet)
Seat 6: pera995 folded before Flop (didn't bet)



PokerStars Zoom Hand #247144530140:  Hold'em No Limit ($0.02/$0.05) - 2023/11/16 20:00:14 CET [2023/11/16 14:00:14 ET]
Table 'Donati' 6-max Seat #1 is the button
Seat 1: Mahu2021 ($2.30 in chips) 
Seat 2: jbinns74309 ($5.41 in chips) 
Seat 3: Jake591 ($5 in chips) 
Seat 4: chirurg103 ($5.38 in chips) 
Seat 5: Cristian Ramos ($6.32 in chips) 
Seat 6: ginobili666 ($5.60 in chips) 
jbinns74309: posts small blind $0.02
Jake591: posts big blind $0.05
*** HOLE CARDS ***
Dealt to Mahu2021 [Ac 6c]
chirurg103: folds 
Cristian Ramos: raises $0.07 to $0.12
ginobili666: folds 
Mahu2021: folds 
jbinns74309: folds 
Jake591: calls $0.07
*** FLOP *** [Jd 7s Tc]
Jake591: bets $0.25
Cristian Ramos: calls $0.25
*** TURN *** [Jd 7s Tc] [As]
Jake591: checks 
Cristian Ramos: bets $0.37
Jake591: calls $0.37
*** RIVER *** [Jd 7s Tc As] [8s]
Jake591: bets $1.44
Cristian Ramos: calls $1.44
*** SHOW DOWN ***
Jake591: shows [Ts Qs] (a flush, Ace high)
Cristian Ramos: mucks hand 
Jake591 collected $4.20 from pot
*** SUMMARY ***
Total pot $4.38 | Rake $0.18 
Board [Jd 7s Tc As 8s]
Seat 1: Mahu2021 (button) folded before Flop (didn't bet)
Seat 2: jbinns74309 (small blind) folded before Flop
Seat 3: Jake591 (big blind) showed [Ts Qs] and won ($4.20) with a flush, Ace high
Seat 4: chirurg103 folded before Flop (didn't bet)
Seat 5: Cristian Ramos mucked [8h 8d]
Seat 6: ginobili666 folded before Flop (didn't bet)



PokerStars Zoom Hand #247144548765:  Hold'em No Limit ($0.02/$0.05) - 2023/11/16 20:01:25 CET [2023/11/16 14:01:25 ET]
Table 'Donati' 6-max Seat #1 is the button
Seat 1: manpantheo ($5.17 in chips) 
Seat 2: HARHOO ($7.52 in chips) 
Seat 3: Mahu2021 ($2.41 in chips) 
Seat 4: BIGXAVIII ($5.63 in chips) 
Seat 5: lordRaniel ($5.08 in chips) 
Seat 6: Lokisfenrir ($1.94 in chips) 
HARHOO: posts small blind $0.02
Mahu2021: posts big blind $0.05
*** HOLE CARDS ***
Dealt to Mahu2021 [2h 4c]
BIGXAVIII: folds 
lordRaniel: folds 
Lokisfenrir: folds 
manpantheo: folds 
HARHOO: folds 
Uncalled bet ($0.03) returned to Mahu2021
Mahu2021 collected $0.04 from pot
Mahu2021: doesn't show hand 
*** SUMMARY ***
Total pot $0.04 | Rake $0 
Seat 1: manpantheo (button) folded before Flop (didn't bet)
Seat 2: HARHOO (small blind) folded before Flop
Seat 3: Mahu2021 (big blind) collected ($0.04)
Seat 4: BIGXAVIII folded before Flop (didn't bet)
Seat 5: lordRaniel folded before Flop (didn't bet)
Seat 6: Lokisfenrir folded before Flop (didn't bet)



PokerStars Zoom Hand #247144547583:  Hold'em No Limit ($0.02/$0.05) - 2023/11/16 20:01:21 CET [2023/11/16 14:01:21 ET]
Table 'Donati' 6-max Seat #1 is the button
Seat 1: Mahu2021 ($2.41 in chips) 
Seat 2: Glurry ($18.18 in chips) 
Seat 3: VxAxV ($7.51 in chips) 
Seat 4: V.Tomash ($10.40 in chips) 
Seat 5: NASUM333+333 ($4.03 in chips) 
Seat 6: Chaca273 ($11.25 in chips) 
Glurry: posts small blind $0.02
VxAxV: posts big blind $0.05
*** HOLE CARDS ***
Dealt to Mahu2021 [7c 2h]
V.Tomash: folds 
NASUM333+333: folds 
Chaca273: folds 
Mahu2021: folds 
Glurry: raises $0.07 to $0.12
VxAxV: folds 
Uncalled bet ($0.07) returned to Glurry
Glurry collected $0.10 from pot
Glurry: doesn't show hand 
*** SUMMARY ***
Total pot $0.10 | Rake $0 
Seat 1: Mahu2021 (button) folded before Flop (didn't bet)
Seat 2: Glurry (small blind) collected ($0.10)
Seat 3: VxAxV (big blind) folded before Flop
Seat 4: V.Tomash folded before Flop (didn't bet)
Seat 5: NASUM333+333 folded before Flop (didn't bet)
Seat 6: Chaca273 folded before Flop (didn't bet)



PokerStars Zoom Hand #247144551802:  Hold'em No Limit ($0.02/$0.05) - 2023/11/16 20:01:35 CET [2023/11/16 14:01:35 ET]
Table 'Donati' 6-max Seat #1 is the button
Seat 1: 21lavr76 ($2.67 in chips) 
Seat 2: getaddicted ($6 in chips) 
Seat 3: leandromma ($4.17 in chips) 
Seat 4: Mahu2021 ($2.43 in chips) 
Seat 5: FlopDadyFlexAlo ($16.53 in chips) 
Seat 6: Dräpern ($3.08 in chips) 
getaddicted: posts small blind $0.02
leandromma: posts big blind $0.05
*** HOLE CARDS ***
Dealt to Mahu2021 [8d 8h]
Mahu2021: raises $0.05 to $0.10
FlopDadyFlexAlo: folds 
Dräpern: folds 
21lavr76: folds 
getaddicted: folds 
leandromma: folds 
Uncalled bet ($0.05) returned to Mahu2021
Mahu2021 collected $0.12 from pot
Mahu2021: doesn't show hand 
*** SUMMARY ***
Total pot $0.12 | Rake $0 
Seat 1: 21lavr76 (button) folded before Flop (didn't bet)
Seat 2: getaddicted (small blind) folded before Flop
Seat 3: leandromma (big blind) folded before Flop
Seat 4: Mahu2021 collected ($0.12)
Seat 5: FlopDadyFlexAlo folded before Flop (didn't bet)
Seat 6: Dräpern folded before Flop (didn't bet)



PokerStars Zoom Hand #247144556628:  Hold'em No Limit ($0.02/$0.05) - 2023/11/16 20:01:51 CET [2023/11/16 14:01:51 ET]
Table 'Donati' 6-max Seat #1 is the button
Seat 1: OutThinker ($17.91 in chips) 
Seat 2: eduboenko210886 ($3.91 in chips) 
Seat 3: Vandalar ($7.62 in chips) 
Seat 4: Pool78856 ($5.93 in chips) 
Seat 5: xeeneizze ($5.03 in chips) 
Seat 6: Mahu2021 ($2.50 in chips) 
eduboenko210886: posts small blind $0.02
Vandalar: posts big blind $0.05
*** HOLE CARDS ***
Dealt to Mahu2021 [Qd Jc]
Pool78856: folds 
xeeneizze: folds 
Mahu2021: raises $0.05 to $0.10
OutThinker: raises $0.40 to $0.50
eduboenko210886: folds 
Vandalar: folds 
Mahu2021: calls $0.40
*** FLOP *** [6d 8s Ac]
Mahu2021: checks 
OutThinker: bets $0.34
Mahu2021: folds 
Uncalled bet ($0.34) returned to OutThinker
OutThinker collected $1.03 from pot
OutThinker: doesn't show hand 
*** SUMMARY ***
Total pot $1.07 | Rake $0.04 
Board [6d 8s Ac]
Seat 1: OutThinker (button) collected ($1.03)
Seat 2: eduboenko210886 (small blind) folded before Flop
Seat 3: Vandalar (big blind) folded before Flop
Seat 4: Pool78856 folded before Flop (didn't bet)
Seat 5: xeeneizze folded before Flop (didn't bet)
Seat 6: Mahu2021 folded on the Flop



PokerStars Zoom Hand #247144568503:  Hold'em No Limit ($0.02/$0.05) - 2023/11/16 20:02:30 CET [2023/11/16 14:02:30 ET]
Table 'Donati' 6-max Seat #1 is the button
Seat 1: Old_Soldier_D ($10.78 in chips) 
Seat 2: Mahu2021 ($2 in chips) 
Seat 3: ginobili666 ($5.39 in chips) 
Seat 4: omarog8a ($8.15 in chips) 
Seat 5: MGodziem ($4.62 in chips) 
Seat 6: manpantheo ($5 in chips) 
Mahu2021: posts small blind $0.02
ginobili666: posts big blind $0.05
*** HOLE CARDS ***
Dealt to Mahu2021 [9d 5c]
omarog8a: folds 
MGodziem: raises $0.10 to $0.15
manpantheo: folds 
Old_Soldier_D: folds 
Mahu2021: folds 
ginobili666: folds 
Uncalled bet ($0.10) returned to MGodziem
MGodziem collected $0.12 from pot
MGodziem: doesn't show hand 
*** SUMMARY ***
Total pot $0.12 | Rake $0 
Seat 1: Old_Soldier_D (button) folded before Flop (didn't bet)
Seat 2: Mahu2021 (small blind) folded before Flop
Seat 3: ginobili666 (big blind) folded before Flop
Seat 4: omarog8a folded before Flop (didn't bet)
Seat 5: MGodziem collected ($0.12)
Seat 6: manpantheo folded before Flop (didn't bet)



PokerStars Zoom Hand #247144570627:  Hold'em No Limit ($0.02/$0.05) - 2023/11/16 20:02:37 CET [2023/11/16 14:02:37 ET]
Table 'Donati' 6-max Seat #1 is the button
Seat 1: Vandalar ($6.96 in chips) 
Seat 2: Jake591 ($5 in chips) 
Seat 3: bartovskii ($5.33 in chips) 
Seat 4: kato-2003 ($5 in chips) 
Seat 5: Mahu2021 ($1.98 in chips) 
Seat 6: OutThinker ($12.60 in chips) 
Jake591: posts small blind $0.02
bartovskii: posts big blind $0.05
*** HOLE CARDS ***
Dealt to Mahu2021 [9c 3d]
kato-2003: folds 
Mahu2021: folds 
OutThinker: folds 
Vandalar: raises $0.07 to $0.12
Jake591: folds 
bartovskii: folds 
Uncalled bet ($0.07) returned to Vandalar
Vandalar collected $0.12 from pot
Vandalar: doesn't show hand 
*** SUMMARY ***
Total pot $0.12 | Rake $0 
Seat 1: Vandalar (button) collected ($0.12)
Seat 2: Jake591 (small blind) folded before Flop
Seat 3: bartovskii (big blind) folded before Flop
Seat 4: kato-2003 folded before Flop (didn't bet)
Seat 5: Mahu2021 folded before Flop (didn't bet)
Seat 6: OutThinker folded before Flop (didn't bet)



PokerStars Zoom Hand #247144574802:  Hold'em No Limit ($0.02/$0.05) - 2023/11/16 20:02:50 CET [2023/11/16 14:02:50 ET]
Table 'Donati' 6-max Seat #1 is the button
Seat 1: Mahu2021 ($1.93 in chips) 
Seat 2: VanChaves94 ($7.91 in chips) 
Seat 3: mrtn_132 ($3.32 in chips) 
Seat 4: manpantheo ($7.39 in chips) 
Seat 5: antares1968 ($4.53 in chips) 
Seat 6: Zuraker ($5.37 in chips) 
VanChaves94: posts small blind $0.02
mrtn_132: posts big blind $0.05
*** HOLE CARDS ***
Dealt to Mahu2021 [8h 2d]
manpantheo: folds 
antares1968: folds 
Zuraker: folds 
Mahu2021: folds 
VanChaves94: folds 
Uncalled bet ($0.03) returned to mrtn_132
mrtn_132 collected $0.04 from pot
mrtn_132: doesn't show hand 
*** SUMMARY ***
Total pot $0.04 | Rake $0 
Seat 1: Mahu2021 (button) folded before Flop (didn't bet)
Seat 2: VanChaves94 (small blind) folded before Flop
Seat 3: mrtn_132 (big blind) collected ($0.04)
Seat 4: manpantheo folded before Flop (didn't bet)
Seat 5: antares1968 folded before Flop (didn't bet)
Seat 6: Zuraker folded before Flop (didn't bet)



PokerStars Zoom Hand #247144569690:  Hold'em No Limit ($0.02/$0.05) - 2023/11/16 20:02:34 CET [2023/11/16 14:02:34 ET]
Table 'Donati' 6-max Seat #1 is the button
Seat 1: happygamer2 ($7.93 in chips) 
Seat 2: Zuraker ($5.47 in chips) 
Seat 3: omarog8a ($8.15 in chips) 
Seat 4: bartovskii ($5.33 in chips) 
Seat 5: Mahu2021 ($1.98 in chips) 
Seat 6: MagiNiki ($7.68 in chips) 
Zuraker: posts small blind $0.02
omarog8a: posts big blind $0.05
*** HOLE CARDS ***
Dealt to Mahu2021 [Jh 6c]
bartovskii: folds 
Mahu2021: folds 
MagiNiki: raises $0.05 to $0.10
happygamer2: raises $0.25 to $0.35
Zuraker: folds 
omarog8a: folds 
MagiNiki: calls $0.25
*** FLOP *** [Ts 3s 4d]
MagiNiki: bets $0.37
happygamer2: raises $0.68 to $1.05
MagiNiki: calls $0.68
*** TURN *** [Ts 3s 4d] [8s]
MagiNiki: checks 
happygamer2: checks 
*** RIVER *** [Ts 3s 4d 8s] [Qc]
MagiNiki: checks 
happygamer2: checks 
*** SHOW DOWN ***
MagiNiki: shows [2d 2h] (a pair of Deuces)
happygamer2: shows [Ac Tc] (a pair of Tens)
happygamer2 collected $2.75 from pot
*** SUMMARY ***
Total pot $2.87 | Rake $0.12 
Board [Ts 3s 4d 8s Qc]
Seat 1: happygamer2 (button) showed [Ac Tc] and won ($2.75) with a pair of Tens
Seat 2: Zuraker (small blind) folded before Flop
Seat 3: omarog8a (big blind) folded before Flop
Seat 4: bartovskii folded before Flop (didn't bet)
Seat 5: Mahu2021 folded before Flop (didn't bet)
Seat 6: MagiNiki showed [2d 2h] and lost with a pair of Deuces



PokerStars Zoom Hand #247144580753:  Hold'em No Limit ($0.02/$0.05) - 2023/11/16 20:03:08 CET [2023/11/16 14:03:08 ET]
Table 'Donati' 6-max Seat #1 is the button
Seat 1: Bouklas23 ($7.20 in chips) 
Seat 2: Chaca273 ($11.11 in chips) 
Seat 3: Mahu2021 ($1.91 in chips) 
Seat 4: kugelmeer ($14.12 in chips) 
Seat 5: joshisnice1 ($4.83 in chips) 
Seat 6: ne0nbelly ($6.94 in chips) 
Chaca273: posts small blind $0.02
Mahu2021: posts big blind $0.05
*** HOLE CARDS ***
Dealt to Mahu2021 [7s Td]
kugelmeer: folds 
joshisnice1: folds 
ne0nbelly: folds 
Bouklas23: folds 
Chaca273: raises $0.10 to $0.15
Mahu2021: folds 
Uncalled bet ($0.10) returned to Chaca273
Chaca273 collected $0.10 from pot
Chaca273: doesn't show hand 
*** SUMMARY ***
Total pot $0.10 | Rake $0 
Seat 1: Bouklas23 (button) folded before Flop (didn't bet)
Seat 2: Chaca273 (small blind) collected ($0.10)
Seat 3: Mahu2021 (big blind) folded before Flop
Seat 4: kugelmeer folded before Flop (didn't bet)
Seat 5: joshisnice1 folded before Flop (didn't bet)
Seat 6: ne0nbelly folded before Flop (didn't bet)



PokerStars Zoom Hand #247144578152:  Hold'em No Limit ($0.02/$0.05) - 2023/11/16 20:03:00 CET [2023/11/16 14:03:00 ET]
Table 'Donati' 6-max Seat #1 is the button
Seat 1: Tidus.17.x ($3.42 in chips) 
Seat 2: Mahu2021 ($1.93 in chips) 
Seat 3: ZoltanKovacs ($5.18 in chips) 
Seat 4: Fridenn ($5.79 in chips) 
Seat 5: Chaca273 ($11.11 in chips) 
Seat 6: FlopDadyFlexAlo ($17.35 in chips) 
Mahu2021: posts small blind $0.02
ZoltanKovacs: posts big blind $0.05
*** HOLE CARDS ***
Dealt to Mahu2021 [Ks 2h]
Fridenn: folds 
Chaca273: folds 
FlopDadyFlexAlo: folds 
Tidus.17.x: raises $0.07 to $0.12
Mahu2021: folds 
ZoltanKovacs: folds 
Uncalled bet ($0.07) returned to Tidus.17.x
Tidus.17.x collected $0.12 from pot
Tidus.17.x: doesn't show hand 
*** SUMMARY ***
Total pot $0.12 | Rake $0 
Seat 1: Tidus.17.x (button) collected ($0.12)
Seat 2: Mahu2021 (small blind) folded before Flop
Seat 3: ZoltanKovacs (big blind) folded before Flop
Seat 4: Fridenn folded before Flop (didn't bet)
Seat 5: Chaca273 folded before Flop (didn't bet)
Seat 6: FlopDadyFlexAlo folded before Flop (didn't bet)



PokerStars Zoom Hand #247144579446:  Hold'em No Limit ($0.02/$0.05) - 2023/11/16 20:03:04 CET [2023/11/16 14:03:04 ET]
Table 'Donati' 6-max Seat #1 is the button
Seat 1: pavelbabenkov ($11.80 in chips) 
Seat 2: manpantheo ($5.09 in chips) 
Seat 3: kato-2003 ($5.07 in chips) 
Seat 4: Fridenn ($5.79 in chips) 
Seat 5: sgr1ff1n ($3.06 in chips) 
Seat 6: Mahu2021 ($1.91 in chips) 
manpantheo: posts small blind $0.02
kato-2003: posts big blind $0.05
*** HOLE CARDS ***
Dealt to Mahu2021 [7d 8c]
Fridenn: folds 
sgr1ff1n: folds 
Mahu2021: folds 
pavelbabenkov: folds 
manpantheo: raises $0.10 to $0.15
kato-2003: folds 
Uncalled bet ($0.10) returned to manpantheo
manpantheo collected $0.10 from pot
manpantheo: doesn't show hand 
*** SUMMARY ***
Total pot $0.10 | Rake $0 
Seat 1: pavelbabenkov (button) folded before Flop (didn't bet)
Seat 2: manpantheo (small blind) collected ($0.10)
Seat 3: kato-2003 (big blind) folded before Flop
Seat 4: Fridenn folded before Flop (didn't bet)
Seat 5: sgr1ff1n folded before Flop (didn't bet)
Seat 6: Mahu2021 folded before Flop (didn't bet)



PokerStars Zoom Hand #247144572998:  Hold'em No Limit ($0.02/$0.05) - 2023/11/16 20:02:45 CET [2023/11/16 14:02:45 ET]
Table 'Donati' 6-max Seat #1 is the button
Seat 1: mvelev ($9.75 in chips) 
Seat 2: chirurg103 ($5.73 in chips) 
Seat 3: Steve_Belve88 ($12.90 in chips) 
Seat 4: honda589 ($6.08 in chips) 
Seat 5: *Andi1984*08* ($5.02 in chips) 
Seat 6: Mahu2021 ($1.93 in chips) 
chirurg103: posts small blind $0.02
Steve_Belve88: posts big blind $0.05
*** HOLE CARDS ***
Dealt to Mahu2021 [Kc 9h]
honda589: folds 
*Andi1984*08*: folds 
Mahu2021: folds 
mvelev: raises $0.05 to $0.10
chirurg103: folds 
Steve_Belve88: calls $0.05
*** FLOP *** [4h Ad Jd]
Steve_Belve88: checks 
mvelev: bets $0.14
Steve_Belve88: folds 
Uncalled bet ($0.14) returned to mvelev
mvelev collected $0.21 from pot
mvelev: doesn't show hand 
*** SUMMARY ***
Total pot $0.22 | Rake $0.01 
Board [4h Ad Jd]
Seat 1: mvelev (button) collected ($0.21)
Seat 2: chirurg103 (small blind) folded before Flop
Seat 3: Steve_Belve88 (big blind) folded on the Flop
Seat 4: honda589 folded before Flop (didn't bet)
Seat 5: *Andi1984*08* folded before Flop (didn't bet)
Seat 6: Mahu2021 folded before Flop (didn't bet)



PokerStars Zoom Hand #247144576912:  Hold'em No Limit ($0.02/$0.05) - 2023/11/16 20:02:56 CET [2023/11/16 14:02:56 ET]
Table 'Donati' 6-max Seat #1 is the button
Seat 1: francuz2000 ($2.78 in chips) 
Seat 2: JVGGonzalez ($5 in chips) 
Seat 3: OutThinker ($16.04 in chips) 
Seat 4: Mahu2021 ($1.93 in chips) 
Seat 5: DespoSep ($5.88 in chips) 
Seat 6: kokkalo666 ($6.51 in chips) 
JVGGonzalez: posts small blind $0.02
OutThinker: posts big blind $0.05
*** HOLE CARDS ***
Dealt to Mahu2021 [Qd 7s]
Mahu2021: folds 
DespoSep: folds 
kokkalo666: raises $0.06 to $0.11
francuz2000: folds 
JVGGonzalez: folds 
OutThinker: calls $0.06
*** FLOP *** [Jc 9s 8c]
OutThinker: checks 
kokkalo666: bets $0.10
OutThinker: raises $0.28 to $0.38
kokkalo666: folds 
Uncalled bet ($0.28) returned to OutThinker
OutThinker collected $0.42 from pot
OutThinker: doesn't show hand 
*** SUMMARY ***
Total pot $0.44 | Rake $0.02 
Board [Jc 9s 8c]
Seat 1: francuz2000 (button) folded before Flop (didn't bet)
Seat 2: JVGGonzalez (small blind) folded before Flop
Seat 3: OutThinker (big blind) collected ($0.42)
Seat 4: Mahu2021 folded before Flop (didn't bet)
Seat 5: DespoSep folded before Flop (didn't bet)
Seat 6: kokkalo666 folded on the Flop



PokerStars Zoom Hand #247144585573:  Hold'em No Limit ($0.02/$0.05) - 2023/11/16 20:03:22 CET [2023/11/16 14:03:22 ET]
Table 'Donati' 6-max Seat #1 is the button
Seat 1: Mahu2021 ($1.84 in chips) 
Seat 2: Jonha_AR ($5 in chips) 
Seat 3: HAX11 ($10.65 in chips) 
Seat 4: NASUM333+333 ($3.64 in chips) 
Seat 5: OREDAN123 ($14.39 in chips) 
Seat 6: DespoSep ($10.69 in chips) 
Jonha_AR: posts small blind $0.02
HAX11: posts big blind $0.05
*** HOLE CARDS ***
Dealt to Mahu2021 [9d 9s]
NASUM333+333: folds 
OREDAN123: raises $0.05 to $0.10
DespoSep: folds 
Mahu2021: calls $0.10
Jonha_AR: folds 
HAX11: folds 
*** FLOP *** [6c 9h 4c]
OREDAN123: checks 
Mahu2021: checks 
*** TURN *** [6c 9h 4c] [Ac]
OREDAN123: checks 
Mahu2021: checks 
*** RIVER *** [6c 9h 4c Ac] [Jh]
OREDAN123: bets $0.26
Mahu2021: raises $0.78 to $1.04
OREDAN123: calls $0.78
*** SHOW DOWN ***
Mahu2021: shows [9d 9s] (three of a kind, Nines)
OREDAN123: shows [Jd Jc] (three of a kind, Jacks)
OREDAN123 collected $2.25 from pot
*** SUMMARY ***
Total pot $2.35 | Rake $0.10 
Board [6c 9h 4c Ac Jh]
Seat 1: Mahu2021 (button) showed [9d 9s] and lost with three of a kind, Nines
Seat 2: Jonha_AR (small blind) folded before Flop
Seat 3: HAX11 (big blind) folded before Flop
Seat 4: NASUM333+333 folded before Flop (didn't bet)
Seat 5: OREDAN123 showed [Jd Jc] and won ($2.25) with three of a kind, Jacks
Seat 6: DespoSep folded before Flop (didn't bet)



PokerStars Zoom Hand #247144593641:  Hold'em No Limit ($0.02/$0.05) - 2023/11/16 20:03:48 CET [2023/11/16 14:03:48 ET]
Table 'Donati' 6-max Seat #1 is the button
Seat 1: chirurg103 ($5.71 in chips) 
Seat 2: DespoSep ($5.90 in chips) 
Seat 3: OREDAN123 ($15.50 in chips) 
Seat 4: RATAKEY41673 ($5 in chips) 
Seat 5: *Andi1984*08* ($10 in chips) 
Seat 6: Mahu2021 ($0.70 in chips) 
DespoSep: posts small blind $0.02
OREDAN123: posts big blind $0.05
*** HOLE CARDS ***
Dealt to Mahu2021 [Qd 9h]
RATAKEY41673: folds 
*Andi1984*08*: folds 
Mahu2021: folds 
chirurg103: folds 
DespoSep: folds 
Uncalled bet ($0.03) returned to OREDAN123
OREDAN123 collected $0.04 from pot
OREDAN123: doesn't show hand 
*** SUMMARY ***
Total pot $0.04 | Rake $0 
Seat 1: chirurg103 (button) folded before Flop (didn't bet)
Seat 2: DespoSep (small blind) folded before Flop
Seat 3: OREDAN123 (big blind) collected ($0.04)
Seat 4: RATAKEY41673 folded before Flop (didn't bet)
Seat 5: *Andi1984*08* folded before Flop (didn't bet)
Seat 6: Mahu2021 folded before Flop (didn't bet)



PokerStars Zoom Hand #247144583441:  Hold'em No Limit ($0.02/$0.05) - 2023/11/16 20:03:16 CET [2023/11/16 14:03:16 ET]
Table 'Donati' 6-max Seat #1 is the button
Seat 1: lanwei-fish ($14.32 in chips) 
Seat 2: hokki ($6.32 in chips) 
Seat 3: Bouklas23 ($7.20 in chips) 
Seat 4: Pool78856 ($5.02 in chips) 
Seat 5: Mahu2021 ($1.86 in chips) 
Seat 6: ZoltanKovacs ($5.13 in chips) 
hokki: posts small blind $0.02
Bouklas23: posts big blind $0.05
*** HOLE CARDS ***
Dealt to Mahu2021 [5h 4s]
Pool78856: folds 
Mahu2021: folds 
ZoltanKovacs: raises $0.10 to $0.15
lanwei-fish: folds 
hokki: folds 
Bouklas23: calls $0.10
*** FLOP *** [6c Kh Qs]
Bouklas23: checks 
ZoltanKovacs: checks 
*** TURN *** [6c Kh Qs] [Ks]
Bouklas23: checks 
ZoltanKovacs: checks 
*** RIVER *** [6c Kh Qs Ks] [Kc]
Bouklas23: checks 
ZoltanKovacs: bets $0.25
Bouklas23: folds 
Uncalled bet ($0.25) returned to ZoltanKovacs
ZoltanKovacs collected $0.31 from pot
ZoltanKovacs: doesn't show hand 
*** SUMMARY ***
Total pot $0.32 | Rake $0.01 
Board [6c Kh Qs Ks Kc]
Seat 1: lanwei-fish (button) folded before Flop (didn't bet)
Seat 2: hokki (small blind) folded before Flop
Seat 3: Bouklas23 (big blind) folded on the River
Seat 4: Pool78856 folded before Flop (didn't bet)
Seat 5: Mahu2021 folded before Flop (didn't bet)
Seat 6: ZoltanKovacs collected ($0.31)



PokerStars Zoom Hand #247144584467:  Hold'em No Limit ($0.02/$0.05) - 2023/11/16 20:03:19 CET [2023/11/16 14:03:19 ET]
Table 'Donati' 6-max Seat #1 is the button
Seat 1: manpantheo ($7.34 in chips) 
Seat 2: Mahu2021 ($1.86 in chips) 
Seat 3: bartovskii ($5.26 in chips) 
Seat 4: Ktjiing ($4.93 in chips) 
Seat 5: derhupi ($3.41 in chips) 
Seat 6: Old_Soldier_D ($5.82 in chips) 
Mahu2021: posts small blind $0.02
bartovskii: posts big blind $0.05
*** HOLE CARDS ***
Dealt to Mahu2021 [5h 6h]
Ktjiing: folds 
derhupi: folds 
Old_Soldier_D: raises $0.07 to $0.12
manpantheo: folds 
Mahu2021: folds 
bartovskii: calls $0.07
*** FLOP *** [2d 7d Ac]
bartovskii: checks 
Old_Soldier_D: checks 
*** TURN *** [2d 7d Ac] [5s]
bartovskii: checks 
Old_Soldier_D: bets $0.10
bartovskii: calls $0.10
*** RIVER *** [2d 7d Ac 5s] [Jd]
bartovskii: checks 
Old_Soldier_D: bets $0.18
bartovskii: folds 
Uncalled bet ($0.18) returned to Old_Soldier_D
Old_Soldier_D collected $0.44 from pot
Old_Soldier_D: doesn't show hand 
*** SUMMARY ***
Total pot $0.46 | Rake $0.02 
Board [2d 7d Ac 5s Jd]
Seat 1: manpantheo (button) folded before Flop (didn't bet)
Seat 2: Mahu2021 (small blind) folded before Flop
Seat 3: bartovskii (big blind) folded on the River
Seat 4: Ktjiing folded before Flop (didn't bet)
Seat 5: derhupi folded before Flop (didn't bet)
Seat 6: Old_Soldier_D collected ($0.44)



PokerStars Zoom Hand #247144595642:  Hold'em No Limit ($0.02/$0.05) - 2023/11/16 20:03:54 CET [2023/11/16 14:03:54 ET]
Table 'Donati' 6-max Seat #1 is the button
Seat 1: Vandalar ($6.50 in chips) 
Seat 2: ahti2000 ($5.18 in chips) 
Seat 3: Pool78856 ($5 in chips) 
Seat 4: Mahu2021 ($0.70 in chips) 
Seat 5: Zuraker ($5.37 in chips) 
Seat 6: VIEJI_1955 ($4.89 in chips) 
ahti2000: posts small blind $0.02
Pool78856: posts big blind $0.05
*** HOLE CARDS ***
Dealt to Mahu2021 [Ks 7h]
Mahu2021: folds 
Zuraker: folds 
VIEJI_1955: folds 
Vandalar: raises $0.07 to $0.12
ahti2000: folds 
Pool78856: folds 
Uncalled bet ($0.07) returned to Vandalar
Vandalar collected $0.12 from pot
Vandalar: doesn't show hand 
*** SUMMARY ***
Total pot $0.12 | Rake $0 
Seat 1: Vandalar (button) collected ($0.12)
Seat 2: ahti2000 (small blind) folded before Flop
Seat 3: Pool78856 (big blind) folded before Flop
Seat 4: Mahu2021 folded before Flop (didn't bet)
Seat 5: Zuraker folded before Flop (didn't bet)
Seat 6: VIEJI_1955 folded before Flop (didn't bet)



PokerStars Zoom Hand #247144596930:  Hold'em No Limit ($0.02/$0.05) - 2023/11/16 20:03:58 CET [2023/11/16 14:03:58 ET]
Table 'Donati' 6-max Seat #1 is the button
Seat 1: VanChaves94 ($5.17 in chips) 
Seat 2: francuz2000 ($2.83 in chips) 
Seat 3: Zuraker ($5.37 in chips) 
Seat 4: Jonasalg ($6.43 in chips) 
Seat 5: Mahu2021 ($0.70 in chips) 
Seat 6: metel-sky ($6.01 in chips) 
francuz2000: posts small blind $0.02
Zuraker: posts big blind $0.05
*** HOLE CARDS ***
Dealt to Mahu2021 [Ah 3s]
Jonasalg: raises $0.07 to $0.12
Mahu2021: folds 
metel-sky: folds 
VanChaves94: folds 
francuz2000: folds 
Zuraker: folds 
Uncalled bet ($0.07) returned to Jonasalg
Jonasalg collected $0.12 from pot
Jonasalg: doesn't show hand 
*** SUMMARY ***
Total pot $0.12 | Rake $0 
Seat 1: VanChaves94 (button) folded before Flop (didn't bet)
Seat 2: francuz2000 (small blind) folded before Flop
Seat 3: Zuraker (big blind) folded before Flop
Seat 4: Jonasalg collected ($0.12)
Seat 5: Mahu2021 folded before Flop (didn't bet)
Seat 6: metel-sky folded before Flop (didn't bet)



PokerStars Zoom Hand #247144571271:  Hold'em No Limit ($0.02/$0.05) - 2023/11/16 20:02:39 CET [2023/11/16 14:02:39 ET]
Table 'Donati' 6-max Seat #1 is the button
Seat 1: Julia Remo ($18.03 in chips) 
Seat 2: Dziad2137 ($5.93 in chips) 
Seat 3: Mahu2021 ($1.98 in chips) 
Seat 4: ginobili666 ($5 in chips) 
Seat 5: spelkas ($1.87 in chips) 
Seat 6: zorba19605 ($6.51 in chips) 
Dziad2137: posts small blind $0.02
Mahu2021: posts big blind $0.05
*** HOLE CARDS ***
Dealt to Mahu2021 [Kc 2d]
ginobili666: raises $0.05 to $0.10
spelkas has timed out
spelkas: folds 
zorba19605: folds 
Julia Remo: folds 
Dziad2137: calls $0.08
Mahu2021: folds 
*** FLOP *** [9s Jd 6h]
Dziad2137: checks 
ginobili666: checks 
*** TURN *** [9s Jd 6h] [6c]
Dziad2137: checks 
ginobili666: bets $0.15
Dziad2137: calls $0.15
*** RIVER *** [9s Jd 6h 6c] [7c]
Dziad2137: checks 
ginobili666: checks 
*** SHOW DOWN ***
Dziad2137: shows [5c 5s] (two pair, Sixes and Fives)
ginobili666: mucks hand 
Dziad2137 collected $0.53 from pot
*** SUMMARY ***
Total pot $0.55 | Rake $0.02 
Board [9s Jd 6h 6c 7c]
Seat 1: Julia Remo (button) folded before Flop (didn't bet)
Seat 2: Dziad2137 (small blind) showed [5c 5s] and won ($0.53) with two pair, Sixes and Fives
Seat 3: Mahu2021 (big blind) folded before Flop
Seat 4: ginobili666 mucked [Ad Tc]
Seat 5: spelkas folded before Flop (didn't bet)
Seat 6: zorba19605 folded before Flop (didn't bet)



PokerStars Zoom Hand #247144598198:  Hold'em No Limit ($0.02/$0.05) - 2023/11/16 20:04:02 CET [2023/11/16 14:04:02 ET]
Table 'Donati' 6-max Seat #1 is the button
Seat 1: lanwei-fish ($14.34 in chips) 
Seat 2: sgr1ff1n ($2.84 in chips) 
Seat 3: Mahu2021 ($0.70 in chips) 
Seat 4: joshisnice1 ($4.76 in chips) 
Seat 5: DespoSep ($10.81 in chips) 
Seat 6: LT38979 ($6.36 in chips) 
sgr1ff1n: posts small blind $0.02
Mahu2021: posts big blind $0.05
*** HOLE CARDS ***
Dealt to Mahu2021 [Jc 2h]
joshisnice1: raises $0.07 to $0.12
DespoSep: folds 
LT38979: folds 
lanwei-fish: folds 
sgr1ff1n: folds 
Mahu2021: folds 
Uncalled bet ($0.07) returned to joshisnice1
joshisnice1 collected $0.12 from pot
joshisnice1: doesn't show hand 
*** SUMMARY ***
Total pot $0.12 | Rake $0 
Seat 1: lanwei-fish (button) folded before Flop (didn't bet)
Seat 2: sgr1ff1n (small blind) folded before Flop
Seat 3: Mahu2021 (big blind) folded before Flop
Seat 4: joshisnice1 collected ($0.12)
Seat 5: DespoSep folded before Flop (didn't bet)
Seat 6: LT38979 folded before Flop (didn't bet)



PokerStars Zoom Hand #247144601756:  Hold'em No Limit ($0.02/$0.05) - 2023/11/16 20:04:13 CET [2023/11/16 14:04:13 ET]
Table 'Donati' 6-max Seat #1 is the button
Seat 1: Mahu2021 ($0.65 in chips) 
Seat 2: Zuraker ($5.32 in chips) 
Seat 3: manpantheo ($5 in chips) 
Seat 4: schub007 ($12.03 in chips) 
Seat 5: silinsd ($5.99 in chips) 
Seat 6: viking_ro ($5.02 in chips) 
Zuraker: posts small blind $0.02
manpantheo: posts big blind $0.05
*** HOLE CARDS ***
Dealt to Mahu2021 [8s As]
schub007: folds 
silinsd: folds 
viking_ro: raises $0.07 to $0.12
Mahu2021: calls $0.12
Zuraker: folds 
manpantheo: folds 
*** FLOP *** [5c 2c Kh]
viking_ro: checks 
Mahu2021: bets $0.53 and is all-in
viking_ro: folds 
Uncalled bet ($0.53) returned to Mahu2021
Mahu2021 collected $0.30 from pot
Mahu2021: doesn't show hand 
*** SUMMARY ***
Total pot $0.31 | Rake $0.01 
Board [5c 2c Kh]
Seat 1: Mahu2021 (button) collected ($0.30)
Seat 2: Zuraker (small blind) folded before Flop
Seat 3: manpantheo (big blind) folded before Flop
Seat 4: schub007 folded before Flop (didn't bet)
Seat 5: silinsd folded before Flop (didn't bet)
Seat 6: viking_ro folded on the Flop



PokerStars Zoom Hand #247144600180:  Hold'em No Limit ($0.02/$0.05) - 2023/11/16 20:04:08 CET [2023/11/16 14:04:08 ET]
Table 'Donati' 6-max Seat #1 is the button
Seat 1: francuz2000 ($2.81 in chips) 
Seat 2: Pool78856 ($5 in chips) 
Seat 3: Old_Soldier_D ($6.04 in chips) 
Seat 4: Fridenn ($7.98 in chips) 
Seat 5: xeeneizze ($5.07 in chips) 
Seat 6: Mahu2021 ($0.65 in chips) 
Pool78856: posts small blind $0.02
Old_Soldier_D: posts big blind $0.05
*** HOLE CARDS ***
Dealt to Mahu2021 [4d Ts]
Fridenn: folds 
xeeneizze: folds 
Mahu2021: folds 
francuz2000: folds 
Pool78856: raises $0.10 to $0.15
Old_Soldier_D: calls $0.10
*** FLOP *** [2h 7h 9s]
Pool78856: checks 
Old_Soldier_D: bets $0.12
Pool78856: calls $0.12
*** TURN *** [2h 7h 9s] [8c]
Pool78856: checks 
Old_Soldier_D: checks 
*** RIVER *** [2h 7h 9s 8c] [Js]
Pool78856: bets $0.35
Old_Soldier_D: folds 
Uncalled bet ($0.35) returned to Pool78856
Pool78856 collected $0.52 from pot
Pool78856: doesn't show hand 
*** SUMMARY ***
Total pot $0.54 | Rake $0.02 
Board [2h 7h 9s 8c Js]
Seat 1: francuz2000 (button) folded before Flop (didn't bet)
Seat 2: Pool78856 (small blind) collected ($0.52)
Seat 3: Old_Soldier_D (big blind) folded on the River
Seat 4: Fridenn folded before Flop (didn't bet)
Seat 5: xeeneizze folded before Flop (didn't bet)
Seat 6: Mahu2021 folded before Flop (didn't bet)



PokerStars Zoom Hand #247144608153:  Hold'em No Limit ($0.02/$0.05) - 2023/11/16 20:04:33 CET [2023/11/16 14:04:33 ET]
Table 'Donati' 6-max Seat #1 is the button
Seat 1: JVGGonzalez ($5 in chips) 
Seat 2: Mahu2021 ($0.83 in chips) 
Seat 3: viking_ro ($5.36 in chips) 
Seat 4: 21lavr76 ($1.64 in chips) 
Seat 5: kesstukas25 ($2.38 in chips) 
Seat 6: guedar12 ($6.44 in chips) 
Mahu2021: posts small blind $0.02
viking_ro: posts big blind $0.05
*** HOLE CARDS ***
Dealt to Mahu2021 [8c Ah]
21lavr76: folds 
kesstukas25: folds 
guedar12: folds 
JVGGonzalez: raises $0.08 to $0.13
Mahu2021: calls $0.11
viking_ro: folds 
*** FLOP *** [Kh 5d 7c]
Mahu2021: checks 
JVGGonzalez: checks 
*** TURN *** [Kh 5d 7c] [2h]
Mahu2021: checks 
JVGGonzalez: checks 
*** RIVER *** [Kh 5d 7c 2h] [9s]
Mahu2021: checks 
JVGGonzalez: bets $0.15
Mahu2021: folds 
Uncalled bet ($0.15) returned to JVGGonzalez
JVGGonzalez collected $0.30 from pot
JVGGonzalez: doesn't show hand 
*** SUMMARY ***
Total pot $0.31 | Rake $0.01 
Board [Kh 5d 7c 2h 9s]
Seat 1: JVGGonzalez (button) collected ($0.30)
Seat 2: Mahu2021 (small blind) folded on the River
Seat 3: viking_ro (big blind) folded before Flop
Seat 4: 21lavr76 folded before Flop (didn't bet)
Seat 5: kesstukas25 folded before Flop (didn't bet)
Seat 6: guedar12 folded before Flop (didn't bet)



PokerStars Zoom Hand #247144622828:  Hold'em No Limit ($0.02/$0.05) - 2023/11/16 20:05:17 CET [2023/11/16 14:05:17 ET]
Table 'Donati' 6-max Seat #1 is the button
Seat 1: manpantheo ($7.20 in chips) 
Seat 2: TrueLargen ($8.43 in chips) 
Seat 3: imsoanonym ($5.71 in chips) 
Seat 4: Mahu2021 ($0.70 in chips) 
Seat 5: LicGuapo ($5.50 in chips) 
Seat 6: Thesheep69 ($5 in chips) 
TrueLargen: posts small blind $0.02
imsoanonym: posts big blind $0.05
*** HOLE CARDS ***
Dealt to Mahu2021 [Qs 5c]
Mahu2021: folds 
LicGuapo: folds 
Thesheep69: folds 
manpantheo: raises $0.07 to $0.12
TrueLargen: folds 
imsoanonym: folds 
Uncalled bet ($0.07) returned to manpantheo
manpantheo collected $0.12 from pot
manpantheo: doesn't show hand 
*** SUMMARY ***
Total pot $0.12 | Rake $0 
Seat 1: manpantheo (button) collected ($0.12)
Seat 2: TrueLargen (small blind) folded before Flop
Seat 3: imsoanonym (big blind) folded before Flop
Seat 4: Mahu2021 folded before Flop (didn't bet)
Seat 5: LicGuapo folded before Flop (didn't bet)
Seat 6: Thesheep69 folded before Flop (didn't bet)



PokerStars Zoom Hand #247144621769:  Hold'em No Limit ($0.02/$0.05) - 2023/11/16 20:05:14 CET [2023/11/16 14:05:14 ET]
Table 'Donati' 6-max Seat #1 is the button
Seat 1: LT38979 ($6.24 in chips) 
Seat 2: F2u&F2urFace ($5 in chips) 
Seat 3: ZoltanKovacs ($5.11 in chips) 
Seat 4: Mahu2021 ($0.70 in chips) 
Seat 5: silinsd ($5.90 in chips) 
Seat 6: imsoanonym ($5.73 in chips) 
F2u&F2urFace: posts small blind $0.02
ZoltanKovacs: posts big blind $0.05
*** HOLE CARDS ***
Dealt to Mahu2021 [3s 6d]
Mahu2021: folds 
silinsd: raises $0.05 to $0.10
imsoanonym: folds 
LT38979: folds 
F2u&F2urFace: folds 
ZoltanKovacs: folds 
Uncalled bet ($0.05) returned to silinsd
silinsd collected $0.12 from pot
silinsd: doesn't show hand 
*** SUMMARY ***
Total pot $0.12 | Rake $0 
Seat 1: LT38979 (button) folded before Flop (didn't bet)
Seat 2: F2u&F2urFace (small blind) folded before Flop
Seat 3: ZoltanKovacs (big blind) folded before Flop
Seat 4: Mahu2021 folded before Flop (didn't bet)
Seat 5: silinsd collected ($0.12)
Seat 6: imsoanonym folded before Flop (didn't bet)



PokerStars Zoom Hand #247144625387:  Hold'em No Limit ($0.02/$0.05) - 2023/11/16 20:05:25 CET [2023/11/16 14:05:25 ET]
Table 'Donati' 6-max Seat #1 is the button
Seat 1: Evgeniy842 ($4.59 in chips) 
Seat 2: klndzadza ($4.35 in chips) 
Seat 3: Old_Soldier_D ($4.98 in chips) 
Seat 4: VxAxV ($7.22 in chips) 
Seat 5: Jake591 ($5.84 in chips) 
Seat 6: Mahu2021 ($0.65 in chips) 
klndzadza: posts small blind $0.02
Old_Soldier_D: posts big blind $0.05
*** HOLE CARDS ***
Dealt to Mahu2021 [5c 8h]
VxAxV: folds 
Jake591: folds 
Mahu2021: folds 
Evgeniy842: raises $0.10 to $0.15
klndzadza: folds 
Old_Soldier_D: folds 
Uncalled bet ($0.10) returned to Evgeniy842
Evgeniy842 collected $0.12 from pot
Evgeniy842: doesn't show hand 
*** SUMMARY ***
Total pot $0.12 | Rake $0 
Seat 1: Evgeniy842 (button) collected ($0.12)
Seat 2: klndzadza (small blind) folded before Flop
Seat 3: Old_Soldier_D (big blind) folded before Flop
Seat 4: VxAxV folded before Flop (didn't bet)
Seat 5: Jake591 folded before Flop (didn't bet)
Seat 6: Mahu2021 folded before Flop (didn't bet)



PokerStars Zoom Hand #247144628835:  Hold'em No Limit ($0.02/$0.05) - 2023/11/16 20:05:36 CET [2023/11/16 14:05:36 ET]
Table 'Donati' 6-max Seat #1 is the button
Seat 1: Vandalar ($7.83 in chips) 
Seat 2: Mahu2021 ($0.65 in chips) 
Seat 3: wtrtwbnf ($5.14 in chips) 
Seat 4: francuz2000 ($2.76 in chips) 
Seat 5: Josip2525 ($4.98 in chips) 
Seat 6: schrodinger18 ($2.50 in chips) 
Mahu2021: posts small blind $0.02
wtrtwbnf: posts big blind $0.05
*** HOLE CARDS ***
Dealt to Mahu2021 [9h 3s]
francuz2000: raises $0.05 to $0.10
Josip2525: folds 
schrodinger18: folds 
Vandalar: folds 
Mahu2021: folds 
wtrtwbnf: folds 
Uncalled bet ($0.05) returned to francuz2000
francuz2000 collected $0.12 from pot
francuz2000: doesn't show hand 
*** SUMMARY ***
Total pot $0.12 | Rake $0 
Seat 1: Vandalar (button) folded before Flop (didn't bet)
Seat 2: Mahu2021 (small blind) folded before Flop
Seat 3: wtrtwbnf (big blind) folded before Flop
Seat 4: francuz2000 collected ($0.12)
Seat 5: Josip2525 folded before Flop (didn't bet)
Seat 6: schrodinger18 folded before Flop (didn't bet)



PokerStars Zoom Hand #247144630237:  Hold'em No Limit ($0.02/$0.05) - 2023/11/16 20:05:40 CET [2023/11/16 14:05:40 ET]
Table 'Donati' 6-max Seat #1 is the button
Seat 1: Narangonis ($10.70 in chips) 
Seat 2: OutThinker ($18.64 in chips) 
Seat 3: R0seThorns ($5 in chips) 
Seat 4: Mahu2021 ($0.63 in chips) 
Seat 5: Glurry ($17.98 in chips) 
Seat 6: polinarija12 ($6.12 in chips) 
OutThinker: posts small blind $0.02
R0seThorns: posts big blind $0.05
*** HOLE CARDS ***
Dealt to Mahu2021 [Kc 3s]
Mahu2021: folds 
Glurry: folds 
polinarija12: folds 
Narangonis: folds 
OutThinker: raises $0.10 to $0.15
R0seThorns: folds 
Uncalled bet ($0.10) returned to OutThinker
OutThinker collected $0.10 from pot
OutThinker: doesn't show hand 
*** SUMMARY ***
Total pot $0.10 | Rake $0 
Seat 1: Narangonis (button) folded before Flop (didn't bet)
Seat 2: OutThinker (small blind) collected ($0.10)
Seat 3: R0seThorns (big blind) folded before Flop
Seat 4: Mahu2021 folded before Flop (didn't bet)
Seat 5: Glurry folded before Flop (didn't bet)
Seat 6: polinarija12 folded before Flop (didn't bet)



PokerStars Zoom Hand #247144627948:  Hold'em No Limit ($0.02/$0.05) - 2023/11/16 20:05:33 CET [2023/11/16 14:05:33 ET]
Table 'Donati' 6-max Seat #1 is the button
Seat 1: Vandalar ($6.08 in chips) 
Seat 2: kato-2003 ($5.26 in chips) 
Seat 3: Lokisfenrir ($1.21 in chips) 
Seat 4: Josip2525 ($4.98 in chips) 
Seat 5: Mahu2021 ($0.65 in chips) 
Seat 6: VIEJI_1955 ($4.57 in chips) 
kato-2003: posts small blind $0.02
Lokisfenrir: posts big blind $0.05
*** HOLE CARDS ***
Dealt to Mahu2021 [Qs 7d]
Josip2525: folds 
Mahu2021: folds 
VIEJI_1955: folds 
Vandalar: raises $0.07 to $0.12
kato-2003: folds 
Lokisfenrir: calls $0.07
*** FLOP *** [Ah 9d 8h]
Lokisfenrir: checks 
Vandalar: checks 
*** TURN *** [Ah 9d 8h] [6c]
Lokisfenrir: checks 
Vandalar: bets $0.13
Lokisfenrir: calls $0.13
*** RIVER *** [Ah 9d 8h 6c] [As]
Lokisfenrir: checks 
Vandalar: bets $0.17
Lokisfenrir: calls $0.17
*** SHOW DOWN ***
Vandalar: shows [8s 5s] (two pair, Aces and Eights)
Lokisfenrir: mucks hand 
Vandalar collected $0.82 from pot
*** SUMMARY ***
Total pot $0.86 | Rake $0.04 
Board [Ah 9d 8h 6c As]
Seat 1: Vandalar (button) showed [8s 5s] and won ($0.82) with two pair, Aces and Eights
Seat 2: kato-2003 (small blind) folded before Flop
Seat 3: Lokisfenrir (big blind) mucked [7h 7s]
Seat 4: Josip2525 folded before Flop (didn't bet)
Seat 5: Mahu2021 folded before Flop (didn't bet)
Seat 6: VIEJI_1955 folded before Flop (didn't bet)



PokerStars Zoom Hand #247144631269:  Hold'em No Limit ($0.02/$0.05) - 2023/11/16 20:05:43 CET [2023/11/16 14:05:43 ET]
Table 'Donati' 6-max Seat #1 is the button
Seat 1: Mahu2021 ($0.63 in chips) 
Seat 2: guedar12 ($5 in chips) 
Seat 3: endjoy78 ($5.05 in chips) 
Seat 4: imsoanonym ($5.68 in chips) 
Seat 5: klndzadza ($3.87 in chips) 
Seat 6: billybro1995 ($6.42 in chips) 
guedar12: posts small blind $0.02
endjoy78: posts big blind $0.05
*** HOLE CARDS ***
Dealt to Mahu2021 [5d Qc]
imsoanonym: raises $0.07 to $0.12
klndzadza: folds 
billybro1995: folds 
Mahu2021: folds 
guedar12: folds 
endjoy78: folds 
Uncalled bet ($0.07) returned to imsoanonym
imsoanonym collected $0.12 from pot
imsoanonym: doesn't show hand 
*** SUMMARY ***
Total pot $0.12 | Rake $0 
Seat 1: Mahu2021 (button) folded before Flop (didn't bet)
Seat 2: guedar12 (small blind) folded before Flop
Seat 3: endjoy78 (big blind) folded before Flop
Seat 4: imsoanonym collected ($0.12)
Seat 5: klndzadza folded before Flop (didn't bet)
Seat 6: billybro1995 folded before Flop (didn't bet)



PokerStars Zoom Hand #247144623990:  Hold'em No Limit ($0.02/$0.05) - 2023/11/16 20:05:21 CET [2023/11/16 14:05:21 ET]
Table 'Donati' 6-max Seat #1 is the button
Seat 1: LT38979 ($5 in chips) 
Seat 2: Tidus.17.x ($3.59 in chips) 
Seat 3: Mahu2021 ($0.70 in chips) 
Seat 4: Valujko ($8.85 in chips) 
Seat 5: lordRaniel ($9.06 in chips) 
Seat 6: DespoSep ($6.16 in chips) 
Tidus.17.x: posts small blind $0.02
Mahu2021: posts big blind $0.05
*** HOLE CARDS ***
Dealt to Mahu2021 [5d 2d]
Valujko: raises $0.07 to $0.12
lordRaniel: folds 
DespoSep: raises $0.24 to $0.36
LT38979: folds 
Tidus.17.x: folds 
Mahu2021: folds 
Valujko: calls $0.24
*** FLOP *** [Ac Th Qh]
Valujko: bets $0.38
DespoSep: raises $0.79 to $1.17
Valujko: raises $7.32 to $8.49 and is all-in
DespoSep: calls $4.63 and is all-in
Uncalled bet ($2.69) returned to Valujko
*** TURN *** [Ac Th Qh] [Js]
*** RIVER *** [Ac Th Qh Js] [Ad]
*** SHOW DOWN ***
Valujko: shows [Ts Qd] (two pair, Aces and Queens)
DespoSep: shows [Qc As] (a full house, Aces full of Queens)
DespoSep collected $11.88 from pot
*** SUMMARY ***
Total pot $12.39 | Rake $0.51 
Board [Ac Th Qh Js Ad]
Seat 1: LT38979 (button) folded before Flop (didn't bet)
Seat 2: Tidus.17.x (small blind) folded before Flop
Seat 3: Mahu2021 (big blind) folded before Flop
Seat 4: Valujko showed [Ts Qd] and lost with two pair, Aces and Queens
Seat 5: lordRaniel folded before Flop (didn't bet)
Seat 6: DespoSep showed [Qc As] and won ($11.88) with a full house, Aces full of Queens



PokerStars Zoom Hand #247144632562:  Hold'em No Limit ($0.02/$0.05) - 2023/11/16 20:05:47 CET [2023/11/16 14:05:47 ET]
Table 'Donati' 6-max Seat #1 is the button
Seat 1: VxAxV ($7.24 in chips) 
Seat 2: wtrtwbnf ($5.09 in chips) 
Seat 3: Mahu2021 ($0.63 in chips) 
Seat 4: Josip2525 ($4.98 in chips) 
Seat 5: RATAKEY41673 ($6.09 in chips) 
Seat 6: LicGuapo ($12.38 in chips) 
wtrtwbnf: posts small blind $0.02
Mahu2021: posts big blind $0.05
*** HOLE CARDS ***
Dealt to Mahu2021 [2d 7d]
Josip2525: folds 
RATAKEY41673: raises $0.10 to $0.15
LicGuapo: raises $0.29 to $0.44
VxAxV: folds 
wtrtwbnf: folds 
Mahu2021: folds 
RATAKEY41673: raises $0.84 to $1.28
LicGuapo: folds 
Uncalled bet ($0.84) returned to RATAKEY41673
RATAKEY41673 collected $0.95 from pot
RATAKEY41673: doesn't show hand 
*** SUMMARY ***
Total pot $0.95 | Rake $0 
Seat 1: VxAxV (button) folded before Flop (didn't bet)
Seat 2: wtrtwbnf (small blind) folded before Flop
Seat 3: Mahu2021 (big blind) folded before Flop
Seat 4: Josip2525 folded before Flop (didn't bet)
Seat 5: RATAKEY41673 collected ($0.95)
Seat 6: LicGuapo folded before Flop



PokerStars Zoom Hand #247144636176:  Hold'em No Limit ($0.02/$0.05) - 2023/11/16 20:05:58 CET [2023/11/16 14:05:58 ET]
Table 'Donati' 6-max Seat #1 is the button
Seat 1: Fridenn ($5 in chips) 
Seat 2: ZoltanKovacs ($6.66 in chips) 
Seat 3: bartovskii ($5.07 in chips) 
Seat 4: VanChaves94 ($5.22 in chips) 
Seat 5: Mahu2021 ($0.58 in chips) 
Seat 6: Jake591 ($5 in chips) 
ZoltanKovacs: posts small blind $0.02
bartovskii: posts big blind $0.05
*** HOLE CARDS ***
Dealt to Mahu2021 [8h 7s]
VanChaves94: raises $0.07 to $0.12
Mahu2021: folds 
Jake591: folds 
Fridenn: folds 
ZoltanKovacs: folds 
bartovskii: raises $0.48 to $0.60
VanChaves94: folds 
Uncalled bet ($0.48) returned to bartovskii
bartovskii collected $0.26 from pot
bartovskii: doesn't show hand 
*** SUMMARY ***
Total pot $0.26 | Rake $0 
Seat 1: Fridenn (button) folded before Flop (didn't bet)
Seat 2: ZoltanKovacs (small blind) folded before Flop
Seat 3: bartovskii (big blind) collected ($0.26)
Seat 4: VanChaves94 folded before Flop
Seat 5: Mahu2021 folded before Flop (didn't bet)
Seat 6: Jake591 folded before Flop (didn't bet)



PokerStars Zoom Hand #247144636991:  Hold'em No Limit ($0.02/$0.05) - 2023/11/16 20:06:00 CET [2023/11/16 14:06:00 ET]
Table 'Donati' 6-max Seat #1 is the button
Seat 1: ne ytka ($18.38 in chips) 
Seat 2: Mahu2021 ($0.58 in chips) 
Seat 3: Evgeniy842 ($4.73 in chips) 
Seat 4: Dziad2137 ($5.72 in chips) 
Seat 5: mrtn_132 ($3.73 in chips) 
Seat 6: Old_Soldier_D ($11.81 in chips) 
Mahu2021: posts small blind $0.02
Evgeniy842: posts big blind $0.05
*** HOLE CARDS ***
Dealt to Mahu2021 [3c Ah]
Dziad2137: folds 
mrtn_132: raises $0.06 to $0.11
Old_Soldier_D: calls $0.11
ne ytka: folds 
Mahu2021: raises $0.47 to $0.58 and is all-in
Evgeniy842: folds 
mrtn_132: folds 
Old_Soldier_D: calls $0.47
*** FLOP *** [5d Js 7h]
*** TURN *** [5d Js 7h] [2h]
*** RIVER *** [5d Js 7h 2h] [Qs]
*** SHOW DOWN ***
Mahu2021: shows [3c Ah] (high card Ace)
Old_Soldier_D: shows [As Ts] (high card Ace - Queen+Jack+Ten kicker)
Old_Soldier_D collected $1.27 from pot
*** SUMMARY ***
Total pot $1.32 | Rake $0.05 
Board [5d Js 7h 2h Qs]
Seat 1: ne ytka (button) folded before Flop (didn't bet)
Seat 2: Mahu2021 (small blind) showed [3c Ah] and lost with high card Ace
Seat 3: Evgeniy842 (big blind) folded before Flop
Seat 4: Dziad2137 folded before Flop (didn't bet)
Seat 5: mrtn_132 folded before Flop
Seat 6: Old_Soldier_D showed [As Ts] and won ($1.27) with high card Ace



