PokerStars Hand #252321081814: Tournament #3797474942, $1.84+$0.16 USD Hold'em No Limit - Level I (10/20) - 2024/09/06 22:04:14 CET [2024/09/06 16:04:14 ET]
Table '3797474942 1' 3-max Seat #1 is the button
Seat 1: Mahu2021 (500 in chips) 
Seat 2: dacenkov555 (500 in chips) 
Seat 3: rafaelsanchez2 (500 in chips) 
dacenkov555: posts small blind 10
rafaelsanchez2: posts big blind 20
*** HOLE CARDS ***
Dealt to Mahu2021 [Ts Kh]
Mahu2021: raises 20 to 40
dacenkov555: folds 
rafaelsanchez2: folds 
Uncalled bet (20) returned to Mahu2021
Mahu2021 collected 50 from pot
Mahu2021: doesn't show hand 
*** SUMMARY ***
Total pot 50 | Rake 0 
Seat 1: Mahu2021 (button) collected (50)
Seat 2: dacenkov555 (small blind) folded before Flop
Seat 3: rafaelsanchez2 (big blind) folded before Flop



PokerStars Hand #252321083579: Tournament #3797474942, $1.84+$0.16 USD Hold'em No Limit - Level I (10/20) - 2024/09/06 22:04:20 CET [2024/09/06 16:04:20 ET]
Table '3797474942 1' 3-max Seat #2 is the button
Seat 1: Mahu2021 (530 in chips) 
Seat 2: dacenkov555 (490 in chips) 
Seat 3: rafaelsanchez2 (480 in chips) 
rafaelsanchez2: posts small blind 10
Mahu2021: posts big blind 20
*** HOLE CARDS ***
Dealt to Mahu2021 [4h 3d]
dacenkov555: calls 20
rafaelsanchez2: calls 10
Mahu2021: checks 
*** FLOP *** [Ks Th 2d]
rafaelsanchez2: checks 
Mahu2021: checks 
dacenkov555: checks 
*** TURN *** [Ks Th 2d] [3h]
rafaelsanchez2: checks 
Mahu2021: checks 
dacenkov555: checks 
*** RIVER *** [Ks Th 2d 3h] [Ac]
rafaelsanchez2: checks 
Mahu2021: checks 
dacenkov555: checks 
*** SHOW DOWN ***
rafaelsanchez2: shows [Js 6d] (high card Ace)
Mahu2021: shows [4h 3d] (a pair of Threes)
dacenkov555: mucks hand 
Mahu2021 collected 60 from pot
*** SUMMARY ***
Total pot 60 | Rake 0 
Board [Ks Th 2d 3h Ac]
Seat 1: Mahu2021 (big blind) showed [4h 3d] and won (60) with a pair of Threes
Seat 2: dacenkov555 (button) mucked [2c 5c]
Seat 3: rafaelsanchez2 (small blind) showed [Js 6d] and lost with high card Ace



PokerStars Hand #252321092043: Tournament #3797474942, $1.84+$0.16 USD Hold'em No Limit - Level I (10/20) - 2024/09/06 22:04:50 CET [2024/09/06 16:04:50 ET]
Table '3797474942 1' 3-max Seat #3 is the button
Seat 1: Mahu2021 (570 in chips) 
Seat 2: dacenkov555 (470 in chips) 
Seat 3: rafaelsanchez2 (460 in chips) 
Mahu2021: posts small blind 10
dacenkov555: posts big blind 20
*** HOLE CARDS ***
Dealt to Mahu2021 [7d Js]
rafaelsanchez2: folds 
Mahu2021: calls 10
dacenkov555: checks 
*** FLOP *** [6d 7h As]
Mahu2021: bets 20
dacenkov555: calls 20
*** TURN *** [6d 7h As] [4s]
Mahu2021: bets 20
dacenkov555: calls 20
*** RIVER *** [6d 7h As 4s] [8c]
Mahu2021: bets 20
dacenkov555: raises 160 to 180
Mahu2021: folds 
Uncalled bet (160) returned to dacenkov555
dacenkov555 collected 160 from pot
*** SUMMARY ***
Total pot 160 | Rake 0 
Board [6d 7h As 4s 8c]
Seat 1: Mahu2021 (small blind) folded on the River
Seat 2: dacenkov555 (big blind) collected (160)
Seat 3: rafaelsanchez2 (button) folded before Flop (didn't bet)



PokerStars Hand #252321099581: Tournament #3797474942, $1.84+$0.16 USD Hold'em No Limit - Level I (10/20) - 2024/09/06 22:05:17 CET [2024/09/06 16:05:17 ET]
Table '3797474942 1' 3-max Seat #1 is the button
Seat 1: Mahu2021 (490 in chips) 
Seat 2: dacenkov555 (550 in chips) 
Seat 3: rafaelsanchez2 (460 in chips) 
dacenkov555: posts small blind 10
rafaelsanchez2: posts big blind 20
*** HOLE CARDS ***
Dealt to Mahu2021 [As Td]
Mahu2021: raises 40 to 60
dacenkov555: folds 
rafaelsanchez2: folds 
Uncalled bet (40) returned to Mahu2021
Mahu2021 collected 50 from pot
Mahu2021: doesn't show hand 
*** SUMMARY ***
Total pot 50 | Rake 0 
Seat 1: Mahu2021 (button) collected (50)
Seat 2: dacenkov555 (small blind) folded before Flop
Seat 3: rafaelsanchez2 (big blind) folded before Flop



PokerStars Hand #252321101720: Tournament #3797474942, $1.84+$0.16 USD Hold'em No Limit - Level I (10/20) - 2024/09/06 22:05:25 CET [2024/09/06 16:05:25 ET]
Table '3797474942 1' 3-max Seat #2 is the button
Seat 1: Mahu2021 (520 in chips) 
Seat 2: dacenkov555 (540 in chips) 
Seat 3: rafaelsanchez2 (440 in chips) 
rafaelsanchez2: posts small blind 10
Mahu2021: posts big blind 20
*** HOLE CARDS ***
Dealt to Mahu2021 [Kc Ad]
dacenkov555: folds 
rafaelsanchez2: folds 
Uncalled bet (10) returned to Mahu2021
Mahu2021 collected 20 from pot
Mahu2021: doesn't show hand 
*** SUMMARY ***
Total pot 20 | Rake 0 
Seat 1: Mahu2021 (big blind) collected (20)
Seat 2: dacenkov555 (button) folded before Flop (didn't bet)
Seat 3: rafaelsanchez2 (small blind) folded before Flop



PokerStars Hand #252321104029: Tournament #3797474942, $1.84+$0.16 USD Hold'em No Limit - Level I (10/20) - 2024/09/06 22:05:33 CET [2024/09/06 16:05:33 ET]
Table '3797474942 1' 3-max Seat #3 is the button
Seat 1: Mahu2021 (530 in chips) 
Seat 2: dacenkov555 (540 in chips) 
Seat 3: rafaelsanchez2 (430 in chips) 
Mahu2021: posts small blind 10
dacenkov555: posts big blind 20
*** HOLE CARDS ***
Dealt to Mahu2021 [9d 5d]
rafaelsanchez2: calls 20
Mahu2021: calls 10
dacenkov555: raises 40 to 60
rafaelsanchez2: folds 
Mahu2021: folds 
Uncalled bet (40) returned to dacenkov555
dacenkov555 collected 60 from pot
*** SUMMARY ***
Total pot 60 | Rake 0 
Seat 1: Mahu2021 (small blind) folded before Flop
Seat 2: dacenkov555 (big blind) collected (60)
Seat 3: rafaelsanchez2 (button) folded before Flop



PokerStars Hand #252321108787: Tournament #3797474942, $1.84+$0.16 USD Hold'em No Limit - Level I (10/20) - 2024/09/06 22:05:50 CET [2024/09/06 16:05:50 ET]
Table '3797474942 1' 3-max Seat #1 is the button
Seat 1: Mahu2021 (510 in chips) 
Seat 2: dacenkov555 (580 in chips) 
Seat 3: rafaelsanchez2 (410 in chips) 
dacenkov555: posts small blind 10
rafaelsanchez2: posts big blind 20
*** HOLE CARDS ***
Dealt to Mahu2021 [2h 4h]
Mahu2021: folds 
dacenkov555: folds 
Uncalled bet (10) returned to rafaelsanchez2
rafaelsanchez2 collected 20 from pot
rafaelsanchez2: doesn't show hand 
*** SUMMARY ***
Total pot 20 | Rake 0 
Seat 1: Mahu2021 (button) folded before Flop (didn't bet)
Seat 2: dacenkov555 (small blind) folded before Flop
Seat 3: rafaelsanchez2 (big blind) collected (20)



PokerStars Hand #252321110393: Tournament #3797474942, $1.84+$0.16 USD Hold'em No Limit - Level I (10/20) - 2024/09/06 22:05:56 CET [2024/09/06 16:05:56 ET]
Table '3797474942 1' 3-max Seat #2 is the button
Seat 1: Mahu2021 (510 in chips) 
Seat 2: dacenkov555 (570 in chips) 
Seat 3: rafaelsanchez2 (420 in chips) 
rafaelsanchez2: posts small blind 10
Mahu2021: posts big blind 20
*** HOLE CARDS ***
Dealt to Mahu2021 [Kd Js]
dacenkov555: calls 20
rafaelsanchez2: calls 10
Mahu2021: checks 
*** FLOP *** [6h Jd 3h]
rafaelsanchez2: checks 
Mahu2021: bets 60
dacenkov555: folds 
rafaelsanchez2: folds 
Uncalled bet (60) returned to Mahu2021
Mahu2021 collected 60 from pot
Mahu2021: doesn't show hand 
*** SUMMARY ***
Total pot 60 | Rake 0 
Board [6h Jd 3h]
Seat 1: Mahu2021 (big blind) collected (60)
Seat 2: dacenkov555 (button) folded on the Flop
Seat 3: rafaelsanchez2 (small blind) folded on the Flop



PokerStars Hand #252321115956: Tournament #3797474942, $1.84+$0.16 USD Hold'em No Limit - Level I (10/20) - 2024/09/06 22:06:15 CET [2024/09/06 16:06:15 ET]
Table '3797474942 1' 3-max Seat #3 is the button
Seat 1: Mahu2021 (550 in chips) 
Seat 2: dacenkov555 (550 in chips) 
Seat 3: rafaelsanchez2 (400 in chips) 
Mahu2021: posts small blind 10
dacenkov555: posts big blind 20
*** HOLE CARDS ***
Dealt to Mahu2021 [As 2c]
rafaelsanchez2: folds 
Mahu2021: calls 10
dacenkov555: checks 
*** FLOP *** [Jh Th 9d]
Mahu2021: checks 
dacenkov555: bets 20
Mahu2021: folds 
Uncalled bet (20) returned to dacenkov555
dacenkov555 collected 40 from pot
*** SUMMARY ***
Total pot 40 | Rake 0 
Board [Jh Th 9d]
Seat 1: Mahu2021 (small blind) folded on the Flop
Seat 2: dacenkov555 (big blind) collected (40)
Seat 3: rafaelsanchez2 (button) folded before Flop (didn't bet)



PokerStars Hand #252321120025: Tournament #3797474942, $1.84+$0.16 USD Hold'em No Limit - Level I (10/20) - 2024/09/06 22:06:30 CET [2024/09/06 16:06:30 ET]
Table '3797474942 1' 3-max Seat #1 is the button
Seat 1: Mahu2021 (530 in chips) 
Seat 2: dacenkov555 (570 in chips) 
Seat 3: rafaelsanchez2 (400 in chips) 
dacenkov555: posts small blind 10
rafaelsanchez2: posts big blind 20
*** HOLE CARDS ***
Dealt to Mahu2021 [5h Tc]
Mahu2021: folds 
dacenkov555: calls 10
rafaelsanchez2: checks 
*** FLOP *** [3h 3s 3c]
dacenkov555: bets 20
rafaelsanchez2: calls 20
*** TURN *** [3h 3s 3c] [Qh]
dacenkov555: bets 40
rafaelsanchez2: folds 
Uncalled bet (40) returned to dacenkov555
dacenkov555 collected 80 from pot
*** SUMMARY ***
Total pot 80 | Rake 0 
Board [3h 3s 3c Qh]
Seat 1: Mahu2021 (button) folded before Flop (didn't bet)
Seat 2: dacenkov555 (small blind) collected (80)
Seat 3: rafaelsanchez2 (big blind) folded on the Turn



PokerStars Hand #252321125547: Tournament #3797474942, $1.84+$0.16 USD Hold'em No Limit - Level I (10/20) - 2024/09/06 22:06:50 CET [2024/09/06 16:06:50 ET]
Table '3797474942 1' 3-max Seat #2 is the button
Seat 1: Mahu2021 (530 in chips) 
Seat 2: dacenkov555 (610 in chips) 
Seat 3: rafaelsanchez2 (360 in chips) 
rafaelsanchez2: posts small blind 10
Mahu2021: posts big blind 20
*** HOLE CARDS ***
Dealt to Mahu2021 [Ah 5d]
dacenkov555: calls 20
rafaelsanchez2: calls 10
Mahu2021: checks 
*** FLOP *** [Qh 6h 8c]
rafaelsanchez2: checks 
Mahu2021: checks 
dacenkov555: bets 20
rafaelsanchez2: calls 20
Mahu2021: folds 
*** TURN *** [Qh 6h 8c] [Jd]
rafaelsanchez2: checks 
dacenkov555: bets 20
rafaelsanchez2: calls 20
*** RIVER *** [Qh 6h 8c Jd] [2c]
rafaelsanchez2: checks 
dacenkov555: checks 
*** SHOW DOWN ***
rafaelsanchez2: shows [Kc 9d] (high card King)
dacenkov555: shows [6d 4d] (a pair of Sixes)
dacenkov555 collected 140 from pot
*** SUMMARY ***
Total pot 140 | Rake 0 
Board [Qh 6h 8c Jd 2c]
Seat 1: Mahu2021 (big blind) folded on the Flop
Seat 2: dacenkov555 (button) showed [6d 4d] and won (140) with a pair of Sixes
Seat 3: rafaelsanchez2 (small blind) showed [Kc 9d] and lost with high card King



PokerStars Hand #252321134658: Tournament #3797474942, $1.84+$0.16 USD Hold'em No Limit - Level II (15/30) - 2024/09/06 22:07:22 CET [2024/09/06 16:07:22 ET]
Table '3797474942 1' 3-max Seat #3 is the button
Seat 1: Mahu2021 (510 in chips) 
Seat 2: dacenkov555 (690 in chips) 
Seat 3: rafaelsanchez2 (300 in chips) 
Mahu2021: posts small blind 15
dacenkov555: posts big blind 30
*** HOLE CARDS ***
Dealt to Mahu2021 [3c Jh]
rafaelsanchez2: folds 
Mahu2021: folds 
Uncalled bet (15) returned to dacenkov555
dacenkov555 collected 30 from pot
*** SUMMARY ***
Total pot 30 | Rake 0 
Seat 1: Mahu2021 (small blind) folded before Flop
Seat 2: dacenkov555 (big blind) collected (30)
Seat 3: rafaelsanchez2 (button) folded before Flop (didn't bet)



PokerStars Hand #252321136427: Tournament #3797474942, $1.84+$0.16 USD Hold'em No Limit - Level II (15/30) - 2024/09/06 22:07:28 CET [2024/09/06 16:07:28 ET]
Table '3797474942 1' 3-max Seat #1 is the button
Seat 1: Mahu2021 (495 in chips) 
Seat 2: dacenkov555 (705 in chips) 
Seat 3: rafaelsanchez2 (300 in chips) 
dacenkov555: posts small blind 15
rafaelsanchez2: posts big blind 30
*** HOLE CARDS ***
Dealt to Mahu2021 [Ts Qd]
Mahu2021: raises 30 to 60
dacenkov555: folds 
rafaelsanchez2: folds 
Uncalled bet (30) returned to Mahu2021
Mahu2021 collected 75 from pot
Mahu2021: doesn't show hand 
*** SUMMARY ***
Total pot 75 | Rake 0 
Seat 1: Mahu2021 (button) collected (75)
Seat 2: dacenkov555 (small blind) folded before Flop
Seat 3: rafaelsanchez2 (big blind) folded before Flop



PokerStars Hand #252321138664: Tournament #3797474942, $1.84+$0.16 USD Hold'em No Limit - Level II (15/30) - 2024/09/06 22:07:36 CET [2024/09/06 16:07:36 ET]
Table '3797474942 1' 3-max Seat #2 is the button
Seat 1: Mahu2021 (540 in chips) 
Seat 2: dacenkov555 (690 in chips) 
Seat 3: rafaelsanchez2 (270 in chips) 
rafaelsanchez2: posts small blind 15
Mahu2021: posts big blind 30
*** HOLE CARDS ***
Dealt to Mahu2021 [6d Ah]
dacenkov555: raises 30 to 60
rafaelsanchez2: calls 45
Mahu2021: calls 30
*** FLOP *** [9s 4s Qh]
rafaelsanchez2: checks 
Mahu2021: checks 
dacenkov555: bets 180
rafaelsanchez2: folds 
Mahu2021: folds 
Uncalled bet (180) returned to dacenkov555
dacenkov555 collected 180 from pot
*** SUMMARY ***
Total pot 180 | Rake 0 
Board [9s 4s Qh]
Seat 1: Mahu2021 (big blind) folded on the Flop
Seat 2: dacenkov555 (button) collected (180)
Seat 3: rafaelsanchez2 (small blind) folded on the Flop



PokerStars Hand #252321145519: Tournament #3797474942, $1.84+$0.16 USD Hold'em No Limit - Level II (15/30) - 2024/09/06 22:08:01 CET [2024/09/06 16:08:01 ET]
Table '3797474942 1' 3-max Seat #3 is the button
Seat 1: Mahu2021 (480 in chips) 
Seat 2: dacenkov555 (810 in chips) 
Seat 3: rafaelsanchez2 (210 in chips) 
Mahu2021: posts small blind 15
dacenkov555: posts big blind 30
*** HOLE CARDS ***
Dealt to Mahu2021 [6s Js]
rafaelsanchez2: folds 
Mahu2021: raises 30 to 60
dacenkov555: calls 30
*** FLOP *** [4s Qd 4d]
Mahu2021: checks 
dacenkov555: checks 
*** TURN *** [4s Qd 4d] [2s]
Mahu2021: checks 
dacenkov555: checks 
*** RIVER *** [4s Qd 4d 2s] [3h]
Mahu2021: checks 
dacenkov555: bets 30
Mahu2021: folds 
Uncalled bet (30) returned to dacenkov555
dacenkov555 collected 120 from pot
*** SUMMARY ***
Total pot 120 | Rake 0 
Board [4s Qd 4d 2s 3h]
Seat 1: Mahu2021 (small blind) folded on the River
Seat 2: dacenkov555 (big blind) collected (120)
Seat 3: rafaelsanchez2 (button) folded before Flop (didn't bet)



PokerStars Hand #252321150819: Tournament #3797474942, $1.84+$0.16 USD Hold'em No Limit - Level II (15/30) - 2024/09/06 22:08:21 CET [2024/09/06 16:08:21 ET]
Table '3797474942 1' 3-max Seat #1 is the button
Seat 1: Mahu2021 (420 in chips) 
Seat 2: dacenkov555 (870 in chips) 
Seat 3: rafaelsanchez2 (210 in chips) 
dacenkov555: posts small blind 15
rafaelsanchez2: posts big blind 30
*** HOLE CARDS ***
Dealt to Mahu2021 [Tc 8h]
Mahu2021: folds 
dacenkov555: calls 15
rafaelsanchez2: checks 
*** FLOP *** [8s 8d 9c]
dacenkov555: checks 
rafaelsanchez2: checks 
*** TURN *** [8s 8d 9c] [Ad]
dacenkov555: checks 
rafaelsanchez2: bets 30
dacenkov555: folds 
Uncalled bet (30) returned to rafaelsanchez2
rafaelsanchez2 collected 60 from pot
rafaelsanchez2: doesn't show hand 
*** SUMMARY ***
Total pot 60 | Rake 0 
Board [8s 8d 9c Ad]
Seat 1: Mahu2021 (button) folded before Flop (didn't bet)
Seat 2: dacenkov555 (small blind) folded on the Turn
Seat 3: rafaelsanchez2 (big blind) collected (60)



PokerStars Hand #252321155618: Tournament #3797474942, $1.84+$0.16 USD Hold'em No Limit - Level II (15/30) - 2024/09/06 22:08:38 CET [2024/09/06 16:08:38 ET]
Table '3797474942 1' 3-max Seat #2 is the button
Seat 1: Mahu2021 (420 in chips) 
Seat 2: dacenkov555 (840 in chips) 
Seat 3: rafaelsanchez2 (240 in chips) 
rafaelsanchez2: posts small blind 15
Mahu2021: posts big blind 30
*** HOLE CARDS ***
Dealt to Mahu2021 [Ts Jd]
dacenkov555: folds 
rafaelsanchez2: calls 15
Mahu2021: checks 
*** FLOP *** [7c 4d 2s]
rafaelsanchez2: checks 
Mahu2021: checks 
*** TURN *** [7c 4d 2s] [9c]
rafaelsanchez2: checks 
Mahu2021: checks 
*** RIVER *** [7c 4d 2s 9c] [9d]
rafaelsanchez2: checks 
Mahu2021: bets 30
rafaelsanchez2: folds 
Uncalled bet (30) returned to Mahu2021
Mahu2021 collected 60 from pot
Mahu2021: doesn't show hand 
*** SUMMARY ***
Total pot 60 | Rake 0 
Board [7c 4d 2s 9c 9d]
Seat 1: Mahu2021 (big blind) collected (60)
Seat 2: dacenkov555 (button) folded before Flop (didn't bet)
Seat 3: rafaelsanchez2 (small blind) folded on the River



PokerStars Hand #252321161931: Tournament #3797474942, $1.84+$0.16 USD Hold'em No Limit - Level II (15/30) - 2024/09/06 22:09:00 CET [2024/09/06 16:09:00 ET]
Table '3797474942 1' 3-max Seat #3 is the button
Seat 1: Mahu2021 (450 in chips) 
Seat 2: dacenkov555 (840 in chips) 
Seat 3: rafaelsanchez2 (210 in chips) 
Mahu2021: posts small blind 15
dacenkov555: posts big blind 30
*** HOLE CARDS ***
Dealt to Mahu2021 [3c Ts]
rafaelsanchez2: folds 
Mahu2021: folds 
Uncalled bet (15) returned to dacenkov555
dacenkov555 collected 30 from pot
*** SUMMARY ***
Total pot 30 | Rake 0 
Seat 1: Mahu2021 (small blind) folded before Flop
Seat 2: dacenkov555 (big blind) collected (30)
Seat 3: rafaelsanchez2 (button) folded before Flop (didn't bet)



PokerStars Hand #252321163252: Tournament #3797474942, $1.84+$0.16 USD Hold'em No Limit - Level II (15/30) - 2024/09/06 22:09:05 CET [2024/09/06 16:09:05 ET]
Table '3797474942 1' 3-max Seat #1 is the button
Seat 1: Mahu2021 (435 in chips) 
Seat 2: dacenkov555 (855 in chips) 
Seat 3: rafaelsanchez2 (210 in chips) 
dacenkov555: posts small blind 15
rafaelsanchez2: posts big blind 30
*** HOLE CARDS ***
Dealt to Mahu2021 [Ks 7h]
Mahu2021: raises 30 to 60
dacenkov555: folds 
rafaelsanchez2: folds 
Uncalled bet (30) returned to Mahu2021
Mahu2021 collected 75 from pot
Mahu2021: doesn't show hand 
*** SUMMARY ***
Total pot 75 | Rake 0 
Seat 1: Mahu2021 (button) collected (75)
Seat 2: dacenkov555 (small blind) folded before Flop
Seat 3: rafaelsanchez2 (big blind) folded before Flop



PokerStars Hand #252321165232: Tournament #3797474942, $1.84+$0.16 USD Hold'em No Limit - Level II (15/30) - 2024/09/06 22:09:12 CET [2024/09/06 16:09:12 ET]
Table '3797474942 1' 3-max Seat #2 is the button
Seat 1: Mahu2021 (480 in chips) 
Seat 2: dacenkov555 (840 in chips) 
Seat 3: rafaelsanchez2 (180 in chips) 
rafaelsanchez2: posts small blind 15
Mahu2021: posts big blind 30
*** HOLE CARDS ***
Dealt to Mahu2021 [4s Td]
dacenkov555: calls 30
rafaelsanchez2: folds 
Mahu2021: checks 
*** FLOP *** [Qc Kh 5d]
Mahu2021: checks 
dacenkov555: bets 30
Mahu2021: folds 
Uncalled bet (30) returned to dacenkov555
dacenkov555 collected 75 from pot
*** SUMMARY ***
Total pot 75 | Rake 0 
Board [Qc Kh 5d]
Seat 1: Mahu2021 (big blind) folded on the Flop
Seat 2: dacenkov555 (button) collected (75)
Seat 3: rafaelsanchez2 (small blind) folded before Flop



PokerStars Hand #252321168924: Tournament #3797474942, $1.84+$0.16 USD Hold'em No Limit - Level II (15/30) - 2024/09/06 22:09:26 CET [2024/09/06 16:09:26 ET]
Table '3797474942 1' 3-max Seat #3 is the button
Seat 1: Mahu2021 (450 in chips) 
Seat 2: dacenkov555 (885 in chips) 
Seat 3: rafaelsanchez2 (165 in chips) 
Mahu2021: posts small blind 15
dacenkov555: posts big blind 30
*** HOLE CARDS ***
Dealt to Mahu2021 [Qh 6s]
rafaelsanchez2: calls 30
Mahu2021: calls 15
dacenkov555: raises 90 to 120
rafaelsanchez2: raises 45 to 165 and is all-in
Mahu2021: folds 
dacenkov555: calls 45
*** FLOP *** [Ah Tc Th]
*** TURN *** [Ah Tc Th] [6d]
*** RIVER *** [Ah Tc Th 6d] [Qc]
*** SHOW DOWN ***
dacenkov555: shows [2d 2s] (two pair, Tens and Deuces)
rafaelsanchez2: shows [Kd Td] (three of a kind, Tens)
rafaelsanchez2 collected 360 from pot
*** SUMMARY ***
Total pot 360 | Rake 0 
Board [Ah Tc Th 6d Qc]
Seat 1: Mahu2021 (small blind) folded before Flop
Seat 2: dacenkov555 (big blind) showed [2d 2s] and lost with two pair, Tens and Deuces
Seat 3: rafaelsanchez2 (button) showed [Kd Td] and won (360) with three of a kind, Tens



PokerStars Hand #252321174996: Tournament #3797474942, $1.84+$0.16 USD Hold'em No Limit - Level II (15/30) - 2024/09/06 22:09:47 CET [2024/09/06 16:09:47 ET]
Table '3797474942 1' 3-max Seat #1 is the button
Seat 1: Mahu2021 (420 in chips) 
Seat 2: dacenkov555 (720 in chips) 
Seat 3: rafaelsanchez2 (360 in chips) 
dacenkov555: posts small blind 15
rafaelsanchez2: posts big blind 30
*** HOLE CARDS ***
Dealt to Mahu2021 [4s 2s]
Mahu2021: folds 
dacenkov555: raises 60 to 90
rafaelsanchez2: folds 
Uncalled bet (60) returned to dacenkov555
dacenkov555 collected 60 from pot
*** SUMMARY ***
Total pot 60 | Rake 0 
Seat 1: Mahu2021 (button) folded before Flop (didn't bet)
Seat 2: dacenkov555 (small blind) collected (60)
Seat 3: rafaelsanchez2 (big blind) folded before Flop



PokerStars Hand #252321177266: Tournament #3797474942, $1.84+$0.16 USD Hold'em No Limit - Level II (15/30) - 2024/09/06 22:09:55 CET [2024/09/06 16:09:55 ET]
Table '3797474942 1' 3-max Seat #2 is the button
Seat 1: Mahu2021 (420 in chips) 
Seat 2: dacenkov555 (750 in chips) 
Seat 3: rafaelsanchez2 (330 in chips) 
rafaelsanchez2: posts small blind 15
Mahu2021: posts big blind 30
*** HOLE CARDS ***
Dealt to Mahu2021 [5d 6d]
dacenkov555: folds 
rafaelsanchez2: calls 15
Mahu2021: checks 
*** FLOP *** [9s Kd Qh]
rafaelsanchez2: checks 
Mahu2021: checks 
*** TURN *** [9s Kd Qh] [2h]
rafaelsanchez2: checks 
Mahu2021: checks 
*** RIVER *** [9s Kd Qh 2h] [2c]
rafaelsanchez2: bets 30
Mahu2021: folds 
Uncalled bet (30) returned to rafaelsanchez2
rafaelsanchez2 collected 60 from pot
rafaelsanchez2: doesn't show hand 
*** SUMMARY ***
Total pot 60 | Rake 0 
Board [9s Kd Qh 2h 2c]
Seat 1: Mahu2021 (big blind) folded on the River
Seat 2: dacenkov555 (button) folded before Flop (didn't bet)
Seat 3: rafaelsanchez2 (small blind) collected (60)



PokerStars Hand #252321184266: Tournament #3797474942, $1.84+$0.16 USD Hold'em No Limit - Level III (20/40) - 2024/09/06 22:10:19 CET [2024/09/06 16:10:19 ET]
Table '3797474942 1' 3-max Seat #3 is the button
Seat 1: Mahu2021 (390 in chips) 
Seat 2: dacenkov555 (750 in chips) 
Seat 3: rafaelsanchez2 (360 in chips) 
Mahu2021: posts small blind 20
dacenkov555: posts big blind 40
*** HOLE CARDS ***
Dealt to Mahu2021 [2s Ac]
rafaelsanchez2: calls 40
Mahu2021: calls 20
dacenkov555: checks 
*** FLOP *** [6c 9c 2d]
Mahu2021: bets 40
dacenkov555: folds 
rafaelsanchez2: calls 40
*** TURN *** [6c 9c 2d] [4s]
Mahu2021: checks 
rafaelsanchez2: checks 
*** RIVER *** [6c 9c 2d 4s] [Ts]
Mahu2021: checks 
rafaelsanchez2: checks 
*** SHOW DOWN ***
Mahu2021: shows [2s Ac] (a pair of Deuces)
rafaelsanchez2: shows [5c 5d] (a pair of Fives)
rafaelsanchez2 collected 200 from pot
*** SUMMARY ***
Total pot 200 | Rake 0 
Board [6c 9c 2d 4s Ts]
Seat 1: Mahu2021 (small blind) showed [2s Ac] and lost with a pair of Deuces
Seat 2: dacenkov555 (big blind) folded on the Flop
Seat 3: rafaelsanchez2 (button) showed [5c 5d] and won (200) with a pair of Fives



PokerStars Hand #252321191694: Tournament #3797474942, $1.84+$0.16 USD Hold'em No Limit - Level III (20/40) - 2024/09/06 22:10:45 CET [2024/09/06 16:10:45 ET]
Table '3797474942 1' 3-max Seat #1 is the button
Seat 1: Mahu2021 (310 in chips) 
Seat 2: dacenkov555 (710 in chips) 
Seat 3: rafaelsanchez2 (480 in chips) 
dacenkov555: posts small blind 20
rafaelsanchez2: posts big blind 40
*** HOLE CARDS ***
Dealt to Mahu2021 [Ah 5s]
Mahu2021: raises 40 to 80
dacenkov555: calls 60
rafaelsanchez2: folds 
*** FLOP *** [2d 5d 9s]
dacenkov555: bets 200
Mahu2021: raises 30 to 230 and is all-in
dacenkov555: calls 30
*** TURN *** [2d 5d 9s] [Js]
*** RIVER *** [2d 5d 9s Js] [8c]
*** SHOW DOWN ***
dacenkov555: shows [2s 8s] (two pair, Eights and Deuces)
Mahu2021: shows [Ah 5s] (a pair of Fives)
dacenkov555 collected 660 from pot
Mahu2021 finished the tournament in 3rd place
*** SUMMARY ***
Total pot 660 | Rake 0 
Board [2d 5d 9s Js 8c]
Seat 1: Mahu2021 (button) showed [Ah 5s] and lost with a pair of Fives
Seat 2: dacenkov555 (small blind) showed [2s 8s] and won (660) with two pair, Eights and Deuces
Seat 3: rafaelsanchez2 (big blind) folded before Flop



