PokerStars Hand #243208470416: Tournament #3580196717, $0.92+$0.08 USD Hold'em No Limit - Level I (10/20) - 2023/04/20 17:37:37 CET [2023/04/20 11:37:37 ET]
Table '3580196717 1' 3-max Seat #1 is the button
Seat 1: Mahu2021 (500 in chips) 
Seat 2: nisty1969 (500 in chips) 
Seat 3: Wolfsouls42 (500 in chips) 
nisty1969: posts small blind 10
Wolfsouls42: posts big blind 20
*** HOLE CARDS ***
Dealt to Mahu2021 [Ks 2h]
Mahu2021: folds 
nisty1969: calls 10
Wolfsouls42: checks 
*** FLOP *** [Th 6c Ah]
nisty1969: checks 
Wolfsouls42: bets 20
nisty1969: folds 
Uncalled bet (20) returned to Wolfsouls42
Wolfsouls42 collected 40 from pot
*** SUMMARY ***
Total pot 40 | Rake 0 
Board [Th 6c Ah]
Seat 1: Mahu2021 (button) folded before Flop (didn't bet)
Seat 2: nisty1969 (small blind) folded on the Flop
Seat 3: Wolfsouls42 (big blind) collected (40)



PokerStars Hand #243208473768: Tournament #3580196717, $0.92+$0.08 USD Hold'em No Limit - Level I (10/20) - 2023/04/20 17:37:48 CET [2023/04/20 11:37:48 ET]
Table '3580196717 1' 3-max Seat #2 is the button
Seat 1: Mahu2021 (500 in chips) 
Seat 2: nisty1969 (480 in chips) 
Seat 3: Wolfsouls42 (520 in chips) 
Wolfsouls42: posts small blind 10
Mahu2021: posts big blind 20
*** HOLE CARDS ***
Dealt to Mahu2021 [Tc 8h]
nisty1969: folds 
Wolfsouls42: calls 10
Mahu2021: checks 
*** FLOP *** [7h 8c 9h]
Wolfsouls42: bets 40
Mahu2021: calls 40
*** TURN *** [7h 8c 9h] [6s]
Wolfsouls42: bets 60
Mahu2021: raises 120 to 180
Wolfsouls42: raises 120 to 300
Mahu2021: raises 140 to 440 and is all-in
Wolfsouls42: calls 140
*** RIVER *** [7h 8c 9h 6s] [4d]
*** SHOW DOWN ***
Wolfsouls42: shows [Ts Kd] (a straight, Six to Ten)
Mahu2021: shows [Tc 8h] (a straight, Six to Ten)
Wolfsouls42 collected 500 from pot
Mahu2021 collected 500 from pot
*** SUMMARY ***
Total pot 1000 | Rake 0 
Board [7h 8c 9h 6s 4d]
Seat 1: Mahu2021 (big blind) showed [Tc 8h] and won (500) with a straight, Six to Ten
Seat 2: nisty1969 (button) folded before Flop (didn't bet)
Seat 3: Wolfsouls42 (small blind) showed [Ts Kd] and won (500) with a straight, Six to Ten



PokerStars Hand #243208484254: Tournament #3580196717, $0.92+$0.08 USD Hold'em No Limit - Level I (10/20) - 2023/04/20 17:38:23 CET [2023/04/20 11:38:23 ET]
Table '3580196717 1' 3-max Seat #3 is the button
Seat 1: Mahu2021 (500 in chips) 
Seat 2: nisty1969 (480 in chips) 
Seat 3: Wolfsouls42 (520 in chips) 
Mahu2021: posts small blind 10
nisty1969: posts big blind 20
*** HOLE CARDS ***
Dealt to Mahu2021 [Qs 2s]
Wolfsouls42: calls 20
Mahu2021: calls 10
nisty1969: checks 
*** FLOP *** [7d Qd Ks]
Mahu2021: checks 
nisty1969: checks 
Wolfsouls42: bets 40
Mahu2021: calls 40
nisty1969: folds 
*** TURN *** [7d Qd Ks] [6d]
Mahu2021: checks 
Wolfsouls42: bets 90
Mahu2021: folds 
Uncalled bet (90) returned to Wolfsouls42
Wolfsouls42 collected 140 from pot
*** SUMMARY ***
Total pot 140 | Rake 0 
Board [7d Qd Ks 6d]
Seat 1: Mahu2021 (small blind) folded on the Turn
Seat 2: nisty1969 (big blind) folded on the Flop
Seat 3: Wolfsouls42 (button) collected (140)



PokerStars Hand #243208492096: Tournament #3580196717, $0.92+$0.08 USD Hold'em No Limit - Level I (10/20) - 2023/04/20 17:38:49 CET [2023/04/20 11:38:49 ET]
Table '3580196717 1' 3-max Seat #1 is the button
Seat 1: Mahu2021 (440 in chips) 
Seat 2: nisty1969 (460 in chips) 
Seat 3: Wolfsouls42 (600 in chips) 
nisty1969: posts small blind 10
Wolfsouls42: posts big blind 20
*** HOLE CARDS ***
Dealt to Mahu2021 [7c 5d]
Mahu2021: folds 
nisty1969: calls 10
Wolfsouls42: raises 40 to 60
nisty1969: folds 
Uncalled bet (40) returned to Wolfsouls42
Wolfsouls42 collected 40 from pot
*** SUMMARY ***
Total pot 40 | Rake 0 
Seat 1: Mahu2021 (button) folded before Flop (didn't bet)
Seat 2: nisty1969 (small blind) folded before Flop
Seat 3: Wolfsouls42 (big blind) collected (40)



PokerStars Hand #243208495939: Tournament #3580196717, $0.92+$0.08 USD Hold'em No Limit - Level I (10/20) - 2023/04/20 17:39:02 CET [2023/04/20 11:39:02 ET]
Table '3580196717 1' 3-max Seat #2 is the button
Seat 1: Mahu2021 (440 in chips) 
Seat 2: nisty1969 (440 in chips) 
Seat 3: Wolfsouls42 (620 in chips) 
Wolfsouls42: posts small blind 10
Mahu2021: posts big blind 20
*** HOLE CARDS ***
Dealt to Mahu2021 [Ad 5s]
nisty1969: calls 20
Wolfsouls42: calls 10
Mahu2021: checks 
*** FLOP *** [3c 7h 5c]
Wolfsouls42: bets 40
Mahu2021: folds 
nisty1969: calls 40
*** TURN *** [3c 7h 5c] [Tc]
Wolfsouls42: bets 140
nisty1969: calls 140
*** RIVER *** [3c 7h 5c Tc] [Ah]
Wolfsouls42: bets 420 and is all-in
nisty1969: folds 
Uncalled bet (420) returned to Wolfsouls42
Wolfsouls42 collected 420 from pot
*** SUMMARY ***
Total pot 420 | Rake 0 
Board [3c 7h 5c Tc Ah]
Seat 1: Mahu2021 (big blind) folded on the Flop
Seat 2: nisty1969 (button) folded on the River
Seat 3: Wolfsouls42 (small blind) collected (420)



PokerStars Hand #243208505561: Tournament #3580196717, $0.92+$0.08 USD Hold'em No Limit - Level I (10/20) - 2023/04/20 17:39:35 CET [2023/04/20 11:39:35 ET]
Table '3580196717 1' 3-max Seat #3 is the button
Seat 1: Mahu2021 (420 in chips) 
Seat 2: nisty1969 (240 in chips) 
Seat 3: Wolfsouls42 (840 in chips) 
Mahu2021: posts small blind 10
nisty1969: posts big blind 20
*** HOLE CARDS ***
Dealt to Mahu2021 [As Js]
Wolfsouls42: calls 20
Mahu2021: raises 100 to 120
nisty1969: raises 120 to 240 and is all-in
Wolfsouls42: folds 
Mahu2021: calls 120
*** FLOP *** [9s 6c 3d]
*** TURN *** [9s 6c 3d] [8c]
*** RIVER *** [9s 6c 3d 8c] [4s]
*** SHOW DOWN ***
Mahu2021: shows [As Js] (high card Ace)
nisty1969: shows [Kc Ad] (high card Ace - King kicker)
nisty1969 collected 500 from pot
*** SUMMARY ***
Total pot 500 | Rake 0 
Board [9s 6c 3d 8c 4s]
Seat 1: Mahu2021 (small blind) showed [As Js] and lost with high card Ace
Seat 2: nisty1969 (big blind) showed [Kc Ad] and won (500) with high card Ace
Seat 3: Wolfsouls42 (button) folded before Flop



PokerStars Hand #243208512442: Tournament #3580196717, $0.92+$0.08 USD Hold'em No Limit - Level II (15/30) - 2023/04/20 17:39:58 CET [2023/04/20 11:39:58 ET]
Table '3580196717 1' 3-max Seat #1 is the button
Seat 1: Mahu2021 (180 in chips) 
Seat 2: nisty1969 (500 in chips) 
Seat 3: Wolfsouls42 (820 in chips) 
nisty1969: posts small blind 15
Wolfsouls42: posts big blind 30
*** HOLE CARDS ***
Dealt to Mahu2021 [4h As]
Mahu2021: raises 150 to 180 and is all-in
nisty1969: folds 
Wolfsouls42: folds 
Uncalled bet (150) returned to Mahu2021
Mahu2021 collected 75 from pot
Mahu2021: doesn't show hand 
*** SUMMARY ***
Total pot 75 | Rake 0 
Seat 1: Mahu2021 (button) collected (75)
Seat 2: nisty1969 (small blind) folded before Flop
Seat 3: Wolfsouls42 (big blind) folded before Flop



PokerStars Hand #243208514706: Tournament #3580196717, $0.92+$0.08 USD Hold'em No Limit - Level II (15/30) - 2023/04/20 17:40:05 CET [2023/04/20 11:40:05 ET]
Table '3580196717 1' 3-max Seat #2 is the button
Seat 1: Mahu2021 (225 in chips) 
Seat 2: nisty1969 (485 in chips) 
Seat 3: Wolfsouls42 (790 in chips) 
Wolfsouls42: posts small blind 15
Mahu2021: posts big blind 30
*** HOLE CARDS ***
Dealt to Mahu2021 [Kc Tc]
nisty1969: folds 
Wolfsouls42: calls 15
Mahu2021: raises 195 to 225 and is all-in
Wolfsouls42: calls 195
*** FLOP *** [6s 9d 3s]
*** TURN *** [6s 9d 3s] [5h]
*** RIVER *** [6s 9d 3s 5h] [9h]
*** SHOW DOWN ***
Wolfsouls42: shows [As 7c] (a pair of Nines)
Mahu2021: shows [Kc Tc] (a pair of Nines - lower kicker)
Wolfsouls42 collected 450 from pot
Mahu2021 finished the tournament in 3rd place
*** SUMMARY ***
Total pot 450 | Rake 0 
Board [6s 9d 3s 5h 9h]
Seat 1: Mahu2021 (big blind) showed [Kc Tc] and lost with a pair of Nines
Seat 2: nisty1969 (button) folded before Flop (didn't bet)
Seat 3: Wolfsouls42 (small blind) showed [As 7c] and won (450) with a pair of Nines



