PokerStars Hand #249193696095: Tournament #3723557755, $1.84+$0.16 USD Hold'em No Limit - Level I (10/20) - 2024/03/02 15:18:11 CET [2024/03/02 9:18:11 ET]
Table '3723557755 1' 3-max Seat #1 is the button
Seat 1: Mahu2021 (500 in chips) 
Seat 2: ajajai123 (500 in chips) 
Seat 3: KKnightsAA (500 in chips) 
ajajai123: posts small blind 10
KKnightsAA: posts big blind 20
*** HOLE CARDS ***
Dealt to Mahu2021 [6d 8d]
Mahu2021: calls 20
ajajai123: raises 480 to 500 and is all-in
KKnightsAA: folds 
Mahu2021: folds 
Uncalled bet (480) returned to ajajai123
ajajai123 collected 60 from pot
ajajai123: doesn't show hand 
*** SUMMARY ***
Total pot 60 | Rake 0 
Seat 1: Mahu2021 (button) folded before Flop
Seat 2: ajajai123 (small blind) collected (60)
Seat 3: KKnightsAA (big blind) folded before Flop



PokerStars Hand #249193700369: Tournament #3723557755, $1.84+$0.16 USD Hold'em No Limit - Level I (10/20) - 2024/03/02 15:18:31 CET [2024/03/02 9:18:31 ET]
Table '3723557755 1' 3-max Seat #2 is the button
Seat 1: Mahu2021 (480 in chips) 
Seat 2: ajajai123 (540 in chips) 
Seat 3: KKnightsAA (480 in chips) 
KKnightsAA: posts small blind 10
Mahu2021: posts big blind 20
*** HOLE CARDS ***
Dealt to Mahu2021 [2c 3c]
ajajai123: raises 520 to 540 and is all-in
KKnightsAA: folds 
Mahu2021: folds 
Uncalled bet (520) returned to ajajai123
ajajai123 collected 50 from pot
ajajai123: doesn't show hand 
*** SUMMARY ***
Total pot 50 | Rake 0 
Seat 1: Mahu2021 (big blind) folded before Flop
Seat 2: ajajai123 (button) collected (50)
Seat 3: KKnightsAA (small blind) folded before Flop



PokerStars Hand #249193703103: Tournament #3723557755, $1.84+$0.16 USD Hold'em No Limit - Level I (10/20) - 2024/03/02 15:18:43 CET [2024/03/02 9:18:43 ET]
Table '3723557755 1' 3-max Seat #3 is the button
Seat 1: Mahu2021 (460 in chips) 
Seat 2: ajajai123 (570 in chips) 
Seat 3: KKnightsAA (470 in chips) 
Mahu2021: posts small blind 10
ajajai123: posts big blind 20
*** HOLE CARDS ***
Dealt to Mahu2021 [6d Jc]
KKnightsAA: folds 
Mahu2021: folds 
Uncalled bet (10) returned to ajajai123
ajajai123 collected 20 from pot
ajajai123: doesn't show hand 
*** SUMMARY ***
Total pot 20 | Rake 0 
Seat 1: Mahu2021 (small blind) folded before Flop
Seat 2: ajajai123 (big blind) collected (20)
Seat 3: KKnightsAA (button) folded before Flop (didn't bet)



PokerStars Hand #249193704275: Tournament #3723557755, $1.84+$0.16 USD Hold'em No Limit - Level I (10/20) - 2024/03/02 15:18:49 CET [2024/03/02 9:18:49 ET]
Table '3723557755 1' 3-max Seat #1 is the button
Seat 1: Mahu2021 (450 in chips) 
Seat 2: ajajai123 (580 in chips) 
Seat 3: KKnightsAA (470 in chips) 
ajajai123: posts small blind 10
KKnightsAA: posts big blind 20
*** HOLE CARDS ***
Dealt to Mahu2021 [2s 4s]
Mahu2021: folds 
ajajai123: calls 10
KKnightsAA: checks 
*** FLOP *** [3h 4c Kc]
ajajai123: bets 20
KKnightsAA: calls 20
*** TURN *** [3h 4c Kc] [Jd]
ajajai123: bets 20
KKnightsAA: calls 20
*** RIVER *** [3h 4c Kc Jd] [As]
ajajai123: bets 20
KKnightsAA: raises 113 to 133
ajajai123: calls 113
*** SHOW DOWN ***
KKnightsAA: shows [Th Qc] (a straight, Ten to Ace)
ajajai123: mucks hand 
KKnightsAA collected 386 from pot
*** SUMMARY ***
Total pot 386 | Rake 0 
Board [3h 4c Kc Jd As]
Seat 1: Mahu2021 (button) folded before Flop (didn't bet)
Seat 2: ajajai123 (small blind) mucked [Qh Jc]
Seat 3: KKnightsAA (big blind) showed [Th Qc] and won (386) with a straight, Ten to Ace



PokerStars Hand #249193715504: Tournament #3723557755, $1.84+$0.16 USD Hold'em No Limit - Level I (10/20) - 2024/03/02 15:19:40 CET [2024/03/02 9:19:40 ET]
Table '3723557755 1' 3-max Seat #2 is the button
Seat 1: Mahu2021 (450 in chips) 
Seat 2: ajajai123 (387 in chips) 
Seat 3: KKnightsAA (663 in chips) 
KKnightsAA: posts small blind 10
Mahu2021: posts big blind 20
*** HOLE CARDS ***
Dealt to Mahu2021 [As 5h]
ajajai123: calls 20
KKnightsAA: calls 10
Mahu2021: checks 
*** FLOP *** [Jd 6d Td]
KKnightsAA: checks 
Mahu2021: checks 
ajajai123: bets 367 and is all-in
KKnightsAA: folds 
Mahu2021: folds 
Uncalled bet (367) returned to ajajai123
ajajai123 collected 60 from pot
ajajai123: doesn't show hand 
*** SUMMARY ***
Total pot 60 | Rake 0 
Board [Jd 6d Td]
Seat 1: Mahu2021 (big blind) folded on the Flop
Seat 2: ajajai123 (button) collected (60)
Seat 3: KKnightsAA (small blind) folded on the Flop



PokerStars Hand #249193720460: Tournament #3723557755, $1.84+$0.16 USD Hold'em No Limit - Level I (10/20) - 2024/03/02 15:20:03 CET [2024/03/02 9:20:03 ET]
Table '3723557755 1' 3-max Seat #3 is the button
Seat 1: Mahu2021 (430 in chips) 
Seat 2: ajajai123 (427 in chips) 
Seat 3: KKnightsAA (643 in chips) 
Mahu2021: posts small blind 10
ajajai123: posts big blind 20
*** HOLE CARDS ***
Dealt to Mahu2021 [9d 6c]
KKnightsAA: raises 20 to 40
Mahu2021: folds 
ajajai123: calls 20
*** FLOP *** [7s Ah Jd]
ajajai123: checks 
KKnightsAA: bets 23
ajajai123: calls 23
*** TURN *** [7s Ah Jd] [Kd]
ajajai123: checks 
KKnightsAA: bets 45
ajajai123: calls 45
*** RIVER *** [7s Ah Jd Kd] [2h]
ajajai123: checks 
KKnightsAA: checks 
*** SHOW DOWN ***
ajajai123: shows [Ts 8c] (high card Ace)
KKnightsAA: mucks hand 
ajajai123 collected 226 from pot
*** SUMMARY ***
Total pot 226 | Rake 0 
Board [7s Ah Jd Kd 2h]
Seat 1: Mahu2021 (small blind) folded before Flop
Seat 2: ajajai123 (big blind) showed [Ts 8c] and won (226) with high card Ace
Seat 3: KKnightsAA (button) mucked [6d 5d]



PokerStars Hand #249193731193: Tournament #3723557755, $1.84+$0.16 USD Hold'em No Limit - Level I (10/20) - 2024/03/02 15:20:52 CET [2024/03/02 9:20:52 ET]
Table '3723557755 1' 3-max Seat #1 is the button
Seat 1: Mahu2021 (420 in chips) 
Seat 2: ajajai123 (545 in chips) 
Seat 3: KKnightsAA (535 in chips) 
ajajai123: posts small blind 10
KKnightsAA: posts big blind 20
*** HOLE CARDS ***
Dealt to Mahu2021 [6s Kh]
Mahu2021: folds 
ajajai123: raises 525 to 545 and is all-in
KKnightsAA: folds 
Uncalled bet (525) returned to ajajai123
ajajai123 collected 40 from pot
ajajai123: doesn't show hand 
*** SUMMARY ***
Total pot 40 | Rake 0 
Seat 1: Mahu2021 (button) folded before Flop (didn't bet)
Seat 2: ajajai123 (small blind) collected (40)
Seat 3: KKnightsAA (big blind) folded before Flop



PokerStars Hand #249193734571: Tournament #3723557755, $1.84+$0.16 USD Hold'em No Limit - Level I (10/20) - 2024/03/02 15:21:08 CET [2024/03/02 9:21:08 ET]
Table '3723557755 1' 3-max Seat #2 is the button
Seat 1: Mahu2021 (420 in chips) 
Seat 2: ajajai123 (565 in chips) 
Seat 3: KKnightsAA (515 in chips) 
KKnightsAA: posts small blind 10
Mahu2021: posts big blind 20
*** HOLE CARDS ***
Dealt to Mahu2021 [2h 9s]
ajajai123: folds 
KKnightsAA: folds 
Uncalled bet (10) returned to Mahu2021
Mahu2021 collected 20 from pot
Mahu2021: doesn't show hand 
*** SUMMARY ***
Total pot 20 | Rake 0 
Seat 1: Mahu2021 (big blind) collected (20)
Seat 2: ajajai123 (button) folded before Flop (didn't bet)
Seat 3: KKnightsAA (small blind) folded before Flop



PokerStars Hand #249193737186: Tournament #3723557755, $1.84+$0.16 USD Hold'em No Limit - Level II (15/30) - 2024/03/02 15:21:20 CET [2024/03/02 9:21:20 ET]
Table '3723557755 1' 3-max Seat #3 is the button
Seat 1: Mahu2021 (430 in chips) 
Seat 2: ajajai123 (565 in chips) 
Seat 3: KKnightsAA (505 in chips) 
Mahu2021: posts small blind 15
ajajai123: posts big blind 30
*** HOLE CARDS ***
Dealt to Mahu2021 [4h 4c]
KKnightsAA: folds 
Mahu2021: calls 15
ajajai123: raises 535 to 565 and is all-in
Mahu2021: folds 
Uncalled bet (535) returned to ajajai123
ajajai123 collected 60 from pot
ajajai123: doesn't show hand 
*** SUMMARY ***
Total pot 60 | Rake 0 
Seat 1: Mahu2021 (small blind) folded before Flop
Seat 2: ajajai123 (big blind) collected (60)
Seat 3: KKnightsAA (button) folded before Flop (didn't bet)



PokerStars Hand #249193740421: Tournament #3723557755, $1.84+$0.16 USD Hold'em No Limit - Level II (15/30) - 2024/03/02 15:21:35 CET [2024/03/02 9:21:35 ET]
Table '3723557755 1' 3-max Seat #1 is the button
Seat 1: Mahu2021 (400 in chips) 
Seat 2: ajajai123 (595 in chips) 
Seat 3: KKnightsAA (505 in chips) 
ajajai123: posts small blind 15
KKnightsAA: posts big blind 30
*** HOLE CARDS ***
Dealt to Mahu2021 [3d 7s]
Mahu2021: folds 
ajajai123: folds 
Uncalled bet (15) returned to KKnightsAA
KKnightsAA collected 30 from pot
KKnightsAA: doesn't show hand 
*** SUMMARY ***
Total pot 30 | Rake 0 
Seat 1: Mahu2021 (button) folded before Flop (didn't bet)
Seat 2: ajajai123 (small blind) folded before Flop
Seat 3: KKnightsAA (big blind) collected (30)



PokerStars Hand #249193741663: Tournament #3723557755, $1.84+$0.16 USD Hold'em No Limit - Level II (15/30) - 2024/03/02 15:21:41 CET [2024/03/02 9:21:41 ET]
Table '3723557755 1' 3-max Seat #2 is the button
Seat 1: Mahu2021 (400 in chips) 
Seat 2: ajajai123 (580 in chips) 
Seat 3: KKnightsAA (520 in chips) 
KKnightsAA: posts small blind 15
Mahu2021: posts big blind 30
*** HOLE CARDS ***
Dealt to Mahu2021 [Kd 2c]
ajajai123: raises 550 to 580 and is all-in
KKnightsAA: folds 
Mahu2021: folds 
Uncalled bet (550) returned to ajajai123
ajajai123 collected 75 from pot
ajajai123: doesn't show hand 
*** SUMMARY ***
Total pot 75 | Rake 0 
Seat 1: Mahu2021 (big blind) folded before Flop
Seat 2: ajajai123 (button) collected (75)
Seat 3: KKnightsAA (small blind) folded before Flop



PokerStars Hand #249193743884: Tournament #3723557755, $1.84+$0.16 USD Hold'em No Limit - Level II (15/30) - 2024/03/02 15:21:51 CET [2024/03/02 9:21:51 ET]
Table '3723557755 1' 3-max Seat #3 is the button
Seat 1: Mahu2021 (370 in chips) 
Seat 2: ajajai123 (625 in chips) 
Seat 3: KKnightsAA (505 in chips) 
Mahu2021: posts small blind 15
ajajai123: posts big blind 30
*** HOLE CARDS ***
Dealt to Mahu2021 [5d Kc]
KKnightsAA: folds 
Mahu2021: folds 
Uncalled bet (15) returned to ajajai123
ajajai123 collected 30 from pot
ajajai123: doesn't show hand 
*** SUMMARY ***
Total pot 30 | Rake 0 
Seat 1: Mahu2021 (small blind) folded before Flop
Seat 2: ajajai123 (big blind) collected (30)
Seat 3: KKnightsAA (button) folded before Flop (didn't bet)



PokerStars Hand #249193744967: Tournament #3723557755, $1.84+$0.16 USD Hold'em No Limit - Level II (15/30) - 2024/03/02 15:21:56 CET [2024/03/02 9:21:56 ET]
Table '3723557755 1' 3-max Seat #1 is the button
Seat 1: Mahu2021 (355 in chips) 
Seat 2: ajajai123 (640 in chips) 
Seat 3: KKnightsAA (505 in chips) 
ajajai123: posts small blind 15
KKnightsAA: posts big blind 30
*** HOLE CARDS ***
Dealt to Mahu2021 [Qh 9s]
Mahu2021: calls 30
ajajai123: raises 610 to 640 and is all-in
KKnightsAA: folds 
Mahu2021: folds 
Uncalled bet (610) returned to ajajai123
ajajai123 collected 90 from pot
ajajai123: doesn't show hand 
*** SUMMARY ***
Total pot 90 | Rake 0 
Seat 1: Mahu2021 (button) folded before Flop
Seat 2: ajajai123 (small blind) collected (90)
Seat 3: KKnightsAA (big blind) folded before Flop



PokerStars Hand #249193747715: Tournament #3723557755, $1.84+$0.16 USD Hold'em No Limit - Level II (15/30) - 2024/03/02 15:22:08 CET [2024/03/02 9:22:08 ET]
Table '3723557755 1' 3-max Seat #2 is the button
Seat 1: Mahu2021 (325 in chips) 
Seat 2: ajajai123 (700 in chips) 
Seat 3: KKnightsAA (475 in chips) 
KKnightsAA: posts small blind 15
Mahu2021: posts big blind 30
*** HOLE CARDS ***
Dealt to Mahu2021 [Kh 7c]
ajajai123: raises 670 to 700 and is all-in
KKnightsAA: folds 
Mahu2021: calls 295 and is all-in
Uncalled bet (375) returned to ajajai123
*** FLOP *** [Qd 6s 4s]
*** TURN *** [Qd 6s 4s] [5d]
*** RIVER *** [Qd 6s 4s 5d] [Jc]
*** SHOW DOWN ***
Mahu2021: shows [Kh 7c] (high card King)
ajajai123: shows [8s Ad] (high card Ace)
ajajai123 collected 665 from pot
Mahu2021 finished the tournament in 3rd place
*** SUMMARY ***
Total pot 665 | Rake 0 
Board [Qd 6s 4s 5d Jc]
Seat 1: Mahu2021 (big blind) showed [Kh 7c] and lost with high card King
Seat 2: ajajai123 (button) showed [8s Ad] and won (665) with high card Ace
Seat 3: KKnightsAA (small blind) folded before Flop



