PokerStars Hand #242995621553: Tournament #3575284750, $0.92+$0.08 USD Hold'em No Limit - Level I (10/20) - 2023/04/10 1:26:14 CET [2023/04/09 19:26:14 ET]
Table '3575284750 1' 3-max Seat #1 is the button
Seat 1: nabak (500 in chips) 
Seat 2: boxydog (500 in chips) 
Seat 3: Mahu2021 (500 in chips) 
boxydog: posts small blind 10
Mahu2021: posts big blind 20
*** HOLE CARDS ***
Dealt to Mahu2021 [2c Jc]
nabak: folds 
boxydog: raises 480 to 500 and is all-in
Mahu2021: folds 
Uncalled bet (480) returned to boxydog
boxydog collected 40 from pot
boxydog: doesn't show hand 
*** SUMMARY ***
Total pot 40 | Rake 0 
Seat 1: nabak (button) folded before Flop (didn't bet)
Seat 2: boxydog (small blind) collected (40)
Seat 3: Mahu2021 (big blind) folded before Flop



PokerStars Hand #242995625729: Tournament #3575284750, $0.92+$0.08 USD Hold'em No Limit - Level I (10/20) - 2023/04/10 1:26:29 CET [2023/04/09 19:26:29 ET]
Table '3575284750 1' 3-max Seat #2 is the button
Seat 1: nabak (500 in chips) 
Seat 2: boxydog (520 in chips) 
Seat 3: Mahu2021 (480 in chips) 
Mahu2021: posts small blind 10
nabak: posts big blind 20
*** HOLE CARDS ***
Dealt to Mahu2021 [Ah 2h]
boxydog: raises 500 to 520 and is all-in
Mahu2021: calls 470 and is all-in
nabak: calls 480 and is all-in
Uncalled bet (20) returned to boxydog
*** FLOP *** [7h Kc 3s]
*** TURN *** [7h Kc 3s] [8s]
*** RIVER *** [7h Kc 3s 8s] [Qh]
*** SHOW DOWN ***
nabak: shows [Qc As] (a pair of Queens)
boxydog: shows [Kd 5d] (a pair of Kings)
boxydog collected 40 from side pot
Mahu2021: shows [Ah 2h] (high card Ace)
boxydog collected 1440 from main pot
nabak finished the tournament in 2nd place
Mahu2021 finished the tournament in 3rd place
boxydog wins the tournament and receives $2.00 - congratulations!
*** SUMMARY ***
Total pot 1480 Main pot 1440. Side pot 40. | Rake 0 
Board [7h Kc 3s 8s Qh]
Seat 1: nabak (big blind) showed [Qc As] and lost with a pair of Queens
Seat 2: boxydog (button) showed [Kd 5d] and won (1480) with a pair of Kings
Seat 3: Mahu2021 (small blind) showed [Ah 2h] and lost with high card Ace



