PokerStars Hand #247028456074: Tournament #3671313320, $1.84+$0.16 USD Hold'em No Limit - Level I (10/20) - 2023/11/10 15:43:42 CET [2023/11/10 9:43:42 ET]
Table '3671313320 1' 3-max Seat #1 is the button
Seat 1: cebuce22 (500 in chips) 
Seat 2: Mahu2021 (500 in chips) 
Seat 3: s4w8rty (500 in chips) 
Mahu2021: posts small blind 10
s4w8rty: posts big blind 20
*** HOLE CARDS ***
Dealt to Mahu2021 [Tc Qd]
cebuce22: raises 20 to 40
Mahu2021: calls 30
s4w8rty: folds 
*** FLOP *** [6c 2c Ac]
Mahu2021: checks 
cebuce22: checks 
*** TURN *** [6c 2c Ac] [5s]
Mahu2021: bets 40
cebuce22: folds 
Uncalled bet (40) returned to Mahu2021
Mahu2021 collected 100 from pot
Mahu2021: doesn't show hand 
*** SUMMARY ***
Total pot 100 | Rake 0 
Board [6c 2c Ac 5s]
Seat 1: cebuce22 (button) folded on the Turn
Seat 2: Mahu2021 (small blind) collected (100)
Seat 3: s4w8rty (big blind) folded before Flop



PokerStars Hand #247028461279: Tournament #3671313320, $1.84+$0.16 USD Hold'em No Limit - Level I (10/20) - 2023/11/10 15:44:05 CET [2023/11/10 9:44:05 ET]
Table '3671313320 1' 3-max Seat #2 is the button
Seat 1: cebuce22 (460 in chips) 
Seat 2: Mahu2021 (560 in chips) 
Seat 3: s4w8rty (480 in chips) 
s4w8rty: posts small blind 10
cebuce22: posts big blind 20
*** HOLE CARDS ***
Dealt to Mahu2021 [Qh Qd]
Mahu2021: raises 40 to 60
s4w8rty: folds 
cebuce22: raises 400 to 460 and is all-in
Mahu2021: calls 400
*** FLOP *** [3s Kc 5d]
*** TURN *** [3s Kc 5d] [3h]
*** RIVER *** [3s Kc 5d 3h] [6s]
*** SHOW DOWN ***
cebuce22: shows [4s 4c] (two pair, Fours and Threes)
Mahu2021: shows [Qh Qd] (two pair, Queens and Threes)
Mahu2021 collected 930 from pot
cebuce22 finished the tournament in 3rd place
*** SUMMARY ***
Total pot 930 | Rake 0 
Board [3s Kc 5d 3h 6s]
Seat 1: cebuce22 (big blind) showed [4s 4c] and lost with two pair, Fours and Threes
Seat 2: Mahu2021 (button) showed [Qh Qd] and won (930) with two pair, Queens and Threes
Seat 3: s4w8rty (small blind) folded before Flop



PokerStars Hand #247028466079: Tournament #3671313320, $1.84+$0.16 USD Hold'em No Limit - Level I (10/20) - 2023/11/10 15:44:26 CET [2023/11/10 9:44:26 ET]
Table '3671313320 1' 3-max Seat #3 is the button
Seat 2: Mahu2021 (1030 in chips) 
Seat 3: s4w8rty (470 in chips) 
s4w8rty: posts small blind 10
Mahu2021: posts big blind 20
*** HOLE CARDS ***
Dealt to Mahu2021 [3s Qc]
s4w8rty: calls 10
Mahu2021: checks 
*** FLOP *** [Jc 7c Jh]
Mahu2021: checks 
s4w8rty: bets 20
Mahu2021: folds 
Uncalled bet (20) returned to s4w8rty
s4w8rty collected 40 from pot
s4w8rty: doesn't show hand 
*** SUMMARY ***
Total pot 40 | Rake 0 
Board [Jc 7c Jh]
Seat 2: Mahu2021 (big blind) folded on the Flop
Seat 3: s4w8rty (button) (small blind) collected (40)



PokerStars Hand #247028469898: Tournament #3671313320, $1.84+$0.16 USD Hold'em No Limit - Level I (10/20) - 2023/11/10 15:44:42 CET [2023/11/10 9:44:42 ET]
Table '3671313320 1' 3-max Seat #2 is the button
Seat 2: Mahu2021 (1010 in chips) 
Seat 3: s4w8rty (490 in chips) 
Mahu2021: posts small blind 10
s4w8rty: posts big blind 20
*** HOLE CARDS ***
Dealt to Mahu2021 [Ac 8s]
Mahu2021: raises 20 to 40
s4w8rty: calls 20
*** FLOP *** [Ad 2c Kc]
s4w8rty: checks 
Mahu2021: bets 20
s4w8rty: calls 20
*** TURN *** [Ad 2c Kc] [4d]
s4w8rty: checks 
Mahu2021: bets 20
s4w8rty: calls 20
*** RIVER *** [Ad 2c Kc 4d] [7h]
s4w8rty: checks 
Mahu2021: bets 20
s4w8rty: calls 20
*** SHOW DOWN ***
Mahu2021: shows [Ac 8s] (a pair of Aces)
s4w8rty: mucks hand 
Mahu2021 collected 200 from pot
*** SUMMARY ***
Total pot 200 | Rake 0 
Board [Ad 2c Kc 4d 7h]
Seat 2: Mahu2021 (button) (small blind) showed [Ac 8s] and won (200) with a pair of Aces
Seat 3: s4w8rty (big blind) mucked [Qh Tc]



PokerStars Hand #247028475794: Tournament #3671313320, $1.84+$0.16 USD Hold'em No Limit - Level I (10/20) - 2023/11/10 15:45:08 CET [2023/11/10 9:45:08 ET]
Table '3671313320 1' 3-max Seat #3 is the button
Seat 2: Mahu2021 (1110 in chips) 
Seat 3: s4w8rty (390 in chips) 
s4w8rty: posts small blind 10
Mahu2021: posts big blind 20
*** HOLE CARDS ***
Dealt to Mahu2021 [Kc 2s]
s4w8rty: calls 10
Mahu2021: checks 
*** FLOP *** [9s Td 4d]
Mahu2021: checks 
s4w8rty: bets 20
Mahu2021: calls 20
*** TURN *** [9s Td 4d] [Ah]
Mahu2021: checks 
s4w8rty: bets 20
Mahu2021: folds 
Uncalled bet (20) returned to s4w8rty
s4w8rty collected 80 from pot
s4w8rty: doesn't show hand 
*** SUMMARY ***
Total pot 80 | Rake 0 
Board [9s Td 4d Ah]
Seat 2: Mahu2021 (big blind) folded on the Turn
Seat 3: s4w8rty (button) (small blind) collected (80)



PokerStars Hand #247028480082: Tournament #3671313320, $1.84+$0.16 USD Hold'em No Limit - Level I (10/20) - 2023/11/10 15:45:27 CET [2023/11/10 9:45:27 ET]
Table '3671313320 1' 3-max Seat #2 is the button
Seat 2: Mahu2021 (1070 in chips) 
Seat 3: s4w8rty (430 in chips) 
Mahu2021: posts small blind 10
s4w8rty: posts big blind 20
*** HOLE CARDS ***
Dealt to Mahu2021 [9d 2c]
Mahu2021: folds 
Uncalled bet (10) returned to s4w8rty
s4w8rty collected 20 from pot
s4w8rty: doesn't show hand 
*** SUMMARY ***
Total pot 20 | Rake 0 
Seat 2: Mahu2021 (button) (small blind) folded before Flop
Seat 3: s4w8rty (big blind) collected (20)



PokerStars Hand #247028481084: Tournament #3671313320, $1.84+$0.16 USD Hold'em No Limit - Level I (10/20) - 2023/11/10 15:45:31 CET [2023/11/10 9:45:31 ET]
Table '3671313320 1' 3-max Seat #3 is the button
Seat 2: Mahu2021 (1060 in chips) 
Seat 3: s4w8rty (440 in chips) 
s4w8rty: posts small blind 10
Mahu2021: posts big blind 20
*** HOLE CARDS ***
Dealt to Mahu2021 [8s 6d]
s4w8rty: calls 10
Mahu2021: checks 
*** FLOP *** [4h 3h Tc]
Mahu2021: checks 
s4w8rty: bets 20
Mahu2021: folds 
Uncalled bet (20) returned to s4w8rty
s4w8rty collected 40 from pot
s4w8rty: doesn't show hand 
*** SUMMARY ***
Total pot 40 | Rake 0 
Board [4h 3h Tc]
Seat 2: Mahu2021 (big blind) folded on the Flop
Seat 3: s4w8rty (button) (small blind) collected (40)



PokerStars Hand #247028484644: Tournament #3671313320, $1.84+$0.16 USD Hold'em No Limit - Level II (15/30) - 2023/11/10 15:45:47 CET [2023/11/10 9:45:47 ET]
Table '3671313320 1' 3-max Seat #2 is the button
Seat 2: Mahu2021 (1040 in chips) 
Seat 3: s4w8rty (460 in chips) 
Mahu2021: posts small blind 15
s4w8rty: posts big blind 30
*** HOLE CARDS ***
Dealt to Mahu2021 [Kc 2c]
Mahu2021: raises 30 to 60
s4w8rty: calls 30
*** FLOP *** [6h 9s 6s]
s4w8rty: checks 
Mahu2021: bets 120
s4w8rty: folds 
Uncalled bet (120) returned to Mahu2021
Mahu2021 collected 120 from pot
Mahu2021: doesn't show hand 
*** SUMMARY ***
Total pot 120 | Rake 0 
Board [6h 9s 6s]
Seat 2: Mahu2021 (button) (small blind) collected (120)
Seat 3: s4w8rty (big blind) folded on the Flop



PokerStars Hand #247028492373: Tournament #3671313320, $1.84+$0.16 USD Hold'em No Limit - Level II (15/30) - 2023/11/10 15:46:20 CET [2023/11/10 9:46:20 ET]
Table '3671313320 1' 3-max Seat #3 is the button
Seat 2: Mahu2021 (1100 in chips) 
Seat 3: s4w8rty (400 in chips) 
s4w8rty: posts small blind 15
Mahu2021: posts big blind 30
*** HOLE CARDS ***
Dealt to Mahu2021 [Js Ac]
s4w8rty: calls 15
Mahu2021: raises 90 to 120
s4w8rty: folds 
Uncalled bet (90) returned to Mahu2021
Mahu2021 collected 60 from pot
Mahu2021: doesn't show hand 
*** SUMMARY ***
Total pot 60 | Rake 0 
Seat 2: Mahu2021 (big blind) collected (60)
Seat 3: s4w8rty (button) (small blind) folded before Flop



PokerStars Hand #247028494940: Tournament #3671313320, $1.84+$0.16 USD Hold'em No Limit - Level II (15/30) - 2023/11/10 15:46:31 CET [2023/11/10 9:46:31 ET]
Table '3671313320 1' 3-max Seat #2 is the button
Seat 2: Mahu2021 (1130 in chips) 
Seat 3: s4w8rty (370 in chips) 
Mahu2021: posts small blind 15
s4w8rty: posts big blind 30
*** HOLE CARDS ***
Dealt to Mahu2021 [5h Jd]
Mahu2021: calls 15
s4w8rty: checks 
*** FLOP *** [6d Kc 3c]
s4w8rty: checks 
Mahu2021: bets 30
s4w8rty: raises 90 to 120
Mahu2021: folds 
Uncalled bet (90) returned to s4w8rty
s4w8rty collected 120 from pot
s4w8rty: doesn't show hand 
*** SUMMARY ***
Total pot 120 | Rake 0 
Board [6d Kc 3c]
Seat 2: Mahu2021 (button) (small blind) folded on the Flop
Seat 3: s4w8rty (big blind) collected (120)



PokerStars Hand #247028500115: Tournament #3671313320, $1.84+$0.16 USD Hold'em No Limit - Level II (15/30) - 2023/11/10 15:46:54 CET [2023/11/10 9:46:54 ET]
Table '3671313320 1' 3-max Seat #3 is the button
Seat 2: Mahu2021 (1070 in chips) 
Seat 3: s4w8rty (430 in chips) 
s4w8rty: posts small blind 15
Mahu2021: posts big blind 30
*** HOLE CARDS ***
Dealt to Mahu2021 [8s Tc]
s4w8rty: calls 15
Mahu2021: checks 
*** FLOP *** [2s 5c Jd]
Mahu2021: checks 
s4w8rty: bets 30
Mahu2021: folds 
Uncalled bet (30) returned to s4w8rty
s4w8rty collected 60 from pot
s4w8rty: doesn't show hand 
*** SUMMARY ***
Total pot 60 | Rake 0 
Board [2s 5c Jd]
Seat 2: Mahu2021 (big blind) folded on the Flop
Seat 3: s4w8rty (button) (small blind) collected (60)



PokerStars Hand #247028504107: Tournament #3671313320, $1.84+$0.16 USD Hold'em No Limit - Level II (15/30) - 2023/11/10 15:47:11 CET [2023/11/10 9:47:11 ET]
Table '3671313320 1' 3-max Seat #2 is the button
Seat 2: Mahu2021 (1040 in chips) 
Seat 3: s4w8rty (460 in chips) 
Mahu2021: posts small blind 15
s4w8rty: posts big blind 30
*** HOLE CARDS ***
Dealt to Mahu2021 [Qd 2d]
Mahu2021: calls 15
s4w8rty: raises 60 to 90
Mahu2021: calls 60
*** FLOP *** [7c Ad 6h]
s4w8rty: bets 60
Mahu2021: folds 
Uncalled bet (60) returned to s4w8rty
s4w8rty collected 180 from pot
s4w8rty: doesn't show hand 
*** SUMMARY ***
Total pot 180 | Rake 0 
Board [7c Ad 6h]
Seat 2: Mahu2021 (button) (small blind) folded on the Flop
Seat 3: s4w8rty (big blind) collected (180)



PokerStars Hand #247028508384: Tournament #3671313320, $1.84+$0.16 USD Hold'em No Limit - Level II (15/30) - 2023/11/10 15:47:29 CET [2023/11/10 9:47:29 ET]
Table '3671313320 1' 3-max Seat #3 is the button
Seat 2: Mahu2021 (950 in chips) 
Seat 3: s4w8rty (550 in chips) 
s4w8rty: posts small blind 15
Mahu2021: posts big blind 30
*** HOLE CARDS ***
Dealt to Mahu2021 [4c Kc]
s4w8rty: calls 15
Mahu2021: checks 
*** FLOP *** [Qd As 4d]
Mahu2021: checks 
s4w8rty: bets 30
Mahu2021: calls 30
*** TURN *** [Qd As 4d] [5s]
Mahu2021: checks 
s4w8rty: bets 90
Mahu2021: raises 120 to 210
s4w8rty: calls 120
*** RIVER *** [Qd As 4d 5s] [7s]
Mahu2021: bets 680 and is all-in
s4w8rty: folds 
Uncalled bet (680) returned to Mahu2021
Mahu2021 collected 540 from pot
Mahu2021: doesn't show hand 
*** SUMMARY ***
Total pot 540 | Rake 0 
Board [Qd As 4d 5s 7s]
Seat 2: Mahu2021 (big blind) collected (540)
Seat 3: s4w8rty (button) (small blind) folded on the River



PokerStars Hand #247028515602: Tournament #3671313320, $1.84+$0.16 USD Hold'em No Limit - Level III (20/40) - 2023/11/10 15:48:00 CET [2023/11/10 9:48:00 ET]
Table '3671313320 1' 3-max Seat #2 is the button
Seat 2: Mahu2021 (1220 in chips) 
Seat 3: s4w8rty (280 in chips) 
Mahu2021: posts small blind 20
s4w8rty: posts big blind 40
*** HOLE CARDS ***
Dealt to Mahu2021 [Kh Td]
Mahu2021: raises 80 to 120
s4w8rty: folds 
Uncalled bet (80) returned to Mahu2021
Mahu2021 collected 80 from pot
Mahu2021: doesn't show hand 
*** SUMMARY ***
Total pot 80 | Rake 0 
Seat 2: Mahu2021 (button) (small blind) collected (80)
Seat 3: s4w8rty (big blind) folded before Flop



PokerStars Hand #247028517653: Tournament #3671313320, $1.84+$0.16 USD Hold'em No Limit - Level III (20/40) - 2023/11/10 15:48:09 CET [2023/11/10 9:48:09 ET]
Table '3671313320 1' 3-max Seat #3 is the button
Seat 2: Mahu2021 (1260 in chips) 
Seat 3: s4w8rty (240 in chips) 
s4w8rty: posts small blind 20
Mahu2021: posts big blind 40
*** HOLE CARDS ***
Dealt to Mahu2021 [7c 7s]
s4w8rty: folds 
Uncalled bet (20) returned to Mahu2021
Mahu2021 collected 40 from pot
Mahu2021: doesn't show hand 
*** SUMMARY ***
Total pot 40 | Rake 0 
Seat 2: Mahu2021 (big blind) collected (40)
Seat 3: s4w8rty (button) (small blind) folded before Flop



PokerStars Hand #247028519091: Tournament #3671313320, $1.84+$0.16 USD Hold'em No Limit - Level III (20/40) - 2023/11/10 15:48:16 CET [2023/11/10 9:48:16 ET]
Table '3671313320 1' 3-max Seat #2 is the button
Seat 2: Mahu2021 (1280 in chips) 
Seat 3: s4w8rty (220 in chips) 
Mahu2021: posts small blind 20
s4w8rty: posts big blind 40
*** HOLE CARDS ***
Dealt to Mahu2021 [3s 7c]
Mahu2021: folds 
Uncalled bet (20) returned to s4w8rty
s4w8rty collected 40 from pot
s4w8rty: doesn't show hand 
*** SUMMARY ***
Total pot 40 | Rake 0 
Seat 2: Mahu2021 (button) (small blind) folded before Flop
Seat 3: s4w8rty (big blind) collected (40)



PokerStars Hand #247028520286: Tournament #3671313320, $1.84+$0.16 USD Hold'em No Limit - Level III (20/40) - 2023/11/10 15:48:21 CET [2023/11/10 9:48:21 ET]
Table '3671313320 1' 3-max Seat #3 is the button
Seat 2: Mahu2021 (1260 in chips) 
Seat 3: s4w8rty (240 in chips) 
s4w8rty: posts small blind 20
Mahu2021: posts big blind 40
*** HOLE CARDS ***
Dealt to Mahu2021 [8c 5s]
s4w8rty: raises 200 to 240 and is all-in
Mahu2021: folds 
Uncalled bet (200) returned to s4w8rty
s4w8rty collected 80 from pot
s4w8rty: doesn't show hand 
*** SUMMARY ***
Total pot 80 | Rake 0 
Seat 2: Mahu2021 (big blind) folded before Flop
Seat 3: s4w8rty (button) (small blind) collected (80)



PokerStars Hand #247028521625: Tournament #3671313320, $1.84+$0.16 USD Hold'em No Limit - Level III (20/40) - 2023/11/10 15:48:27 CET [2023/11/10 9:48:27 ET]
Table '3671313320 1' 3-max Seat #2 is the button
Seat 2: Mahu2021 (1220 in chips) 
Seat 3: s4w8rty (280 in chips) 
Mahu2021: posts small blind 20
s4w8rty: posts big blind 40
*** HOLE CARDS ***
Dealt to Mahu2021 [Ah Qh]
Mahu2021: calls 20
s4w8rty: checks 
*** FLOP *** [7c Qs 4s]
s4w8rty: checks 
Mahu2021: bets 40
s4w8rty: folds 
Uncalled bet (40) returned to Mahu2021
Mahu2021 collected 80 from pot
Mahu2021: doesn't show hand 
*** SUMMARY ***
Total pot 80 | Rake 0 
Board [7c Qs 4s]
Seat 2: Mahu2021 (button) (small blind) collected (80)
Seat 3: s4w8rty (big blind) folded on the Flop



PokerStars Hand #247028526665: Tournament #3671313320, $1.84+$0.16 USD Hold'em No Limit - Level III (20/40) - 2023/11/10 15:48:49 CET [2023/11/10 9:48:49 ET]
Table '3671313320 1' 3-max Seat #3 is the button
Seat 2: Mahu2021 (1260 in chips) 
Seat 3: s4w8rty (240 in chips) 
s4w8rty: posts small blind 20
Mahu2021: posts big blind 40
*** HOLE CARDS ***
Dealt to Mahu2021 [8h 6s]
s4w8rty: folds 
Uncalled bet (20) returned to Mahu2021
Mahu2021 collected 40 from pot
Mahu2021: doesn't show hand 
*** SUMMARY ***
Total pot 40 | Rake 0 
Seat 2: Mahu2021 (big blind) collected (40)
Seat 3: s4w8rty (button) (small blind) folded before Flop



PokerStars Hand #247028528206: Tournament #3671313320, $1.84+$0.16 USD Hold'em No Limit - Level III (20/40) - 2023/11/10 15:48:55 CET [2023/11/10 9:48:55 ET]
Table '3671313320 1' 3-max Seat #2 is the button
Seat 2: Mahu2021 (1280 in chips) 
Seat 3: s4w8rty (220 in chips) 
Mahu2021: posts small blind 20
s4w8rty: posts big blind 40
*** HOLE CARDS ***
Dealt to Mahu2021 [3s Ad]
Mahu2021: raises 80 to 120
s4w8rty: folds 
Uncalled bet (80) returned to Mahu2021
Mahu2021 collected 80 from pot
Mahu2021: doesn't show hand 
*** SUMMARY ***
Total pot 80 | Rake 0 
Seat 2: Mahu2021 (button) (small blind) collected (80)
Seat 3: s4w8rty (big blind) folded before Flop



PokerStars Hand #247028530788: Tournament #3671313320, $1.84+$0.16 USD Hold'em No Limit - Level III (20/40) - 2023/11/10 15:49:06 CET [2023/11/10 9:49:06 ET]
Table '3671313320 1' 3-max Seat #3 is the button
Seat 2: Mahu2021 (1320 in chips) 
Seat 3: s4w8rty (180 in chips) 
s4w8rty: posts small blind 20
Mahu2021: posts big blind 40
*** HOLE CARDS ***
Dealt to Mahu2021 [Kh Ts]
s4w8rty: raises 140 to 180 and is all-in
Mahu2021: calls 140
*** FLOP *** [6c 4s 2h]
*** TURN *** [6c 4s 2h] [9d]
*** RIVER *** [6c 4s 2h 9d] [3d]
*** SHOW DOWN ***
Mahu2021: shows [Kh Ts] (high card King)
s4w8rty: shows [6h 3h] (two pair, Sixes and Threes)
s4w8rty collected 360 from pot
*** SUMMARY ***
Total pot 360 | Rake 0 
Board [6c 4s 2h 9d 3d]
Seat 2: Mahu2021 (big blind) showed [Kh Ts] and lost with high card King
Seat 3: s4w8rty (button) (small blind) showed [6h 3h] and won (360) with two pair, Sixes and Threes



PokerStars Hand #247028533850: Tournament #3671313320, $1.84+$0.16 USD Hold'em No Limit - Level III (20/40) - 2023/11/10 15:49:20 CET [2023/11/10 9:49:20 ET]
Table '3671313320 1' 3-max Seat #2 is the button
Seat 2: Mahu2021 (1140 in chips) 
Seat 3: s4w8rty (360 in chips) 
Mahu2021: posts small blind 20
s4w8rty: posts big blind 40
*** HOLE CARDS ***
Dealt to Mahu2021 [3c Kh]
Mahu2021: calls 20
s4w8rty: checks 
*** FLOP *** [Ad 6c Kc]
s4w8rty: checks 
Mahu2021: bets 40
s4w8rty: calls 40
*** TURN *** [Ad 6c Kc] [Qd]
s4w8rty: checks 
Mahu2021: bets 1060 and is all-in
s4w8rty: folds 
Uncalled bet (1060) returned to Mahu2021
Mahu2021 collected 160 from pot
Mahu2021: doesn't show hand 
*** SUMMARY ***
Total pot 160 | Rake 0 
Board [Ad 6c Kc Qd]
Seat 2: Mahu2021 (button) (small blind) collected (160)
Seat 3: s4w8rty (big blind) folded on the Turn



PokerStars Hand #247028544166: Tournament #3671313320, $1.84+$0.16 USD Hold'em No Limit - Level IV (30/60) - 2023/11/10 15:50:05 CET [2023/11/10 9:50:05 ET]
Table '3671313320 1' 3-max Seat #3 is the button
Seat 2: Mahu2021 (1220 in chips) 
Seat 3: s4w8rty (280 in chips) 
s4w8rty: posts small blind 30
Mahu2021: posts big blind 60
*** HOLE CARDS ***
Dealt to Mahu2021 [9d 5c]
s4w8rty: folds 
Uncalled bet (30) returned to Mahu2021
Mahu2021 collected 60 from pot
Mahu2021: doesn't show hand 
*** SUMMARY ***
Total pot 60 | Rake 0 
Seat 2: Mahu2021 (big blind) collected (60)
Seat 3: s4w8rty (button) (small blind) folded before Flop



PokerStars Hand #247028545190: Tournament #3671313320, $1.84+$0.16 USD Hold'em No Limit - Level IV (30/60) - 2023/11/10 15:50:09 CET [2023/11/10 9:50:09 ET]
Table '3671313320 1' 3-max Seat #2 is the button
Seat 2: Mahu2021 (1250 in chips) 
Seat 3: s4w8rty (250 in chips) 
Mahu2021: posts small blind 30
s4w8rty: posts big blind 60
*** HOLE CARDS ***
Dealt to Mahu2021 [Qd Qh]
Mahu2021: raises 60 to 120
s4w8rty: folds 
Uncalled bet (60) returned to Mahu2021
Mahu2021 collected 120 from pot
Mahu2021: doesn't show hand 
*** SUMMARY ***
Total pot 120 | Rake 0 
Seat 2: Mahu2021 (button) (small blind) collected (120)
Seat 3: s4w8rty (big blind) folded before Flop



PokerStars Hand #247028546990: Tournament #3671313320, $1.84+$0.16 USD Hold'em No Limit - Level IV (30/60) - 2023/11/10 15:50:17 CET [2023/11/10 9:50:17 ET]
Table '3671313320 1' 3-max Seat #3 is the button
Seat 2: Mahu2021 (1310 in chips) 
Seat 3: s4w8rty (190 in chips) 
s4w8rty: posts small blind 30
Mahu2021: posts big blind 60
*** HOLE CARDS ***
Dealt to Mahu2021 [2s Qd]
s4w8rty: folds 
Uncalled bet (30) returned to Mahu2021
Mahu2021 collected 60 from pot
Mahu2021: doesn't show hand 
*** SUMMARY ***
Total pot 60 | Rake 0 
Seat 2: Mahu2021 (big blind) collected (60)
Seat 3: s4w8rty (button) (small blind) folded before Flop



PokerStars Hand #247028547997: Tournament #3671313320, $1.84+$0.16 USD Hold'em No Limit - Level IV (30/60) - 2023/11/10 15:50:21 CET [2023/11/10 9:50:21 ET]
Table '3671313320 1' 3-max Seat #2 is the button
Seat 2: Mahu2021 (1340 in chips) 
Seat 3: s4w8rty (160 in chips) 
Mahu2021: posts small blind 30
s4w8rty: posts big blind 60
*** HOLE CARDS ***
Dealt to Mahu2021 [Qd Th]
Mahu2021: raises 120 to 180
s4w8rty: calls 100 and is all-in
Uncalled bet (20) returned to Mahu2021
*** FLOP *** [5c 5d 9s]
*** TURN *** [5c 5d 9s] [4s]
*** RIVER *** [5c 5d 9s 4s] [3s]
*** SHOW DOWN ***
s4w8rty: shows [4d 6h] (two pair, Fives and Fours)
Mahu2021: shows [Qd Th] (a pair of Fives)
s4w8rty collected 320 from pot
*** SUMMARY ***
Total pot 320 | Rake 0 
Board [5c 5d 9s 4s 3s]
Seat 2: Mahu2021 (button) (small blind) showed [Qd Th] and lost with a pair of Fives
Seat 3: s4w8rty (big blind) showed [4d 6h] and won (320) with two pair, Fives and Fours



PokerStars Hand #247028550899: Tournament #3671313320, $1.84+$0.16 USD Hold'em No Limit - Level IV (30/60) - 2023/11/10 15:50:34 CET [2023/11/10 9:50:34 ET]
Table '3671313320 1' 3-max Seat #3 is the button
Seat 2: Mahu2021 (1180 in chips) 
Seat 3: s4w8rty (320 in chips) 
s4w8rty: posts small blind 30
Mahu2021: posts big blind 60
*** HOLE CARDS ***
Dealt to Mahu2021 [5c Ad]
s4w8rty: raises 260 to 320 and is all-in
Mahu2021: calls 260
*** FLOP *** [2c As 3c]
*** TURN *** [2c As 3c] [Jh]
*** RIVER *** [2c As 3c Jh] [Kh]
*** SHOW DOWN ***
Mahu2021: shows [5c Ad] (a pair of Aces)
s4w8rty: shows [2s Ah] (two pair, Aces and Deuces)
s4w8rty collected 640 from pot
*** SUMMARY ***
Total pot 640 | Rake 0 
Board [2c As 3c Jh Kh]
Seat 2: Mahu2021 (big blind) showed [5c Ad] and lost with a pair of Aces
Seat 3: s4w8rty (button) (small blind) showed [2s Ah] and won (640) with two pair, Aces and Deuces



PokerStars Hand #247028555551: Tournament #3671313320, $1.84+$0.16 USD Hold'em No Limit - Level IV (30/60) - 2023/11/10 15:50:54 CET [2023/11/10 9:50:54 ET]
Table '3671313320 1' 3-max Seat #2 is the button
Seat 2: Mahu2021 (860 in chips) 
Seat 3: s4w8rty (640 in chips) 
Mahu2021: posts small blind 30
s4w8rty: posts big blind 60
*** HOLE CARDS ***
Dealt to Mahu2021 [9h 8s]
Mahu2021: calls 30
s4w8rty: checks 
*** FLOP *** [3h 8d 7h]
s4w8rty: checks 
Mahu2021: bets 120
s4w8rty: folds 
Uncalled bet (120) returned to Mahu2021
Mahu2021 collected 120 from pot
Mahu2021: doesn't show hand 
*** SUMMARY ***
Total pot 120 | Rake 0 
Board [3h 8d 7h]
Seat 2: Mahu2021 (button) (small blind) collected (120)
Seat 3: s4w8rty (big blind) folded on the Flop



PokerStars Hand #247028558781: Tournament #3671313320, $1.84+$0.16 USD Hold'em No Limit - Level IV (30/60) - 2023/11/10 15:51:08 CET [2023/11/10 9:51:08 ET]
Table '3671313320 1' 3-max Seat #3 is the button
Seat 2: Mahu2021 (920 in chips) 
Seat 3: s4w8rty (580 in chips) 
s4w8rty: posts small blind 30
Mahu2021: posts big blind 60
*** HOLE CARDS ***
Dealt to Mahu2021 [2s 5d]
s4w8rty: raises 520 to 580 and is all-in
Mahu2021: folds 
Uncalled bet (520) returned to s4w8rty
s4w8rty collected 120 from pot
s4w8rty: doesn't show hand 
*** SUMMARY ***
Total pot 120 | Rake 0 
Seat 2: Mahu2021 (big blind) folded before Flop
Seat 3: s4w8rty (button) (small blind) collected (120)



PokerStars Hand #247028560814: Tournament #3671313320, $1.84+$0.16 USD Hold'em No Limit - Level IV (30/60) - 2023/11/10 15:51:17 CET [2023/11/10 9:51:17 ET]
Table '3671313320 1' 3-max Seat #2 is the button
Seat 2: Mahu2021 (860 in chips) 
Seat 3: s4w8rty (640 in chips) 
Mahu2021: posts small blind 30
s4w8rty: posts big blind 60
*** HOLE CARDS ***
Dealt to Mahu2021 [Jc 7c]
Mahu2021: calls 30
s4w8rty: checks 
*** FLOP *** [8h 5s Js]
s4w8rty: checks 
Mahu2021: bets 120
s4w8rty: folds 
Uncalled bet (120) returned to Mahu2021
Mahu2021 collected 120 from pot
Mahu2021: doesn't show hand 
*** SUMMARY ***
Total pot 120 | Rake 0 
Board [8h 5s Js]
Seat 2: Mahu2021 (button) (small blind) collected (120)
Seat 3: s4w8rty (big blind) folded on the Flop



PokerStars Hand #247028564910: Tournament #3671313320, $1.84+$0.16 USD Hold'em No Limit - Level IV (30/60) - 2023/11/10 15:51:34 CET [2023/11/10 9:51:34 ET]
Table '3671313320 1' 3-max Seat #3 is the button
Seat 2: Mahu2021 (920 in chips) 
Seat 3: s4w8rty (580 in chips) 
s4w8rty: posts small blind 30
Mahu2021: posts big blind 60
*** HOLE CARDS ***
Dealt to Mahu2021 [Ah Tc]
s4w8rty: calls 30
Mahu2021: raises 860 to 920 and is all-in
s4w8rty: calls 520 and is all-in
Uncalled bet (340) returned to Mahu2021
*** FLOP *** [3s 8s Jc]
*** TURN *** [3s 8s Jc] [5d]
*** RIVER *** [3s 8s Jc 5d] [9h]
*** SHOW DOWN ***
Mahu2021: shows [Ah Tc] (high card Ace)
s4w8rty: shows [As Ac] (a pair of Aces)
s4w8rty collected 1160 from pot
*** SUMMARY ***
Total pot 1160 | Rake 0 
Board [3s 8s Jc 5d 9h]
Seat 2: Mahu2021 (big blind) showed [Ah Tc] and lost with high card Ace
Seat 3: s4w8rty (button) (small blind) showed [As Ac] and won (1160) with a pair of Aces



PokerStars Hand #247028570541: Tournament #3671313320, $1.84+$0.16 USD Hold'em No Limit - Level V (40/80) - 2023/11/10 15:51:59 CET [2023/11/10 9:51:59 ET]
Table '3671313320 1' 3-max Seat #2 is the button
Seat 2: Mahu2021 (340 in chips) 
Seat 3: s4w8rty (1160 in chips) 
Mahu2021: posts small blind 40
s4w8rty: posts big blind 80
*** HOLE CARDS ***
Dealt to Mahu2021 [2h 8h]
Mahu2021: folds 
Uncalled bet (40) returned to s4w8rty
s4w8rty collected 80 from pot
s4w8rty: doesn't show hand 
*** SUMMARY ***
Total pot 80 | Rake 0 
Seat 2: Mahu2021 (button) (small blind) folded before Flop
Seat 3: s4w8rty (big blind) collected (80)



PokerStars Hand #247028571551: Tournament #3671313320, $1.84+$0.16 USD Hold'em No Limit - Level V (40/80) - 2023/11/10 15:52:03 CET [2023/11/10 9:52:03 ET]
Table '3671313320 1' 3-max Seat #3 is the button
Seat 2: Mahu2021 (300 in chips) 
Seat 3: s4w8rty (1200 in chips) 
s4w8rty: posts small blind 40
Mahu2021: posts big blind 80
*** HOLE CARDS ***
Dealt to Mahu2021 [Qd 5d]
s4w8rty: folds 
Uncalled bet (40) returned to Mahu2021
Mahu2021 collected 80 from pot
Mahu2021: doesn't show hand 
*** SUMMARY ***
Total pot 80 | Rake 0 
Seat 2: Mahu2021 (big blind) collected (80)
Seat 3: s4w8rty (button) (small blind) folded before Flop



PokerStars Hand #247028572520: Tournament #3671313320, $1.84+$0.16 USD Hold'em No Limit - Level V (40/80) - 2023/11/10 15:52:08 CET [2023/11/10 9:52:08 ET]
Table '3671313320 1' 3-max Seat #2 is the button
Seat 2: Mahu2021 (340 in chips) 
Seat 3: s4w8rty (1160 in chips) 
Mahu2021: posts small blind 40
s4w8rty: posts big blind 80
*** HOLE CARDS ***
Dealt to Mahu2021 [4h 9h]
Mahu2021: folds 
Uncalled bet (40) returned to s4w8rty
s4w8rty collected 80 from pot
s4w8rty: doesn't show hand 
*** SUMMARY ***
Total pot 80 | Rake 0 
Seat 2: Mahu2021 (button) (small blind) folded before Flop
Seat 3: s4w8rty (big blind) collected (80)



PokerStars Hand #247028573606: Tournament #3671313320, $1.84+$0.16 USD Hold'em No Limit - Level V (40/80) - 2023/11/10 15:52:12 CET [2023/11/10 9:52:12 ET]
Table '3671313320 1' 3-max Seat #3 is the button
Seat 2: Mahu2021 (300 in chips) 
Seat 3: s4w8rty (1200 in chips) 
s4w8rty: posts small blind 40
Mahu2021: posts big blind 80
*** HOLE CARDS ***
Dealt to Mahu2021 [9c 5s]
s4w8rty: raises 1120 to 1200 and is all-in
Mahu2021: folds 
Uncalled bet (1120) returned to s4w8rty
s4w8rty collected 160 from pot
s4w8rty: doesn't show hand 
*** SUMMARY ***
Total pot 160 | Rake 0 
Seat 2: Mahu2021 (big blind) folded before Flop
Seat 3: s4w8rty (button) (small blind) collected (160)



PokerStars Hand #247028574772: Tournament #3671313320, $1.84+$0.16 USD Hold'em No Limit - Level V (40/80) - 2023/11/10 15:52:17 CET [2023/11/10 9:52:17 ET]
Table '3671313320 1' 3-max Seat #2 is the button
Seat 2: Mahu2021 (220 in chips) 
Seat 3: s4w8rty (1280 in chips) 
Mahu2021: posts small blind 40
s4w8rty: posts big blind 80
*** HOLE CARDS ***
Dealt to Mahu2021 [Qd Ac]
Mahu2021: raises 140 to 220 and is all-in
s4w8rty: calls 140
*** FLOP *** [6c 5s 4h]
*** TURN *** [6c 5s 4h] [5h]
*** RIVER *** [6c 5s 4h 5h] [7h]
*** SHOW DOWN ***
s4w8rty: shows [8s 8c] (a straight, Four to Eight)
Mahu2021: shows [Qd Ac] (a pair of Fives)
s4w8rty collected 440 from pot
Mahu2021 finished the tournament in 2nd place
s4w8rty wins the tournament and receives $4.00 - congratulations!
*** SUMMARY ***
Total pot 440 | Rake 0 
Board [6c 5s 4h 5h 7h]
Seat 2: Mahu2021 (button) (small blind) showed [Qd Ac] and lost with a pair of Fives
Seat 3: s4w8rty (big blind) showed [8s 8c] and won (440) with a straight, Four to Eight



