PokerStars Hand #242833789950: Tournament #3571057698, $0.92+$0.08 USD Hold'em No Limit - Level I (10/20) - 2023/04/02 10:37:10 CET [2023/04/02 4:37:10 ET]
Table '3571057698 1' 3-max Seat #1 is the button
Seat 1: Mahu2021 (500 in chips) 
Seat 2: Ramrodding (500 in chips) 
Seat 3: CHRiZ191 (500 in chips) 
Ramrodding: posts small blind 10
CHRiZ191: posts big blind 20
*** HOLE CARDS ***
Dealt to Mahu2021 [3h Qs]
Mahu2021: folds 
Ramrodding: raises 20 to 40
CHRiZ191: calls 20
*** FLOP *** [Th 5c 5s]
Ramrodding: bets 40
CHRiZ191: folds 
Uncalled bet (40) returned to Ramrodding
Ramrodding collected 80 from pot
*** SUMMARY ***
Total pot 80 | Rake 0 
Board [Th 5c 5s]
Seat 1: Mahu2021 (button) folded before Flop (didn't bet)
Seat 2: Ramrodding (small blind) collected (80)
Seat 3: CHRiZ191 (big blind) folded on the Flop



PokerStars Hand #242833791313: Tournament #3571057698, $0.92+$0.08 USD Hold'em No Limit - Level I (10/20) - 2023/04/02 10:37:19 CET [2023/04/02 4:37:19 ET]
Table '3571057698 1' 3-max Seat #2 is the button
Seat 1: Mahu2021 (500 in chips) 
Seat 2: Ramrodding (540 in chips) 
Seat 3: CHRiZ191 (460 in chips) 
CHRiZ191: posts small blind 10
Mahu2021: posts big blind 20
*** HOLE CARDS ***
Dealt to Mahu2021 [Tc 4d]
Ramrodding: raises 20 to 40
CHRiZ191: folds 
Mahu2021: folds 
Uncalled bet (20) returned to Ramrodding
Ramrodding collected 50 from pot
*** SUMMARY ***
Total pot 50 | Rake 0 
Seat 1: Mahu2021 (big blind) folded before Flop
Seat 2: Ramrodding (button) collected (50)
Seat 3: CHRiZ191 (small blind) folded before Flop



PokerStars Hand #242833792070: Tournament #3571057698, $0.92+$0.08 USD Hold'em No Limit - Level I (10/20) - 2023/04/02 10:37:24 CET [2023/04/02 4:37:24 ET]
Table '3571057698 1' 3-max Seat #3 is the button
Seat 1: Mahu2021 (480 in chips) 
Seat 2: Ramrodding (570 in chips) 
Seat 3: CHRiZ191 (450 in chips) 
Mahu2021: posts small blind 10
Ramrodding: posts big blind 20
*** HOLE CARDS ***
Dealt to Mahu2021 [4s 8s]
CHRiZ191: calls 20
Mahu2021: calls 10
Ramrodding: checks 
*** FLOP *** [4d Ah 6c]
Mahu2021: checks 
Ramrodding: checks 
CHRiZ191: checks 
*** TURN *** [4d Ah 6c] [4h]
Mahu2021: checks 
Ramrodding: checks 
CHRiZ191: checks 
*** RIVER *** [4d Ah 6c 4h] [9h]
Mahu2021: bets 60
Ramrodding: folds 
CHRiZ191: calls 60
*** SHOW DOWN ***
Mahu2021: shows [4s 8s] (three of a kind, Fours)
CHRiZ191: mucks hand 
Mahu2021 collected 180 from pot
*** SUMMARY ***
Total pot 180 | Rake 0 
Board [4d Ah 6c 4h 9h]
Seat 1: Mahu2021 (small blind) showed [4s 8s] and won (180) with three of a kind, Fours
Seat 2: Ramrodding (big blind) folded on the River
Seat 3: CHRiZ191 (button) mucked [8d As]



PokerStars Hand #242833794674: Tournament #3571057698, $0.92+$0.08 USD Hold'em No Limit - Level I (10/20) - 2023/04/02 10:37:42 CET [2023/04/02 4:37:42 ET]
Table '3571057698 1' 3-max Seat #1 is the button
Seat 1: Mahu2021 (580 in chips) 
Seat 2: Ramrodding (550 in chips) 
Seat 3: CHRiZ191 (370 in chips) 
Ramrodding: posts small blind 10
CHRiZ191: posts big blind 20
*** HOLE CARDS ***
Dealt to Mahu2021 [9c Ah]
Mahu2021: raises 20 to 40
Ramrodding: calls 30
CHRiZ191: folds 
*** FLOP *** [Tc 2s 5s]
Ramrodding: checks 
Mahu2021: checks 
*** TURN *** [Tc 2s 5s] [2d]
Ramrodding: checks 
Mahu2021: checks 
*** RIVER *** [Tc 2s 5s 2d] [Jc]
Ramrodding: checks 
Mahu2021: checks 
*** SHOW DOWN ***
Ramrodding: shows [6h 7h] (a pair of Deuces)
Mahu2021: shows [9c Ah] (a pair of Deuces - Ace kicker)
Mahu2021 collected 100 from pot
*** SUMMARY ***
Total pot 100 | Rake 0 
Board [Tc 2s 5s 2d Jc]
Seat 1: Mahu2021 (button) showed [9c Ah] and won (100) with a pair of Deuces
Seat 2: Ramrodding (small blind) showed [6h 7h] and lost with a pair of Deuces
Seat 3: CHRiZ191 (big blind) folded before Flop



PokerStars Hand #242833796878: Tournament #3571057698, $0.92+$0.08 USD Hold'em No Limit - Level I (10/20) - 2023/04/02 10:37:57 CET [2023/04/02 4:37:57 ET]
Table '3571057698 1' 3-max Seat #2 is the button
Seat 1: Mahu2021 (640 in chips) 
Seat 2: Ramrodding (510 in chips) 
Seat 3: CHRiZ191 (350 in chips) 
CHRiZ191: posts small blind 10
Mahu2021: posts big blind 20
*** HOLE CARDS ***
Dealt to Mahu2021 [Qs 4d]
Ramrodding: folds 
CHRiZ191: calls 10
Mahu2021: checks 
*** FLOP *** [9h 2d 6s]
CHRiZ191: checks 
Mahu2021: checks 
*** TURN *** [9h 2d 6s] [Qh]
CHRiZ191: checks 
Mahu2021: bets 40
CHRiZ191: folds 
Uncalled bet (40) returned to Mahu2021
Mahu2021 collected 40 from pot
Mahu2021: doesn't show hand 
*** SUMMARY ***
Total pot 40 | Rake 0 
Board [9h 2d 6s Qh]
Seat 1: Mahu2021 (big blind) collected (40)
Seat 2: Ramrodding (button) folded before Flop (didn't bet)
Seat 3: CHRiZ191 (small blind) folded on the Turn



PokerStars Hand #242833798926: Tournament #3571057698, $0.92+$0.08 USD Hold'em No Limit - Level I (10/20) - 2023/04/02 10:38:11 CET [2023/04/02 4:38:11 ET]
Table '3571057698 1' 3-max Seat #3 is the button
Seat 1: Mahu2021 (660 in chips) 
Seat 2: Ramrodding (510 in chips) 
Seat 3: CHRiZ191 (330 in chips) 
Mahu2021: posts small blind 10
Ramrodding: posts big blind 20
*** HOLE CARDS ***
Dealt to Mahu2021 [3c Ad]
CHRiZ191: calls 20
Mahu2021: calls 10
Ramrodding: checks 
*** FLOP *** [4h Th 7s]
Mahu2021: checks 
Ramrodding: checks 
CHRiZ191: bets 20
Mahu2021: folds 
Ramrodding: folds 
Uncalled bet (20) returned to CHRiZ191
CHRiZ191 collected 60 from pot
CHRiZ191: doesn't show hand 
*** SUMMARY ***
Total pot 60 | Rake 0 
Board [4h Th 7s]
Seat 1: Mahu2021 (small blind) folded on the Flop
Seat 2: Ramrodding (big blind) folded on the Flop
Seat 3: CHRiZ191 (button) collected (60)



PokerStars Hand #242833801274: Tournament #3571057698, $0.92+$0.08 USD Hold'em No Limit - Level I (10/20) - 2023/04/02 10:38:26 CET [2023/04/02 4:38:26 ET]
Table '3571057698 1' 3-max Seat #1 is the button
Seat 1: Mahu2021 (640 in chips) 
Seat 2: Ramrodding (490 in chips) 
Seat 3: CHRiZ191 (370 in chips) 
Ramrodding: posts small blind 10
CHRiZ191: posts big blind 20
*** HOLE CARDS ***
Dealt to Mahu2021 [5s Th]
Mahu2021: folds 
Ramrodding: raises 20 to 40
CHRiZ191: calls 20
*** FLOP *** [9d Ah Kc]
Ramrodding: checks 
CHRiZ191: bets 40
Ramrodding: folds 
Uncalled bet (40) returned to CHRiZ191
CHRiZ191 collected 80 from pot
CHRiZ191: doesn't show hand 
*** SUMMARY ***
Total pot 80 | Rake 0 
Board [9d Ah Kc]
Seat 1: Mahu2021 (button) folded before Flop (didn't bet)
Seat 2: Ramrodding (small blind) folded on the Flop
Seat 3: CHRiZ191 (big blind) collected (80)



PokerStars Hand #242833803027: Tournament #3571057698, $0.92+$0.08 USD Hold'em No Limit - Level I (10/20) - 2023/04/02 10:38:39 CET [2023/04/02 4:38:39 ET]
Table '3571057698 1' 3-max Seat #2 is the button
Seat 1: Mahu2021 (640 in chips) 
Seat 2: Ramrodding (450 in chips) 
Seat 3: CHRiZ191 (410 in chips) 
CHRiZ191: posts small blind 10
Mahu2021: posts big blind 20
*** HOLE CARDS ***
Dealt to Mahu2021 [Jd 4h]
Ramrodding: folds 
CHRiZ191: folds 
Uncalled bet (10) returned to Mahu2021
Mahu2021 collected 20 from pot
Mahu2021: doesn't show hand 
*** SUMMARY ***
Total pot 20 | Rake 0 
Seat 1: Mahu2021 (big blind) collected (20)
Seat 2: Ramrodding (button) folded before Flop (didn't bet)
Seat 3: CHRiZ191 (small blind) folded before Flop



PokerStars Hand #242833803668: Tournament #3571057698, $0.92+$0.08 USD Hold'em No Limit - Level I (10/20) - 2023/04/02 10:38:43 CET [2023/04/02 4:38:43 ET]
Table '3571057698 1' 3-max Seat #3 is the button
Seat 1: Mahu2021 (650 in chips) 
Seat 2: Ramrodding (450 in chips) 
Seat 3: CHRiZ191 (400 in chips) 
Mahu2021: posts small blind 10
Ramrodding: posts big blind 20
*** HOLE CARDS ***
Dealt to Mahu2021 [8d Tc]
CHRiZ191: calls 20
Mahu2021: calls 10
Ramrodding: checks 
*** FLOP *** [Kc Qd As]
Mahu2021: checks 
Ramrodding: bets 40
CHRiZ191: raises 40 to 80
Mahu2021: folds 
Ramrodding: calls 40
*** TURN *** [Kc Qd As] [5h]
Ramrodding: checks 
CHRiZ191: checks 
*** RIVER *** [Kc Qd As 5h] [Th]
Ramrodding: bets 110
CHRiZ191: calls 110
*** SHOW DOWN ***
Ramrodding: shows [Jd 2s] (a straight, Ten to Ace)
CHRiZ191: mucks hand 
Ramrodding collected 440 from pot
*** SUMMARY ***
Total pot 440 | Rake 0 
Board [Kc Qd As 5h Th]
Seat 1: Mahu2021 (small blind) folded on the Flop
Seat 2: Ramrodding (big blind) showed [Jd 2s] and won (440) with a straight, Ten to Ace
Seat 3: CHRiZ191 (button) mucked [Qs Kh]



PokerStars Hand #242833806572: Tournament #3571057698, $0.92+$0.08 USD Hold'em No Limit - Level I (10/20) - 2023/04/02 10:39:03 CET [2023/04/02 4:39:03 ET]
Table '3571057698 1' 3-max Seat #1 is the button
Seat 1: Mahu2021 (630 in chips) 
Seat 2: Ramrodding (680 in chips) 
Seat 3: CHRiZ191 (190 in chips) 
Ramrodding: posts small blind 10
CHRiZ191: posts big blind 20
*** HOLE CARDS ***
Dealt to Mahu2021 [3d 9s]
Mahu2021: folds 
Ramrodding: raises 20 to 40
CHRiZ191: calls 20
*** FLOP *** [3h 4s 6s]
Ramrodding: bets 40
CHRiZ191: folds 
Uncalled bet (40) returned to Ramrodding
Ramrodding collected 80 from pot
*** SUMMARY ***
Total pot 80 | Rake 0 
Board [3h 4s 6s]
Seat 1: Mahu2021 (button) folded before Flop (didn't bet)
Seat 2: Ramrodding (small blind) collected (80)
Seat 3: CHRiZ191 (big blind) folded on the Flop



PokerStars Hand #242833808041: Tournament #3571057698, $0.92+$0.08 USD Hold'em No Limit - Level I (10/20) - 2023/04/02 10:39:13 CET [2023/04/02 4:39:13 ET]
Table '3571057698 1' 3-max Seat #2 is the button
Seat 1: Mahu2021 (630 in chips) 
Seat 2: Ramrodding (720 in chips) 
Seat 3: CHRiZ191 (150 in chips) 
CHRiZ191: posts small blind 10
Mahu2021: posts big blind 20
*** HOLE CARDS ***
Dealt to Mahu2021 [2h 8s]
Ramrodding: folds 
CHRiZ191: raises 130 to 150 and is all-in
Mahu2021: folds 
Uncalled bet (130) returned to CHRiZ191
CHRiZ191 collected 40 from pot
CHRiZ191: doesn't show hand 
*** SUMMARY ***
Total pot 40 | Rake 0 
Seat 1: Mahu2021 (big blind) folded before Flop
Seat 2: Ramrodding (button) folded before Flop (didn't bet)
Seat 3: CHRiZ191 (small blind) collected (40)



PokerStars Hand #242833808993: Tournament #3571057698, $0.92+$0.08 USD Hold'em No Limit - Level I (10/20) - 2023/04/02 10:39:19 CET [2023/04/02 4:39:19 ET]
Table '3571057698 1' 3-max Seat #3 is the button
Seat 1: Mahu2021 (610 in chips) 
Seat 2: Ramrodding (720 in chips) 
Seat 3: CHRiZ191 (170 in chips) 
Mahu2021: posts small blind 10
Ramrodding: posts big blind 20
*** HOLE CARDS ***
Dealt to Mahu2021 [Qd 4d]
CHRiZ191: folds 
Mahu2021: calls 10
Ramrodding: raises 20 to 40
Mahu2021: calls 20
*** FLOP *** [7c 9h 6h]
Mahu2021: checks 
Ramrodding: checks 
*** TURN *** [7c 9h 6h] [Kd]
Mahu2021: checks 
Ramrodding: bets 40
Mahu2021: folds 
Uncalled bet (40) returned to Ramrodding
Ramrodding collected 80 from pot
*** SUMMARY ***
Total pot 80 | Rake 0 
Board [7c 9h 6h Kd]
Seat 1: Mahu2021 (small blind) folded on the Turn
Seat 2: Ramrodding (big blind) collected (80)
Seat 3: CHRiZ191 (button) folded before Flop (didn't bet)



PokerStars Hand #242833811007: Tournament #3571057698, $0.92+$0.08 USD Hold'em No Limit - Level I (10/20) - 2023/04/02 10:39:33 CET [2023/04/02 4:39:33 ET]
Table '3571057698 1' 3-max Seat #1 is the button
Seat 1: Mahu2021 (570 in chips) 
Seat 2: Ramrodding (760 in chips) 
Seat 3: CHRiZ191 (170 in chips) 
Ramrodding: posts small blind 10
CHRiZ191: posts big blind 20
*** HOLE CARDS ***
Dealt to Mahu2021 [7d Jd]
Mahu2021: calls 20
Ramrodding: calls 10
CHRiZ191: raises 150 to 170 and is all-in
Mahu2021: folds 
Ramrodding: folds 
Uncalled bet (150) returned to CHRiZ191
CHRiZ191 collected 60 from pot
CHRiZ191: doesn't show hand 
*** SUMMARY ***
Total pot 60 | Rake 0 
Seat 1: Mahu2021 (button) folded before Flop
Seat 2: Ramrodding (small blind) folded before Flop
Seat 3: CHRiZ191 (big blind) collected (60)



PokerStars Hand #242833812203: Tournament #3571057698, $0.92+$0.08 USD Hold'em No Limit - Level I (10/20) - 2023/04/02 10:39:41 CET [2023/04/02 4:39:41 ET]
Table '3571057698 1' 3-max Seat #2 is the button
Seat 1: Mahu2021 (550 in chips) 
Seat 2: Ramrodding (740 in chips) 
Seat 3: CHRiZ191 (210 in chips) 
CHRiZ191: posts small blind 10
Mahu2021: posts big blind 20
*** HOLE CARDS ***
Dealt to Mahu2021 [4h 6s]
Ramrodding: raises 20 to 40
CHRiZ191: raises 170 to 210 and is all-in
Mahu2021: folds 
Ramrodding: calls 170
*** FLOP *** [9c 4s 5c]
*** TURN *** [9c 4s 5c] [9h]
*** RIVER *** [9c 4s 5c 9h] [6d]
*** SHOW DOWN ***
CHRiZ191: shows [Kh 7d] (a pair of Nines)
Ramrodding: shows [Jd Qc] (a pair of Nines - lower kicker)
CHRiZ191 collected 440 from pot
*** SUMMARY ***
Total pot 440 | Rake 0 
Board [9c 4s 5c 9h 6d]
Seat 1: Mahu2021 (big blind) folded before Flop
Seat 2: Ramrodding (button) showed [Jd Qc] and lost with a pair of Nines
Seat 3: CHRiZ191 (small blind) showed [Kh 7d] and won (440) with a pair of Nines



PokerStars Hand #242833814520: Tournament #3571057698, $0.92+$0.08 USD Hold'em No Limit - Level I (10/20) - 2023/04/02 10:39:57 CET [2023/04/02 4:39:57 ET]
Table '3571057698 1' 3-max Seat #3 is the button
Seat 1: Mahu2021 (530 in chips) 
Seat 2: Ramrodding (530 in chips) 
Seat 3: CHRiZ191 (440 in chips) 
Mahu2021: posts small blind 10
Ramrodding: posts big blind 20
*** HOLE CARDS ***
Dealt to Mahu2021 [5c 4c]
CHRiZ191: folds 
Mahu2021: calls 10
Ramrodding: raises 20 to 40
Mahu2021: calls 20
*** FLOP *** [Kd Ah 7d]
Mahu2021: checks 
Ramrodding: bets 40
Mahu2021: folds 
Uncalled bet (40) returned to Ramrodding
Ramrodding collected 80 from pot
*** SUMMARY ***
Total pot 80 | Rake 0 
Board [Kd Ah 7d]
Seat 1: Mahu2021 (small blind) folded on the Flop
Seat 2: Ramrodding (big blind) collected (80)
Seat 3: CHRiZ191 (button) folded before Flop (didn't bet)



PokerStars Hand #242833816453: Tournament #3571057698, $0.92+$0.08 USD Hold'em No Limit - Level I (10/20) - 2023/04/02 10:40:09 CET [2023/04/02 4:40:09 ET]
Table '3571057698 1' 3-max Seat #1 is the button
Seat 1: Mahu2021 (490 in chips) 
Seat 2: Ramrodding (570 in chips) 
Seat 3: CHRiZ191 (440 in chips) 
Ramrodding: posts small blind 10
CHRiZ191: posts big blind 20
*** HOLE CARDS ***
Dealt to Mahu2021 [Th 7s]
Mahu2021: folds 
Ramrodding: raises 20 to 40
CHRiZ191: folds 
Uncalled bet (20) returned to Ramrodding
Ramrodding collected 40 from pot
*** SUMMARY ***
Total pot 40 | Rake 0 
Seat 1: Mahu2021 (button) folded before Flop (didn't bet)
Seat 2: Ramrodding (small blind) collected (40)
Seat 3: CHRiZ191 (big blind) folded before Flop



PokerStars Hand #242833817835: Tournament #3571057698, $0.92+$0.08 USD Hold'em No Limit - Level II (15/30) - 2023/04/02 10:40:19 CET [2023/04/02 4:40:19 ET]
Table '3571057698 1' 3-max Seat #2 is the button
Seat 1: Mahu2021 (490 in chips) 
Seat 2: Ramrodding (590 in chips) 
Seat 3: CHRiZ191 (420 in chips) 
CHRiZ191: posts small blind 15
Mahu2021: posts big blind 30
*** HOLE CARDS ***
Dealt to Mahu2021 [6d 5h]
Ramrodding: folds 
CHRiZ191: calls 15
Mahu2021: checks 
*** FLOP *** [7d 7s Js]
CHRiZ191: checks 
Mahu2021: checks 
*** TURN *** [7d 7s Js] [Tc]
CHRiZ191: checks 
Mahu2021: checks 
*** RIVER *** [7d 7s Js Tc] [Ah]
CHRiZ191: checks 
Mahu2021: checks 
*** SHOW DOWN ***
CHRiZ191: shows [4d 9d] (a pair of Sevens)
Mahu2021: shows [6d 5h] (a pair of Sevens)
CHRiZ191 collected 30 from pot
Mahu2021 collected 30 from pot
*** SUMMARY ***
Total pot 60 | Rake 0 
Board [7d 7s Js Tc Ah]
Seat 1: Mahu2021 (big blind) showed [6d 5h] and won (30) with a pair of Sevens
Seat 2: Ramrodding (button) folded before Flop (didn't bet)
Seat 3: CHRiZ191 (small blind) showed [4d 9d] and won (30) with a pair of Sevens



PokerStars Hand #242833819651: Tournament #3571057698, $0.92+$0.08 USD Hold'em No Limit - Level II (15/30) - 2023/04/02 10:40:31 CET [2023/04/02 4:40:31 ET]
Table '3571057698 1' 3-max Seat #3 is the button
Seat 1: Mahu2021 (490 in chips) 
Seat 2: Ramrodding (590 in chips) 
Seat 3: CHRiZ191 (420 in chips) 
Mahu2021: posts small blind 15
Ramrodding: posts big blind 30
*** HOLE CARDS ***
Dealt to Mahu2021 [4d 6h]
CHRiZ191: calls 30
Mahu2021: folds 
Ramrodding: checks 
*** FLOP *** [7c 4s As]
Ramrodding: bets 60
CHRiZ191: folds 
Uncalled bet (60) returned to Ramrodding
Ramrodding collected 75 from pot
*** SUMMARY ***
Total pot 75 | Rake 0 
Board [7c 4s As]
Seat 1: Mahu2021 (small blind) folded before Flop
Seat 2: Ramrodding (big blind) collected (75)
Seat 3: CHRiZ191 (button) folded on the Flop



PokerStars Hand #242833821300: Tournament #3571057698, $0.92+$0.08 USD Hold'em No Limit - Level II (15/30) - 2023/04/02 10:40:41 CET [2023/04/02 4:40:41 ET]
Table '3571057698 1' 3-max Seat #1 is the button
Seat 1: Mahu2021 (475 in chips) 
Seat 2: Ramrodding (635 in chips) 
Seat 3: CHRiZ191 (390 in chips) 
Ramrodding: posts small blind 15
CHRiZ191: posts big blind 30
*** HOLE CARDS ***
Dealt to Mahu2021 [Jh 9c]
Mahu2021: calls 30
Ramrodding: calls 15
CHRiZ191: checks 
*** FLOP *** [Qc 4c 3d]
Ramrodding: checks 
CHRiZ191: checks 
Mahu2021: checks 
*** TURN *** [Qc 4c 3d] [6s]
Ramrodding: checks 
CHRiZ191: checks 
Mahu2021: checks 
*** RIVER *** [Qc 4c 3d 6s] [Ts]
Ramrodding: checks 
CHRiZ191: checks 
Mahu2021: checks 
*** SHOW DOWN ***
Ramrodding: shows [Ks 7s] (high card King)
CHRiZ191: mucks hand 
Mahu2021: mucks hand 
Ramrodding collected 90 from pot
*** SUMMARY ***
Total pot 90 | Rake 0 
Board [Qc 4c 3d 6s Ts]
Seat 1: Mahu2021 (button) mucked [Jh 9c]
Seat 2: Ramrodding (small blind) showed [Ks 7s] and won (90) with high card King
Seat 3: CHRiZ191 (big blind) mucked [5h 8h]



PokerStars Hand #242833823764: Tournament #3571057698, $0.92+$0.08 USD Hold'em No Limit - Level II (15/30) - 2023/04/02 10:40:57 CET [2023/04/02 4:40:57 ET]
Table '3571057698 1' 3-max Seat #2 is the button
Seat 1: Mahu2021 (445 in chips) 
Seat 2: Ramrodding (695 in chips) 
Seat 3: CHRiZ191 (360 in chips) 
CHRiZ191: posts small blind 15
Mahu2021: posts big blind 30
*** HOLE CARDS ***
Dealt to Mahu2021 [5s 8s]
Ramrodding: folds 
CHRiZ191: folds 
Uncalled bet (15) returned to Mahu2021
Mahu2021 collected 30 from pot
Mahu2021: doesn't show hand 
*** SUMMARY ***
Total pot 30 | Rake 0 
Seat 1: Mahu2021 (big blind) collected (30)
Seat 2: Ramrodding (button) folded before Flop (didn't bet)
Seat 3: CHRiZ191 (small blind) folded before Flop



PokerStars Hand #242833824457: Tournament #3571057698, $0.92+$0.08 USD Hold'em No Limit - Level II (15/30) - 2023/04/02 10:41:02 CET [2023/04/02 4:41:02 ET]
Table '3571057698 1' 3-max Seat #3 is the button
Seat 1: Mahu2021 (460 in chips) 
Seat 2: Ramrodding (695 in chips) 
Seat 3: CHRiZ191 (345 in chips) 
Mahu2021: posts small blind 15
Ramrodding: posts big blind 30
*** HOLE CARDS ***
Dealt to Mahu2021 [9h 6h]
CHRiZ191: folds 
Mahu2021: raises 30 to 60
Ramrodding: folds 
Uncalled bet (30) returned to Mahu2021
Mahu2021 collected 60 from pot
Mahu2021: doesn't show hand 
*** SUMMARY ***
Total pot 60 | Rake 0 
Seat 1: Mahu2021 (small blind) collected (60)
Seat 2: Ramrodding (big blind) folded before Flop
Seat 3: CHRiZ191 (button) folded before Flop (didn't bet)



PokerStars Hand #242833825461: Tournament #3571057698, $0.92+$0.08 USD Hold'em No Limit - Level II (15/30) - 2023/04/02 10:41:08 CET [2023/04/02 4:41:08 ET]
Table '3571057698 1' 3-max Seat #1 is the button
Seat 1: Mahu2021 (490 in chips) 
Seat 2: Ramrodding (665 in chips) 
Seat 3: CHRiZ191 (345 in chips) 
Ramrodding: posts small blind 15
CHRiZ191: posts big blind 30
*** HOLE CARDS ***
Dealt to Mahu2021 [Kd 3s]
Mahu2021: folds 
Ramrodding: calls 15
CHRiZ191: checks 
*** FLOP *** [Ac 7d 3d]
Ramrodding: bets 60
CHRiZ191: calls 60
*** TURN *** [Ac 7d 3d] [6c]
Ramrodding: checks 
CHRiZ191: checks 
*** RIVER *** [Ac 7d 3d 6c] [Js]
Ramrodding: checks 
CHRiZ191: checks 
*** SHOW DOWN ***
Ramrodding: shows [7h 5h] (a pair of Sevens)
CHRiZ191: shows [4s 7s] (a pair of Sevens)
Ramrodding collected 90 from pot
CHRiZ191 collected 90 from pot
*** SUMMARY ***
Total pot 180 | Rake 0 
Board [Ac 7d 3d 6c Js]
Seat 1: Mahu2021 (button) folded before Flop (didn't bet)
Seat 2: Ramrodding (small blind) showed [7h 5h] and won (90) with a pair of Sevens
Seat 3: CHRiZ191 (big blind) showed [4s 7s] and won (90) with a pair of Sevens



PokerStars Hand #242833827729: Tournament #3571057698, $0.92+$0.08 USD Hold'em No Limit - Level II (15/30) - 2023/04/02 10:41:23 CET [2023/04/02 4:41:23 ET]
Table '3571057698 1' 3-max Seat #2 is the button
Seat 1: Mahu2021 (490 in chips) 
Seat 2: Ramrodding (665 in chips) 
Seat 3: CHRiZ191 (345 in chips) 
CHRiZ191: posts small blind 15
Mahu2021: posts big blind 30
*** HOLE CARDS ***
Dealt to Mahu2021 [7s 6c]
Ramrodding: calls 30
CHRiZ191: calls 15
Mahu2021: checks 
*** FLOP *** [Ac Qd Ad]
CHRiZ191: checks 
Mahu2021: checks 
Ramrodding: checks 
*** TURN *** [Ac Qd Ad] [8c]
CHRiZ191: checks 
Mahu2021: bets 30
Ramrodding: raises 30 to 60
CHRiZ191: folds 
Mahu2021: folds 
Uncalled bet (30) returned to Ramrodding
Ramrodding collected 150 from pot
*** SUMMARY ***
Total pot 150 | Rake 0 
Board [Ac Qd Ad 8c]
Seat 1: Mahu2021 (big blind) folded on the Turn
Seat 2: Ramrodding (button) collected (150)
Seat 3: CHRiZ191 (small blind) folded on the Turn



PokerStars Hand #242833830057: Tournament #3571057698, $0.92+$0.08 USD Hold'em No Limit - Level II (15/30) - 2023/04/02 10:41:38 CET [2023/04/02 4:41:38 ET]
Table '3571057698 1' 3-max Seat #3 is the button
Seat 1: Mahu2021 (430 in chips) 
Seat 2: Ramrodding (755 in chips) 
Seat 3: CHRiZ191 (315 in chips) 
Mahu2021: posts small blind 15
Ramrodding: posts big blind 30
*** HOLE CARDS ***
Dealt to Mahu2021 [3h 4c]
CHRiZ191: calls 30
Mahu2021: calls 15
Ramrodding: checks 
*** FLOP *** [3d 5s 4d]
Mahu2021: bets 400 and is all-in
Ramrodding: folds 
CHRiZ191: folds 
Uncalled bet (400) returned to Mahu2021
Mahu2021 collected 90 from pot
Mahu2021: doesn't show hand 
*** SUMMARY ***
Total pot 90 | Rake 0 
Board [3d 5s 4d]
Seat 1: Mahu2021 (small blind) collected (90)
Seat 2: Ramrodding (big blind) folded on the Flop
Seat 3: CHRiZ191 (button) folded on the Flop



PokerStars Hand #242833832430: Tournament #3571057698, $0.92+$0.08 USD Hold'em No Limit - Level II (15/30) - 2023/04/02 10:41:54 CET [2023/04/02 4:41:54 ET]
Table '3571057698 1' 3-max Seat #1 is the button
Seat 1: Mahu2021 (490 in chips) 
Seat 2: Ramrodding (725 in chips) 
Seat 3: CHRiZ191 (285 in chips) 
Ramrodding: posts small blind 15
CHRiZ191: posts big blind 30
*** HOLE CARDS ***
Dealt to Mahu2021 [5d Kh]
Mahu2021: folds 
Ramrodding: calls 15
CHRiZ191: checks 
*** FLOP *** [Qh 5h 3s]
Ramrodding: bets 60
CHRiZ191: calls 60
*** TURN *** [Qh 5h 3s] [Qc]
Ramrodding: bets 180
CHRiZ191: folds 
Uncalled bet (180) returned to Ramrodding
Ramrodding collected 180 from pot
*** SUMMARY ***
Total pot 180 | Rake 0 
Board [Qh 5h 3s Qc]
Seat 1: Mahu2021 (button) folded before Flop (didn't bet)
Seat 2: Ramrodding (small blind) collected (180)
Seat 3: CHRiZ191 (big blind) folded on the Turn



PokerStars Hand #242833834985: Tournament #3571057698, $0.92+$0.08 USD Hold'em No Limit - Level II (15/30) - 2023/04/02 10:42:10 CET [2023/04/02 4:42:10 ET]
Table '3571057698 1' 3-max Seat #2 is the button
Seat 1: Mahu2021 (490 in chips) 
Seat 2: Ramrodding (815 in chips) 
Seat 3: CHRiZ191 (195 in chips) 
CHRiZ191: posts small blind 15
Mahu2021: posts big blind 30
*** HOLE CARDS ***
Dealt to Mahu2021 [6d 8d]
Ramrodding: folds 
CHRiZ191: raises 165 to 195 and is all-in
Mahu2021: folds 
Uncalled bet (165) returned to CHRiZ191
CHRiZ191 collected 60 from pot
CHRiZ191: doesn't show hand 
*** SUMMARY ***
Total pot 60 | Rake 0 
Seat 1: Mahu2021 (big blind) folded before Flop
Seat 2: Ramrodding (button) folded before Flop (didn't bet)
Seat 3: CHRiZ191 (small blind) collected (60)



PokerStars Hand #242833836173: Tournament #3571057698, $0.92+$0.08 USD Hold'em No Limit - Level II (15/30) - 2023/04/02 10:42:18 CET [2023/04/02 4:42:18 ET]
Table '3571057698 1' 3-max Seat #3 is the button
Seat 1: Mahu2021 (460 in chips) 
Seat 2: Ramrodding (815 in chips) 
Seat 3: CHRiZ191 (225 in chips) 
Mahu2021: posts small blind 15
Ramrodding: posts big blind 30
*** HOLE CARDS ***
Dealt to Mahu2021 [Ah Qd]
CHRiZ191: folds 
Mahu2021: raises 30 to 60
Ramrodding: calls 30
*** FLOP *** [Ad 3s 7h]
Mahu2021: checks 
Ramrodding: checks 
*** TURN *** [Ad 3s 7h] [7s]
Mahu2021: checks 
Ramrodding: checks 
*** RIVER *** [Ad 3s 7h 7s] [Qc]
Mahu2021: bets 120
Ramrodding: folds 
Uncalled bet (120) returned to Mahu2021
Mahu2021 collected 120 from pot
Mahu2021: doesn't show hand 
*** SUMMARY ***
Total pot 120 | Rake 0 
Board [Ad 3s 7h 7s Qc]
Seat 1: Mahu2021 (small blind) collected (120)
Seat 2: Ramrodding (big blind) folded on the River
Seat 3: CHRiZ191 (button) folded before Flop (didn't bet)



PokerStars Hand #242833838560: Tournament #3571057698, $0.92+$0.08 USD Hold'em No Limit - Level II (15/30) - 2023/04/02 10:42:33 CET [2023/04/02 4:42:33 ET]
Table '3571057698 1' 3-max Seat #1 is the button
Seat 1: Mahu2021 (520 in chips) 
Seat 2: Ramrodding (755 in chips) 
Seat 3: CHRiZ191 (225 in chips) 
Ramrodding: posts small blind 15
CHRiZ191: posts big blind 30
*** HOLE CARDS ***
Dealt to Mahu2021 [Kc 4d]
Mahu2021: folds 
Ramrodding: raises 725 to 755 and is all-in
CHRiZ191: calls 195 and is all-in
Uncalled bet (530) returned to Ramrodding
*** FLOP *** [7d Td 7s]
*** TURN *** [7d Td 7s] [4s]
*** RIVER *** [7d Td 7s 4s] [Jh]
*** SHOW DOWN ***
Ramrodding: shows [4c 4h] (a full house, Fours full of Sevens)
CHRiZ191: shows [2s 2c] (two pair, Sevens and Deuces)
Ramrodding collected 450 from pot
CHRiZ191 finished the tournament in 3rd place
*** SUMMARY ***
Total pot 450 | Rake 0 
Board [7d Td 7s 4s Jh]
Seat 1: Mahu2021 (button) folded before Flop (didn't bet)
Seat 2: Ramrodding (small blind) showed [4c 4h] and won (450) with a full house, Fours full of Sevens
Seat 3: CHRiZ191 (big blind) showed [2s 2c] and lost with two pair, Sevens and Deuces



PokerStars Hand #242833840993: Tournament #3571057698, $0.92+$0.08 USD Hold'em No Limit - Level II (15/30) - 2023/04/02 10:42:49 CET [2023/04/02 4:42:49 ET]
Table '3571057698 1' 3-max Seat #2 is the button
Seat 1: Mahu2021 (520 in chips) 
Seat 2: Ramrodding (980 in chips) 
Ramrodding: posts small blind 15
Mahu2021: posts big blind 30
*** HOLE CARDS ***
Dealt to Mahu2021 [Jd As]
Ramrodding: folds 
Uncalled bet (15) returned to Mahu2021
Mahu2021 collected 30 from pot
Mahu2021: doesn't show hand 
*** SUMMARY ***
Total pot 30 | Rake 0 
Seat 1: Mahu2021 (big blind) collected (30)
Seat 2: Ramrodding (button) (small blind) folded before Flop



PokerStars Hand #242833841595: Tournament #3571057698, $0.92+$0.08 USD Hold'em No Limit - Level II (15/30) - 2023/04/02 10:42:53 CET [2023/04/02 4:42:53 ET]
Table '3571057698 1' 3-max Seat #1 is the button
Seat 1: Mahu2021 (535 in chips) 
Seat 2: Ramrodding (965 in chips) 
Mahu2021: posts small blind 15
Ramrodding: posts big blind 30
*** HOLE CARDS ***
Dealt to Mahu2021 [9c 3s]
Mahu2021: folds 
Uncalled bet (15) returned to Ramrodding
Ramrodding collected 30 from pot
*** SUMMARY ***
Total pot 30 | Rake 0 
Seat 1: Mahu2021 (button) (small blind) folded before Flop
Seat 2: Ramrodding (big blind) collected (30)



PokerStars Hand #242833842298: Tournament #3571057698, $0.92+$0.08 USD Hold'em No Limit - Level II (15/30) - 2023/04/02 10:42:58 CET [2023/04/02 4:42:58 ET]
Table '3571057698 1' 3-max Seat #2 is the button
Seat 1: Mahu2021 (520 in chips) 
Seat 2: Ramrodding (980 in chips) 
Ramrodding: posts small blind 15
Mahu2021: posts big blind 30
*** HOLE CARDS ***
Dealt to Mahu2021 [5d 2d]
Ramrodding: calls 15
Mahu2021: checks 
*** FLOP *** [6s Ks 5s]
Mahu2021: checks 
Ramrodding: bets 60
Mahu2021: folds 
Uncalled bet (60) returned to Ramrodding
Ramrodding collected 60 from pot
*** SUMMARY ***
Total pot 60 | Rake 0 
Board [6s Ks 5s]
Seat 1: Mahu2021 (big blind) folded on the Flop
Seat 2: Ramrodding (button) (small blind) collected (60)



PokerStars Hand #242833843792: Tournament #3571057698, $0.92+$0.08 USD Hold'em No Limit - Level II (15/30) - 2023/04/02 10:43:07 CET [2023/04/02 4:43:07 ET]
Table '3571057698 1' 3-max Seat #1 is the button
Seat 1: Mahu2021 (490 in chips) 
Seat 2: Ramrodding (1010 in chips) 
Mahu2021: posts small blind 15
Ramrodding: posts big blind 30
*** HOLE CARDS ***
Dealt to Mahu2021 [Jc 5s]
Mahu2021: folds 
Uncalled bet (15) returned to Ramrodding
Ramrodding collected 30 from pot
*** SUMMARY ***
Total pot 30 | Rake 0 
Seat 1: Mahu2021 (button) (small blind) folded before Flop
Seat 2: Ramrodding (big blind) collected (30)



PokerStars Hand #242833844915: Tournament #3571057698, $0.92+$0.08 USD Hold'em No Limit - Level III (20/40) - 2023/04/02 10:43:15 CET [2023/04/02 4:43:15 ET]
Table '3571057698 1' 3-max Seat #2 is the button
Seat 1: Mahu2021 (475 in chips) 
Seat 2: Ramrodding (1025 in chips) 
Ramrodding: posts small blind 20
Mahu2021: posts big blind 40
*** HOLE CARDS ***
Dealt to Mahu2021 [Kd Jd]
Ramrodding: calls 20
Mahu2021: checks 
*** FLOP *** [4c 3d 6h]
Mahu2021: checks 
Ramrodding: bets 80
Mahu2021: calls 80
*** TURN *** [4c 3d 6h] [4h]
Mahu2021: checks 
Ramrodding: checks 
*** RIVER *** [4c 3d 6h 4h] [8s]
Mahu2021: checks 
Ramrodding: checks 
*** SHOW DOWN ***
Mahu2021: shows [Kd Jd] (a pair of Fours)
Ramrodding: shows [6c Qd] (two pair, Sixes and Fours)
Ramrodding collected 240 from pot
*** SUMMARY ***
Total pot 240 | Rake 0 
Board [4c 3d 6h 4h 8s]
Seat 1: Mahu2021 (big blind) showed [Kd Jd] and lost with a pair of Fours
Seat 2: Ramrodding (button) (small blind) showed [6c Qd] and won (240) with two pair, Sixes and Fours



PokerStars Hand #242833846981: Tournament #3571057698, $0.92+$0.08 USD Hold'em No Limit - Level III (20/40) - 2023/04/02 10:43:28 CET [2023/04/02 4:43:28 ET]
Table '3571057698 1' 3-max Seat #1 is the button
Seat 1: Mahu2021 (355 in chips) 
Seat 2: Ramrodding (1145 in chips) 
Mahu2021: posts small blind 20
Ramrodding: posts big blind 40
*** HOLE CARDS ***
Dealt to Mahu2021 [9c 6s]
Mahu2021: folds 
Uncalled bet (20) returned to Ramrodding
Ramrodding collected 40 from pot
*** SUMMARY ***
Total pot 40 | Rake 0 
Seat 1: Mahu2021 (button) (small blind) folded before Flop
Seat 2: Ramrodding (big blind) collected (40)



PokerStars Hand #242833847654: Tournament #3571057698, $0.92+$0.08 USD Hold'em No Limit - Level III (20/40) - 2023/04/02 10:43:33 CET [2023/04/02 4:43:33 ET]
Table '3571057698 1' 3-max Seat #2 is the button
Seat 1: Mahu2021 (335 in chips) 
Seat 2: Ramrodding (1165 in chips) 
Ramrodding: posts small blind 20
Mahu2021: posts big blind 40
*** HOLE CARDS ***
Dealt to Mahu2021 [3h Ah]
Ramrodding: folds 
Uncalled bet (20) returned to Mahu2021
Mahu2021 collected 40 from pot
Mahu2021: doesn't show hand 
*** SUMMARY ***
Total pot 40 | Rake 0 
Seat 1: Mahu2021 (big blind) collected (40)
Seat 2: Ramrodding (button) (small blind) folded before Flop



PokerStars Hand #242833848242: Tournament #3571057698, $0.92+$0.08 USD Hold'em No Limit - Level III (20/40) - 2023/04/02 10:43:37 CET [2023/04/02 4:43:37 ET]
Table '3571057698 1' 3-max Seat #1 is the button
Seat 1: Mahu2021 (355 in chips) 
Seat 2: Ramrodding (1145 in chips) 
Mahu2021: posts small blind 20
Ramrodding: posts big blind 40
*** HOLE CARDS ***
Dealt to Mahu2021 [Kd 9c]
Mahu2021: raises 315 to 355 and is all-in
Ramrodding: folds 
Uncalled bet (315) returned to Mahu2021
Mahu2021 collected 80 from pot
Mahu2021: doesn't show hand 
*** SUMMARY ***
Total pot 80 | Rake 0 
Seat 1: Mahu2021 (button) (small blind) collected (80)
Seat 2: Ramrodding (big blind) folded before Flop



PokerStars Hand #242833849109: Tournament #3571057698, $0.92+$0.08 USD Hold'em No Limit - Level III (20/40) - 2023/04/02 10:43:43 CET [2023/04/02 4:43:43 ET]
Table '3571057698 1' 3-max Seat #2 is the button
Seat 1: Mahu2021 (395 in chips) 
Seat 2: Ramrodding (1105 in chips) 
Ramrodding: posts small blind 20
Mahu2021: posts big blind 40
*** HOLE CARDS ***
Dealt to Mahu2021 [Jh 8h]
Ramrodding: folds 
Uncalled bet (20) returned to Mahu2021
Mahu2021 collected 40 from pot
Mahu2021: doesn't show hand 
*** SUMMARY ***
Total pot 40 | Rake 0 
Seat 1: Mahu2021 (big blind) collected (40)
Seat 2: Ramrodding (button) (small blind) folded before Flop



PokerStars Hand #242833849617: Tournament #3571057698, $0.92+$0.08 USD Hold'em No Limit - Level III (20/40) - 2023/04/02 10:43:46 CET [2023/04/02 4:43:46 ET]
Table '3571057698 1' 3-max Seat #1 is the button
Seat 1: Mahu2021 (415 in chips) 
Seat 2: Ramrodding (1085 in chips) 
Mahu2021: posts small blind 20
Ramrodding: posts big blind 40
*** HOLE CARDS ***
Dealt to Mahu2021 [7c 2d]
Mahu2021: folds 
Uncalled bet (20) returned to Ramrodding
Ramrodding collected 40 from pot
*** SUMMARY ***
Total pot 40 | Rake 0 
Seat 1: Mahu2021 (button) (small blind) folded before Flop
Seat 2: Ramrodding (big blind) collected (40)



PokerStars Hand #242833850349: Tournament #3571057698, $0.92+$0.08 USD Hold'em No Limit - Level III (20/40) - 2023/04/02 10:43:51 CET [2023/04/02 4:43:51 ET]
Table '3571057698 1' 3-max Seat #2 is the button
Seat 1: Mahu2021 (395 in chips) 
Seat 2: Ramrodding (1105 in chips) 
Ramrodding: posts small blind 20
Mahu2021: posts big blind 40
*** HOLE CARDS ***
Dealt to Mahu2021 [6c Qc]
Ramrodding: folds 
Uncalled bet (20) returned to Mahu2021
Mahu2021 collected 40 from pot
Mahu2021: doesn't show hand 
*** SUMMARY ***
Total pot 40 | Rake 0 
Seat 1: Mahu2021 (big blind) collected (40)
Seat 2: Ramrodding (button) (small blind) folded before Flop



PokerStars Hand #242833850874: Tournament #3571057698, $0.92+$0.08 USD Hold'em No Limit - Level III (20/40) - 2023/04/02 10:43:55 CET [2023/04/02 4:43:55 ET]
Table '3571057698 1' 3-max Seat #1 is the button
Seat 1: Mahu2021 (415 in chips) 
Seat 2: Ramrodding (1085 in chips) 
Mahu2021: posts small blind 20
Ramrodding: posts big blind 40
*** HOLE CARDS ***
Dealt to Mahu2021 [Ad 8h]
Mahu2021: raises 375 to 415 and is all-in
Ramrodding: folds 
Uncalled bet (375) returned to Mahu2021
Mahu2021 collected 80 from pot
Mahu2021: doesn't show hand 
*** SUMMARY ***
Total pot 80 | Rake 0 
Seat 1: Mahu2021 (button) (small blind) collected (80)
Seat 2: Ramrodding (big blind) folded before Flop



PokerStars Hand #242833851827: Tournament #3571057698, $0.92+$0.08 USD Hold'em No Limit - Level III (20/40) - 2023/04/02 10:44:01 CET [2023/04/02 4:44:01 ET]
Table '3571057698 1' 3-max Seat #2 is the button
Seat 1: Mahu2021 (455 in chips) 
Seat 2: Ramrodding (1045 in chips) 
Ramrodding: posts small blind 20
Mahu2021: posts big blind 40
*** HOLE CARDS ***
Dealt to Mahu2021 [Qd 9s]
Ramrodding: raises 1005 to 1045 and is all-in
Mahu2021: calls 415 and is all-in
Uncalled bet (590) returned to Ramrodding
*** FLOP *** [Kd 5c 8s]
*** TURN *** [Kd 5c 8s] [2h]
*** RIVER *** [Kd 5c 8s 2h] [Th]
*** SHOW DOWN ***
Mahu2021: shows [Qd 9s] (high card King)
Ramrodding: shows [4s 4h] (a pair of Fours)
Ramrodding collected 910 from pot
Mahu2021 finished the tournament in 2nd place
Ramrodding wins the tournament and receives $5.00 - congratulations!
*** SUMMARY ***
Total pot 910 | Rake 0 
Board [Kd 5c 8s 2h Th]
Seat 1: Mahu2021 (big blind) showed [Qd 9s] and lost with high card King
Seat 2: Ramrodding (button) (small blind) showed [4s 4h] and won (910) with a pair of Fours



