PokerStars Hand #254015398527: Tournament #3837965942, $1.84+$0.16 USD Hold'em No Limit - Level I (10/20) - 2024/12/25 9:43:15 CET [2024/12/25 3:43:15 ET]
Table '3837965942 1' 3-max Seat #1 is the button
Seat 1: Majestik1715 (500 in chips) 
Seat 2: Mahu2021 (500 in chips) 
Seat 3: jelh29 (500 in chips) 
Mahu2021: posts small blind 10
jelh29: posts big blind 20
*** HOLE CARDS ***
Dealt to Mahu2021 [4d Qs]
Majestik1715: folds 
Mahu2021: folds 
Uncalled bet (10) returned to jelh29
jelh29 collected 20 from pot
*** SUMMARY ***
Total pot 20 | Rake 0 
Seat 1: Majestik1715 (button) folded before Flop (didn't bet)
Seat 2: Mahu2021 (small blind) folded before Flop
Seat 3: jelh29 (big blind) collected (20)



PokerStars Hand #254015398983: Tournament #3837965942, $1.84+$0.16 USD Hold'em No Limit - Level I (10/20) - 2024/12/25 9:43:20 CET [2024/12/25 3:43:20 ET]
Table '3837965942 1' 3-max Seat #2 is the button
Seat 1: Majestik1715 (500 in chips) 
Seat 2: Mahu2021 (490 in chips) 
Seat 3: jelh29 (510 in chips) 
jelh29: posts small blind 10
Majestik1715: posts big blind 20
*** HOLE CARDS ***
Dealt to Mahu2021 [7c 3d]
Mahu2021: folds 
jelh29: folds 
Uncalled bet (10) returned to Majestik1715
Majestik1715 collected 20 from pot
*** SUMMARY ***
Total pot 20 | Rake 0 
Seat 1: Majestik1715 (big blind) collected (20)
Seat 2: Mahu2021 (button) folded before Flop (didn't bet)
Seat 3: jelh29 (small blind) folded before Flop



PokerStars Hand #254015400093: Tournament #3837965942, $1.84+$0.16 USD Hold'em No Limit - Level I (10/20) - 2024/12/25 9:43:33 CET [2024/12/25 3:43:33 ET]
Table '3837965942 1' 3-max Seat #3 is the button
Seat 1: Majestik1715 (510 in chips) 
Seat 2: Mahu2021 (490 in chips) 
Seat 3: jelh29 (500 in chips) 
Majestik1715: posts small blind 10
Mahu2021: posts big blind 20
*** HOLE CARDS ***
Dealt to Mahu2021 [6h Jc]
jelh29: calls 20
Majestik1715: folds 
Mahu2021: checks 
*** FLOP *** [4h Td Qs]
Mahu2021: checks 
jelh29: checks 
*** TURN *** [4h Td Qs] [Ac]
Mahu2021: checks 
jelh29: checks 
*** RIVER *** [4h Td Qs Ac] [4c]
Mahu2021: checks 
jelh29: checks 
*** SHOW DOWN ***
Mahu2021: shows [6h Jc] (a pair of Fours)
jelh29: mucks hand 
Mahu2021 collected 50 from pot
*** SUMMARY ***
Total pot 50 | Rake 0 
Board [4h Td Qs Ac 4c]
Seat 1: Majestik1715 (small blind) folded before Flop
Seat 2: Mahu2021 (big blind) showed [6h Jc] and won (50) with a pair of Fours
Seat 3: jelh29 (button) mucked [3h 5h]



PokerStars Hand #254015403380: Tournament #3837965942, $1.84+$0.16 USD Hold'em No Limit - Level I (10/20) - 2024/12/25 9:44:11 CET [2024/12/25 3:44:11 ET]
Table '3837965942 1' 3-max Seat #1 is the button
Seat 1: Majestik1715 (500 in chips) 
Seat 2: Mahu2021 (520 in chips) 
Seat 3: jelh29 (480 in chips) 
Mahu2021: posts small blind 10
jelh29: posts big blind 20
*** HOLE CARDS ***
Dealt to Mahu2021 [6h Qh]
Majestik1715: folds 
Mahu2021: raises 20 to 40
jelh29: folds 
Uncalled bet (20) returned to Mahu2021
Mahu2021 collected 40 from pot
Mahu2021: doesn't show hand 
*** SUMMARY ***
Total pot 40 | Rake 0 
Seat 1: Majestik1715 (button) folded before Flop (didn't bet)
Seat 2: Mahu2021 (small blind) collected (40)
Seat 3: jelh29 (big blind) folded before Flop



PokerStars Hand #254015404363: Tournament #3837965942, $1.84+$0.16 USD Hold'em No Limit - Level I (10/20) - 2024/12/25 9:44:22 CET [2024/12/25 3:44:22 ET]
Table '3837965942 1' 3-max Seat #2 is the button
Seat 1: Majestik1715 (500 in chips) 
Seat 2: Mahu2021 (540 in chips) 
Seat 3: jelh29 (460 in chips) 
jelh29: posts small blind 10
Majestik1715: posts big blind 20
*** HOLE CARDS ***
Dealt to Mahu2021 [Qc 6s]
Mahu2021: folds 
jelh29: calls 10
Majestik1715: checks 
*** FLOP *** [4h 6h 4c]
jelh29: checks 
Majestik1715: bets 40
jelh29: folds 
Uncalled bet (40) returned to Majestik1715
Majestik1715 collected 40 from pot
*** SUMMARY ***
Total pot 40 | Rake 0 
Board [4h 6h 4c]
Seat 1: Majestik1715 (big blind) collected (40)
Seat 2: Mahu2021 (button) folded before Flop (didn't bet)
Seat 3: jelh29 (small blind) folded on the Flop



PokerStars Hand #254015405757: Tournament #3837965942, $1.84+$0.16 USD Hold'em No Limit - Level I (10/20) - 2024/12/25 9:44:38 CET [2024/12/25 3:44:38 ET]
Table '3837965942 1' 3-max Seat #3 is the button
Seat 1: Majestik1715 (520 in chips) 
Seat 2: Mahu2021 (540 in chips) 
Seat 3: jelh29 (440 in chips) 
Majestik1715: posts small blind 10
Mahu2021: posts big blind 20
*** HOLE CARDS ***
Dealt to Mahu2021 [7c Th]
jelh29: folds 
Majestik1715: calls 10
Mahu2021: checks 
*** FLOP *** [3h Ts 2h]
Majestik1715: checks 
Mahu2021: bets 20
Majestik1715: calls 20
*** TURN *** [3h Ts 2h] [Kc]
Majestik1715: checks 
Mahu2021: checks 
*** RIVER *** [3h Ts 2h Kc] [9c]
Majestik1715: bets 40
Mahu2021: calls 40
*** SHOW DOWN ***
Majestik1715: shows [6d Td] (a pair of Tens)
Mahu2021: shows [7c Th] (a pair of Tens - King+Nine+Seven kicker)
Mahu2021 collected 160 from pot
*** SUMMARY ***
Total pot 160 | Rake 0 
Board [3h Ts 2h Kc 9c]
Seat 1: Majestik1715 (small blind) showed [6d Td] and lost with a pair of Tens
Seat 2: Mahu2021 (big blind) showed [7c Th] and won (160) with a pair of Tens
Seat 3: jelh29 (button) folded before Flop (didn't bet)



PokerStars Hand #254015407669: Tournament #3837965942, $1.84+$0.16 USD Hold'em No Limit - Level I (10/20) - 2024/12/25 9:44:59 CET [2024/12/25 3:44:59 ET]
Table '3837965942 1' 3-max Seat #1 is the button
Seat 1: Majestik1715 (440 in chips) 
Seat 2: Mahu2021 (620 in chips) 
Seat 3: jelh29 (440 in chips) 
Mahu2021: posts small blind 10
jelh29: posts big blind 20
*** HOLE CARDS ***
Dealt to Mahu2021 [4s 6c]
Majestik1715: calls 20
Mahu2021: folds 
jelh29: checks 
*** FLOP *** [7s 5h Ah]
jelh29: checks 
Majestik1715: checks 
*** TURN *** [7s 5h Ah] [4h]
jelh29: checks 
Majestik1715: bets 50
jelh29: calls 50
*** RIVER *** [7s 5h Ah 4h] [8d]
jelh29: checks 
Majestik1715: bets 20
jelh29: folds 
Uncalled bet (20) returned to Majestik1715
Majestik1715 collected 150 from pot
*** SUMMARY ***
Total pot 150 | Rake 0 
Board [7s 5h Ah 4h 8d]
Seat 1: Majestik1715 (button) collected (150)
Seat 2: Mahu2021 (small blind) folded before Flop
Seat 3: jelh29 (big blind) folded on the River



PokerStars Hand #254015411064: Tournament #3837965942, $1.84+$0.16 USD Hold'em No Limit - Level II (15/30) - 2024/12/25 9:45:38 CET [2024/12/25 3:45:38 ET]
Table '3837965942 1' 3-max Seat #2 is the button
Seat 1: Majestik1715 (520 in chips) 
Seat 2: Mahu2021 (610 in chips) 
Seat 3: jelh29 (370 in chips) 
jelh29: posts small blind 15
Majestik1715: posts big blind 30
*** HOLE CARDS ***
Dealt to Mahu2021 [8c Qh]
Mahu2021: raises 30 to 60
jelh29: folds 
Majestik1715: calls 30
*** FLOP *** [9c Kc 4s]
Majestik1715: checks 
Mahu2021: checks 
*** TURN *** [9c Kc 4s] [9h]
Majestik1715: checks 
Mahu2021: checks 
*** RIVER *** [9c Kc 4s 9h] [8s]
Majestik1715: checks 
Mahu2021: checks 
*** SHOW DOWN ***
Majestik1715: shows [Jh Qs] (a pair of Nines)
Mahu2021: shows [8c Qh] (two pair, Nines and Eights)
Mahu2021 collected 135 from pot
*** SUMMARY ***
Total pot 135 | Rake 0 
Board [9c Kc 4s 9h 8s]
Seat 1: Majestik1715 (big blind) showed [Jh Qs] and lost with a pair of Nines
Seat 2: Mahu2021 (button) showed [8c Qh] and won (135) with two pair, Nines and Eights
Seat 3: jelh29 (small blind) folded before Flop



PokerStars Hand #254015412468: Tournament #3837965942, $1.84+$0.16 USD Hold'em No Limit - Level II (15/30) - 2024/12/25 9:45:54 CET [2024/12/25 3:45:54 ET]
Table '3837965942 1' 3-max Seat #3 is the button
Seat 1: Majestik1715 (460 in chips) 
Seat 2: Mahu2021 (685 in chips) 
Seat 3: jelh29 (355 in chips) 
Majestik1715: posts small blind 15
Mahu2021: posts big blind 30
*** HOLE CARDS ***
Dealt to Mahu2021 [5s Jh]
jelh29: folds 
Majestik1715: folds 
Uncalled bet (15) returned to Mahu2021
Mahu2021 collected 30 from pot
Mahu2021: doesn't show hand 
*** SUMMARY ***
Total pot 30 | Rake 0 
Seat 1: Majestik1715 (small blind) folded before Flop
Seat 2: Mahu2021 (big blind) collected (30)
Seat 3: jelh29 (button) folded before Flop (didn't bet)



PokerStars Hand #254015413045: Tournament #3837965942, $1.84+$0.16 USD Hold'em No Limit - Level II (15/30) - 2024/12/25 9:46:01 CET [2024/12/25 3:46:01 ET]
Table '3837965942 1' 3-max Seat #1 is the button
Seat 1: Majestik1715 (445 in chips) 
Seat 2: Mahu2021 (700 in chips) 
Seat 3: jelh29 (355 in chips) 
Mahu2021: posts small blind 15
jelh29: posts big blind 30
*** HOLE CARDS ***
Dealt to Mahu2021 [Js 2d]
Majestik1715: folds 
Mahu2021: raises 30 to 60
jelh29: calls 30
*** FLOP *** [Tc 9h 7h]
Mahu2021: checks 
jelh29: bets 30
Mahu2021: calls 30
*** TURN *** [Tc 9h 7h] [8h]
Mahu2021: checks 
jelh29: bets 30
Mahu2021: raises 90 to 120
jelh29: calls 90
*** RIVER *** [Tc 9h 7h 8h] [8d]
Mahu2021: checks 
jelh29: checks 
*** SHOW DOWN ***
Mahu2021: shows [Js 2d] (a straight, Seven to Jack)
jelh29: mucks hand 
Mahu2021 collected 420 from pot
*** SUMMARY ***
Total pot 420 | Rake 0 
Board [Tc 9h 7h 8h 8d]
Seat 1: Majestik1715 (button) folded before Flop (didn't bet)
Seat 2: Mahu2021 (small blind) showed [Js 2d] and won (420) with a straight, Seven to Jack
Seat 3: jelh29 (big blind) mucked [6h 7c]



PokerStars Hand #254015416423: Tournament #3837965942, $1.84+$0.16 USD Hold'em No Limit - Level II (15/30) - 2024/12/25 9:46:41 CET [2024/12/25 3:46:41 ET]
Table '3837965942 1' 3-max Seat #2 is the button
Seat 1: Majestik1715 (445 in chips) 
Seat 2: Mahu2021 (910 in chips) 
Seat 3: jelh29 (145 in chips) 
jelh29: posts small blind 15
Majestik1715: posts big blind 30
*** HOLE CARDS ***
Dealt to Mahu2021 [4s 6c]
Mahu2021: folds 
jelh29: raises 115 to 145 and is all-in
Majestik1715: folds 
Uncalled bet (115) returned to jelh29
jelh29 collected 60 from pot
*** SUMMARY ***
Total pot 60 | Rake 0 
Seat 1: Majestik1715 (big blind) folded before Flop
Seat 2: Mahu2021 (button) folded before Flop (didn't bet)
Seat 3: jelh29 (small blind) collected (60)



PokerStars Hand #254015417615: Tournament #3837965942, $1.84+$0.16 USD Hold'em No Limit - Level II (15/30) - 2024/12/25 9:46:55 CET [2024/12/25 3:46:55 ET]
Table '3837965942 1' 3-max Seat #3 is the button
Seat 1: Majestik1715 (415 in chips) 
Seat 2: Mahu2021 (910 in chips) 
Seat 3: jelh29 (175 in chips) 
Majestik1715: posts small blind 15
Mahu2021: posts big blind 30
*** HOLE CARDS ***
Dealt to Mahu2021 [As 9d]
jelh29: folds 
Majestik1715: folds 
Uncalled bet (15) returned to Mahu2021
Mahu2021 collected 30 from pot
Mahu2021: doesn't show hand 
*** SUMMARY ***
Total pot 30 | Rake 0 
Seat 1: Majestik1715 (small blind) folded before Flop
Seat 2: Mahu2021 (big blind) collected (30)
Seat 3: jelh29 (button) folded before Flop (didn't bet)



PokerStars Hand #254015418218: Tournament #3837965942, $1.84+$0.16 USD Hold'em No Limit - Level II (15/30) - 2024/12/25 9:47:02 CET [2024/12/25 3:47:02 ET]
Table '3837965942 1' 3-max Seat #1 is the button
Seat 1: Majestik1715 (400 in chips) 
Seat 2: Mahu2021 (925 in chips) 
Seat 3: jelh29 (175 in chips) 
Mahu2021: posts small blind 15
jelh29: posts big blind 30
*** HOLE CARDS ***
Dealt to Mahu2021 [6s 8d]
Majestik1715: calls 30
Mahu2021: folds 
jelh29: checks 
*** FLOP *** [8c 5d 6d]
jelh29: bets 30
Majestik1715: raises 340 to 370 and is all-in
jelh29: calls 115 and is all-in
Uncalled bet (225) returned to Majestik1715
*** TURN *** [8c 5d 6d] [Jd]
*** RIVER *** [8c 5d 6d Jd] [Kd]
*** SHOW DOWN ***
jelh29: shows [2c 3h] (high card King)
Majestik1715: shows [7c Ks] (a pair of Kings)
Majestik1715 collected 365 from pot
jelh29 finished the tournament in 3rd place
*** SUMMARY ***
Total pot 365 | Rake 0 
Board [8c 5d 6d Jd Kd]
Seat 1: Majestik1715 (button) showed [7c Ks] and won (365) with a pair of Kings
Seat 2: Mahu2021 (small blind) folded before Flop
Seat 3: jelh29 (big blind) showed [2c 3h] and lost with high card King



PokerStars Hand #254015420251: Tournament #3837965942, $1.84+$0.16 USD Hold'em No Limit - Level III (20/40) - 2024/12/25 9:47:27 CET [2024/12/25 3:47:27 ET]
Table '3837965942 1' 3-max Seat #2 is the button
Seat 1: Majestik1715 (590 in chips) 
Seat 2: Mahu2021 (910 in chips) 
Mahu2021: posts small blind 20
Majestik1715: posts big blind 40
*** HOLE CARDS ***
Dealt to Mahu2021 [Ac 4c]
Mahu2021: raises 80 to 120
Majestik1715: calls 80
*** FLOP *** [Td 7h 4h]
Majestik1715: bets 470 and is all-in
Mahu2021: folds 
Uncalled bet (470) returned to Majestik1715
Majestik1715 collected 240 from pot
*** SUMMARY ***
Total pot 240 | Rake 0 
Board [Td 7h 4h]
Seat 1: Majestik1715 (big blind) collected (240)
Seat 2: Mahu2021 (button) (small blind) folded on the Flop



PokerStars Hand #254015421200: Tournament #3837965942, $1.84+$0.16 USD Hold'em No Limit - Level III (20/40) - 2024/12/25 9:47:37 CET [2024/12/25 3:47:37 ET]
Table '3837965942 1' 3-max Seat #1 is the button
Seat 1: Majestik1715 (710 in chips) 
Seat 2: Mahu2021 (790 in chips) 
Majestik1715: posts small blind 20
Mahu2021: posts big blind 40
*** HOLE CARDS ***
Dealt to Mahu2021 [3s 5c]
Majestik1715: raises 670 to 710 and is all-in
Mahu2021: folds 
Uncalled bet (670) returned to Majestik1715
Majestik1715 collected 80 from pot
*** SUMMARY ***
Total pot 80 | Rake 0 
Seat 1: Majestik1715 (button) (small blind) collected (80)
Seat 2: Mahu2021 (big blind) folded before Flop



PokerStars Hand #254015421867: Tournament #3837965942, $1.84+$0.16 USD Hold'em No Limit - Level III (20/40) - 2024/12/25 9:47:45 CET [2024/12/25 3:47:45 ET]
Table '3837965942 1' 3-max Seat #2 is the button
Seat 1: Majestik1715 (750 in chips) 
Seat 2: Mahu2021 (750 in chips) 
Mahu2021: posts small blind 20
Majestik1715: posts big blind 40
*** HOLE CARDS ***
Dealt to Mahu2021 [Td 7s]
Mahu2021: calls 20
Majestik1715: checks 
*** FLOP *** [6s Jd Tc]
Majestik1715: bets 710 and is all-in
Mahu2021: calls 710 and is all-in
*** TURN *** [6s Jd Tc] [6d]
*** RIVER *** [6s Jd Tc 6d] [Kh]
*** SHOW DOWN ***
Majestik1715: shows [Th 5d] (two pair, Tens and Sixes)
Mahu2021: shows [Td 7s] (two pair, Tens and Sixes)
Majestik1715 collected 750 from pot
Mahu2021 collected 750 from pot
*** SUMMARY ***
Total pot 1500 | Rake 0 
Board [6s Jd Tc 6d Kh]
Seat 1: Majestik1715 (big blind) showed [Th 5d] and won (750) with two pair, Tens and Sixes
Seat 2: Mahu2021 (button) (small blind) showed [Td 7s] and won (750) with two pair, Tens and Sixes



PokerStars Hand #254015423289: Tournament #3837965942, $1.84+$0.16 USD Hold'em No Limit - Level III (20/40) - 2024/12/25 9:48:01 CET [2024/12/25 3:48:01 ET]
Table '3837965942 1' 3-max Seat #1 is the button
Seat 1: Majestik1715 (750 in chips) 
Seat 2: Mahu2021 (750 in chips) 
Majestik1715: posts small blind 20
Mahu2021: posts big blind 40
*** HOLE CARDS ***
Dealt to Mahu2021 [Qc Qs]
Majestik1715: calls 20
Mahu2021: raises 710 to 750 and is all-in
Majestik1715: folds 
Uncalled bet (710) returned to Mahu2021
Mahu2021 collected 80 from pot
Mahu2021: doesn't show hand 
*** SUMMARY ***
Total pot 80 | Rake 0 
Seat 1: Majestik1715 (button) (small blind) folded before Flop
Seat 2: Mahu2021 (big blind) collected (80)



PokerStars Hand #254015424078: Tournament #3837965942, $1.84+$0.16 USD Hold'em No Limit - Level III (20/40) - 2024/12/25 9:48:11 CET [2024/12/25 3:48:11 ET]
Table '3837965942 1' 3-max Seat #2 is the button
Seat 1: Majestik1715 (710 in chips) 
Seat 2: Mahu2021 (790 in chips) 
Mahu2021: posts small blind 20
Majestik1715: posts big blind 40
*** HOLE CARDS ***
Dealt to Mahu2021 [7c 2h]
Mahu2021: folds 
Uncalled bet (20) returned to Majestik1715
Majestik1715 collected 40 from pot
*** SUMMARY ***
Total pot 40 | Rake 0 
Seat 1: Majestik1715 (big blind) collected (40)
Seat 2: Mahu2021 (button) (small blind) folded before Flop



PokerStars Hand #254015424514: Tournament #3837965942, $1.84+$0.16 USD Hold'em No Limit - Level III (20/40) - 2024/12/25 9:48:16 CET [2024/12/25 3:48:16 ET]
Table '3837965942 1' 3-max Seat #1 is the button
Seat 1: Majestik1715 (730 in chips) 
Seat 2: Mahu2021 (770 in chips) 
Majestik1715: posts small blind 20
Mahu2021: posts big blind 40
*** HOLE CARDS ***
Dealt to Mahu2021 [5c Tc]
Majestik1715: calls 20
Mahu2021: checks 
*** FLOP *** [2s 4s 5h]
Mahu2021: bets 730 and is all-in
Majestik1715: folds 
Uncalled bet (730) returned to Mahu2021
Mahu2021 collected 80 from pot
Mahu2021: doesn't show hand 
*** SUMMARY ***
Total pot 80 | Rake 0 
Board [2s 4s 5h]
Seat 1: Majestik1715 (button) (small blind) folded on the Flop
Seat 2: Mahu2021 (big blind) collected (80)



PokerStars Hand #254015425447: Tournament #3837965942, $1.84+$0.16 USD Hold'em No Limit - Level III (20/40) - 2024/12/25 9:48:26 CET [2024/12/25 3:48:26 ET]
Table '3837965942 1' 3-max Seat #2 is the button
Seat 1: Majestik1715 (690 in chips) 
Seat 2: Mahu2021 (810 in chips) 
Mahu2021: posts small blind 20
Majestik1715: posts big blind 40
*** HOLE CARDS ***
Dealt to Mahu2021 [6s Qs]
Mahu2021: raises 40 to 80
Majestik1715: calls 40
*** FLOP *** [3s 5d Kh]
Majestik1715: checks 
Mahu2021: checks 
*** TURN *** [3s 5d Kh] [3d]
Majestik1715: checks 
Mahu2021: checks 
*** RIVER *** [3s 5d Kh 3d] [2s]
Majestik1715: checks 
Mahu2021: checks 
*** SHOW DOWN ***
Majestik1715: shows [8s 7s] (a pair of Threes)
Mahu2021: shows [6s Qs] (a pair of Threes - King+Queen kicker)
Mahu2021 collected 160 from pot
*** SUMMARY ***
Total pot 160 | Rake 0 
Board [3s 5d Kh 3d 2s]
Seat 1: Majestik1715 (big blind) showed [8s 7s] and lost with a pair of Threes
Seat 2: Mahu2021 (button) (small blind) showed [6s Qs] and won (160) with a pair of Threes



PokerStars Hand #254015426524: Tournament #3837965942, $1.84+$0.16 USD Hold'em No Limit - Level III (20/40) - 2024/12/25 9:48:40 CET [2024/12/25 3:48:40 ET]
Table '3837965942 1' 3-max Seat #1 is the button
Seat 1: Majestik1715 (610 in chips) 
Seat 2: Mahu2021 (890 in chips) 
Majestik1715: posts small blind 20
Mahu2021: posts big blind 40
*** HOLE CARDS ***
Dealt to Mahu2021 [Ah 3h]
Majestik1715: raises 570 to 610 and is all-in
Mahu2021: calls 570
*** FLOP *** [7h 8h 2c]
*** TURN *** [7h 8h 2c] [4c]
*** RIVER *** [7h 8h 2c 4c] [4d]
*** SHOW DOWN ***
Mahu2021: shows [Ah 3h] (a pair of Fours)
Majestik1715: shows [Js Jd] (two pair, Jacks and Fours)
Majestik1715 collected 1220 from pot
*** SUMMARY ***
Total pot 1220 | Rake 0 
Board [7h 8h 2c 4c 4d]
Seat 1: Majestik1715 (button) (small blind) showed [Js Jd] and won (1220) with two pair, Jacks and Fours
Seat 2: Mahu2021 (big blind) showed [Ah 3h] and lost with a pair of Fours



PokerStars Hand #254015427846: Tournament #3837965942, $1.84+$0.16 USD Hold'em No Limit - Level III (20/40) - 2024/12/25 9:48:55 CET [2024/12/25 3:48:55 ET]
Table '3837965942 1' 3-max Seat #2 is the button
Seat 1: Majestik1715 (1220 in chips) 
Seat 2: Mahu2021 (280 in chips) 
Mahu2021: posts small blind 20
Majestik1715: posts big blind 40
*** HOLE CARDS ***
Dealt to Mahu2021 [2s Ah]
Mahu2021: raises 240 to 280 and is all-in
Majestik1715: folds 
Uncalled bet (240) returned to Mahu2021
Mahu2021 collected 80 from pot
Mahu2021: doesn't show hand 
*** SUMMARY ***
Total pot 80 | Rake 0 
Seat 1: Majestik1715 (big blind) folded before Flop
Seat 2: Mahu2021 (button) (small blind) collected (80)



PokerStars Hand #254015428466: Tournament #3837965942, $1.84+$0.16 USD Hold'em No Limit - Level III (20/40) - 2024/12/25 9:49:03 CET [2024/12/25 3:49:03 ET]
Table '3837965942 1' 3-max Seat #1 is the button
Seat 1: Majestik1715 (1180 in chips) 
Seat 2: Mahu2021 (320 in chips) 
Majestik1715: posts small blind 20
Mahu2021: posts big blind 40
*** HOLE CARDS ***
Dealt to Mahu2021 [Kh Td]
Majestik1715: calls 20
Mahu2021: raises 280 to 320 and is all-in
Majestik1715: calls 280
*** FLOP *** [2d Qs 8d]
*** TURN *** [2d Qs 8d] [5d]
*** RIVER *** [2d Qs 8d 5d] [5c]
*** SHOW DOWN ***
Mahu2021: shows [Kh Td] (a pair of Fives)
Majestik1715: shows [6h 9h] (a pair of Fives - lower kicker)
Mahu2021 collected 640 from pot
*** SUMMARY ***
Total pot 640 | Rake 0 
Board [2d Qs 8d 5d 5c]
Seat 1: Majestik1715 (button) (small blind) showed [6h 9h] and lost with a pair of Fives
Seat 2: Mahu2021 (big blind) showed [Kh Td] and won (640) with a pair of Fives



PokerStars Hand #254015429922: Tournament #3837965942, $1.84+$0.16 USD Hold'em No Limit - Level IV (30/60) - 2024/12/25 9:49:20 CET [2024/12/25 3:49:20 ET]
Table '3837965942 1' 3-max Seat #2 is the button
Seat 1: Majestik1715 (860 in chips) 
Seat 2: Mahu2021 (640 in chips) 
Mahu2021: posts small blind 30
Majestik1715: posts big blind 60
*** HOLE CARDS ***
Dealt to Mahu2021 [3s Jh]
Mahu2021: calls 30
Majestik1715: checks 
*** FLOP *** [6c Kc Jc]
Majestik1715: checks 
Mahu2021: bets 60
Majestik1715: folds 
Uncalled bet (60) returned to Mahu2021
Mahu2021 collected 120 from pot
Mahu2021: doesn't show hand 
*** SUMMARY ***
Total pot 120 | Rake 0 
Board [6c Kc Jc]
Seat 1: Majestik1715 (big blind) folded on the Flop
Seat 2: Mahu2021 (button) (small blind) collected (120)



PokerStars Hand #254015430751: Tournament #3837965942, $1.84+$0.16 USD Hold'em No Limit - Level IV (30/60) - 2024/12/25 9:49:29 CET [2024/12/25 3:49:29 ET]
Table '3837965942 1' 3-max Seat #1 is the button
Seat 1: Majestik1715 (800 in chips) 
Seat 2: Mahu2021 (700 in chips) 
Majestik1715: posts small blind 30
Mahu2021: posts big blind 60
*** HOLE CARDS ***
Dealt to Mahu2021 [Ad 8d]
Majestik1715: calls 30
Mahu2021: raises 640 to 700 and is all-in
Majestik1715: folds 
Uncalled bet (640) returned to Mahu2021
Mahu2021 collected 120 from pot
Mahu2021: doesn't show hand 
*** SUMMARY ***
Total pot 120 | Rake 0 
Seat 1: Majestik1715 (button) (small blind) folded before Flop
Seat 2: Mahu2021 (big blind) collected (120)



PokerStars Hand #254015431398: Tournament #3837965942, $1.84+$0.16 USD Hold'em No Limit - Level IV (30/60) - 2024/12/25 9:49:37 CET [2024/12/25 3:49:37 ET]
Table '3837965942 1' 3-max Seat #2 is the button
Seat 1: Majestik1715 (740 in chips) 
Seat 2: Mahu2021 (760 in chips) 
Mahu2021: posts small blind 30
Majestik1715: posts big blind 60
*** HOLE CARDS ***
Dealt to Mahu2021 [Kc Kd]
Mahu2021: raises 700 to 760 and is all-in
Majestik1715: folds 
Uncalled bet (700) returned to Mahu2021
Mahu2021 collected 120 from pot
Mahu2021: doesn't show hand 
*** SUMMARY ***
Total pot 120 | Rake 0 
Seat 1: Majestik1715 (big blind) folded before Flop
Seat 2: Mahu2021 (button) (small blind) collected (120)



PokerStars Hand #254015431923: Tournament #3837965942, $1.84+$0.16 USD Hold'em No Limit - Level IV (30/60) - 2024/12/25 9:49:43 CET [2024/12/25 3:49:43 ET]
Table '3837965942 1' 3-max Seat #1 is the button
Seat 1: Majestik1715 (680 in chips) 
Seat 2: Mahu2021 (820 in chips) 
Majestik1715: posts small blind 30
Mahu2021: posts big blind 60
*** HOLE CARDS ***
Dealt to Mahu2021 [Jh 2s]
Majestik1715: raises 620 to 680 and is all-in
Mahu2021: folds 
Uncalled bet (620) returned to Majestik1715
Majestik1715 collected 120 from pot
*** SUMMARY ***
Total pot 120 | Rake 0 
Seat 1: Majestik1715 (button) (small blind) collected (120)
Seat 2: Mahu2021 (big blind) folded before Flop



PokerStars Hand #254015432455: Tournament #3837965942, $1.84+$0.16 USD Hold'em No Limit - Level IV (30/60) - 2024/12/25 9:49:49 CET [2024/12/25 3:49:49 ET]
Table '3837965942 1' 3-max Seat #2 is the button
Seat 1: Majestik1715 (740 in chips) 
Seat 2: Mahu2021 (760 in chips) 
Mahu2021: posts small blind 30
Majestik1715: posts big blind 60
*** HOLE CARDS ***
Dealt to Mahu2021 [6c 2c]
Mahu2021: folds 
Uncalled bet (30) returned to Majestik1715
Majestik1715 collected 60 from pot
*** SUMMARY ***
Total pot 60 | Rake 0 
Seat 1: Majestik1715 (big blind) collected (60)
Seat 2: Mahu2021 (button) (small blind) folded before Flop



PokerStars Hand #254015433087: Tournament #3837965942, $1.84+$0.16 USD Hold'em No Limit - Level IV (30/60) - 2024/12/25 9:49:57 CET [2024/12/25 3:49:57 ET]
Table '3837965942 1' 3-max Seat #1 is the button
Seat 1: Majestik1715 (770 in chips) 
Seat 2: Mahu2021 (730 in chips) 
Majestik1715: posts small blind 30
Mahu2021: posts big blind 60
*** HOLE CARDS ***
Dealt to Mahu2021 [Kd Ah]
Majestik1715: calls 30
Mahu2021: raises 670 to 730 and is all-in
Majestik1715: folds 
Uncalled bet (670) returned to Mahu2021
Mahu2021 collected 120 from pot
Mahu2021: doesn't show hand 
*** SUMMARY ***
Total pot 120 | Rake 0 
Seat 1: Majestik1715 (button) (small blind) folded before Flop
Seat 2: Mahu2021 (big blind) collected (120)



PokerStars Hand #254015433818: Tournament #3837965942, $1.84+$0.16 USD Hold'em No Limit - Level IV (30/60) - 2024/12/25 9:50:05 CET [2024/12/25 3:50:05 ET]
Table '3837965942 1' 3-max Seat #2 is the button
Seat 1: Majestik1715 (710 in chips) 
Seat 2: Mahu2021 (790 in chips) 
Mahu2021: posts small blind 30
Majestik1715: posts big blind 60
*** HOLE CARDS ***
Dealt to Mahu2021 [Ks 4d]
Mahu2021: raises 730 to 790 and is all-in
Majestik1715: folds 
Uncalled bet (730) returned to Mahu2021
Mahu2021 collected 120 from pot
Mahu2021: doesn't show hand 
*** SUMMARY ***
Total pot 120 | Rake 0 
Seat 1: Majestik1715 (big blind) folded before Flop
Seat 2: Mahu2021 (button) (small blind) collected (120)



PokerStars Hand #254015434282: Tournament #3837965942, $1.84+$0.16 USD Hold'em No Limit - Level IV (30/60) - 2024/12/25 9:50:11 CET [2024/12/25 3:50:11 ET]
Table '3837965942 1' 3-max Seat #1 is the button
Seat 1: Majestik1715 (650 in chips) 
Seat 2: Mahu2021 (850 in chips) 
Majestik1715: posts small blind 30
Mahu2021: posts big blind 60
*** HOLE CARDS ***
Dealt to Mahu2021 [2c 4d]
Majestik1715: calls 30
Mahu2021: checks 
*** FLOP *** [Ks Js Qd]
Mahu2021: checks 
Majestik1715: bets 590 and is all-in
Mahu2021: folds 
Uncalled bet (590) returned to Majestik1715
Majestik1715 collected 120 from pot
*** SUMMARY ***
Total pot 120 | Rake 0 
Board [Ks Js Qd]
Seat 1: Majestik1715 (button) (small blind) collected (120)
Seat 2: Mahu2021 (big blind) folded on the Flop



PokerStars Hand #254015435174: Tournament #3837965942, $1.84+$0.16 USD Hold'em No Limit - Level IV (30/60) - 2024/12/25 9:50:21 CET [2024/12/25 3:50:21 ET]
Table '3837965942 1' 3-max Seat #2 is the button
Seat 1: Majestik1715 (710 in chips) 
Seat 2: Mahu2021 (790 in chips) 
Mahu2021: posts small blind 30
Majestik1715: posts big blind 60
*** HOLE CARDS ***
Dealt to Mahu2021 [5h 5d]
Mahu2021: raises 730 to 790 and is all-in
Majestik1715: folds 
Uncalled bet (730) returned to Mahu2021
Mahu2021 collected 120 from pot
Mahu2021: doesn't show hand 
*** SUMMARY ***
Total pot 120 | Rake 0 
Seat 1: Majestik1715 (big blind) folded before Flop
Seat 2: Mahu2021 (button) (small blind) collected (120)



PokerStars Hand #254015435675: Tournament #3837965942, $1.84+$0.16 USD Hold'em No Limit - Level IV (30/60) - 2024/12/25 9:50:27 CET [2024/12/25 3:50:27 ET]
Table '3837965942 1' 3-max Seat #1 is the button
Seat 1: Majestik1715 (650 in chips) 
Seat 2: Mahu2021 (850 in chips) 
Majestik1715: posts small blind 30
Mahu2021: posts big blind 60
*** HOLE CARDS ***
Dealt to Mahu2021 [7d Ad]
Majestik1715: folds 
Uncalled bet (30) returned to Mahu2021
Mahu2021 collected 60 from pot
Mahu2021: doesn't show hand 
*** SUMMARY ***
Total pot 60 | Rake 0 
Seat 1: Majestik1715 (button) (small blind) folded before Flop
Seat 2: Mahu2021 (big blind) collected (60)



PokerStars Hand #254015436100: Tournament #3837965942, $1.84+$0.16 USD Hold'em No Limit - Level IV (30/60) - 2024/12/25 9:50:32 CET [2024/12/25 3:50:32 ET]
Table '3837965942 1' 3-max Seat #2 is the button
Seat 1: Majestik1715 (620 in chips) 
Seat 2: Mahu2021 (880 in chips) 
Mahu2021: posts small blind 30
Majestik1715: posts big blind 60
*** HOLE CARDS ***
Dealt to Mahu2021 [9d 3c]
Mahu2021: folds 
Uncalled bet (30) returned to Majestik1715
Majestik1715 collected 60 from pot
*** SUMMARY ***
Total pot 60 | Rake 0 
Seat 1: Majestik1715 (big blind) collected (60)
Seat 2: Mahu2021 (button) (small blind) folded before Flop



PokerStars Hand #254015436500: Tournament #3837965942, $1.84+$0.16 USD Hold'em No Limit - Level IV (30/60) - 2024/12/25 9:50:37 CET [2024/12/25 3:50:37 ET]
Table '3837965942 1' 3-max Seat #1 is the button
Seat 1: Majestik1715 (650 in chips) 
Seat 2: Mahu2021 (850 in chips) 
Majestik1715: posts small blind 30
Mahu2021: posts big blind 60
*** HOLE CARDS ***
Dealt to Mahu2021 [Qc 7h]
Majestik1715: raises 60 to 120
Mahu2021: calls 60
*** FLOP *** [Jc Ks 9h]
Mahu2021: checks 
Majestik1715: bets 530 and is all-in
Mahu2021: folds 
Uncalled bet (530) returned to Majestik1715
Majestik1715 collected 240 from pot
*** SUMMARY ***
Total pot 240 | Rake 0 
Board [Jc Ks 9h]
Seat 1: Majestik1715 (button) (small blind) collected (240)
Seat 2: Mahu2021 (big blind) folded on the Flop



PokerStars Hand #254015437453: Tournament #3837965942, $1.84+$0.16 USD Hold'em No Limit - Level IV (30/60) - 2024/12/25 9:50:48 CET [2024/12/25 3:50:48 ET]
Table '3837965942 1' 3-max Seat #2 is the button
Seat 1: Majestik1715 (770 in chips) 
Seat 2: Mahu2021 (730 in chips) 
Mahu2021: posts small blind 30
Majestik1715: posts big blind 60
*** HOLE CARDS ***
Dealt to Mahu2021 [8d 6h]
Mahu2021: calls 30
Majestik1715: raises 710 to 770 and is all-in
Mahu2021: folds 
Uncalled bet (710) returned to Majestik1715
Majestik1715 collected 120 from pot
*** SUMMARY ***
Total pot 120 | Rake 0 
Seat 1: Majestik1715 (big blind) collected (120)
Seat 2: Mahu2021 (button) (small blind) folded before Flop



PokerStars Hand #254015438163: Tournament #3837965942, $1.84+$0.16 USD Hold'em No Limit - Level IV (30/60) - 2024/12/25 9:50:56 CET [2024/12/25 3:50:56 ET]
Table '3837965942 1' 3-max Seat #1 is the button
Seat 1: Majestik1715 (830 in chips) 
Seat 2: Mahu2021 (670 in chips) 
Majestik1715: posts small blind 30
Mahu2021: posts big blind 60
*** HOLE CARDS ***
Dealt to Mahu2021 [2s Ad]
Majestik1715: folds 
Uncalled bet (30) returned to Mahu2021
Mahu2021 collected 60 from pot
Mahu2021: doesn't show hand 
*** SUMMARY ***
Total pot 60 | Rake 0 
Seat 1: Majestik1715 (button) (small blind) folded before Flop
Seat 2: Mahu2021 (big blind) collected (60)



PokerStars Hand #254015438598: Tournament #3837965942, $1.84+$0.16 USD Hold'em No Limit - Level IV (30/60) - 2024/12/25 9:51:01 CET [2024/12/25 3:51:01 ET]
Table '3837965942 1' 3-max Seat #2 is the button
Seat 1: Majestik1715 (800 in chips) 
Seat 2: Mahu2021 (700 in chips) 
Mahu2021: posts small blind 30
Majestik1715: posts big blind 60
*** HOLE CARDS ***
Dealt to Mahu2021 [9h 4s]
Mahu2021: folds 
Uncalled bet (30) returned to Majestik1715
Majestik1715 collected 60 from pot
*** SUMMARY ***
Total pot 60 | Rake 0 
Seat 1: Majestik1715 (big blind) collected (60)
Seat 2: Mahu2021 (button) (small blind) folded before Flop



PokerStars Hand #254015439011: Tournament #3837965942, $1.84+$0.16 USD Hold'em No Limit - Level IV (30/60) - 2024/12/25 9:51:06 CET [2024/12/25 3:51:06 ET]
Table '3837965942 1' 3-max Seat #1 is the button
Seat 1: Majestik1715 (830 in chips) 
Seat 2: Mahu2021 (670 in chips) 
Majestik1715: posts small blind 30
Mahu2021: posts big blind 60
*** HOLE CARDS ***
Dealt to Mahu2021 [Th 3s]
Majestik1715: raises 770 to 830 and is all-in
Mahu2021: folds 
Uncalled bet (770) returned to Majestik1715
Majestik1715 collected 120 from pot
*** SUMMARY ***
Total pot 120 | Rake 0 
Seat 1: Majestik1715 (button) (small blind) collected (120)
Seat 2: Mahu2021 (big blind) folded before Flop



PokerStars Hand #254015439488: Tournament #3837965942, $1.84+$0.16 USD Hold'em No Limit - Level IV (30/60) - 2024/12/25 9:51:11 CET [2024/12/25 3:51:11 ET]
Table '3837965942 1' 3-max Seat #2 is the button
Seat 1: Majestik1715 (890 in chips) 
Seat 2: Mahu2021 (610 in chips) 
Mahu2021: posts small blind 30
Majestik1715: posts big blind 60
*** HOLE CARDS ***
Dealt to Mahu2021 [Ah Ts]
Mahu2021: raises 550 to 610 and is all-in
Majestik1715: calls 550
*** FLOP *** [Qs 4h 2s]
*** TURN *** [Qs 4h 2s] [Kc]
*** RIVER *** [Qs 4h 2s Kc] [Jc]
*** SHOW DOWN ***
Majestik1715: shows [5d Qd] (a pair of Queens)
Mahu2021: shows [Ah Ts] (a straight, Ten to Ace)
Mahu2021 collected 1220 from pot
*** SUMMARY ***
Total pot 1220 | Rake 0 
Board [Qs 4h 2s Kc Jc]
Seat 1: Majestik1715 (big blind) showed [5d Qd] and lost with a pair of Queens
Seat 2: Mahu2021 (button) (small blind) showed [Ah Ts] and won (1220) with a straight, Ten to Ace



PokerStars Hand #254015440878: Tournament #3837965942, $1.84+$0.16 USD Hold'em No Limit - Level V (40/80) - 2024/12/25 9:51:27 CET [2024/12/25 3:51:27 ET]
Table '3837965942 1' 3-max Seat #1 is the button
Seat 1: Majestik1715 (280 in chips) 
Seat 2: Mahu2021 (1220 in chips) 
Majestik1715: posts small blind 40
Mahu2021: posts big blind 80
*** HOLE CARDS ***
Dealt to Mahu2021 [7h 7s]
Majestik1715: raises 200 to 280 and is all-in
Mahu2021: calls 200
*** FLOP *** [Qh 9s 6s]
*** TURN *** [Qh 9s 6s] [8c]
*** RIVER *** [Qh 9s 6s 8c] [Js]
*** SHOW DOWN ***
Mahu2021: shows [7h 7s] (a pair of Sevens)
Majestik1715: shows [8d Th] (a straight, Eight to Queen)
Majestik1715 collected 560 from pot
*** SUMMARY ***
Total pot 560 | Rake 0 
Board [Qh 9s 6s 8c Js]
Seat 1: Majestik1715 (button) (small blind) showed [8d Th] and won (560) with a straight, Eight to Queen
Seat 2: Mahu2021 (big blind) showed [7h 7s] and lost with a pair of Sevens



PokerStars Hand #254015441964: Tournament #3837965942, $1.84+$0.16 USD Hold'em No Limit - Level V (40/80) - 2024/12/25 9:51:39 CET [2024/12/25 3:51:39 ET]
Table '3837965942 1' 3-max Seat #2 is the button
Seat 1: Majestik1715 (560 in chips) 
Seat 2: Mahu2021 (940 in chips) 
Mahu2021: posts small blind 40
Majestik1715: posts big blind 80
*** HOLE CARDS ***
Dealt to Mahu2021 [Ac 5h]
Mahu2021: raises 860 to 940 and is all-in
Majestik1715: folds 
Uncalled bet (860) returned to Mahu2021
Mahu2021 collected 160 from pot
Mahu2021: doesn't show hand 
*** SUMMARY ***
Total pot 160 | Rake 0 
Seat 1: Majestik1715 (big blind) folded before Flop
Seat 2: Mahu2021 (button) (small blind) collected (160)



PokerStars Hand #254015442633: Tournament #3837965942, $1.84+$0.16 USD Hold'em No Limit - Level V (40/80) - 2024/12/25 9:51:47 CET [2024/12/25 3:51:47 ET]
Table '3837965942 1' 3-max Seat #1 is the button
Seat 1: Majestik1715 (480 in chips) 
Seat 2: Mahu2021 (1020 in chips) 
Majestik1715: posts small blind 40
Mahu2021: posts big blind 80
*** HOLE CARDS ***
Dealt to Mahu2021 [5s 5d]
Majestik1715: raises 400 to 480 and is all-in
Mahu2021: calls 400
*** FLOP *** [4d 7s 2c]
*** TURN *** [4d 7s 2c] [Js]
*** RIVER *** [4d 7s 2c Js] [3d]
*** SHOW DOWN ***
Mahu2021: shows [5s 5d] (a pair of Fives)
Majestik1715: shows [Kd Qh] (high card King)
Mahu2021 collected 960 from pot
Majestik1715 finished the tournament in 2nd place
Mahu2021 wins the tournament and receives $4.00 - congratulations!
*** SUMMARY ***
Total pot 960 | Rake 0 
Board [4d 7s 2c Js 3d]
Seat 1: Majestik1715 (button) (small blind) showed [Kd Qh] and lost with high card King
Seat 2: Mahu2021 (big blind) showed [5s 5d] and won (960) with a pair of Fives



