PokerStars Hand #253414905079: Tournament #3823800754, $1.84+$0.16 USD Hold'em No Limit - Level I (10/20) - 2024/11/15 18:08:47 CET [2024/11/15 12:08:47 ET]
Table '3823800754 1' 3-max Seat #1 is the button
Seat 1: Mahu2021 (500 in chips) 
Seat 2: BigMan869 (500 in chips) 
Seat 3: SKYDIVER___K (500 in chips) 
BigMan869: posts small blind 10
SKYDIVER___K: posts big blind 20
*** HOLE CARDS ***
Dealt to Mahu2021 [Kd Ks]
Mahu2021: raises 480 to 500 and is all-in
BigMan869: folds 
SKYDIVER___K: folds 
Uncalled bet (480) returned to Mahu2021
Mahu2021 collected 50 from pot
Mahu2021: doesn't show hand 
*** SUMMARY ***
Total pot 50 | Rake 0 
Seat 1: Mahu2021 (button) collected (50)
Seat 2: BigMan869 (small blind) folded before Flop
Seat 3: SKYDIVER___K (big blind) folded before Flop



PokerStars Hand #253414907890: Tournament #3823800754, $1.84+$0.16 USD Hold'em No Limit - Level I (10/20) - 2024/11/15 18:08:59 CET [2024/11/15 12:08:59 ET]
Table '3823800754 1' 3-max Seat #2 is the button
Seat 1: Mahu2021 (530 in chips) 
Seat 2: BigMan869 (490 in chips) 
Seat 3: SKYDIVER___K (480 in chips) 
SKYDIVER___K: posts small blind 10
Mahu2021: posts big blind 20
*** HOLE CARDS ***
Dealt to Mahu2021 [Qs 6s]
BigMan869: folds 
SKYDIVER___K: calls 10
Mahu2021: checks 
*** FLOP *** [8d Ks Ad]
SKYDIVER___K: checks 
Mahu2021: bets 40
SKYDIVER___K: folds 
Uncalled bet (40) returned to Mahu2021
Mahu2021 collected 40 from pot
Mahu2021: doesn't show hand 
*** SUMMARY ***
Total pot 40 | Rake 0 
Board [8d Ks Ad]
Seat 1: Mahu2021 (big blind) collected (40)
Seat 2: BigMan869 (button) folded before Flop (didn't bet)
Seat 3: SKYDIVER___K (small blind) folded on the Flop



PokerStars Hand #253414912569: Tournament #3823800754, $1.84+$0.16 USD Hold'em No Limit - Level I (10/20) - 2024/11/15 18:09:20 CET [2024/11/15 12:09:20 ET]
Table '3823800754 1' 3-max Seat #3 is the button
Seat 1: Mahu2021 (550 in chips) 
Seat 2: BigMan869 (490 in chips) 
Seat 3: SKYDIVER___K (460 in chips) 
Mahu2021: posts small blind 10
BigMan869: posts big blind 20
*** HOLE CARDS ***
Dealt to Mahu2021 [Ts Kd]
SKYDIVER___K: folds 
Mahu2021: raises 20 to 40
BigMan869: calls 20
*** FLOP *** [3h Kc 2h]
Mahu2021: bets 40
BigMan869: calls 40
*** TURN *** [3h Kc 2h] [Js]
Mahu2021: bets 40
BigMan869: folds 
Uncalled bet (40) returned to Mahu2021
Mahu2021 collected 160 from pot
Mahu2021: doesn't show hand 
*** SUMMARY ***
Total pot 160 | Rake 0 
Board [3h Kc 2h Js]
Seat 1: Mahu2021 (small blind) collected (160)
Seat 2: BigMan869 (big blind) folded on the Turn
Seat 3: SKYDIVER___K (button) folded before Flop (didn't bet)



PokerStars Hand #253414918846: Tournament #3823800754, $1.84+$0.16 USD Hold'em No Limit - Level I (10/20) - 2024/11/15 18:09:47 CET [2024/11/15 12:09:47 ET]
Table '3823800754 1' 3-max Seat #1 is the button
Seat 1: Mahu2021 (630 in chips) 
Seat 2: BigMan869 (410 in chips) 
Seat 3: SKYDIVER___K (460 in chips) 
BigMan869: posts small blind 10
SKYDIVER___K: posts big blind 20
*** HOLE CARDS ***
Dealt to Mahu2021 [6c Kh]
Mahu2021: folds 
BigMan869: folds 
Uncalled bet (10) returned to SKYDIVER___K
SKYDIVER___K collected 20 from pot
*** SUMMARY ***
Total pot 20 | Rake 0 
Seat 1: Mahu2021 (button) folded before Flop (didn't bet)
Seat 2: BigMan869 (small blind) folded before Flop
Seat 3: SKYDIVER___K (big blind) collected (20)



PokerStars Hand #253414921174: Tournament #3823800754, $1.84+$0.16 USD Hold'em No Limit - Level I (10/20) - 2024/11/15 18:09:57 CET [2024/11/15 12:09:57 ET]
Table '3823800754 1' 3-max Seat #2 is the button
Seat 1: Mahu2021 (630 in chips) 
Seat 2: BigMan869 (400 in chips) 
Seat 3: SKYDIVER___K (470 in chips) 
SKYDIVER___K: posts small blind 10
Mahu2021: posts big blind 20
*** HOLE CARDS ***
Dealt to Mahu2021 [2c 6s]
BigMan869: folds 
SKYDIVER___K: raises 20 to 40
Mahu2021: folds 
Uncalled bet (20) returned to SKYDIVER___K
SKYDIVER___K collected 40 from pot
*** SUMMARY ***
Total pot 40 | Rake 0 
Seat 1: Mahu2021 (big blind) folded before Flop
Seat 2: BigMan869 (button) folded before Flop (didn't bet)
Seat 3: SKYDIVER___K (small blind) collected (40)



PokerStars Hand #253414923199: Tournament #3823800754, $1.84+$0.16 USD Hold'em No Limit - Level I (10/20) - 2024/11/15 18:10:06 CET [2024/11/15 12:10:06 ET]
Table '3823800754 1' 3-max Seat #3 is the button
Seat 1: Mahu2021 (610 in chips) 
Seat 2: BigMan869 (400 in chips) 
Seat 3: SKYDIVER___K (490 in chips) 
Mahu2021: posts small blind 10
BigMan869: posts big blind 20
*** HOLE CARDS ***
Dealt to Mahu2021 [6c 3s]
SKYDIVER___K: folds 
Mahu2021: folds 
Uncalled bet (10) returned to BigMan869
BigMan869 collected 20 from pot
BigMan869: doesn't show hand 
*** SUMMARY ***
Total pot 20 | Rake 0 
Seat 1: Mahu2021 (small blind) folded before Flop
Seat 2: BigMan869 (big blind) collected (20)
Seat 3: SKYDIVER___K (button) folded before Flop (didn't bet)



PokerStars Hand #253414924731: Tournament #3823800754, $1.84+$0.16 USD Hold'em No Limit - Level I (10/20) - 2024/11/15 18:10:12 CET [2024/11/15 12:10:12 ET]
Table '3823800754 1' 3-max Seat #1 is the button
Seat 1: Mahu2021 (600 in chips) 
Seat 2: BigMan869 (410 in chips) 
Seat 3: SKYDIVER___K (490 in chips) 
BigMan869: posts small blind 10
SKYDIVER___K: posts big blind 20
*** HOLE CARDS ***
Dealt to Mahu2021 [9c 4d]
Mahu2021: folds 
BigMan869: calls 10
SKYDIVER___K: checks 
*** FLOP *** [Td 3h 2d]
BigMan869: checks 
SKYDIVER___K: checks 
*** TURN *** [Td 3h 2d] [2h]
BigMan869: checks 
SKYDIVER___K: checks 
*** RIVER *** [Td 3h 2d 2h] [6c]
BigMan869: checks 
SKYDIVER___K: checks 
*** SHOW DOWN ***
BigMan869: shows [Ah 7h] (a pair of Deuces)
SKYDIVER___K: mucks hand 
BigMan869 collected 40 from pot
*** SUMMARY ***
Total pot 40 | Rake 0 
Board [Td 3h 2d 2h 6c]
Seat 1: Mahu2021 (button) folded before Flop (didn't bet)
Seat 2: BigMan869 (small blind) showed [Ah 7h] and won (40) with a pair of Deuces
Seat 3: SKYDIVER___K (big blind) mucked [8c 7s]



PokerStars Hand #253414935459: Tournament #3823800754, $1.84+$0.16 USD Hold'em No Limit - Level I (10/20) - 2024/11/15 18:10:57 CET [2024/11/15 12:10:57 ET]
Table '3823800754 1' 3-max Seat #2 is the button
Seat 1: Mahu2021 (600 in chips) 
Seat 2: BigMan869 (430 in chips) 
Seat 3: SKYDIVER___K (470 in chips) 
SKYDIVER___K: posts small blind 10
Mahu2021: posts big blind 20
*** HOLE CARDS ***
Dealt to Mahu2021 [4d Jh]
BigMan869: folds 
SKYDIVER___K: calls 10
Mahu2021: checks 
*** FLOP *** [7c 3d Tc]
SKYDIVER___K: checks 
Mahu2021: checks 
*** TURN *** [7c 3d Tc] [9d]
SKYDIVER___K: bets 20
Mahu2021: folds 
Uncalled bet (20) returned to SKYDIVER___K
SKYDIVER___K collected 40 from pot
*** SUMMARY ***
Total pot 40 | Rake 0 
Board [7c 3d Tc 9d]
Seat 1: Mahu2021 (big blind) folded on the Turn
Seat 2: BigMan869 (button) folded before Flop (didn't bet)
Seat 3: SKYDIVER___K (small blind) collected (40)



PokerStars Hand #253414941467: Tournament #3823800754, $1.84+$0.16 USD Hold'em No Limit - Level I (10/20) - 2024/11/15 18:11:22 CET [2024/11/15 12:11:22 ET]
Table '3823800754 1' 3-max Seat #3 is the button
Seat 1: Mahu2021 (580 in chips) 
Seat 2: BigMan869 (430 in chips) 
Seat 3: SKYDIVER___K (490 in chips) 
Mahu2021: posts small blind 10
BigMan869: posts big blind 20
*** HOLE CARDS ***
Dealt to Mahu2021 [5h Jd]
SKYDIVER___K: raises 20 to 40
Mahu2021: folds 
BigMan869: folds 
Uncalled bet (20) returned to SKYDIVER___K
SKYDIVER___K collected 50 from pot
*** SUMMARY ***
Total pot 50 | Rake 0 
Seat 1: Mahu2021 (small blind) folded before Flop
Seat 2: BigMan869 (big blind) folded before Flop
Seat 3: SKYDIVER___K (button) collected (50)



PokerStars Hand #253414944627: Tournament #3823800754, $1.84+$0.16 USD Hold'em No Limit - Level I (10/20) - 2024/11/15 18:11:36 CET [2024/11/15 12:11:36 ET]
Table '3823800754 1' 3-max Seat #1 is the button
Seat 1: Mahu2021 (570 in chips) 
Seat 2: BigMan869 (410 in chips) 
Seat 3: SKYDIVER___K (520 in chips) 
BigMan869: posts small blind 10
SKYDIVER___K: posts big blind 20
*** HOLE CARDS ***
Dealt to Mahu2021 [As 5s]
Mahu2021: raises 40 to 60
BigMan869: calls 50
SKYDIVER___K: folds 
*** FLOP *** [Jd 6s 9h]
BigMan869: checks 
Mahu2021: checks 
*** TURN *** [Jd 6s 9h] [9c]
BigMan869: checks 
Mahu2021: checks 
*** RIVER *** [Jd 6s 9h 9c] [Kd]
BigMan869: checks 
Mahu2021: checks 
*** SHOW DOWN ***
BigMan869: shows [6c Ac] (two pair, Nines and Sixes)
Mahu2021: mucks hand 
BigMan869 collected 140 from pot
*** SUMMARY ***
Total pot 140 | Rake 0 
Board [Jd 6s 9h 9c Kd]
Seat 1: Mahu2021 (button) mucked [As 5s]
Seat 2: BigMan869 (small blind) showed [6c Ac] and won (140) with two pair, Nines and Sixes
Seat 3: SKYDIVER___K (big blind) folded before Flop



PokerStars Hand #253414950665: Tournament #3823800754, $1.84+$0.16 USD Hold'em No Limit - Level II (15/30) - 2024/11/15 18:12:01 CET [2024/11/15 12:12:01 ET]
Table '3823800754 1' 3-max Seat #2 is the button
Seat 1: Mahu2021 (510 in chips) 
Seat 2: BigMan869 (490 in chips) 
Seat 3: SKYDIVER___K (500 in chips) 
SKYDIVER___K: posts small blind 15
Mahu2021: posts big blind 30
*** HOLE CARDS ***
Dealt to Mahu2021 [Qd 8s]
BigMan869: raises 30 to 60
SKYDIVER___K: calls 45
Mahu2021: calls 30
*** FLOP *** [5d 2h 2c]
SKYDIVER___K: checks 
Mahu2021: checks 
BigMan869: bets 60
SKYDIVER___K: folds 
Mahu2021: folds 
Uncalled bet (60) returned to BigMan869
BigMan869 collected 180 from pot
BigMan869: doesn't show hand 
*** SUMMARY ***
Total pot 180 | Rake 0 
Board [5d 2h 2c]
Seat 1: Mahu2021 (big blind) folded on the Flop
Seat 2: BigMan869 (button) collected (180)
Seat 3: SKYDIVER___K (small blind) folded on the Flop



PokerStars Hand #253414957286: Tournament #3823800754, $1.84+$0.16 USD Hold'em No Limit - Level II (15/30) - 2024/11/15 18:12:28 CET [2024/11/15 12:12:28 ET]
Table '3823800754 1' 3-max Seat #3 is the button
Seat 1: Mahu2021 (450 in chips) 
Seat 2: BigMan869 (610 in chips) 
Seat 3: SKYDIVER___K (440 in chips) 
Mahu2021: posts small blind 15
BigMan869: posts big blind 30
*** HOLE CARDS ***
Dealt to Mahu2021 [9c 8d]
SKYDIVER___K: raises 60 to 90
Mahu2021: folds 
BigMan869: folds 
Uncalled bet (60) returned to SKYDIVER___K
SKYDIVER___K collected 75 from pot
*** SUMMARY ***
Total pot 75 | Rake 0 
Seat 1: Mahu2021 (small blind) folded before Flop
Seat 2: BigMan869 (big blind) folded before Flop
Seat 3: SKYDIVER___K (button) collected (75)



PokerStars Hand #253414959627: Tournament #3823800754, $1.84+$0.16 USD Hold'em No Limit - Level II (15/30) - 2024/11/15 18:12:38 CET [2024/11/15 12:12:38 ET]
Table '3823800754 1' 3-max Seat #1 is the button
Seat 1: Mahu2021 (435 in chips) 
Seat 2: BigMan869 (580 in chips) 
Seat 3: SKYDIVER___K (485 in chips) 
BigMan869: posts small blind 15
SKYDIVER___K: posts big blind 30
*** HOLE CARDS ***
Dealt to Mahu2021 [Jh 4h]
Mahu2021: raises 30 to 60
BigMan869: folds 
SKYDIVER___K: calls 30
*** FLOP *** [Qc Qd 4s]
SKYDIVER___K: checks 
Mahu2021: bets 135
SKYDIVER___K: folds 
Uncalled bet (135) returned to Mahu2021
Mahu2021 collected 135 from pot
Mahu2021: doesn't show hand 
*** SUMMARY ***
Total pot 135 | Rake 0 
Board [Qc Qd 4s]
Seat 1: Mahu2021 (button) collected (135)
Seat 2: BigMan869 (small blind) folded before Flop
Seat 3: SKYDIVER___K (big blind) folded on the Flop



PokerStars Hand #253414962817: Tournament #3823800754, $1.84+$0.16 USD Hold'em No Limit - Level II (15/30) - 2024/11/15 18:12:51 CET [2024/11/15 12:12:51 ET]
Table '3823800754 1' 3-max Seat #2 is the button
Seat 1: Mahu2021 (510 in chips) 
Seat 2: BigMan869 (565 in chips) 
Seat 3: SKYDIVER___K (425 in chips) 
SKYDIVER___K: posts small blind 15
Mahu2021: posts big blind 30
*** HOLE CARDS ***
Dealt to Mahu2021 [9d 2h]
BigMan869: folds 
SKYDIVER___K: calls 15
Mahu2021: checks 
*** FLOP *** [Th Ac 5c]
SKYDIVER___K: checks 
Mahu2021: checks 
*** TURN *** [Th Ac 5c] [4c]
SKYDIVER___K: checks 
Mahu2021: checks 
*** RIVER *** [Th Ac 5c 4c] [4h]
SKYDIVER___K: checks 
Mahu2021: bets 60
SKYDIVER___K: folds 
Uncalled bet (60) returned to Mahu2021
Mahu2021 collected 60 from pot
Mahu2021: doesn't show hand 
*** SUMMARY ***
Total pot 60 | Rake 0 
Board [Th Ac 5c 4c 4h]
Seat 1: Mahu2021 (big blind) collected (60)
Seat 2: BigMan869 (button) folded before Flop (didn't bet)
Seat 3: SKYDIVER___K (small blind) folded on the River



PokerStars Hand #253414972036: Tournament #3823800754, $1.84+$0.16 USD Hold'em No Limit - Level II (15/30) - 2024/11/15 18:13:29 CET [2024/11/15 12:13:29 ET]
Table '3823800754 1' 3-max Seat #3 is the button
Seat 1: Mahu2021 (540 in chips) 
Seat 2: BigMan869 (565 in chips) 
Seat 3: SKYDIVER___K (395 in chips) 
Mahu2021: posts small blind 15
BigMan869: posts big blind 30
*** HOLE CARDS ***
Dealt to Mahu2021 [Kd 8h]
SKYDIVER___K: calls 30
Mahu2021: calls 15
BigMan869: checks 
*** FLOP *** [3s Tc 3d]
Mahu2021: checks 
BigMan869: checks 
SKYDIVER___K: bets 45
Mahu2021: folds 
BigMan869: calls 45
*** TURN *** [3s Tc 3d] [5c]
BigMan869: checks 
SKYDIVER___K: checks 
*** RIVER *** [3s Tc 3d 5c] [3h]
BigMan869: checks 
SKYDIVER___K: bets 120
BigMan869: folds 
Uncalled bet (120) returned to SKYDIVER___K
SKYDIVER___K collected 180 from pot
*** SUMMARY ***
Total pot 180 | Rake 0 
Board [3s Tc 3d 5c 3h]
Seat 1: Mahu2021 (small blind) folded on the Flop
Seat 2: BigMan869 (big blind) folded on the River
Seat 3: SKYDIVER___K (button) collected (180)



PokerStars Hand #253414983932: Tournament #3823800754, $1.84+$0.16 USD Hold'em No Limit - Level II (15/30) - 2024/11/15 18:14:19 CET [2024/11/15 12:14:19 ET]
Table '3823800754 1' 3-max Seat #1 is the button
Seat 1: Mahu2021 (510 in chips) 
Seat 2: BigMan869 (490 in chips) 
Seat 3: SKYDIVER___K (500 in chips) 
BigMan869: posts small blind 15
SKYDIVER___K: posts big blind 30
*** HOLE CARDS ***
Dealt to Mahu2021 [7d 2h]
Mahu2021: folds 
BigMan869: folds 
Uncalled bet (15) returned to SKYDIVER___K
SKYDIVER___K collected 30 from pot
*** SUMMARY ***
Total pot 30 | Rake 0 
Seat 1: Mahu2021 (button) folded before Flop (didn't bet)
Seat 2: BigMan869 (small blind) folded before Flop
Seat 3: SKYDIVER___K (big blind) collected (30)



PokerStars Hand #253414985334: Tournament #3823800754, $1.84+$0.16 USD Hold'em No Limit - Level II (15/30) - 2024/11/15 18:14:24 CET [2024/11/15 12:14:24 ET]
Table '3823800754 1' 3-max Seat #2 is the button
Seat 1: Mahu2021 (510 in chips) 
Seat 2: BigMan869 (475 in chips) 
Seat 3: SKYDIVER___K (515 in chips) 
SKYDIVER___K: posts small blind 15
Mahu2021: posts big blind 30
*** HOLE CARDS ***
Dealt to Mahu2021 [3c Jd]
BigMan869: folds 
SKYDIVER___K: calls 15
Mahu2021: checks 
*** FLOP *** [Ac 3d 8h]
SKYDIVER___K: checks 
Mahu2021: bets 60
SKYDIVER___K: folds 
Uncalled bet (60) returned to Mahu2021
Mahu2021 collected 60 from pot
Mahu2021: doesn't show hand 
*** SUMMARY ***
Total pot 60 | Rake 0 
Board [Ac 3d 8h]
Seat 1: Mahu2021 (big blind) collected (60)
Seat 2: BigMan869 (button) folded before Flop (didn't bet)
Seat 3: SKYDIVER___K (small blind) folded on the Flop



PokerStars Hand #253414987896: Tournament #3823800754, $1.84+$0.16 USD Hold'em No Limit - Level II (15/30) - 2024/11/15 18:14:35 CET [2024/11/15 12:14:35 ET]
Table '3823800754 1' 3-max Seat #3 is the button
Seat 1: Mahu2021 (540 in chips) 
Seat 2: BigMan869 (475 in chips) 
Seat 3: SKYDIVER___K (485 in chips) 
Mahu2021: posts small blind 15
BigMan869: posts big blind 30
*** HOLE CARDS ***
Dealt to Mahu2021 [Qc Kd]
SKYDIVER___K: calls 30
Mahu2021: calls 15
BigMan869: checks 
*** FLOP *** [3d 5d 7h]
Mahu2021: checks 
BigMan869: checks 
SKYDIVER___K: bets 45
Mahu2021: folds 
BigMan869: calls 45
*** TURN *** [3d 5d 7h] [Th]
BigMan869: checks 
SKYDIVER___K: bets 60
BigMan869: raises 90 to 150
SKYDIVER___K: folds [7c]
Uncalled bet (90) returned to BigMan869
BigMan869 collected 300 from pot
BigMan869: doesn't show hand 
*** SUMMARY ***
Total pot 300 | Rake 0 
Board [3d 5d 7h Th]
Seat 1: Mahu2021 (small blind) folded on the Flop
Seat 2: BigMan869 (big blind) collected (300)
Seat 3: SKYDIVER___K (button) folded on the Turn



PokerStars Hand #253414999864: Tournament #3823800754, $1.84+$0.16 USD Hold'em No Limit - Level III (20/40) - 2024/11/15 18:15:24 CET [2024/11/15 12:15:24 ET]
Table '3823800754 1' 3-max Seat #1 is the button
Seat 1: Mahu2021 (510 in chips) 
Seat 2: BigMan869 (640 in chips) 
Seat 3: SKYDIVER___K (350 in chips) 
BigMan869: posts small blind 20
SKYDIVER___K: posts big blind 40
*** HOLE CARDS ***
Dealt to Mahu2021 [9c 7s]
Mahu2021: folds 
BigMan869: folds 
Uncalled bet (20) returned to SKYDIVER___K
SKYDIVER___K collected 40 from pot
*** SUMMARY ***
Total pot 40 | Rake 0 
Seat 1: Mahu2021 (button) folded before Flop (didn't bet)
Seat 2: BigMan869 (small blind) folded before Flop
Seat 3: SKYDIVER___K (big blind) collected (40)



PokerStars Hand #253415001574: Tournament #3823800754, $1.84+$0.16 USD Hold'em No Limit - Level III (20/40) - 2024/11/15 18:15:31 CET [2024/11/15 12:15:31 ET]
Table '3823800754 1' 3-max Seat #2 is the button
Seat 1: Mahu2021 (510 in chips) 
Seat 2: BigMan869 (620 in chips) 
Seat 3: SKYDIVER___K (370 in chips) 
SKYDIVER___K: posts small blind 20
Mahu2021: posts big blind 40
*** HOLE CARDS ***
Dealt to Mahu2021 [4c Th]
BigMan869: raises 40 to 80
SKYDIVER___K: folds 
Mahu2021: folds 
Uncalled bet (40) returned to BigMan869
BigMan869 collected 100 from pot
BigMan869: doesn't show hand 
*** SUMMARY ***
Total pot 100 | Rake 0 
Seat 1: Mahu2021 (big blind) folded before Flop
Seat 2: BigMan869 (button) collected (100)
Seat 3: SKYDIVER___K (small blind) folded before Flop



PokerStars Hand #253415005171: Tournament #3823800754, $1.84+$0.16 USD Hold'em No Limit - Level III (20/40) - 2024/11/15 18:15:46 CET [2024/11/15 12:15:46 ET]
Table '3823800754 1' 3-max Seat #3 is the button
Seat 1: Mahu2021 (470 in chips) 
Seat 2: BigMan869 (680 in chips) 
Seat 3: SKYDIVER___K (350 in chips) 
Mahu2021: posts small blind 20
BigMan869: posts big blind 40
*** HOLE CARDS ***
Dealt to Mahu2021 [Js Td]
SKYDIVER___K: folds 
Mahu2021: raises 40 to 80
BigMan869: raises 600 to 680 and is all-in
Mahu2021: folds 
Uncalled bet (600) returned to BigMan869
BigMan869 collected 160 from pot
BigMan869: doesn't show hand 
*** SUMMARY ***
Total pot 160 | Rake 0 
Seat 1: Mahu2021 (small blind) folded before Flop
Seat 2: BigMan869 (big blind) collected (160)
Seat 3: SKYDIVER___K (button) folded before Flop (didn't bet)



PokerStars Hand #253415007286: Tournament #3823800754, $1.84+$0.16 USD Hold'em No Limit - Level III (20/40) - 2024/11/15 18:15:55 CET [2024/11/15 12:15:55 ET]
Table '3823800754 1' 3-max Seat #1 is the button
Seat 1: Mahu2021 (390 in chips) 
Seat 2: BigMan869 (760 in chips) 
Seat 3: SKYDIVER___K (350 in chips) 
BigMan869: posts small blind 20
SKYDIVER___K: posts big blind 40
*** HOLE CARDS ***
Dealt to Mahu2021 [Td 3h]
Mahu2021: folds 
BigMan869: folds 
Uncalled bet (20) returned to SKYDIVER___K
SKYDIVER___K collected 40 from pot
*** SUMMARY ***
Total pot 40 | Rake 0 
Seat 1: Mahu2021 (button) folded before Flop (didn't bet)
Seat 2: BigMan869 (small blind) folded before Flop
Seat 3: SKYDIVER___K (big blind) collected (40)



PokerStars Hand #253415008734: Tournament #3823800754, $1.84+$0.16 USD Hold'em No Limit - Level III (20/40) - 2024/11/15 18:16:01 CET [2024/11/15 12:16:01 ET]
Table '3823800754 1' 3-max Seat #2 is the button
Seat 1: Mahu2021 (390 in chips) 
Seat 2: BigMan869 (740 in chips) 
Seat 3: SKYDIVER___K (370 in chips) 
SKYDIVER___K: posts small blind 20
Mahu2021: posts big blind 40
*** HOLE CARDS ***
Dealt to Mahu2021 [Js 9h]
BigMan869: folds 
SKYDIVER___K: calls 20
Mahu2021: checks 
*** FLOP *** [8s 2h 2d]
SKYDIVER___K: bets 330 and is all-in
Mahu2021: folds 
Uncalled bet (330) returned to SKYDIVER___K
SKYDIVER___K collected 80 from pot
*** SUMMARY ***
Total pot 80 | Rake 0 
Board [8s 2h 2d]
Seat 1: Mahu2021 (big blind) folded on the Flop
Seat 2: BigMan869 (button) folded before Flop (didn't bet)
Seat 3: SKYDIVER___K (small blind) collected (80)



PokerStars Hand #253415010902: Tournament #3823800754, $1.84+$0.16 USD Hold'em No Limit - Level III (20/40) - 2024/11/15 18:16:10 CET [2024/11/15 12:16:10 ET]
Table '3823800754 1' 3-max Seat #3 is the button
Seat 1: Mahu2021 (350 in chips) 
Seat 2: BigMan869 (740 in chips) 
Seat 3: SKYDIVER___K (410 in chips) 
Mahu2021: posts small blind 20
BigMan869: posts big blind 40
*** HOLE CARDS ***
Dealt to Mahu2021 [6c 6s]
SKYDIVER___K: folds 
Mahu2021: raises 310 to 350 and is all-in
BigMan869: folds 
Uncalled bet (310) returned to Mahu2021
Mahu2021 collected 80 from pot
Mahu2021: doesn't show hand 
*** SUMMARY ***
Total pot 80 | Rake 0 
Seat 1: Mahu2021 (small blind) collected (80)
Seat 2: BigMan869 (big blind) folded before Flop
Seat 3: SKYDIVER___K (button) folded before Flop (didn't bet)



PokerStars Hand #253415012732: Tournament #3823800754, $1.84+$0.16 USD Hold'em No Limit - Level III (20/40) - 2024/11/15 18:16:18 CET [2024/11/15 12:16:18 ET]
Table '3823800754 1' 3-max Seat #1 is the button
Seat 1: Mahu2021 (390 in chips) 
Seat 2: BigMan869 (700 in chips) 
Seat 3: SKYDIVER___K (410 in chips) 
BigMan869: posts small blind 20
SKYDIVER___K: posts big blind 40
*** HOLE CARDS ***
Dealt to Mahu2021 [Kh Ts]
Mahu2021: raises 40 to 80
BigMan869: folds 
SKYDIVER___K: calls 40
*** FLOP *** [9h 7s Tc]
SKYDIVER___K: bets 40
Mahu2021: raises 270 to 310 and is all-in
SKYDIVER___K: folds 
Uncalled bet (270) returned to Mahu2021
Mahu2021 collected 260 from pot
Mahu2021: doesn't show hand 
*** SUMMARY ***
Total pot 260 | Rake 0 
Board [9h 7s Tc]
Seat 1: Mahu2021 (button) collected (260)
Seat 2: BigMan869 (small blind) folded before Flop
Seat 3: SKYDIVER___K (big blind) folded on the Flop



PokerStars Hand #253415016611: Tournament #3823800754, $1.84+$0.16 USD Hold'em No Limit - Level III (20/40) - 2024/11/15 18:16:34 CET [2024/11/15 12:16:34 ET]
Table '3823800754 1' 3-max Seat #2 is the button
Seat 1: Mahu2021 (530 in chips) 
Seat 2: BigMan869 (680 in chips) 
Seat 3: SKYDIVER___K (290 in chips) 
SKYDIVER___K: posts small blind 20
Mahu2021: posts big blind 40
*** HOLE CARDS ***
Dealt to Mahu2021 [5s 6h]
BigMan869: folds 
SKYDIVER___K: calls 20
Mahu2021: checks 
*** FLOP *** [As Qd 6c]
SKYDIVER___K: checks 
Mahu2021: bets 40
SKYDIVER___K: folds 
Uncalled bet (40) returned to Mahu2021
Mahu2021 collected 80 from pot
Mahu2021: doesn't show hand 
*** SUMMARY ***
Total pot 80 | Rake 0 
Board [As Qd 6c]
Seat 1: Mahu2021 (big blind) collected (80)
Seat 2: BigMan869 (button) folded before Flop (didn't bet)
Seat 3: SKYDIVER___K (small blind) folded on the Flop



PokerStars Hand #253415021258: Tournament #3823800754, $1.84+$0.16 USD Hold'em No Limit - Level III (20/40) - 2024/11/15 18:16:53 CET [2024/11/15 12:16:53 ET]
Table '3823800754 1' 3-max Seat #3 is the button
Seat 1: Mahu2021 (570 in chips) 
Seat 2: BigMan869 (680 in chips) 
Seat 3: SKYDIVER___K (250 in chips) 
Mahu2021: posts small blind 20
BigMan869: posts big blind 40
*** HOLE CARDS ***
Dealt to Mahu2021 [3c 2h]
SKYDIVER___K: folds 
Mahu2021: folds 
Uncalled bet (20) returned to BigMan869
BigMan869 collected 40 from pot
BigMan869: doesn't show hand 
*** SUMMARY ***
Total pot 40 | Rake 0 
Seat 1: Mahu2021 (small blind) folded before Flop
Seat 2: BigMan869 (big blind) collected (40)
Seat 3: SKYDIVER___K (button) folded before Flop (didn't bet)



PokerStars Hand #253415022651: Tournament #3823800754, $1.84+$0.16 USD Hold'em No Limit - Level III (20/40) - 2024/11/15 18:16:59 CET [2024/11/15 12:16:59 ET]
Table '3823800754 1' 3-max Seat #1 is the button
Seat 1: Mahu2021 (550 in chips) 
Seat 2: BigMan869 (700 in chips) 
Seat 3: SKYDIVER___K (250 in chips) 
BigMan869: posts small blind 20
SKYDIVER___K: posts big blind 40
*** HOLE CARDS ***
Dealt to Mahu2021 [Qh 8d]
Mahu2021: calls 40
BigMan869: folds 
SKYDIVER___K: checks 
*** FLOP *** [8s 6h Ts]
SKYDIVER___K: checks 
Mahu2021: bets 40
SKYDIVER___K: folds 
Uncalled bet (40) returned to Mahu2021
Mahu2021 collected 100 from pot
Mahu2021: doesn't show hand 
*** SUMMARY ***
Total pot 100 | Rake 0 
Board [8s 6h Ts]
Seat 1: Mahu2021 (button) collected (100)
Seat 2: BigMan869 (small blind) folded before Flop
Seat 3: SKYDIVER___K (big blind) folded on the Flop



PokerStars Hand #253415026085: Tournament #3823800754, $1.84+$0.16 USD Hold'em No Limit - Level III (20/40) - 2024/11/15 18:17:13 CET [2024/11/15 12:17:13 ET]
Table '3823800754 1' 3-max Seat #2 is the button
Seat 1: Mahu2021 (610 in chips) 
Seat 2: BigMan869 (680 in chips) 
Seat 3: SKYDIVER___K (210 in chips) 
SKYDIVER___K: posts small blind 20
Mahu2021: posts big blind 40
*** HOLE CARDS ***
Dealt to Mahu2021 [8h 4s]
BigMan869: raises 40 to 80
SKYDIVER___K: calls 60
Mahu2021: folds 
*** FLOP *** [Ks 8s As]
SKYDIVER___K: checks 
BigMan869: bets 60
SKYDIVER___K: folds 
Uncalled bet (60) returned to BigMan869
BigMan869 collected 200 from pot
BigMan869: doesn't show hand 
*** SUMMARY ***
Total pot 200 | Rake 0 
Board [Ks 8s As]
Seat 1: Mahu2021 (big blind) folded before Flop
Seat 2: BigMan869 (button) collected (200)
Seat 3: SKYDIVER___K (small blind) folded on the Flop



PokerStars Hand #253415029818: Tournament #3823800754, $1.84+$0.16 USD Hold'em No Limit - Level III (20/40) - 2024/11/15 18:17:29 CET [2024/11/15 12:17:29 ET]
Table '3823800754 1' 3-max Seat #3 is the button
Seat 1: Mahu2021 (570 in chips) 
Seat 2: BigMan869 (800 in chips) 
Seat 3: SKYDIVER___K (130 in chips) 
Mahu2021: posts small blind 20
BigMan869: posts big blind 40
*** HOLE CARDS ***
Dealt to Mahu2021 [7h Jh]
SKYDIVER___K: raises 90 to 130 and is all-in
Mahu2021: folds 
BigMan869: folds 
Uncalled bet (90) returned to SKYDIVER___K
SKYDIVER___K collected 100 from pot
*** SUMMARY ***
Total pot 100 | Rake 0 
Seat 1: Mahu2021 (small blind) folded before Flop
Seat 2: BigMan869 (big blind) folded before Flop
Seat 3: SKYDIVER___K (button) collected (100)



PokerStars Hand #253415031749: Tournament #3823800754, $1.84+$0.16 USD Hold'em No Limit - Level III (20/40) - 2024/11/15 18:17:37 CET [2024/11/15 12:17:37 ET]
Table '3823800754 1' 3-max Seat #1 is the button
Seat 1: Mahu2021 (550 in chips) 
Seat 2: BigMan869 (760 in chips) 
Seat 3: SKYDIVER___K (190 in chips) 
BigMan869: posts small blind 20
SKYDIVER___K: posts big blind 40
*** HOLE CARDS ***
Dealt to Mahu2021 [4d 4c]
Mahu2021: calls 40
BigMan869: calls 20
SKYDIVER___K: checks 
*** FLOP *** [5c 7d 6s]
BigMan869: checks 
SKYDIVER___K: checks 
Mahu2021: bets 80
BigMan869: folds 
SKYDIVER___K: folds 
Uncalled bet (80) returned to Mahu2021
Mahu2021 collected 120 from pot
Mahu2021: doesn't show hand 
*** SUMMARY ***
Total pot 120 | Rake 0 
Board [5c 7d 6s]
Seat 1: Mahu2021 (button) collected (120)
Seat 2: BigMan869 (small blind) folded on the Flop
Seat 3: SKYDIVER___K (big blind) folded on the Flop



PokerStars Hand #253415039105: Tournament #3823800754, $1.84+$0.16 USD Hold'em No Limit - Level IV (30/60) - 2024/11/15 18:18:06 CET [2024/11/15 12:18:06 ET]
Table '3823800754 1' 3-max Seat #2 is the button
Seat 1: Mahu2021 (630 in chips) 
Seat 2: BigMan869 (720 in chips) 
Seat 3: SKYDIVER___K (150 in chips) 
SKYDIVER___K: posts small blind 30
Mahu2021: posts big blind 60
*** HOLE CARDS ***
Dealt to Mahu2021 [As 3h]
BigMan869: calls 60
SKYDIVER___K: calls 30
Mahu2021: checks 
*** FLOP *** [4d 5h Td]
SKYDIVER___K: bets 90 and is all-in
Mahu2021: folds 
BigMan869: calls 90
*** TURN *** [4d 5h Td] [Tc]
*** RIVER *** [4d 5h Td Tc] [6h]
*** SHOW DOWN ***
SKYDIVER___K: shows [Kh 5d] (two pair, Tens and Fives)
BigMan869: shows [2d 2c] (two pair, Tens and Deuces)
SKYDIVER___K collected 360 from pot
*** SUMMARY ***
Total pot 360 | Rake 0 
Board [4d 5h Td Tc 6h]
Seat 1: Mahu2021 (big blind) folded on the Flop
Seat 2: BigMan869 (button) showed [2d 2c] and lost with two pair, Tens and Deuces
Seat 3: SKYDIVER___K (small blind) showed [Kh 5d] and won (360) with two pair, Tens and Fives



PokerStars Hand #253415046552: Tournament #3823800754, $1.84+$0.16 USD Hold'em No Limit - Level IV (30/60) - 2024/11/15 18:18:37 CET [2024/11/15 12:18:37 ET]
Table '3823800754 1' 3-max Seat #3 is the button
Seat 1: Mahu2021 (570 in chips) 
Seat 2: BigMan869 (570 in chips) 
Seat 3: SKYDIVER___K (360 in chips) 
Mahu2021: posts small blind 30
BigMan869: posts big blind 60
*** HOLE CARDS ***
Dealt to Mahu2021 [4d 4h]
SKYDIVER___K: folds 
Mahu2021: raises 510 to 570 and is all-in
BigMan869: calls 510 and is all-in
*** FLOP *** [5h 9d 2d]
*** TURN *** [5h 9d 2d] [2h]
*** RIVER *** [5h 9d 2d 2h] [8h]
*** SHOW DOWN ***
Mahu2021: shows [4d 4h] (two pair, Fours and Deuces)
BigMan869: shows [5d Ah] (two pair, Fives and Deuces)
BigMan869 collected 1140 from pot
Mahu2021 finished the tournament in 3rd place
*** SUMMARY ***
Total pot 1140 | Rake 0 
Board [5h 9d 2d 2h 8h]
Seat 1: Mahu2021 (small blind) showed [4d 4h] and lost with two pair, Fours and Deuces
Seat 2: BigMan869 (big blind) showed [5d Ah] and won (1140) with two pair, Fives and Deuces
Seat 3: SKYDIVER___K (button) folded before Flop (didn't bet)



