PokerStars Hand #252652235561: Tournament #3805611142, $1.84+$0.16 USD Hold'em No Limit - Level I (10/20) - 2024/09/27 14:29:37 CET [2024/09/27 8:29:37 ET]
Table '3805611142 1' 3-max Seat #1 is the button
Seat 1: Mahu2021 (500 in chips) 
Seat 2: elBrcandele (500 in chips) 
Seat 3: Nicko Buko (500 in chips) 
elBrcandele: posts small blind 10
Nicko Buko: posts big blind 20
*** HOLE CARDS ***
Dealt to Mahu2021 [5c 7s]
Mahu2021: folds 
elBrcandele: calls 10
Nicko Buko: checks 
*** FLOP *** [9s 2d 5h]
elBrcandele: checks 
Nicko Buko: bets 20
elBrcandele: folds 
Uncalled bet (20) returned to Nicko Buko
Nicko Buko collected 40 from pot
Nicko Buko: doesn't show hand 
*** SUMMARY ***
Total pot 40 | Rake 0 
Board [9s 2d 5h]
Seat 1: Mahu2021 (button) folded before Flop (didn't bet)
Seat 2: elBrcandele (small blind) folded on the Flop
Seat 3: Nicko Buko (big blind) collected (40)



PokerStars Hand #252652237761: Tournament #3805611142, $1.84+$0.16 USD Hold'em No Limit - Level I (10/20) - 2024/09/27 14:29:51 CET [2024/09/27 8:29:51 ET]
Table '3805611142 1' 3-max Seat #2 is the button
Seat 1: Mahu2021 (500 in chips) 
Seat 2: elBrcandele (480 in chips) 
Seat 3: Nicko Buko (520 in chips) 
Nicko Buko: posts small blind 10
Mahu2021: posts big blind 20
*** HOLE CARDS ***
Dealt to Mahu2021 [4h Qc]
elBrcandele: folds 
Nicko Buko: raises 40 to 60
Mahu2021: folds 
Uncalled bet (40) returned to Nicko Buko
Nicko Buko collected 40 from pot
Nicko Buko: doesn't show hand 
*** SUMMARY ***
Total pot 40 | Rake 0 
Seat 1: Mahu2021 (big blind) folded before Flop
Seat 2: elBrcandele (button) folded before Flop (didn't bet)
Seat 3: Nicko Buko (small blind) collected (40)



PokerStars Hand #252652239121: Tournament #3805611142, $1.84+$0.16 USD Hold'em No Limit - Level I (10/20) - 2024/09/27 14:29:59 CET [2024/09/27 8:29:59 ET]
Table '3805611142 1' 3-max Seat #3 is the button
Seat 1: Mahu2021 (480 in chips) 
Seat 2: elBrcandele (480 in chips) 
Seat 3: Nicko Buko (540 in chips) 
Mahu2021: posts small blind 10
elBrcandele: posts big blind 20
*** HOLE CARDS ***
Dealt to Mahu2021 [Td Ks]
Nicko Buko: raises 20 to 40
Mahu2021: calls 30
elBrcandele: calls 20
*** FLOP *** [5d Jc Js]
Mahu2021: checks 
elBrcandele: checks 
Nicko Buko: checks 
*** TURN *** [5d Jc Js] [2s]
Mahu2021: checks 
elBrcandele: bets 40
Nicko Buko: folds 
Mahu2021: folds 
Uncalled bet (40) returned to elBrcandele
elBrcandele collected 120 from pot
*** SUMMARY ***
Total pot 120 | Rake 0 
Board [5d Jc Js 2s]
Seat 1: Mahu2021 (small blind) folded on the Turn
Seat 2: elBrcandele (big blind) collected (120)
Seat 3: Nicko Buko (button) folded on the Turn



PokerStars Hand #252652243604: Tournament #3805611142, $1.84+$0.16 USD Hold'em No Limit - Level I (10/20) - 2024/09/27 14:30:27 CET [2024/09/27 8:30:27 ET]
Table '3805611142 1' 3-max Seat #1 is the button
Seat 1: Mahu2021 (440 in chips) 
Seat 2: elBrcandele (560 in chips) 
Seat 3: Nicko Buko (500 in chips) 
elBrcandele: posts small blind 10
Nicko Buko: posts big blind 20
*** HOLE CARDS ***
Dealt to Mahu2021 [6d As]
Mahu2021: raises 20 to 40
elBrcandele: calls 30
Nicko Buko: folds 
*** FLOP *** [3h 2c 4h]
elBrcandele: checks 
Mahu2021: bets 40
elBrcandele: calls 40
*** TURN *** [3h 2c 4h] [Kd]
elBrcandele: checks 
Mahu2021: bets 40
elBrcandele: calls 40
*** RIVER *** [3h 2c 4h Kd] [7s]
elBrcandele: checks 
Mahu2021: checks 
*** SHOW DOWN ***
elBrcandele: shows [Th Ac] (high card Ace)
Mahu2021: mucks hand 
elBrcandele collected 260 from pot
*** SUMMARY ***
Total pot 260 | Rake 0 
Board [3h 2c 4h Kd 7s]
Seat 1: Mahu2021 (button) mucked [6d As]
Seat 2: elBrcandele (small blind) showed [Th Ac] and won (260) with high card Ace
Seat 3: Nicko Buko (big blind) folded before Flop



PokerStars Hand #252652247945: Tournament #3805611142, $1.84+$0.16 USD Hold'em No Limit - Level I (10/20) - 2024/09/27 14:30:54 CET [2024/09/27 8:30:54 ET]
Table '3805611142 1' 3-max Seat #2 is the button
Seat 1: Mahu2021 (320 in chips) 
Seat 2: elBrcandele (700 in chips) 
Seat 3: Nicko Buko (480 in chips) 
Nicko Buko: posts small blind 10
Mahu2021: posts big blind 20
*** HOLE CARDS ***
Dealt to Mahu2021 [Qh 7s]
elBrcandele: raises 20 to 40
Nicko Buko: folds 
Mahu2021: calls 20
*** FLOP *** [6d 8h 8d]
Mahu2021: checks 
elBrcandele: bets 90
Mahu2021: folds 
Uncalled bet (90) returned to elBrcandele
elBrcandele collected 90 from pot
*** SUMMARY ***
Total pot 90 | Rake 0 
Board [6d 8h 8d]
Seat 1: Mahu2021 (big blind) folded on the Flop
Seat 2: elBrcandele (button) collected (90)
Seat 3: Nicko Buko (small blind) folded before Flop



PokerStars Hand #252652250939: Tournament #3805611142, $1.84+$0.16 USD Hold'em No Limit - Level I (10/20) - 2024/09/27 14:31:12 CET [2024/09/27 8:31:12 ET]
Table '3805611142 1' 3-max Seat #3 is the button
Seat 1: Mahu2021 (280 in chips) 
Seat 2: elBrcandele (750 in chips) 
Seat 3: Nicko Buko (470 in chips) 
Mahu2021: posts small blind 10
elBrcandele: posts big blind 20
*** HOLE CARDS ***
Dealt to Mahu2021 [7s 2c]
Nicko Buko: folds 
Mahu2021: folds 
Uncalled bet (10) returned to elBrcandele
elBrcandele collected 20 from pot
*** SUMMARY ***
Total pot 20 | Rake 0 
Seat 1: Mahu2021 (small blind) folded before Flop
Seat 2: elBrcandele (big blind) collected (20)
Seat 3: Nicko Buko (button) folded before Flop (didn't bet)



PokerStars Hand #252652252134: Tournament #3805611142, $1.84+$0.16 USD Hold'em No Limit - Level I (10/20) - 2024/09/27 14:31:19 CET [2024/09/27 8:31:19 ET]
Table '3805611142 1' 3-max Seat #1 is the button
Seat 1: Mahu2021 (270 in chips) 
Seat 2: elBrcandele (760 in chips) 
Seat 3: Nicko Buko (470 in chips) 
elBrcandele: posts small blind 10
Nicko Buko: posts big blind 20
*** HOLE CARDS ***
Dealt to Mahu2021 [4h 2c]
Mahu2021: folds 
elBrcandele: raises 40 to 60
Nicko Buko: folds 
Uncalled bet (40) returned to elBrcandele
elBrcandele collected 40 from pot
*** SUMMARY ***
Total pot 40 | Rake 0 
Seat 1: Mahu2021 (button) folded before Flop (didn't bet)
Seat 2: elBrcandele (small blind) collected (40)
Seat 3: Nicko Buko (big blind) folded before Flop



PokerStars Hand #252652253398: Tournament #3805611142, $1.84+$0.16 USD Hold'em No Limit - Level I (10/20) - 2024/09/27 14:31:27 CET [2024/09/27 8:31:27 ET]
Table '3805611142 1' 3-max Seat #2 is the button
Seat 1: Mahu2021 (270 in chips) 
Seat 2: elBrcandele (780 in chips) 
Seat 3: Nicko Buko (450 in chips) 
Nicko Buko: posts small blind 10
Mahu2021: posts big blind 20
*** HOLE CARDS ***
Dealt to Mahu2021 [4s 3d]
elBrcandele: calls 20
Nicko Buko: raises 430 to 450 and is all-in
Mahu2021: folds 
elBrcandele: folds 
Uncalled bet (430) returned to Nicko Buko
Nicko Buko collected 60 from pot
Nicko Buko: doesn't show hand 
*** SUMMARY ***
Total pot 60 | Rake 0 
Seat 1: Mahu2021 (big blind) folded before Flop
Seat 2: elBrcandele (button) folded before Flop
Seat 3: Nicko Buko (small blind) collected (60)



PokerStars Hand #252652255756: Tournament #3805611142, $1.84+$0.16 USD Hold'em No Limit - Level II (15/30) - 2024/09/27 14:31:42 CET [2024/09/27 8:31:42 ET]
Table '3805611142 1' 3-max Seat #3 is the button
Seat 1: Mahu2021 (250 in chips) 
Seat 2: elBrcandele (760 in chips) 
Seat 3: Nicko Buko (490 in chips) 
Mahu2021: posts small blind 15
elBrcandele: posts big blind 30
*** HOLE CARDS ***
Dealt to Mahu2021 [8s 7h]
Nicko Buko: folds 
Mahu2021: calls 15
elBrcandele: raises 730 to 760 and is all-in
Mahu2021: folds 
Uncalled bet (730) returned to elBrcandele
elBrcandele collected 60 from pot
*** SUMMARY ***
Total pot 60 | Rake 0 
Seat 1: Mahu2021 (small blind) folded before Flop
Seat 2: elBrcandele (big blind) collected (60)
Seat 3: Nicko Buko (button) folded before Flop (didn't bet)



PokerStars Hand #252652257199: Tournament #3805611142, $1.84+$0.16 USD Hold'em No Limit - Level II (15/30) - 2024/09/27 14:31:51 CET [2024/09/27 8:31:51 ET]
Table '3805611142 1' 3-max Seat #1 is the button
Seat 1: Mahu2021 (220 in chips) 
Seat 2: elBrcandele (790 in chips) 
Seat 3: Nicko Buko (490 in chips) 
elBrcandele: posts small blind 15
Nicko Buko: posts big blind 30
*** HOLE CARDS ***
Dealt to Mahu2021 [2h Th]
Mahu2021: folds 
elBrcandele: folds 
Uncalled bet (15) returned to Nicko Buko
Nicko Buko collected 30 from pot
Nicko Buko: doesn't show hand 
*** SUMMARY ***
Total pot 30 | Rake 0 
Seat 1: Mahu2021 (button) folded before Flop (didn't bet)
Seat 2: elBrcandele (small blind) folded before Flop
Seat 3: Nicko Buko (big blind) collected (30)



PokerStars Hand #252652257977: Tournament #3805611142, $1.84+$0.16 USD Hold'em No Limit - Level II (15/30) - 2024/09/27 14:31:56 CET [2024/09/27 8:31:56 ET]
Table '3805611142 1' 3-max Seat #2 is the button
Seat 1: Mahu2021 (220 in chips) 
Seat 2: elBrcandele (775 in chips) 
Seat 3: Nicko Buko (505 in chips) 
Nicko Buko: posts small blind 15
Mahu2021: posts big blind 30
*** HOLE CARDS ***
Dealt to Mahu2021 [6c 5c]
elBrcandele: folds 
Nicko Buko: folds 
Uncalled bet (15) returned to Mahu2021
Mahu2021 collected 30 from pot
Mahu2021: doesn't show hand 
*** SUMMARY ***
Total pot 30 | Rake 0 
Seat 1: Mahu2021 (big blind) collected (30)
Seat 2: elBrcandele (button) folded before Flop (didn't bet)
Seat 3: Nicko Buko (small blind) folded before Flop



PokerStars Hand #252652259106: Tournament #3805611142, $1.84+$0.16 USD Hold'em No Limit - Level II (15/30) - 2024/09/27 14:32:02 CET [2024/09/27 8:32:02 ET]
Table '3805611142 1' 3-max Seat #3 is the button
Seat 1: Mahu2021 (235 in chips) 
Seat 2: elBrcandele (775 in chips) 
Seat 3: Nicko Buko (490 in chips) 
Mahu2021: posts small blind 15
elBrcandele: posts big blind 30
*** HOLE CARDS ***
Dealt to Mahu2021 [5c 2d]
Nicko Buko: raises 460 to 490 and is all-in
Mahu2021: folds 
elBrcandele: folds 
Uncalled bet (460) returned to Nicko Buko
Nicko Buko collected 75 from pot
Nicko Buko: doesn't show hand 
*** SUMMARY ***
Total pot 75 | Rake 0 
Seat 1: Mahu2021 (small blind) folded before Flop
Seat 2: elBrcandele (big blind) folded before Flop
Seat 3: Nicko Buko (button) collected (75)



PokerStars Hand #252652260470: Tournament #3805611142, $1.84+$0.16 USD Hold'em No Limit - Level II (15/30) - 2024/09/27 14:32:11 CET [2024/09/27 8:32:11 ET]
Table '3805611142 1' 3-max Seat #1 is the button
Seat 1: Mahu2021 (220 in chips) 
Seat 2: elBrcandele (745 in chips) 
Seat 3: Nicko Buko (535 in chips) 
elBrcandele: posts small blind 15
Nicko Buko: posts big blind 30
*** HOLE CARDS ***
Dealt to Mahu2021 [9d 3d]
Mahu2021: folds 
elBrcandele: calls 15
Nicko Buko: checks 
*** FLOP *** [3c Qd 2s]
elBrcandele: checks 
Nicko Buko: checks 
*** TURN *** [3c Qd 2s] [7c]
elBrcandele: bets 30
Nicko Buko: folds 
Uncalled bet (30) returned to elBrcandele
elBrcandele collected 60 from pot
*** SUMMARY ***
Total pot 60 | Rake 0 
Board [3c Qd 2s 7c]
Seat 1: Mahu2021 (button) folded before Flop (didn't bet)
Seat 2: elBrcandele (small blind) collected (60)
Seat 3: Nicko Buko (big blind) folded on the Turn



PokerStars Hand #252652265939: Tournament #3805611142, $1.84+$0.16 USD Hold'em No Limit - Level II (15/30) - 2024/09/27 14:32:44 CET [2024/09/27 8:32:44 ET]
Table '3805611142 1' 3-max Seat #2 is the button
Seat 1: Mahu2021 (220 in chips) 
Seat 2: elBrcandele (775 in chips) 
Seat 3: Nicko Buko (505 in chips) 
Nicko Buko: posts small blind 15
Mahu2021: posts big blind 30
*** HOLE CARDS ***
Dealt to Mahu2021 [3h Jd]
elBrcandele: folds 
Nicko Buko: raises 475 to 505 and is all-in
Mahu2021: folds 
Uncalled bet (475) returned to Nicko Buko
Nicko Buko collected 60 from pot
Nicko Buko: doesn't show hand 
*** SUMMARY ***
Total pot 60 | Rake 0 
Seat 1: Mahu2021 (big blind) folded before Flop
Seat 2: elBrcandele (button) folded before Flop (didn't bet)
Seat 3: Nicko Buko (small blind) collected (60)



PokerStars Hand #252652267969: Tournament #3805611142, $1.84+$0.16 USD Hold'em No Limit - Level II (15/30) - 2024/09/27 14:32:57 CET [2024/09/27 8:32:57 ET]
Table '3805611142 1' 3-max Seat #3 is the button
Seat 1: Mahu2021 (190 in chips) 
Seat 2: elBrcandele (775 in chips) 
Seat 3: Nicko Buko (535 in chips) 
Mahu2021: posts small blind 15
elBrcandele: posts big blind 30
*** HOLE CARDS ***
Dealt to Mahu2021 [8h Ad]
Nicko Buko: folds 
Mahu2021: raises 30 to 60
elBrcandele: calls 30
*** FLOP *** [6h 5s 3d]
Mahu2021: bets 130 and is all-in
elBrcandele: calls 130
*** TURN *** [6h 5s 3d] [Th]
*** RIVER *** [6h 5s 3d Th] [Ac]
*** SHOW DOWN ***
Mahu2021: shows [8h Ad] (a pair of Aces)
elBrcandele: shows [Jd 7d] (high card Ace)
Mahu2021 collected 380 from pot
*** SUMMARY ***
Total pot 380 | Rake 0 
Board [6h 5s 3d Th Ac]
Seat 1: Mahu2021 (small blind) showed [8h Ad] and won (380) with a pair of Aces
Seat 2: elBrcandele (big blind) showed [Jd 7d] and lost with high card Ace
Seat 3: Nicko Buko (button) folded before Flop (didn't bet)



PokerStars Hand #252652271029: Tournament #3805611142, $1.84+$0.16 USD Hold'em No Limit - Level II (15/30) - 2024/09/27 14:33:16 CET [2024/09/27 8:33:16 ET]
Table '3805611142 1' 3-max Seat #1 is the button
Seat 1: Mahu2021 (380 in chips) 
Seat 2: elBrcandele (585 in chips) 
Seat 3: Nicko Buko (535 in chips) 
elBrcandele: posts small blind 15
Nicko Buko: posts big blind 30
*** HOLE CARDS ***
Dealt to Mahu2021 [3h 2s]
Mahu2021: folds 
elBrcandele: raises 30 to 60
Nicko Buko: calls 30
*** FLOP *** [4c 6c 3s]
elBrcandele: checks 
Nicko Buko: checks 
*** TURN *** [4c 6c 3s] [As]
elBrcandele: checks 
Nicko Buko: bets 90
elBrcandele: calls 90
*** RIVER *** [4c 6c 3s As] [Kc]
elBrcandele: checks 
Nicko Buko: checks 
*** SHOW DOWN ***
elBrcandele: shows [8s 5h] (high card Ace)
Nicko Buko: shows [8d Ac] (a pair of Aces)
Nicko Buko collected 300 from pot
*** SUMMARY ***
Total pot 300 | Rake 0 
Board [4c 6c 3s As Kc]
Seat 1: Mahu2021 (button) folded before Flop (didn't bet)
Seat 2: elBrcandele (small blind) showed [8s 5h] and lost with high card Ace
Seat 3: Nicko Buko (big blind) showed [8d Ac] and won (300) with a pair of Aces



PokerStars Hand #252652279713: Tournament #3805611142, $1.84+$0.16 USD Hold'em No Limit - Level III (20/40) - 2024/09/27 14:34:08 CET [2024/09/27 8:34:08 ET]
Table '3805611142 1' 3-max Seat #2 is the button
Seat 1: Mahu2021 (380 in chips) 
Seat 2: elBrcandele (435 in chips) 
Seat 3: Nicko Buko (685 in chips) 
Nicko Buko: posts small blind 20
Mahu2021: posts big blind 40
*** HOLE CARDS ***
Dealt to Mahu2021 [Kh Qh]
elBrcandele: raises 80 to 120
Nicko Buko: folds 
Mahu2021: raises 260 to 380 and is all-in
elBrcandele: calls 260
*** FLOP *** [Ks 7c 4d]
*** TURN *** [Ks 7c 4d] [As]
*** RIVER *** [Ks 7c 4d As] [2d]
*** SHOW DOWN ***
Mahu2021: shows [Kh Qh] (a pair of Kings)
elBrcandele: shows [Js Qs] (high card Ace)
Mahu2021 collected 780 from pot
*** SUMMARY ***
Total pot 780 | Rake 0 
Board [Ks 7c 4d As 2d]
Seat 1: Mahu2021 (big blind) showed [Kh Qh] and won (780) with a pair of Kings
Seat 2: elBrcandele (button) showed [Js Qs] and lost with high card Ace
Seat 3: Nicko Buko (small blind) folded before Flop



PokerStars Hand #252652282250: Tournament #3805611142, $1.84+$0.16 USD Hold'em No Limit - Level III (20/40) - 2024/09/27 14:34:24 CET [2024/09/27 8:34:24 ET]
Table '3805611142 1' 3-max Seat #3 is the button
Seat 1: Mahu2021 (780 in chips) 
Seat 2: elBrcandele (55 in chips) 
Seat 3: Nicko Buko (665 in chips) 
Mahu2021: posts small blind 20
elBrcandele: posts big blind 40
*** HOLE CARDS ***
Dealt to Mahu2021 [Jh Qc]
Nicko Buko: folds 
Mahu2021: raises 40 to 80
elBrcandele: calls 15 and is all-in
Uncalled bet (25) returned to Mahu2021
*** FLOP *** [Jd 5d 9d]
*** TURN *** [Jd 5d 9d] [4d]
*** RIVER *** [Jd 5d 9d 4d] [5s]
*** SHOW DOWN ***
Mahu2021: shows [Jh Qc] (two pair, Jacks and Fives)
elBrcandele: shows [3h 8c] (a pair of Fives)
Mahu2021 collected 110 from pot
elBrcandele finished the tournament in 3rd place
*** SUMMARY ***
Total pot 110 | Rake 0 
Board [Jd 5d 9d 4d 5s]
Seat 1: Mahu2021 (small blind) showed [Jh Qc] and won (110) with two pair, Jacks and Fives
Seat 2: elBrcandele (big blind) showed [3h 8c] and lost with a pair of Fives
Seat 3: Nicko Buko (button) folded before Flop (didn't bet)



PokerStars Hand #252652284967: Tournament #3805611142, $1.84+$0.16 USD Hold'em No Limit - Level III (20/40) - 2024/09/27 14:34:40 CET [2024/09/27 8:34:40 ET]
Table '3805611142 1' 3-max Seat #1 is the button
Seat 1: Mahu2021 (835 in chips) 
Seat 3: Nicko Buko (665 in chips) 
Mahu2021: posts small blind 20
Nicko Buko: posts big blind 40
*** HOLE CARDS ***
Dealt to Mahu2021 [2d 2c]
Mahu2021: raises 40 to 80
Nicko Buko: calls 40
*** FLOP *** [8d Kd 9h]
Nicko Buko: checks 
Mahu2021: checks 
*** TURN *** [8d Kd 9h] [As]
Nicko Buko: checks 
Mahu2021: bets 80
Nicko Buko: folds 
Uncalled bet (80) returned to Mahu2021
Mahu2021 collected 160 from pot
Mahu2021: doesn't show hand 
*** SUMMARY ***
Total pot 160 | Rake 0 
Board [8d Kd 9h As]
Seat 1: Mahu2021 (button) (small blind) collected (160)
Seat 3: Nicko Buko (big blind) folded on the Turn



PokerStars Hand #252652287855: Tournament #3805611142, $1.84+$0.16 USD Hold'em No Limit - Level III (20/40) - 2024/09/27 14:34:58 CET [2024/09/27 8:34:58 ET]
Table '3805611142 1' 3-max Seat #3 is the button
Seat 1: Mahu2021 (915 in chips) 
Seat 3: Nicko Buko (585 in chips) 
Nicko Buko: posts small blind 20
Mahu2021: posts big blind 40
*** HOLE CARDS ***
Dealt to Mahu2021 [Kd 5h]
Nicko Buko: raises 40 to 80
Mahu2021: calls 40
*** FLOP *** [3d 2d Tc]
Mahu2021: checks 
Nicko Buko: bets 80
Mahu2021: folds 
Uncalled bet (80) returned to Nicko Buko
Nicko Buko collected 160 from pot
Nicko Buko: doesn't show hand 
*** SUMMARY ***
Total pot 160 | Rake 0 
Board [3d 2d Tc]
Seat 1: Mahu2021 (big blind) folded on the Flop
Seat 3: Nicko Buko (button) (small blind) collected (160)



PokerStars Hand #252652290457: Tournament #3805611142, $1.84+$0.16 USD Hold'em No Limit - Level III (20/40) - 2024/09/27 14:35:13 CET [2024/09/27 8:35:13 ET]
Table '3805611142 1' 3-max Seat #1 is the button
Seat 1: Mahu2021 (835 in chips) 
Seat 3: Nicko Buko (665 in chips) 
Mahu2021: posts small blind 20
Nicko Buko: posts big blind 40
*** HOLE CARDS ***
Dealt to Mahu2021 [3d 4d]
Mahu2021: calls 20
Nicko Buko: checks 
*** FLOP *** [Td 8d Ks]
Nicko Buko: checks 
Mahu2021: bets 80
Nicko Buko: folds 
Uncalled bet (80) returned to Mahu2021
Mahu2021 collected 80 from pot
Mahu2021: doesn't show hand 
*** SUMMARY ***
Total pot 80 | Rake 0 
Board [Td 8d Ks]
Seat 1: Mahu2021 (button) (small blind) collected (80)
Seat 3: Nicko Buko (big blind) folded on the Flop



PokerStars Hand #252652295682: Tournament #3805611142, $1.84+$0.16 USD Hold'em No Limit - Level IV (30/60) - 2024/09/27 14:35:45 CET [2024/09/27 8:35:45 ET]
Table '3805611142 1' 3-max Seat #3 is the button
Seat 1: Mahu2021 (875 in chips) 
Seat 3: Nicko Buko (625 in chips) 
Nicko Buko: posts small blind 30
Mahu2021: posts big blind 60
*** HOLE CARDS ***
Dealt to Mahu2021 [4h Jd]
Nicko Buko: calls 30
Mahu2021: checks 
*** FLOP *** [As Ah 7s]
Mahu2021: checks 
Nicko Buko: bets 60
Mahu2021: folds 
Uncalled bet (60) returned to Nicko Buko
Nicko Buko collected 120 from pot
Nicko Buko: doesn't show hand 
*** SUMMARY ***
Total pot 120 | Rake 0 
Board [As Ah 7s]
Seat 1: Mahu2021 (big blind) folded on the Flop
Seat 3: Nicko Buko (button) (small blind) collected (120)



PokerStars Hand #252652298699: Tournament #3805611142, $1.84+$0.16 USD Hold'em No Limit - Level IV (30/60) - 2024/09/27 14:36:03 CET [2024/09/27 8:36:03 ET]
Table '3805611142 1' 3-max Seat #1 is the button
Seat 1: Mahu2021 (815 in chips) 
Seat 3: Nicko Buko (685 in chips) 
Mahu2021: posts small blind 30
Nicko Buko: posts big blind 60
*** HOLE CARDS ***
Dealt to Mahu2021 [Qc 8h]
Mahu2021: raises 60 to 120
Nicko Buko: raises 565 to 685 and is all-in
Mahu2021: folds 
Uncalled bet (565) returned to Nicko Buko
Nicko Buko collected 240 from pot
Nicko Buko: doesn't show hand 
*** SUMMARY ***
Total pot 240 | Rake 0 
Seat 1: Mahu2021 (button) (small blind) folded before Flop
Seat 3: Nicko Buko (big blind) collected (240)



PokerStars Hand #252652300473: Tournament #3805611142, $1.84+$0.16 USD Hold'em No Limit - Level IV (30/60) - 2024/09/27 14:36:14 CET [2024/09/27 8:36:14 ET]
Table '3805611142 1' 3-max Seat #3 is the button
Seat 1: Mahu2021 (695 in chips) 
Seat 3: Nicko Buko (805 in chips) 
Nicko Buko: posts small blind 30
Mahu2021: posts big blind 60
*** HOLE CARDS ***
Dealt to Mahu2021 [7c 7h]
Nicko Buko: folds 
Uncalled bet (30) returned to Mahu2021
Mahu2021 collected 60 from pot
Mahu2021: doesn't show hand 
*** SUMMARY ***
Total pot 60 | Rake 0 
Seat 1: Mahu2021 (big blind) collected (60)
Seat 3: Nicko Buko (button) (small blind) folded before Flop



PokerStars Hand #252652301353: Tournament #3805611142, $1.84+$0.16 USD Hold'em No Limit - Level IV (30/60) - 2024/09/27 14:36:19 CET [2024/09/27 8:36:19 ET]
Table '3805611142 1' 3-max Seat #1 is the button
Seat 1: Mahu2021 (725 in chips) 
Seat 3: Nicko Buko (775 in chips) 
Mahu2021: posts small blind 30
Nicko Buko: posts big blind 60
*** HOLE CARDS ***
Dealt to Mahu2021 [8h 6c]
Mahu2021: calls 30
Nicko Buko: raises 715 to 775 and is all-in
Mahu2021: folds 
Uncalled bet (715) returned to Nicko Buko
Nicko Buko collected 120 from pot
Nicko Buko: doesn't show hand 
*** SUMMARY ***
Total pot 120 | Rake 0 
Seat 1: Mahu2021 (button) (small blind) folded before Flop
Seat 3: Nicko Buko (big blind) collected (120)



PokerStars Hand #252652303200: Tournament #3805611142, $1.84+$0.16 USD Hold'em No Limit - Level IV (30/60) - 2024/09/27 14:36:30 CET [2024/09/27 8:36:30 ET]
Table '3805611142 1' 3-max Seat #3 is the button
Seat 1: Mahu2021 (665 in chips) 
Seat 3: Nicko Buko (835 in chips) 
Nicko Buko: posts small blind 30
Mahu2021: posts big blind 60
*** HOLE CARDS ***
Dealt to Mahu2021 [3c Ac]
Nicko Buko: calls 30
Mahu2021: raises 605 to 665 and is all-in
Nicko Buko: folds 
Uncalled bet (605) returned to Mahu2021
Mahu2021 collected 120 from pot
Mahu2021: doesn't show hand 
*** SUMMARY ***
Total pot 120 | Rake 0 
Seat 1: Mahu2021 (big blind) collected (120)
Seat 3: Nicko Buko (button) (small blind) folded before Flop



PokerStars Hand #252652305185: Tournament #3805611142, $1.84+$0.16 USD Hold'em No Limit - Level IV (30/60) - 2024/09/27 14:36:42 CET [2024/09/27 8:36:42 ET]
Table '3805611142 1' 3-max Seat #1 is the button
Seat 1: Mahu2021 (725 in chips) 
Seat 3: Nicko Buko (775 in chips) 
Mahu2021: posts small blind 30
Nicko Buko: posts big blind 60
*** HOLE CARDS ***
Dealt to Mahu2021 [9h 9s]
Mahu2021: raises 60 to 120
Nicko Buko: calls 60
*** FLOP *** [6d 6s Th]
Nicko Buko: checks 
Mahu2021: bets 240
Nicko Buko: raises 415 to 655 and is all-in
Mahu2021: calls 365 and is all-in
Uncalled bet (50) returned to Nicko Buko
*** TURN *** [6d 6s Th] [5d]
*** RIVER *** [6d 6s Th 5d] [4d]
*** SHOW DOWN ***
Nicko Buko: shows [Qh Td] (two pair, Tens and Sixes)
Mahu2021: shows [9h 9s] (two pair, Nines and Sixes)
Nicko Buko collected 1450 from pot
Mahu2021 finished the tournament in 2nd place
Nicko Buko wins the tournament and receives $4.00 - congratulations!
*** SUMMARY ***
Total pot 1450 | Rake 0 
Board [6d 6s Th 5d 4d]
Seat 1: Mahu2021 (button) (small blind) showed [9h 9s] and lost with two pair, Nines and Sixes
Seat 3: Nicko Buko (big blind) showed [Qh Td] and won (1450) with two pair, Tens and Sixes



