PokerStars Hand #247625531914: Tournament #3685606799, $1.84+$0.16 USD Hold'em No Limit - Level I (10/20) - 2023/12/12 21:55:42 CET [2023/12/12 15:55:42 ET]
Table '3685606799 1' 3-max Seat #1 is the button
Seat 1: Mahu2021 (500 in chips) 
Seat 2: bea-knee (500 in chips) 
Seat 3: Pangaman (500 in chips) 
bea-knee: posts small blind 10
Pangaman: posts big blind 20
*** HOLE CARDS ***
Dealt to Mahu2021 [Kc Jc]
Mahu2021: calls 20
bea-knee: calls 10
Pangaman: checks 
*** FLOP *** [4h Ks 5h]
bea-knee: checks 
Pangaman: checks 
Mahu2021: bets 20
bea-knee: folds 
Pangaman: folds 
Uncalled bet (20) returned to Mahu2021
Mahu2021 collected 60 from pot
Mahu2021: doesn't show hand 
*** SUMMARY ***
Total pot 60 | Rake 0 
Board [4h Ks 5h]
Seat 1: Mahu2021 (button) collected (60)
Seat 2: bea-knee (small blind) folded on the Flop
Seat 3: Pangaman (big blind) folded on the Flop



PokerStars Hand #247625537715: Tournament #3685606799, $1.84+$0.16 USD Hold'em No Limit - Level I (10/20) - 2023/12/12 21:56:05 CET [2023/12/12 15:56:05 ET]
Table '3685606799 1' 3-max Seat #2 is the button
Seat 1: Mahu2021 (540 in chips) 
Seat 2: bea-knee (480 in chips) 
Seat 3: Pangaman (480 in chips) 
Pangaman: posts small blind 10
Mahu2021: posts big blind 20
*** HOLE CARDS ***
Dealt to Mahu2021 [Jd Ac]
bea-knee: calls 20
Pangaman: calls 10
Mahu2021: raises 40 to 60
bea-knee: calls 40
Pangaman: calls 40
*** FLOP *** [As 5c Kh]
Pangaman: checks 
Mahu2021: bets 60
bea-knee: folds 
Pangaman: folds 
Uncalled bet (60) returned to Mahu2021
Mahu2021 collected 180 from pot
Mahu2021: doesn't show hand 
*** SUMMARY ***
Total pot 180 | Rake 0 
Board [As 5c Kh]
Seat 1: Mahu2021 (big blind) collected (180)
Seat 2: bea-knee (button) folded on the Flop
Seat 3: Pangaman (small blind) folded on the Flop



PokerStars Hand #247625544527: Tournament #3685606799, $1.84+$0.16 USD Hold'em No Limit - Level I (10/20) - 2023/12/12 21:56:32 CET [2023/12/12 15:56:32 ET]
Table '3685606799 1' 3-max Seat #3 is the button
Seat 1: Mahu2021 (660 in chips) 
Seat 2: bea-knee (420 in chips) 
Seat 3: Pangaman (420 in chips) 
Mahu2021: posts small blind 10
bea-knee: posts big blind 20
*** HOLE CARDS ***
Dealt to Mahu2021 [8h 3c]
Pangaman: raises 20 to 40
Mahu2021: folds 
bea-knee: calls 20
*** FLOP *** [7d Qd 6s]
bea-knee: bets 60
Pangaman: calls 60
*** TURN *** [7d Qd 6s] [4h]
bea-knee: bets 60
Pangaman: calls 60
*** RIVER *** [7d Qd 6s 4h] [Jd]
bea-knee: bets 180
Pangaman: folds 
Uncalled bet (180) returned to bea-knee
bea-knee collected 330 from pot
*** SUMMARY ***
Total pot 330 | Rake 0 
Board [7d Qd 6s 4h Jd]
Seat 1: Mahu2021 (small blind) folded before Flop
Seat 2: bea-knee (big blind) collected (330)
Seat 3: Pangaman (button) folded on the River



PokerStars Hand #247625553888: Tournament #3685606799, $1.84+$0.16 USD Hold'em No Limit - Level I (10/20) - 2023/12/12 21:57:09 CET [2023/12/12 15:57:09 ET]
Table '3685606799 1' 3-max Seat #1 is the button
Seat 1: Mahu2021 (650 in chips) 
Seat 2: bea-knee (590 in chips) 
Seat 3: Pangaman (260 in chips) 
bea-knee: posts small blind 10
Pangaman: posts big blind 20
*** HOLE CARDS ***
Dealt to Mahu2021 [9c Jh]
Mahu2021: folds 
bea-knee: folds 
Uncalled bet (10) returned to Pangaman
Pangaman collected 20 from pot
Pangaman: doesn't show hand 
*** SUMMARY ***
Total pot 20 | Rake 0 
Seat 1: Mahu2021 (button) folded before Flop (didn't bet)
Seat 2: bea-knee (small blind) folded before Flop
Seat 3: Pangaman (big blind) collected (20)



PokerStars Hand #247625555149: Tournament #3685606799, $1.84+$0.16 USD Hold'em No Limit - Level I (10/20) - 2023/12/12 21:57:14 CET [2023/12/12 15:57:14 ET]
Table '3685606799 1' 3-max Seat #2 is the button
Seat 1: Mahu2021 (650 in chips) 
Seat 2: bea-knee (580 in chips) 
Seat 3: Pangaman (270 in chips) 
Pangaman: posts small blind 10
Mahu2021: posts big blind 20
*** HOLE CARDS ***
Dealt to Mahu2021 [Kc 8h]
bea-knee: calls 20
Pangaman: calls 10
Mahu2021: checks 
*** FLOP *** [6d 3s Td]
Pangaman: checks 
Mahu2021: checks 
bea-knee: bets 80
Pangaman: folds 
Mahu2021: folds 
Uncalled bet (80) returned to bea-knee
bea-knee collected 60 from pot
*** SUMMARY ***
Total pot 60 | Rake 0 
Board [6d 3s Td]
Seat 1: Mahu2021 (big blind) folded on the Flop
Seat 2: bea-knee (button) collected (60)
Seat 3: Pangaman (small blind) folded on the Flop



PokerStars Hand #247625561986: Tournament #3685606799, $1.84+$0.16 USD Hold'em No Limit - Level I (10/20) - 2023/12/12 21:57:41 CET [2023/12/12 15:57:41 ET]
Table '3685606799 1' 3-max Seat #3 is the button
Seat 1: Mahu2021 (630 in chips) 
Seat 2: bea-knee (620 in chips) 
Seat 3: Pangaman (250 in chips) 
Mahu2021: posts small blind 10
bea-knee: posts big blind 20
*** HOLE CARDS ***
Dealt to Mahu2021 [3s 5d]
Pangaman: raises 20 to 40
Mahu2021: folds 
bea-knee: calls 20
*** FLOP *** [Td 9d Kh]
bea-knee: checks 
Pangaman: bets 60
bea-knee: folds [Ah]
Uncalled bet (60) returned to Pangaman
Pangaman collected 90 from pot
Pangaman: doesn't show hand 
*** SUMMARY ***
Total pot 90 | Rake 0 
Board [Td 9d Kh]
Seat 1: Mahu2021 (small blind) folded before Flop
Seat 2: bea-knee (big blind) folded on the Flop
Seat 3: Pangaman (button) collected (90)



PokerStars Hand #247625567389: Tournament #3685606799, $1.84+$0.16 USD Hold'em No Limit - Level I (10/20) - 2023/12/12 21:58:02 CET [2023/12/12 15:58:02 ET]
Table '3685606799 1' 3-max Seat #1 is the button
Seat 1: Mahu2021 (620 in chips) 
Seat 2: bea-knee (580 in chips) 
Seat 3: Pangaman (300 in chips) 
bea-knee: posts small blind 10
Pangaman: posts big blind 20
*** HOLE CARDS ***
Dealt to Mahu2021 [9h 7c]
Mahu2021: folds 
bea-knee: raises 20 to 40
Pangaman: calls 20
*** FLOP *** [7s 9c 8c]
bea-knee: bets 40
Pangaman: calls 40
*** TURN *** [7s 9c 8c] [3h]
bea-knee: bets 160
Pangaman: calls 160
*** RIVER *** [7s 9c 8c 3h] [8s]
bea-knee: bets 20
Pangaman: raises 40 to 60 and is all-in
bea-knee: calls 40
*** SHOW DOWN ***
Pangaman: shows [As 6s] (a pair of Eights)
bea-knee: shows [9d 8d] (a full house, Eights full of Nines)
bea-knee collected 600 from pot
Pangaman finished the tournament in 3rd place and received $4.00.
*** SUMMARY ***
Total pot 600 | Rake 0 
Board [7s 9c 8c 3h 8s]
Seat 1: Mahu2021 (button) folded before Flop (didn't bet)
Seat 2: bea-knee (small blind) showed [9d 8d] and won (600) with a full house, Eights full of Nines
Seat 3: Pangaman (big blind) showed [As 6s] and lost with a pair of Eights



PokerStars Hand #247625577039: Tournament #3685606799, $1.84+$0.16 USD Hold'em No Limit - Level I (10/20) - 2023/12/12 21:58:40 CET [2023/12/12 15:58:40 ET]
Table '3685606799 1' 3-max Seat #2 is the button
Seat 1: Mahu2021 (620 in chips) 
Seat 2: bea-knee (880 in chips) 
bea-knee: posts small blind 10
Mahu2021: posts big blind 20
*** HOLE CARDS ***
Dealt to Mahu2021 [6c Ac]
bea-knee: raises 20 to 40
Mahu2021: calls 20
*** FLOP *** [5c Js 8h]
Mahu2021: checks 
bea-knee: checks 
*** TURN *** [5c Js 8h] [9c]
Mahu2021: bets 40
bea-knee: calls 40
*** RIVER *** [5c Js 8h 9c] [Kh]
Mahu2021: checks 
bea-knee: checks 
*** SHOW DOWN ***
Mahu2021: shows [6c Ac] (high card Ace)
bea-knee: shows [9s Ts] (a pair of Nines)
bea-knee collected 160 from pot
*** SUMMARY ***
Total pot 160 | Rake 0 
Board [5c Js 8h 9c Kh]
Seat 1: Mahu2021 (big blind) showed [6c Ac] and lost with high card Ace
Seat 2: bea-knee (button) (small blind) showed [9s Ts] and won (160) with a pair of Nines



PokerStars Hand #247625581035: Tournament #3685606799, $1.84+$0.16 USD Hold'em No Limit - Level I (10/20) - 2023/12/12 21:58:55 CET [2023/12/12 15:58:55 ET]
Table '3685606799 1' 3-max Seat #1 is the button
Seat 1: Mahu2021 (540 in chips) 
Seat 2: bea-knee (960 in chips) 
Mahu2021: posts small blind 10
bea-knee: posts big blind 20
*** HOLE CARDS ***
Dealt to Mahu2021 [4c 3h]
Mahu2021: folds 
Uncalled bet (10) returned to bea-knee
bea-knee collected 20 from pot
*** SUMMARY ***
Total pot 20 | Rake 0 
Seat 1: Mahu2021 (button) (small blind) folded before Flop
Seat 2: bea-knee (big blind) collected (20)



PokerStars Hand #247625582204: Tournament #3685606799, $1.84+$0.16 USD Hold'em No Limit - Level I (10/20) - 2023/12/12 21:59:00 CET [2023/12/12 15:59:00 ET]
Table '3685606799 1' 3-max Seat #2 is the button
Seat 1: Mahu2021 (530 in chips) 
Seat 2: bea-knee (970 in chips) 
bea-knee: posts small blind 10
Mahu2021: posts big blind 20
*** HOLE CARDS ***
Dealt to Mahu2021 [6c Jc]
bea-knee: folds 
Uncalled bet (10) returned to Mahu2021
Mahu2021 collected 20 from pot
Mahu2021: doesn't show hand 
*** SUMMARY ***
Total pot 20 | Rake 0 
Seat 1: Mahu2021 (big blind) collected (20)
Seat 2: bea-knee (button) (small blind) folded before Flop



PokerStars Hand #247625583241: Tournament #3685606799, $1.84+$0.16 USD Hold'em No Limit - Level I (10/20) - 2023/12/12 21:59:04 CET [2023/12/12 15:59:04 ET]
Table '3685606799 1' 3-max Seat #1 is the button
Seat 1: Mahu2021 (540 in chips) 
Seat 2: bea-knee (960 in chips) 
Mahu2021: posts small blind 10
bea-knee: posts big blind 20
*** HOLE CARDS ***
Dealt to Mahu2021 [As Jd]
Mahu2021: raises 20 to 40
bea-knee: calls 20
*** FLOP *** [8c Tc Qd]
bea-knee: bets 80
Mahu2021: calls 80
*** TURN *** [8c Tc Qd] [6d]
bea-knee: bets 280
Mahu2021: folds 
Uncalled bet (280) returned to bea-knee
bea-knee collected 240 from pot
*** SUMMARY ***
Total pot 240 | Rake 0 
Board [8c Tc Qd 6d]
Seat 1: Mahu2021 (button) (small blind) folded on the Turn
Seat 2: bea-knee (big blind) collected (240)



PokerStars Hand #247625587268: Tournament #3685606799, $1.84+$0.16 USD Hold'em No Limit - Level I (10/20) - 2023/12/12 21:59:20 CET [2023/12/12 15:59:20 ET]
Table '3685606799 1' 3-max Seat #2 is the button
Seat 1: Mahu2021 (420 in chips) 
Seat 2: bea-knee (1080 in chips) 
bea-knee: posts small blind 10
Mahu2021: posts big blind 20
*** HOLE CARDS ***
Dealt to Mahu2021 [Th 3s]
bea-knee: calls 10
Mahu2021: checks 
*** FLOP *** [4c 5d 9c]
Mahu2021: checks 
bea-knee: bets 20
Mahu2021: folds 
Uncalled bet (20) returned to bea-knee
bea-knee collected 40 from pot
*** SUMMARY ***
Total pot 40 | Rake 0 
Board [4c 5d 9c]
Seat 1: Mahu2021 (big blind) folded on the Flop
Seat 2: bea-knee (button) (small blind) collected (40)



PokerStars Hand #247625589657: Tournament #3685606799, $1.84+$0.16 USD Hold'em No Limit - Level I (10/20) - 2023/12/12 21:59:29 CET [2023/12/12 15:59:29 ET]
Table '3685606799 1' 3-max Seat #1 is the button
Seat 1: Mahu2021 (400 in chips) 
Seat 2: bea-knee (1100 in chips) 
Mahu2021: posts small blind 10
bea-knee: posts big blind 20
*** HOLE CARDS ***
Dealt to Mahu2021 [6c 7c]
Mahu2021: calls 10
bea-knee: checks 
*** FLOP *** [Tc 3s 9d]
bea-knee: checks 
Mahu2021: bets 20
bea-knee: folds 
Uncalled bet (20) returned to Mahu2021
Mahu2021 collected 40 from pot
Mahu2021: doesn't show hand 
*** SUMMARY ***
Total pot 40 | Rake 0 
Board [Tc 3s 9d]
Seat 1: Mahu2021 (button) (small blind) collected (40)
Seat 2: bea-knee (big blind) folded on the Flop



PokerStars Hand #247625592151: Tournament #3685606799, $1.84+$0.16 USD Hold'em No Limit - Level I (10/20) - 2023/12/12 21:59:39 CET [2023/12/12 15:59:39 ET]
Table '3685606799 1' 3-max Seat #2 is the button
Seat 1: Mahu2021 (420 in chips) 
Seat 2: bea-knee (1080 in chips) 
bea-knee: posts small blind 10
Mahu2021: posts big blind 20
*** HOLE CARDS ***
Dealt to Mahu2021 [Jc 6c]
bea-knee: calls 10
Mahu2021: checks 
*** FLOP *** [6s Kd 3c]
Mahu2021: checks 
bea-knee: bets 40
Mahu2021: calls 40
*** TURN *** [6s Kd 3c] [6d]
Mahu2021: checks 
bea-knee: bets 60
Mahu2021: calls 60
*** RIVER *** [6s Kd 3c 6d] [Ah]
Mahu2021: bets 240
bea-knee: folds [Ks]
Uncalled bet (240) returned to Mahu2021
Mahu2021 collected 240 from pot
Mahu2021: doesn't show hand 
*** SUMMARY ***
Total pot 240 | Rake 0 
Board [6s Kd 3c 6d Ah]
Seat 1: Mahu2021 (big blind) collected (240)
Seat 2: bea-knee (button) (small blind) folded on the River



PokerStars Hand #247625598516: Tournament #3685606799, $1.84+$0.16 USD Hold'em No Limit - Level II (15/30) - 2023/12/12 22:00:04 CET [2023/12/12 16:00:04 ET]
Table '3685606799 1' 3-max Seat #1 is the button
Seat 1: Mahu2021 (540 in chips) 
Seat 2: bea-knee (960 in chips) 
Mahu2021: posts small blind 15
bea-knee: posts big blind 30
*** HOLE CARDS ***
Dealt to Mahu2021 [8s Jd]
Mahu2021: calls 15
bea-knee: raises 60 to 90
Mahu2021: folds 
Uncalled bet (60) returned to bea-knee
bea-knee collected 60 from pot
*** SUMMARY ***
Total pot 60 | Rake 0 
Seat 1: Mahu2021 (button) (small blind) folded before Flop
Seat 2: bea-knee (big blind) collected (60)



PokerStars Hand #247625600597: Tournament #3685606799, $1.84+$0.16 USD Hold'em No Limit - Level II (15/30) - 2023/12/12 22:00:12 CET [2023/12/12 16:00:12 ET]
Table '3685606799 1' 3-max Seat #2 is the button
Seat 1: Mahu2021 (510 in chips) 
Seat 2: bea-knee (990 in chips) 
bea-knee: posts small blind 15
Mahu2021: posts big blind 30
*** HOLE CARDS ***
Dealt to Mahu2021 [Th 4d]
bea-knee: calls 15
Mahu2021: checks 
*** FLOP *** [Jh Jd 6c]
Mahu2021: checks 
bea-knee: checks 
*** TURN *** [Jh Jd 6c] [8c]
Mahu2021: checks 
bea-knee: bets 30
Mahu2021: folds 
Uncalled bet (30) returned to bea-knee
bea-knee collected 60 from pot
*** SUMMARY ***
Total pot 60 | Rake 0 
Board [Jh Jd 6c 8c]
Seat 1: Mahu2021 (big blind) folded on the Turn
Seat 2: bea-knee (button) (small blind) collected (60)



PokerStars Hand #247625603707: Tournament #3685606799, $1.84+$0.16 USD Hold'em No Limit - Level II (15/30) - 2023/12/12 22:00:23 CET [2023/12/12 16:00:23 ET]
Table '3685606799 1' 3-max Seat #1 is the button
Seat 1: Mahu2021 (480 in chips) 
Seat 2: bea-knee (1020 in chips) 
Mahu2021: posts small blind 15
bea-knee: posts big blind 30
*** HOLE CARDS ***
Dealt to Mahu2021 [Qc 7s]
Mahu2021: calls 15
bea-knee: checks 
*** FLOP *** [3s Kh 7h]
bea-knee: checks 
Mahu2021: bets 30
bea-knee: folds 
Uncalled bet (30) returned to Mahu2021
Mahu2021 collected 60 from pot
Mahu2021: doesn't show hand 
*** SUMMARY ***
Total pot 60 | Rake 0 
Board [3s Kh 7h]
Seat 1: Mahu2021 (button) (small blind) collected (60)
Seat 2: bea-knee (big blind) folded on the Flop



PokerStars Hand #247625606232: Tournament #3685606799, $1.84+$0.16 USD Hold'em No Limit - Level II (15/30) - 2023/12/12 22:00:32 CET [2023/12/12 16:00:32 ET]
Table '3685606799 1' 3-max Seat #2 is the button
Seat 1: Mahu2021 (510 in chips) 
Seat 2: bea-knee (990 in chips) 
bea-knee: posts small blind 15
Mahu2021: posts big blind 30
*** HOLE CARDS ***
Dealt to Mahu2021 [9c 8s]
bea-knee: raises 30 to 60
Mahu2021: calls 30
*** FLOP *** [8c 5h 8h]
Mahu2021: checks 
bea-knee: bets 90
Mahu2021: calls 90
*** TURN *** [8c 5h 8h] [6c]
Mahu2021: checks 
bea-knee: bets 120
Mahu2021: raises 150 to 270
bea-knee: folds [5d]
Uncalled bet (150) returned to Mahu2021
Mahu2021 collected 540 from pot
Mahu2021: doesn't show hand 
*** SUMMARY ***
Total pot 540 | Rake 0 
Board [8c 5h 8h 6c]
Seat 1: Mahu2021 (big blind) collected (540)
Seat 2: bea-knee (button) (small blind) folded on the Turn



PokerStars Hand #247625612856: Tournament #3685606799, $1.84+$0.16 USD Hold'em No Limit - Level II (15/30) - 2023/12/12 22:00:56 CET [2023/12/12 16:00:56 ET]
Table '3685606799 1' 3-max Seat #1 is the button
Seat 1: Mahu2021 (780 in chips) 
Seat 2: bea-knee (720 in chips) 
Mahu2021: posts small blind 15
bea-knee: posts big blind 30
*** HOLE CARDS ***
Dealt to Mahu2021 [7c 8d]
Mahu2021: calls 15
bea-knee: checks 
*** FLOP *** [Ks Td 4s]
bea-knee: bets 60
Mahu2021: folds 
Uncalled bet (60) returned to bea-knee
bea-knee collected 60 from pot
*** SUMMARY ***
Total pot 60 | Rake 0 
Board [Ks Td 4s]
Seat 1: Mahu2021 (button) (small blind) folded on the Flop
Seat 2: bea-knee (big blind) collected (60)



PokerStars Hand #247625615318: Tournament #3685606799, $1.84+$0.16 USD Hold'em No Limit - Level II (15/30) - 2023/12/12 22:01:05 CET [2023/12/12 16:01:05 ET]
Table '3685606799 1' 3-max Seat #2 is the button
Seat 1: Mahu2021 (750 in chips) 
Seat 2: bea-knee (750 in chips) 
bea-knee: posts small blind 15
Mahu2021: posts big blind 30
*** HOLE CARDS ***
Dealt to Mahu2021 [2d 4c]
bea-knee: calls 15
Mahu2021: checks 
*** FLOP *** [Th Kc 7d]
Mahu2021: checks 
bea-knee: checks 
*** TURN *** [Th Kc 7d] [2h]
Mahu2021: checks 
bea-knee: checks 
*** RIVER *** [Th Kc 7d 2h] [Qs]
Mahu2021: checks 
bea-knee: checks 
*** SHOW DOWN ***
Mahu2021: shows [2d 4c] (a pair of Deuces)
bea-knee: shows [3c 3s] (a pair of Threes)
bea-knee collected 60 from pot
*** SUMMARY ***
Total pot 60 | Rake 0 
Board [Th Kc 7d 2h Qs]
Seat 1: Mahu2021 (big blind) showed [2d 4c] and lost with a pair of Deuces
Seat 2: bea-knee (button) (small blind) showed [3c 3s] and won (60) with a pair of Threes



PokerStars Hand #247625618779: Tournament #3685606799, $1.84+$0.16 USD Hold'em No Limit - Level II (15/30) - 2023/12/12 22:01:16 CET [2023/12/12 16:01:16 ET]
Table '3685606799 1' 3-max Seat #1 is the button
Seat 1: Mahu2021 (720 in chips) 
Seat 2: bea-knee (780 in chips) 
Mahu2021: posts small blind 15
bea-knee: posts big blind 30
*** HOLE CARDS ***
Dealt to Mahu2021 [3c Tc]
Mahu2021: calls 15
bea-knee: raises 60 to 90
Mahu2021: folds 
Uncalled bet (60) returned to bea-knee
bea-knee collected 60 from pot
*** SUMMARY ***
Total pot 60 | Rake 0 
Seat 1: Mahu2021 (button) (small blind) folded before Flop
Seat 2: bea-knee (big blind) collected (60)



PokerStars Hand #247625621080: Tournament #3685606799, $1.84+$0.16 USD Hold'em No Limit - Level II (15/30) - 2023/12/12 22:01:24 CET [2023/12/12 16:01:24 ET]
Table '3685606799 1' 3-max Seat #2 is the button
Seat 1: Mahu2021 (690 in chips) 
Seat 2: bea-knee (810 in chips) 
bea-knee: posts small blind 15
Mahu2021: posts big blind 30
*** HOLE CARDS ***
Dealt to Mahu2021 [5s 2h]
bea-knee: calls 15
Mahu2021: checks 
*** FLOP *** [Jc 9d 8d]
Mahu2021: checks 
bea-knee: bets 30
Mahu2021: folds 
Uncalled bet (30) returned to bea-knee
bea-knee collected 60 from pot
*** SUMMARY ***
Total pot 60 | Rake 0 
Board [Jc 9d 8d]
Seat 1: Mahu2021 (big blind) folded on the Flop
Seat 2: bea-knee (button) (small blind) collected (60)



PokerStars Hand #247625624067: Tournament #3685606799, $1.84+$0.16 USD Hold'em No Limit - Level II (15/30) - 2023/12/12 22:01:33 CET [2023/12/12 16:01:33 ET]
Table '3685606799 1' 3-max Seat #1 is the button
Seat 1: Mahu2021 (660 in chips) 
Seat 2: bea-knee (840 in chips) 
Mahu2021: posts small blind 15
bea-knee: posts big blind 30
*** HOLE CARDS ***
Dealt to Mahu2021 [Ac Js]
Mahu2021: raises 30 to 60
bea-knee: folds 
Uncalled bet (30) returned to Mahu2021
Mahu2021 collected 60 from pot
Mahu2021: doesn't show hand 
*** SUMMARY ***
Total pot 60 | Rake 0 
Seat 1: Mahu2021 (button) (small blind) collected (60)
Seat 2: bea-knee (big blind) folded before Flop



PokerStars Hand #247625626162: Tournament #3685606799, $1.84+$0.16 USD Hold'em No Limit - Level II (15/30) - 2023/12/12 22:01:39 CET [2023/12/12 16:01:39 ET]
Table '3685606799 1' 3-max Seat #2 is the button
Seat 1: Mahu2021 (690 in chips) 
Seat 2: bea-knee (810 in chips) 
bea-knee: posts small blind 15
Mahu2021: posts big blind 30
*** HOLE CARDS ***
Dealt to Mahu2021 [Qc Ah]
bea-knee: calls 15
Mahu2021: raises 60 to 90
bea-knee: folds 
Uncalled bet (60) returned to Mahu2021
Mahu2021 collected 60 from pot
Mahu2021: doesn't show hand 
*** SUMMARY ***
Total pot 60 | Rake 0 
Seat 1: Mahu2021 (big blind) collected (60)
Seat 2: bea-knee (button) (small blind) folded before Flop



PokerStars Hand #247625629010: Tournament #3685606799, $1.84+$0.16 USD Hold'em No Limit - Level II (15/30) - 2023/12/12 22:01:48 CET [2023/12/12 16:01:48 ET]
Table '3685606799 1' 3-max Seat #1 is the button
Seat 1: Mahu2021 (720 in chips) 
Seat 2: bea-knee (780 in chips) 
Mahu2021: posts small blind 15
bea-knee: posts big blind 30
*** HOLE CARDS ***
Dealt to Mahu2021 [4s Jh]
Mahu2021: calls 15
bea-knee: checks 
*** FLOP *** [8s 3d 5c]
bea-knee: checks 
Mahu2021: checks 
*** TURN *** [8s 3d 5c] [2s]
bea-knee: checks 
Mahu2021: bets 30
bea-knee: calls 30
*** RIVER *** [8s 3d 5c 2s] [Td]
bea-knee: checks 
Mahu2021: checks 
*** SHOW DOWN ***
bea-knee: shows [2c 9c] (a pair of Deuces)
Mahu2021: mucks hand 
bea-knee collected 120 from pot
*** SUMMARY ***
Total pot 120 | Rake 0 
Board [8s 3d 5c 2s Td]
Seat 1: Mahu2021 (button) (small blind) mucked [4s Jh]
Seat 2: bea-knee (big blind) showed [2c 9c] and won (120) with a pair of Deuces



PokerStars Hand #247625634202: Tournament #3685606799, $1.84+$0.16 USD Hold'em No Limit - Level II (15/30) - 2023/12/12 22:02:04 CET [2023/12/12 16:02:04 ET]
Table '3685606799 1' 3-max Seat #2 is the button
Seat 1: Mahu2021 (660 in chips) 
Seat 2: bea-knee (840 in chips) 
bea-knee: posts small blind 15
Mahu2021: posts big blind 30
*** HOLE CARDS ***
Dealt to Mahu2021 [6d 7c]
bea-knee: calls 15
Mahu2021: checks 
*** FLOP *** [Js 7d 5d]
Mahu2021: checks 
bea-knee: checks 
*** TURN *** [Js 7d 5d] [3c]
Mahu2021: checks 
bea-knee: checks 
*** RIVER *** [Js 7d 5d 3c] [As]
Mahu2021: checks 
bea-knee: checks 
*** SHOW DOWN ***
Mahu2021: shows [6d 7c] (a pair of Sevens)
bea-knee: mucks hand 
Mahu2021 collected 60 from pot
*** SUMMARY ***
Total pot 60 | Rake 0 
Board [Js 7d 5d 3c As]
Seat 1: Mahu2021 (big blind) showed [6d 7c] and won (60) with a pair of Sevens
Seat 2: bea-knee (button) (small blind) mucked [4d Qh]



PokerStars Hand #247625638352: Tournament #3685606799, $1.84+$0.16 USD Hold'em No Limit - Level II (15/30) - 2023/12/12 22:02:16 CET [2023/12/12 16:02:16 ET]
Table '3685606799 1' 3-max Seat #1 is the button
Seat 1: Mahu2021 (690 in chips) 
Seat 2: bea-knee (810 in chips) 
Mahu2021: posts small blind 15
bea-knee: posts big blind 30
*** HOLE CARDS ***
Dealt to Mahu2021 [6h 6d]
Mahu2021: calls 15
bea-knee: raises 60 to 90
Mahu2021: calls 60
*** FLOP *** [Th 8c 2s]
bea-knee: bets 90
Mahu2021: folds 
Uncalled bet (90) returned to bea-knee
bea-knee collected 180 from pot
*** SUMMARY ***
Total pot 180 | Rake 0 
Board [Th 8c 2s]
Seat 1: Mahu2021 (button) (small blind) folded on the Flop
Seat 2: bea-knee (big blind) collected (180)



PokerStars Hand #247625643196: Tournament #3685606799, $1.84+$0.16 USD Hold'em No Limit - Level II (15/30) - 2023/12/12 22:02:31 CET [2023/12/12 16:02:31 ET]
Table '3685606799 1' 3-max Seat #2 is the button
Seat 1: Mahu2021 (600 in chips) 
Seat 2: bea-knee (900 in chips) 
bea-knee: posts small blind 15
Mahu2021: posts big blind 30
*** HOLE CARDS ***
Dealt to Mahu2021 [2c Ac]
bea-knee: raises 60 to 90
Mahu2021: calls 60
*** FLOP *** [Qs 3c 5d]
Mahu2021: checks 
bea-knee: checks 
*** TURN *** [Qs 3c 5d] [Ks]
Mahu2021: checks 
bea-knee: checks 
*** RIVER *** [Qs 3c 5d Ks] [Js]
Mahu2021: checks 
bea-knee: bets 180
Mahu2021: folds 
Uncalled bet (180) returned to bea-knee
bea-knee collected 180 from pot
*** SUMMARY ***
Total pot 180 | Rake 0 
Board [Qs 3c 5d Ks Js]
Seat 1: Mahu2021 (big blind) folded on the River
Seat 2: bea-knee (button) (small blind) collected (180)



PokerStars Hand #247625648176: Tournament #3685606799, $1.84+$0.16 USD Hold'em No Limit - Level II (15/30) - 2023/12/12 22:02:46 CET [2023/12/12 16:02:46 ET]
Table '3685606799 1' 3-max Seat #1 is the button
Seat 1: Mahu2021 (510 in chips) 
Seat 2: bea-knee (990 in chips) 
Mahu2021: posts small blind 15
bea-knee: posts big blind 30
*** HOLE CARDS ***
Dealt to Mahu2021 [Ts 9s]
Mahu2021: raises 30 to 60
bea-knee: calls 30
*** FLOP *** [Td 2c Ad]
bea-knee: checks 
Mahu2021: bets 60
bea-knee: folds 
Uncalled bet (60) returned to Mahu2021
Mahu2021 collected 120 from pot
Mahu2021: doesn't show hand 
*** SUMMARY ***
Total pot 120 | Rake 0 
Board [Td 2c Ad]
Seat 1: Mahu2021 (button) (small blind) collected (120)
Seat 2: bea-knee (big blind) folded on the Flop



PokerStars Hand #247625652210: Tournament #3685606799, $1.84+$0.16 USD Hold'em No Limit - Level II (15/30) - 2023/12/12 22:02:58 CET [2023/12/12 16:02:58 ET]
Table '3685606799 1' 3-max Seat #2 is the button
Seat 1: Mahu2021 (570 in chips) 
Seat 2: bea-knee (930 in chips) 
bea-knee: posts small blind 15
Mahu2021: posts big blind 30
*** HOLE CARDS ***
Dealt to Mahu2021 [8s Js]
bea-knee: calls 15
Mahu2021: checks 
*** FLOP *** [5h 4c 6c]
Mahu2021: checks 
bea-knee: checks 
*** TURN *** [5h 4c 6c] [7d]
Mahu2021: checks 
bea-knee: bets 60
Mahu2021: calls 60
*** RIVER *** [5h 4c 6c 7d] [5s]
Mahu2021: bets 60
bea-knee: calls 60
*** SHOW DOWN ***
Mahu2021: shows [8s Js] (a straight, Four to Eight)
bea-knee: mucks hand 
Mahu2021 collected 300 from pot
*** SUMMARY ***
Total pot 300 | Rake 0 
Board [5h 4c 6c 7d 5s]
Seat 1: Mahu2021 (big blind) showed [8s Js] and won (300) with a straight, Four to Eight
Seat 2: bea-knee (button) (small blind) mucked [9h 3h]



PokerStars Hand #247625657996: Tournament #3685606799, $1.84+$0.16 USD Hold'em No Limit - Level II (15/30) - 2023/12/12 22:03:15 CET [2023/12/12 16:03:15 ET]
Table '3685606799 1' 3-max Seat #1 is the button
Seat 1: Mahu2021 (720 in chips) 
Seat 2: bea-knee (780 in chips) 
Mahu2021: posts small blind 15
bea-knee: posts big blind 30
*** HOLE CARDS ***
Dealt to Mahu2021 [8s Ad]
Mahu2021: calls 15
bea-knee: raises 30 to 60
Mahu2021: calls 30
*** FLOP *** [Js Qh Tc]
bea-knee: bets 120
Mahu2021: folds 
Uncalled bet (120) returned to bea-knee
bea-knee collected 120 from pot
*** SUMMARY ***
Total pot 120 | Rake 0 
Board [Js Qh Tc]
Seat 1: Mahu2021 (button) (small blind) folded on the Flop
Seat 2: bea-knee (big blind) collected (120)



PokerStars Hand #247625661576: Tournament #3685606799, $1.84+$0.16 USD Hold'em No Limit - Level II (15/30) - 2023/12/12 22:03:25 CET [2023/12/12 16:03:25 ET]
Table '3685606799 1' 3-max Seat #2 is the button
Seat 1: Mahu2021 (660 in chips) 
Seat 2: bea-knee (840 in chips) 
bea-knee: posts small blind 15
Mahu2021: posts big blind 30
*** HOLE CARDS ***
Dealt to Mahu2021 [3d Ah]
bea-knee: raises 60 to 90
Mahu2021: folds 
Uncalled bet (60) returned to bea-knee
bea-knee collected 60 from pot
*** SUMMARY ***
Total pot 60 | Rake 0 
Seat 1: Mahu2021 (big blind) folded before Flop
Seat 2: bea-knee (button) (small blind) collected (60)



PokerStars Hand #247625663891: Tournament #3685606799, $1.84+$0.16 USD Hold'em No Limit - Level II (15/30) - 2023/12/12 22:03:32 CET [2023/12/12 16:03:32 ET]
Table '3685606799 1' 3-max Seat #1 is the button
Seat 1: Mahu2021 (630 in chips) 
Seat 2: bea-knee (870 in chips) 
Mahu2021: posts small blind 15
bea-knee: posts big blind 30
*** HOLE CARDS ***
Dealt to Mahu2021 [7h Js]
Mahu2021: calls 15
bea-knee: raises 60 to 90
Mahu2021: folds 
Uncalled bet (60) returned to bea-knee
bea-knee collected 60 from pot
*** SUMMARY ***
Total pot 60 | Rake 0 
Seat 1: Mahu2021 (button) (small blind) folded before Flop
Seat 2: bea-knee (big blind) collected (60)



PokerStars Hand #247625666586: Tournament #3685606799, $1.84+$0.16 USD Hold'em No Limit - Level II (15/30) - 2023/12/12 22:03:40 CET [2023/12/12 16:03:40 ET]
Table '3685606799 1' 3-max Seat #2 is the button
Seat 1: Mahu2021 (600 in chips) 
Seat 2: bea-knee (900 in chips) 
bea-knee: posts small blind 15
Mahu2021: posts big blind 30
*** HOLE CARDS ***
Dealt to Mahu2021 [Jh Ac]
bea-knee: calls 15
Mahu2021: raises 60 to 90
bea-knee: calls 60
*** FLOP *** [6s Ad Th]
Mahu2021: checks 
bea-knee: checks 
*** TURN *** [6s Ad Th] [Qh]
Mahu2021: checks 
bea-knee: checks 
*** RIVER *** [6s Ad Th Qh] [7c]
Mahu2021: bets 90
bea-knee: folds [7s]
Uncalled bet (90) returned to Mahu2021
Mahu2021 collected 180 from pot
Mahu2021: doesn't show hand 
*** SUMMARY ***
Total pot 180 | Rake 0 
Board [6s Ad Th Qh 7c]
Seat 1: Mahu2021 (big blind) collected (180)
Seat 2: bea-knee (button) (small blind) folded on the River



PokerStars Hand #247625672923: Tournament #3685606799, $1.84+$0.16 USD Hold'em No Limit - Level III (20/40) - 2023/12/12 22:03:58 CET [2023/12/12 16:03:58 ET]
Table '3685606799 1' 3-max Seat #1 is the button
Seat 1: Mahu2021 (690 in chips) 
Seat 2: bea-knee (810 in chips) 
Mahu2021: posts small blind 20
bea-knee: posts big blind 40
*** HOLE CARDS ***
Dealt to Mahu2021 [3s Ks]
Mahu2021: calls 20
bea-knee: checks 
*** FLOP *** [5s 4s 2s]
bea-knee: checks 
Mahu2021: checks 
*** TURN *** [5s 4s 2s] [Jc]
bea-knee: checks 
Mahu2021: checks 
*** RIVER *** [5s 4s 2s Jc] [7s]
bea-knee: checks 
Mahu2021: bets 80
bea-knee: folds 
Uncalled bet (80) returned to Mahu2021
Mahu2021 collected 80 from pot
Mahu2021: doesn't show hand 
*** SUMMARY ***
Total pot 80 | Rake 0 
Board [5s 4s 2s Jc 7s]
Seat 1: Mahu2021 (button) (small blind) collected (80)
Seat 2: bea-knee (big blind) folded on the River



PokerStars Hand #247625677520: Tournament #3685606799, $1.84+$0.16 USD Hold'em No Limit - Level III (20/40) - 2023/12/12 22:04:12 CET [2023/12/12 16:04:12 ET]
Table '3685606799 1' 3-max Seat #2 is the button
Seat 1: Mahu2021 (730 in chips) 
Seat 2: bea-knee (770 in chips) 
bea-knee: posts small blind 20
Mahu2021: posts big blind 40
*** HOLE CARDS ***
Dealt to Mahu2021 [7s Qd]
bea-knee: calls 20
Mahu2021: checks 
*** FLOP *** [4c 2d 6c]
Mahu2021: checks 
bea-knee: bets 120
Mahu2021: folds 
Uncalled bet (120) returned to bea-knee
bea-knee collected 80 from pot
*** SUMMARY ***
Total pot 80 | Rake 0 
Board [4c 2d 6c]
Seat 1: Mahu2021 (big blind) folded on the Flop
Seat 2: bea-knee (button) (small blind) collected (80)



PokerStars Hand #247625681026: Tournament #3685606799, $1.84+$0.16 USD Hold'em No Limit - Level III (20/40) - 2023/12/12 22:04:22 CET [2023/12/12 16:04:22 ET]
Table '3685606799 1' 3-max Seat #1 is the button
Seat 1: Mahu2021 (690 in chips) 
Seat 2: bea-knee (810 in chips) 
Mahu2021: posts small blind 20
bea-knee: posts big blind 40
*** HOLE CARDS ***
Dealt to Mahu2021 [2d Qh]
Mahu2021: calls 20
bea-knee: raises 40 to 80
Mahu2021: calls 40
*** FLOP *** [Ad 5s 3h]
bea-knee: bets 80
Mahu2021: folds 
Uncalled bet (80) returned to bea-knee
bea-knee collected 160 from pot
*** SUMMARY ***
Total pot 160 | Rake 0 
Board [Ad 5s 3h]
Seat 1: Mahu2021 (button) (small blind) folded on the Flop
Seat 2: bea-knee (big blind) collected (160)



PokerStars Hand #247625685002: Tournament #3685606799, $1.84+$0.16 USD Hold'em No Limit - Level III (20/40) - 2023/12/12 22:04:34 CET [2023/12/12 16:04:34 ET]
Table '3685606799 1' 3-max Seat #2 is the button
Seat 1: Mahu2021 (610 in chips) 
Seat 2: bea-knee (890 in chips) 
bea-knee: posts small blind 20
Mahu2021: posts big blind 40
*** HOLE CARDS ***
Dealt to Mahu2021 [Ad 7c]
bea-knee: raises 40 to 80
Mahu2021: calls 40
*** FLOP *** [Jh As 8s]
Mahu2021: checks 
bea-knee: checks 
*** TURN *** [Jh As 8s] [6h]
Mahu2021: checks 
bea-knee: checks 
*** RIVER *** [Jh As 8s 6h] [Ts]
Mahu2021: bets 80
bea-knee: raises 280 to 360
Mahu2021: calls 280
*** SHOW DOWN ***
bea-knee: shows [Qd Kh] (a straight, Ten to Ace)
Mahu2021: mucks hand 
bea-knee collected 880 from pot
*** SUMMARY ***
Total pot 880 | Rake 0 
Board [Jh As 8s 6h Ts]
Seat 1: Mahu2021 (big blind) mucked [Ad 7c]
Seat 2: bea-knee (button) (small blind) showed [Qd Kh] and won (880) with a straight, Ten to Ace



PokerStars Hand #247625690625: Tournament #3685606799, $1.84+$0.16 USD Hold'em No Limit - Level III (20/40) - 2023/12/12 22:04:50 CET [2023/12/12 16:04:50 ET]
Table '3685606799 1' 3-max Seat #1 is the button
Seat 1: Mahu2021 (170 in chips) 
Seat 2: bea-knee (1330 in chips) 
Mahu2021: posts small blind 20
bea-knee: posts big blind 40
*** HOLE CARDS ***
Dealt to Mahu2021 [9d 5h]
Mahu2021: folds 
Uncalled bet (20) returned to bea-knee
bea-knee collected 40 from pot
*** SUMMARY ***
Total pot 40 | Rake 0 
Seat 1: Mahu2021 (button) (small blind) folded before Flop
Seat 2: bea-knee (big blind) collected (40)



