PokerStars Hand #245745002953: Tournament #3639830630, $0.92+$0.08 USD Hold'em No Limit - Level I (10/20) - 2023/09/03 10:33:39 CET [2023/09/03 4:33:39 ET]
Table '3639830630 1' 3-max Seat #1 is the button
Seat 1: charynczuk (500 in chips) 
Seat 2: Mahu2021 (500 in chips) 
Seat 3: antimol75 (500 in chips) 
Mahu2021: posts small blind 10
antimol75: posts big blind 20
*** HOLE CARDS ***
Dealt to Mahu2021 [3s Kc]
charynczuk: folds 
Mahu2021: folds 
Uncalled bet (10) returned to antimol75
antimol75 collected 20 from pot
antimol75: doesn't show hand 
*** SUMMARY ***
Total pot 20 | Rake 0 
Seat 1: charynczuk (button) folded before Flop (didn't bet)
Seat 2: Mahu2021 (small blind) folded before Flop
Seat 3: antimol75 (big blind) collected (20)



PokerStars Hand #245745003566: Tournament #3639830630, $0.92+$0.08 USD Hold'em No Limit - Level I (10/20) - 2023/09/03 10:33:43 CET [2023/09/03 4:33:43 ET]
Table '3639830630 1' 3-max Seat #2 is the button
Seat 1: charynczuk (500 in chips) 
Seat 2: Mahu2021 (490 in chips) 
Seat 3: antimol75 (510 in chips) 
antimol75: posts small blind 10
charynczuk: posts big blind 20
*** HOLE CARDS ***
Dealt to Mahu2021 [Kc 2d]
Mahu2021: folds 
antimol75: calls 10
charynczuk: checks 
*** FLOP *** [5d 7c 6d]
antimol75: bets 20
charynczuk: calls 20
*** TURN *** [5d 7c 6d] [7d]
antimol75: bets 40
charynczuk: calls 40
*** RIVER *** [5d 7c 6d 7d] [8c]
antimol75: bets 80
charynczuk: calls 80
*** SHOW DOWN ***
antimol75: shows [4c 6c] (a straight, Four to Eight)
charynczuk: mucks hand 
antimol75 collected 320 from pot
*** SUMMARY ***
Total pot 320 | Rake 0 
Board [5d 7c 6d 7d 8c]
Seat 1: charynczuk (big blind) mucked [3c 8h]
Seat 2: Mahu2021 (button) folded before Flop (didn't bet)
Seat 3: antimol75 (small blind) showed [4c 6c] and won (320) with a straight, Four to Eight



PokerStars Hand #245745007224: Tournament #3639830630, $0.92+$0.08 USD Hold'em No Limit - Level I (10/20) - 2023/09/03 10:34:12 CET [2023/09/03 4:34:12 ET]
Table '3639830630 1' 3-max Seat #3 is the button
Seat 1: charynczuk (340 in chips) 
Seat 2: Mahu2021 (490 in chips) 
Seat 3: antimol75 (670 in chips) 
charynczuk: posts small blind 10
Mahu2021: posts big blind 20
*** HOLE CARDS ***
Dealt to Mahu2021 [6c 8s]
antimol75: folds 
charynczuk: calls 10
Mahu2021: checks 
*** FLOP *** [7s Kc 7c]
charynczuk: checks 
Mahu2021: checks 
*** TURN *** [7s Kc 7c] [Qh]
charynczuk: checks 
Mahu2021: checks 
*** RIVER *** [7s Kc 7c Qh] [7h]
charynczuk: checks 
Mahu2021: checks 
*** SHOW DOWN ***
charynczuk: shows [4h 5c] (three of a kind, Sevens)
Mahu2021: shows [6c 8s] (three of a kind, Sevens)
charynczuk collected 20 from pot
Mahu2021 collected 20 from pot
*** SUMMARY ***
Total pot 40 | Rake 0 
Board [7s Kc 7c Qh 7h]
Seat 1: charynczuk (small blind) showed [4h 5c] and won (20) with three of a kind, Sevens
Seat 2: Mahu2021 (big blind) showed [6c 8s] and won (20) with three of a kind, Sevens
Seat 3: antimol75 (button) folded before Flop (didn't bet)



PokerStars Hand #245745009686: Tournament #3639830630, $0.92+$0.08 USD Hold'em No Limit - Level I (10/20) - 2023/09/03 10:34:30 CET [2023/09/03 4:34:30 ET]
Table '3639830630 1' 3-max Seat #1 is the button
Seat 1: charynczuk (340 in chips) 
Seat 2: Mahu2021 (490 in chips) 
Seat 3: antimol75 (670 in chips) 
Mahu2021: posts small blind 10
antimol75: posts big blind 20
*** HOLE CARDS ***
Dealt to Mahu2021 [8h 4c]
charynczuk: folds 
Mahu2021: folds 
Uncalled bet (10) returned to antimol75
antimol75 collected 20 from pot
antimol75: doesn't show hand 
*** SUMMARY ***
Total pot 20 | Rake 0 
Seat 1: charynczuk (button) folded before Flop (didn't bet)
Seat 2: Mahu2021 (small blind) folded before Flop
Seat 3: antimol75 (big blind) collected (20)



PokerStars Hand #245745010323: Tournament #3639830630, $0.92+$0.08 USD Hold'em No Limit - Level I (10/20) - 2023/09/03 10:34:35 CET [2023/09/03 4:34:35 ET]
Table '3639830630 1' 3-max Seat #2 is the button
Seat 1: charynczuk (340 in chips) 
Seat 2: Mahu2021 (480 in chips) 
Seat 3: antimol75 (680 in chips) 
antimol75: posts small blind 10
charynczuk: posts big blind 20
*** HOLE CARDS ***
Dealt to Mahu2021 [2s 3d]
Mahu2021: folds 
antimol75: calls 10
charynczuk: checks 
*** FLOP *** [9d 8s 9c]
antimol75: checks 
charynczuk: checks 
*** TURN *** [9d 8s 9c] [Tc]
antimol75: bets 20
charynczuk: raises 80 to 100
antimol75: folds 
Uncalled bet (80) returned to charynczuk
charynczuk collected 80 from pot
*** SUMMARY ***
Total pot 80 | Rake 0 
Board [9d 8s 9c Tc]
Seat 1: charynczuk (big blind) collected (80)
Seat 2: Mahu2021 (button) folded before Flop (didn't bet)
Seat 3: antimol75 (small blind) folded on the Turn



PokerStars Hand #245745012943: Tournament #3639830630, $0.92+$0.08 USD Hold'em No Limit - Level I (10/20) - 2023/09/03 10:34:56 CET [2023/09/03 4:34:56 ET]
Table '3639830630 1' 3-max Seat #3 is the button
Seat 1: charynczuk (380 in chips) 
Seat 2: Mahu2021 (480 in chips) 
Seat 3: antimol75 (640 in chips) 
charynczuk: posts small blind 10
Mahu2021: posts big blind 20
*** HOLE CARDS ***
Dealt to Mahu2021 [Ac 2s]
antimol75: calls 20
charynczuk: calls 10
Mahu2021: checks 
*** FLOP *** [Qc 3h 5s]
charynczuk: checks 
Mahu2021: checks 
antimol75: checks 
*** TURN *** [Qc 3h 5s] [9c]
charynczuk: checks 
Mahu2021: checks 
antimol75: checks 
*** RIVER *** [Qc 3h 5s 9c] [Ad]
charynczuk: checks 
Mahu2021: checks 
antimol75: checks 
*** SHOW DOWN ***
charynczuk: shows [4s Ks] (high card Ace)
Mahu2021: shows [Ac 2s] (a pair of Aces)
antimol75: mucks hand 
Mahu2021 collected 60 from pot
*** SUMMARY ***
Total pot 60 | Rake 0 
Board [Qc 3h 5s 9c Ad]
Seat 1: charynczuk (small blind) showed [4s Ks] and lost with high card Ace
Seat 2: Mahu2021 (big blind) showed [Ac 2s] and won (60) with a pair of Aces
Seat 3: antimol75 (button) mucked [Kc 8s]



PokerStars Hand #245745016746: Tournament #3639830630, $0.92+$0.08 USD Hold'em No Limit - Level I (10/20) - 2023/09/03 10:35:25 CET [2023/09/03 4:35:25 ET]
Table '3639830630 1' 3-max Seat #1 is the button
Seat 1: charynczuk (360 in chips) 
Seat 2: Mahu2021 (520 in chips) 
Seat 3: antimol75 (620 in chips) 
Mahu2021: posts small blind 10
antimol75: posts big blind 20
*** HOLE CARDS ***
Dealt to Mahu2021 [7d 8d]
charynczuk: folds 
Mahu2021: calls 10
antimol75: checks 
*** FLOP *** [5c 3s 4d]
Mahu2021: checks 
antimol75: bets 20
Mahu2021: calls 20
*** TURN *** [5c 3s 4d] [6h]
Mahu2021: checks 
antimol75: bets 20
Mahu2021: calls 20
*** RIVER *** [5c 3s 4d 6h] [7c]
Mahu2021: bets 120
antimol75: folds 
Uncalled bet (120) returned to Mahu2021
Mahu2021 collected 120 from pot
Mahu2021: doesn't show hand 
*** SUMMARY ***
Total pot 120 | Rake 0 
Board [5c 3s 4d 6h 7c]
Seat 1: charynczuk (button) folded before Flop (didn't bet)
Seat 2: Mahu2021 (small blind) collected (120)
Seat 3: antimol75 (big blind) folded on the River



PokerStars Hand #245745019969: Tournament #3639830630, $0.92+$0.08 USD Hold'em No Limit - Level I (10/20) - 2023/09/03 10:35:50 CET [2023/09/03 4:35:50 ET]
Table '3639830630 1' 3-max Seat #2 is the button
Seat 1: charynczuk (360 in chips) 
Seat 2: Mahu2021 (580 in chips) 
Seat 3: antimol75 (560 in chips) 
antimol75: posts small blind 10
charynczuk: posts big blind 20
*** HOLE CARDS ***
Dealt to Mahu2021 [As Kc]
Mahu2021: raises 40 to 60
antimol75: folds 
charynczuk: raises 60 to 120
Mahu2021: raises 460 to 580 and is all-in
charynczuk: calls 240 and is all-in
Uncalled bet (220) returned to Mahu2021
*** FLOP *** [Td Kd Ks]
*** TURN *** [Td Kd Ks] [2c]
*** RIVER *** [Td Kd Ks 2c] [9d]
*** SHOW DOWN ***
charynczuk: shows [Ac Jh] (a pair of Kings)
Mahu2021: shows [As Kc] (three of a kind, Kings)
Mahu2021 collected 730 from pot
charynczuk finished the tournament in 3rd place
*** SUMMARY ***
Total pot 730 | Rake 0 
Board [Td Kd Ks 2c 9d]
Seat 1: charynczuk (big blind) showed [Ac Jh] and lost with a pair of Kings
Seat 2: Mahu2021 (button) showed [As Kc] and won (730) with three of a kind, Kings
Seat 3: antimol75 (small blind) folded before Flop



PokerStars Hand #245745023066: Tournament #3639830630, $0.92+$0.08 USD Hold'em No Limit - Level I (10/20) - 2023/09/03 10:36:14 CET [2023/09/03 4:36:14 ET]
Table '3639830630 1' 3-max Seat #3 is the button
Seat 2: Mahu2021 (950 in chips) 
Seat 3: antimol75 (550 in chips) 
antimol75: posts small blind 10
Mahu2021: posts big blind 20
*** HOLE CARDS ***
Dealt to Mahu2021 [Ac Qc]
antimol75: raises 20 to 40
Mahu2021: raises 80 to 120
antimol75: calls 80
*** FLOP *** [Qs 5s Qd]
Mahu2021: checks 
antimol75: checks 
*** TURN *** [Qs 5s Qd] [Ts]
Mahu2021: checks 
antimol75: checks 
*** RIVER *** [Qs 5s Qd Ts] [5h]
Mahu2021: bets 80
antimol75: calls 80
*** SHOW DOWN ***
Mahu2021: shows [Ac Qc] (a full house, Queens full of Fives)
antimol75: mucks hand 
Mahu2021 collected 400 from pot
*** SUMMARY ***
Total pot 400 | Rake 0 
Board [Qs 5s Qd Ts 5h]
Seat 2: Mahu2021 (big blind) showed [Ac Qc] and won (400) with a full house, Queens full of Fives
Seat 3: antimol75 (button) (small blind) mucked [Ad 2d]



PokerStars Hand #245745025962: Tournament #3639830630, $0.92+$0.08 USD Hold'em No Limit - Level I (10/20) - 2023/09/03 10:36:37 CET [2023/09/03 4:36:37 ET]
Table '3639830630 1' 3-max Seat #2 is the button
Seat 2: Mahu2021 (1150 in chips) 
Seat 3: antimol75 (350 in chips) 
Mahu2021: posts small blind 10
antimol75: posts big blind 20
*** HOLE CARDS ***
Dealt to Mahu2021 [Jc 8c]
Mahu2021: raises 20 to 40
antimol75: raises 310 to 350 and is all-in
Mahu2021: folds 
Uncalled bet (310) returned to antimol75
antimol75 collected 80 from pot
antimol75: doesn't show hand 
*** SUMMARY ***
Total pot 80 | Rake 0 
Seat 2: Mahu2021 (button) (small blind) folded before Flop
Seat 3: antimol75 (big blind) collected (80)



PokerStars Hand #245745027351: Tournament #3639830630, $0.92+$0.08 USD Hold'em No Limit - Level II (15/30) - 2023/09/03 10:36:48 CET [2023/09/03 4:36:48 ET]
Table '3639830630 1' 3-max Seat #3 is the button
Seat 2: Mahu2021 (1110 in chips) 
Seat 3: antimol75 (390 in chips) 
antimol75: posts small blind 15
Mahu2021: posts big blind 30
*** HOLE CARDS ***
Dealt to Mahu2021 [5c Ah]
antimol75: calls 15
Mahu2021: checks 
*** FLOP *** [2s Ad Td]
Mahu2021: checks 
antimol75: checks 
*** TURN *** [2s Ad Td] [Kc]
Mahu2021: checks 
antimol75: checks 
*** RIVER *** [2s Ad Td Kc] [3d]
Mahu2021: checks 
antimol75: checks 
*** SHOW DOWN ***
Mahu2021: shows [5c Ah] (a pair of Aces)
antimol75: mucks hand 
Mahu2021 collected 60 from pot
*** SUMMARY ***
Total pot 60 | Rake 0 
Board [2s Ad Td Kc 3d]
Seat 2: Mahu2021 (big blind) showed [5c Ah] and won (60) with a pair of Aces
Seat 3: antimol75 (button) (small blind) mucked [5d 6h]



PokerStars Hand #245745029398: Tournament #3639830630, $0.92+$0.08 USD Hold'em No Limit - Level II (15/30) - 2023/09/03 10:37:03 CET [2023/09/03 4:37:03 ET]
Table '3639830630 1' 3-max Seat #2 is the button
Seat 2: Mahu2021 (1140 in chips) 
Seat 3: antimol75 (360 in chips) 
Mahu2021: posts small blind 15
antimol75: posts big blind 30
*** HOLE CARDS ***
Dealt to Mahu2021 [Js 4c]
Mahu2021: calls 15
antimol75: checks 
*** FLOP *** [Jd Ts 9c]
antimol75: checks 
Mahu2021: bets 30
antimol75: folds 
Uncalled bet (30) returned to Mahu2021
Mahu2021 collected 60 from pot
Mahu2021: doesn't show hand 
*** SUMMARY ***
Total pot 60 | Rake 0 
Board [Jd Ts 9c]
Seat 2: Mahu2021 (button) (small blind) collected (60)
Seat 3: antimol75 (big blind) folded on the Flop



PokerStars Hand #245745030756: Tournament #3639830630, $0.92+$0.08 USD Hold'em No Limit - Level II (15/30) - 2023/09/03 10:37:14 CET [2023/09/03 4:37:14 ET]
Table '3639830630 1' 3-max Seat #3 is the button
Seat 2: Mahu2021 (1170 in chips) 
Seat 3: antimol75 (330 in chips) 
antimol75: posts small blind 15
Mahu2021: posts big blind 30
*** HOLE CARDS ***
Dealt to Mahu2021 [2s Jc]
antimol75: folds 
Uncalled bet (15) returned to Mahu2021
Mahu2021 collected 30 from pot
Mahu2021: doesn't show hand 
*** SUMMARY ***
Total pot 30 | Rake 0 
Seat 2: Mahu2021 (big blind) collected (30)
Seat 3: antimol75 (button) (small blind) folded before Flop



PokerStars Hand #245745031322: Tournament #3639830630, $0.92+$0.08 USD Hold'em No Limit - Level II (15/30) - 2023/09/03 10:37:18 CET [2023/09/03 4:37:18 ET]
Table '3639830630 1' 3-max Seat #2 is the button
Seat 2: Mahu2021 (1185 in chips) 
Seat 3: antimol75 (315 in chips) 
Mahu2021: posts small blind 15
antimol75: posts big blind 30
*** HOLE CARDS ***
Dealt to Mahu2021 [6h 9h]
Mahu2021: calls 15
antimol75: raises 285 to 315 and is all-in
Mahu2021: folds 
Uncalled bet (285) returned to antimol75
antimol75 collected 60 from pot
antimol75: doesn't show hand 
*** SUMMARY ***
Total pot 60 | Rake 0 
Seat 2: Mahu2021 (button) (small blind) folded before Flop
Seat 3: antimol75 (big blind) collected (60)



PokerStars Hand #245745032389: Tournament #3639830630, $0.92+$0.08 USD Hold'em No Limit - Level II (15/30) - 2023/09/03 10:37:27 CET [2023/09/03 4:37:27 ET]
Table '3639830630 1' 3-max Seat #3 is the button
Seat 2: Mahu2021 (1155 in chips) 
Seat 3: antimol75 (345 in chips) 
antimol75: posts small blind 15
Mahu2021: posts big blind 30
*** HOLE CARDS ***
Dealt to Mahu2021 [4s Ts]
antimol75: calls 15
Mahu2021: checks 
*** FLOP *** [Js 9h 2d]
Mahu2021: checks 
antimol75: checks 
*** TURN *** [Js 9h 2d] [Qh]
Mahu2021: bets 30
antimol75: calls 30
*** RIVER *** [Js 9h 2d Qh] [Ah]
Mahu2021: checks 
antimol75: checks 
*** SHOW DOWN ***
Mahu2021: shows [4s Ts] (high card Ace)
antimol75: mucks hand 
Mahu2021 collected 120 from pot
*** SUMMARY ***
Total pot 120 | Rake 0 
Board [Js 9h 2d Qh Ah]
Seat 2: Mahu2021 (big blind) showed [4s Ts] and won (120) with high card Ace
Seat 3: antimol75 (button) (small blind) mucked [4d 8d]



PokerStars Hand #245745034554: Tournament #3639830630, $0.92+$0.08 USD Hold'em No Limit - Level II (15/30) - 2023/09/03 10:37:44 CET [2023/09/03 4:37:44 ET]
Table '3639830630 1' 3-max Seat #2 is the button
Seat 2: Mahu2021 (1215 in chips) 
Seat 3: antimol75 (285 in chips) 
Mahu2021: posts small blind 15
antimol75: posts big blind 30
*** HOLE CARDS ***
Dealt to Mahu2021 [7d 9c]
Mahu2021: folds 
Uncalled bet (15) returned to antimol75
antimol75 collected 30 from pot
antimol75: doesn't show hand 
*** SUMMARY ***
Total pot 30 | Rake 0 
Seat 2: Mahu2021 (button) (small blind) folded before Flop
Seat 3: antimol75 (big blind) collected (30)



PokerStars Hand #245745035159: Tournament #3639830630, $0.92+$0.08 USD Hold'em No Limit - Level II (15/30) - 2023/09/03 10:37:48 CET [2023/09/03 4:37:48 ET]
Table '3639830630 1' 3-max Seat #3 is the button
Seat 2: Mahu2021 (1200 in chips) 
Seat 3: antimol75 (300 in chips) 
antimol75: posts small blind 15
Mahu2021: posts big blind 30
*** HOLE CARDS ***
Dealt to Mahu2021 [Jd 7d]
antimol75: folds 
Uncalled bet (15) returned to Mahu2021
Mahu2021 collected 30 from pot
Mahu2021: doesn't show hand 
*** SUMMARY ***
Total pot 30 | Rake 0 
Seat 2: Mahu2021 (big blind) collected (30)
Seat 3: antimol75 (button) (small blind) folded before Flop



PokerStars Hand #245745035718: Tournament #3639830630, $0.92+$0.08 USD Hold'em No Limit - Level II (15/30) - 2023/09/03 10:37:53 CET [2023/09/03 4:37:53 ET]
Table '3639830630 1' 3-max Seat #2 is the button
Seat 2: Mahu2021 (1215 in chips) 
Seat 3: antimol75 (285 in chips) 
Mahu2021: posts small blind 15
antimol75: posts big blind 30
*** HOLE CARDS ***
Dealt to Mahu2021 [2h 7d]
Mahu2021: folds 
Uncalled bet (15) returned to antimol75
antimol75 collected 30 from pot
antimol75: doesn't show hand 
*** SUMMARY ***
Total pot 30 | Rake 0 
Seat 2: Mahu2021 (button) (small blind) folded before Flop
Seat 3: antimol75 (big blind) collected (30)



PokerStars Hand #245745036299: Tournament #3639830630, $0.92+$0.08 USD Hold'em No Limit - Level II (15/30) - 2023/09/03 10:37:57 CET [2023/09/03 4:37:57 ET]
Table '3639830630 1' 3-max Seat #3 is the button
Seat 2: Mahu2021 (1200 in chips) 
Seat 3: antimol75 (300 in chips) 
antimol75: posts small blind 15
Mahu2021: posts big blind 30
*** HOLE CARDS ***
Dealt to Mahu2021 [8c Kh]
antimol75: folds 
Uncalled bet (15) returned to Mahu2021
Mahu2021 collected 30 from pot
Mahu2021: doesn't show hand 
*** SUMMARY ***
Total pot 30 | Rake 0 
Seat 2: Mahu2021 (big blind) collected (30)
Seat 3: antimol75 (button) (small blind) folded before Flop



PokerStars Hand #245745036849: Tournament #3639830630, $0.92+$0.08 USD Hold'em No Limit - Level II (15/30) - 2023/09/03 10:38:02 CET [2023/09/03 4:38:02 ET]
Table '3639830630 1' 3-max Seat #2 is the button
Seat 2: Mahu2021 (1215 in chips) 
Seat 3: antimol75 (285 in chips) 
Mahu2021: posts small blind 15
antimol75: posts big blind 30
*** HOLE CARDS ***
Dealt to Mahu2021 [3d Ah]
Mahu2021: raises 30 to 60
antimol75: calls 30
*** FLOP *** [Qd 4d 9h]
antimol75: checks 
Mahu2021: bets 30
antimol75: raises 195 to 225 and is all-in
Mahu2021: folds 
Uncalled bet (195) returned to antimol75
antimol75 collected 180 from pot
antimol75: doesn't show hand 
*** SUMMARY ***
Total pot 180 | Rake 0 
Board [Qd 4d 9h]
Seat 2: Mahu2021 (button) (small blind) folded on the Flop
Seat 3: antimol75 (big blind) collected (180)



PokerStars Hand #245745038880: Tournament #3639830630, $0.92+$0.08 USD Hold'em No Limit - Level II (15/30) - 2023/09/03 10:38:18 CET [2023/09/03 4:38:18 ET]
Table '3639830630 1' 3-max Seat #3 is the button
Seat 2: Mahu2021 (1125 in chips) 
Seat 3: antimol75 (375 in chips) 
antimol75: posts small blind 15
Mahu2021: posts big blind 30
*** HOLE CARDS ***
Dealt to Mahu2021 [Jh 2s]
antimol75: calls 15
Mahu2021: checks 
*** FLOP *** [2h 4c Kc]
Mahu2021: checks 
antimol75: bets 30
Mahu2021: calls 30
*** TURN *** [2h 4c Kc] [5d]
Mahu2021: checks 
antimol75: checks 
*** RIVER *** [2h 4c Kc 5d] [Ts]
Mahu2021: checks 
antimol75: checks 
*** SHOW DOWN ***
Mahu2021: shows [Jh 2s] (a pair of Deuces)
antimol75: mucks hand 
Mahu2021 collected 120 from pot
*** SUMMARY ***
Total pot 120 | Rake 0 
Board [2h 4c Kc 5d Ts]
Seat 2: Mahu2021 (big blind) showed [Jh 2s] and won (120) with a pair of Deuces
Seat 3: antimol75 (button) (small blind) mucked [8s 7c]



PokerStars Hand #245745040818: Tournament #3639830630, $0.92+$0.08 USD Hold'em No Limit - Level II (15/30) - 2023/09/03 10:38:33 CET [2023/09/03 4:38:33 ET]
Table '3639830630 1' 3-max Seat #2 is the button
Seat 2: Mahu2021 (1185 in chips) 
Seat 3: antimol75 (315 in chips) 
Mahu2021: posts small blind 15
antimol75: posts big blind 30
*** HOLE CARDS ***
Dealt to Mahu2021 [Jh 2h]
Mahu2021: calls 15
antimol75: raises 285 to 315 and is all-in
Mahu2021: folds 
Uncalled bet (285) returned to antimol75
antimol75 collected 60 from pot
antimol75: doesn't show hand 
*** SUMMARY ***
Total pot 60 | Rake 0 
Seat 2: Mahu2021 (button) (small blind) folded before Flop
Seat 3: antimol75 (big blind) collected (60)



PokerStars Hand #245745041801: Tournament #3639830630, $0.92+$0.08 USD Hold'em No Limit - Level II (15/30) - 2023/09/03 10:38:40 CET [2023/09/03 4:38:40 ET]
Table '3639830630 1' 3-max Seat #3 is the button
Seat 2: Mahu2021 (1155 in chips) 
Seat 3: antimol75 (345 in chips) 
antimol75: posts small blind 15
Mahu2021: posts big blind 30
*** HOLE CARDS ***
Dealt to Mahu2021 [As 4s]
antimol75: calls 15
Mahu2021: raises 60 to 90
antimol75: calls 60
*** FLOP *** [Jh 5s Qd]
Mahu2021: checks 
antimol75: checks 
*** TURN *** [Jh 5s Qd] [4h]
Mahu2021: checks 
antimol75: checks 
*** RIVER *** [Jh 5s Qd 4h] [7c]
Mahu2021: bets 1065 and is all-in
antimol75: folds 
Uncalled bet (1065) returned to Mahu2021
Mahu2021 collected 180 from pot
Mahu2021: doesn't show hand 
*** SUMMARY ***
Total pot 180 | Rake 0 
Board [Jh 5s Qd 4h 7c]
Seat 2: Mahu2021 (big blind) collected (180)
Seat 3: antimol75 (button) (small blind) folded on the River



PokerStars Hand #245745044129: Tournament #3639830630, $0.92+$0.08 USD Hold'em No Limit - Level II (15/30) - 2023/09/03 10:38:59 CET [2023/09/03 4:38:59 ET]
Table '3639830630 1' 3-max Seat #2 is the button
Seat 2: Mahu2021 (1245 in chips) 
Seat 3: antimol75 (255 in chips) 
Mahu2021: posts small blind 15
antimol75: posts big blind 30
*** HOLE CARDS ***
Dealt to Mahu2021 [9h Kc]
Mahu2021: raises 30 to 60
antimol75: calls 30
*** FLOP *** [Ts 8s 5c]
antimol75: bets 195 and is all-in
Mahu2021: folds 
Uncalled bet (195) returned to antimol75
antimol75 collected 120 from pot
antimol75: doesn't show hand 
*** SUMMARY ***
Total pot 120 | Rake 0 
Board [Ts 8s 5c]
Seat 2: Mahu2021 (button) (small blind) folded on the Flop
Seat 3: antimol75 (big blind) collected (120)



PokerStars Hand #245745045690: Tournament #3639830630, $0.92+$0.08 USD Hold'em No Limit - Level II (15/30) - 2023/09/03 10:39:11 CET [2023/09/03 4:39:11 ET]
Table '3639830630 1' 3-max Seat #3 is the button
Seat 2: Mahu2021 (1185 in chips) 
Seat 3: antimol75 (315 in chips) 
antimol75: posts small blind 15
Mahu2021: posts big blind 30
*** HOLE CARDS ***
Dealt to Mahu2021 [6s 8c]
antimol75: folds 
Uncalled bet (15) returned to Mahu2021
Mahu2021 collected 30 from pot
Mahu2021: doesn't show hand 
*** SUMMARY ***
Total pot 30 | Rake 0 
Seat 2: Mahu2021 (big blind) collected (30)
Seat 3: antimol75 (button) (small blind) folded before Flop



PokerStars Hand #245745046234: Tournament #3639830630, $0.92+$0.08 USD Hold'em No Limit - Level II (15/30) - 2023/09/03 10:39:15 CET [2023/09/03 4:39:15 ET]
Table '3639830630 1' 3-max Seat #2 is the button
Seat 2: Mahu2021 (1200 in chips) 
Seat 3: antimol75 (300 in chips) 
Mahu2021: posts small blind 15
antimol75: posts big blind 30
*** HOLE CARDS ***
Dealt to Mahu2021 [8s As]
Mahu2021: raises 30 to 60
antimol75: folds 
Uncalled bet (30) returned to Mahu2021
Mahu2021 collected 60 from pot
Mahu2021: doesn't show hand 
*** SUMMARY ***
Total pot 60 | Rake 0 
Seat 2: Mahu2021 (button) (small blind) collected (60)
Seat 3: antimol75 (big blind) folded before Flop



PokerStars Hand #245745046963: Tournament #3639830630, $0.92+$0.08 USD Hold'em No Limit - Level II (15/30) - 2023/09/03 10:39:21 CET [2023/09/03 4:39:21 ET]
Table '3639830630 1' 3-max Seat #3 is the button
Seat 2: Mahu2021 (1230 in chips) 
Seat 3: antimol75 (270 in chips) 
antimol75: posts small blind 15
Mahu2021: posts big blind 30
*** HOLE CARDS ***
Dealt to Mahu2021 [Tc Th]
antimol75: raises 240 to 270 and is all-in
Mahu2021: calls 240
*** FLOP *** [2h Td Qd]
*** TURN *** [2h Td Qd] [Kh]
*** RIVER *** [2h Td Qd Kh] [4h]
*** SHOW DOWN ***
Mahu2021: shows [Tc Th] (three of a kind, Tens)
antimol75: shows [9c Jc] (a straight, Nine to King)
antimol75 collected 540 from pot
*** SUMMARY ***
Total pot 540 | Rake 0 
Board [2h Td Qd Kh 4h]
Seat 2: Mahu2021 (big blind) showed [Tc Th] and lost with three of a kind, Tens
Seat 3: antimol75 (button) (small blind) showed [9c Jc] and won (540) with a straight, Nine to King



PokerStars Hand #245745048659: Tournament #3639830630, $0.92+$0.08 USD Hold'em No Limit - Level II (15/30) - 2023/09/03 10:39:34 CET [2023/09/03 4:39:34 ET]
Table '3639830630 1' 3-max Seat #2 is the button
Seat 2: Mahu2021 (960 in chips) 
Seat 3: antimol75 (540 in chips) 
Mahu2021: posts small blind 15
antimol75: posts big blind 30
*** HOLE CARDS ***
Dealt to Mahu2021 [Kc 9h]
Mahu2021: raises 30 to 60
antimol75: folds 
Uncalled bet (30) returned to Mahu2021
Mahu2021 collected 60 from pot
Mahu2021: doesn't show hand 
*** SUMMARY ***
Total pot 60 | Rake 0 
Seat 2: Mahu2021 (button) (small blind) collected (60)
Seat 3: antimol75 (big blind) folded before Flop



PokerStars Hand #245745049418: Tournament #3639830630, $0.92+$0.08 USD Hold'em No Limit - Level II (15/30) - 2023/09/03 10:39:40 CET [2023/09/03 4:39:40 ET]
Table '3639830630 1' 3-max Seat #3 is the button
Seat 2: Mahu2021 (990 in chips) 
Seat 3: antimol75 (510 in chips) 
antimol75: posts small blind 15
Mahu2021: posts big blind 30
*** HOLE CARDS ***
Dealt to Mahu2021 [Js Qd]
antimol75: folds 
Uncalled bet (15) returned to Mahu2021
Mahu2021 collected 30 from pot
Mahu2021: doesn't show hand 
*** SUMMARY ***
Total pot 30 | Rake 0 
Seat 2: Mahu2021 (big blind) collected (30)
Seat 3: antimol75 (button) (small blind) folded before Flop



PokerStars Hand #245745050353: Tournament #3639830630, $0.92+$0.08 USD Hold'em No Limit - Level III (20/40) - 2023/09/03 10:39:47 CET [2023/09/03 4:39:47 ET]
Table '3639830630 1' 3-max Seat #2 is the button
Seat 2: Mahu2021 (1005 in chips) 
Seat 3: antimol75 (495 in chips) 
Mahu2021: posts small blind 20
antimol75: posts big blind 40
*** HOLE CARDS ***
Dealt to Mahu2021 [4s Ks]
Mahu2021: raises 40 to 80
antimol75: folds 
Uncalled bet (40) returned to Mahu2021
Mahu2021 collected 80 from pot
Mahu2021: doesn't show hand 
*** SUMMARY ***
Total pot 80 | Rake 0 
Seat 2: Mahu2021 (button) (small blind) collected (80)
Seat 3: antimol75 (big blind) folded before Flop



PokerStars Hand #245745051112: Tournament #3639830630, $0.92+$0.08 USD Hold'em No Limit - Level III (20/40) - 2023/09/03 10:39:53 CET [2023/09/03 4:39:53 ET]
Table '3639830630 1' 3-max Seat #3 is the button
Seat 2: Mahu2021 (1045 in chips) 
Seat 3: antimol75 (455 in chips) 
antimol75: posts small blind 20
Mahu2021: posts big blind 40
*** HOLE CARDS ***
Dealt to Mahu2021 [9c 7s]
antimol75: raises 40 to 80
Mahu2021: calls 40
*** FLOP *** [Jc Ts 4d]
Mahu2021: checks 
antimol75: checks 
*** TURN *** [Jc Ts 4d] [5c]
Mahu2021: bets 40
antimol75: calls 40
*** RIVER *** [Jc Ts 4d 5c] [4c]
Mahu2021: checks 
antimol75: checks 
*** SHOW DOWN ***
Mahu2021: shows [9c 7s] (a pair of Fours)
antimol75: shows [Kc Ah] (a pair of Fours - Ace kicker)
antimol75 collected 240 from pot
*** SUMMARY ***
Total pot 240 | Rake 0 
Board [Jc Ts 4d 5c 4c]
Seat 2: Mahu2021 (big blind) showed [9c 7s] and lost with a pair of Fours
Seat 3: antimol75 (button) (small blind) showed [Kc Ah] and won (240) with a pair of Fours



PokerStars Hand #245745053382: Tournament #3639830630, $0.92+$0.08 USD Hold'em No Limit - Level III (20/40) - 2023/09/03 10:40:10 CET [2023/09/03 4:40:10 ET]
Table '3639830630 1' 3-max Seat #2 is the button
Seat 2: Mahu2021 (925 in chips) 
Seat 3: antimol75 (575 in chips) 
Mahu2021: posts small blind 20
antimol75: posts big blind 40
*** HOLE CARDS ***
Dealt to Mahu2021 [6s 9s]
Mahu2021: raises 40 to 80
antimol75: calls 40
*** FLOP *** [Qc Ts 8h]
antimol75: checks 
Mahu2021: bets 160
antimol75: folds 
Uncalled bet (160) returned to Mahu2021
Mahu2021 collected 160 from pot
Mahu2021: doesn't show hand 
*** SUMMARY ***
Total pot 160 | Rake 0 
Board [Qc Ts 8h]
Seat 2: Mahu2021 (button) (small blind) collected (160)
Seat 3: antimol75 (big blind) folded on the Flop



PokerStars Hand #245745055024: Tournament #3639830630, $0.92+$0.08 USD Hold'em No Limit - Level III (20/40) - 2023/09/03 10:40:23 CET [2023/09/03 4:40:23 ET]
Table '3639830630 1' 3-max Seat #3 is the button
Seat 2: Mahu2021 (1005 in chips) 
Seat 3: antimol75 (495 in chips) 
antimol75: posts small blind 20
Mahu2021: posts big blind 40
*** HOLE CARDS ***
Dealt to Mahu2021 [5c 3h]
antimol75: raises 40 to 80
Mahu2021: calls 40
*** FLOP *** [Qc Ac Kc]
Mahu2021: checks 
antimol75: bets 80
Mahu2021: folds 
Uncalled bet (80) returned to antimol75
antimol75 collected 160 from pot
antimol75: doesn't show hand 
*** SUMMARY ***
Total pot 160 | Rake 0 
Board [Qc Ac Kc]
Seat 2: Mahu2021 (big blind) folded on the Flop
Seat 3: antimol75 (button) (small blind) collected (160)



PokerStars Hand #245745057584: Tournament #3639830630, $0.92+$0.08 USD Hold'em No Limit - Level III (20/40) - 2023/09/03 10:40:41 CET [2023/09/03 4:40:41 ET]
Table '3639830630 1' 3-max Seat #2 is the button
Seat 2: Mahu2021 (925 in chips) 
Seat 3: antimol75 (575 in chips) 
Mahu2021: posts small blind 20
antimol75: posts big blind 40
*** HOLE CARDS ***
Dealt to Mahu2021 [Kh 9h]
Mahu2021: raises 40 to 80
antimol75: calls 40
*** FLOP *** [Tc 8d 4h]
antimol75: checks 
Mahu2021: checks 
*** TURN *** [Tc 8d 4h] [7s]
antimol75: bets 80
Mahu2021: raises 765 to 845 and is all-in
antimol75: folds 
Uncalled bet (765) returned to Mahu2021
Mahu2021 collected 320 from pot
Mahu2021: doesn't show hand 
*** SUMMARY ***
Total pot 320 | Rake 0 
Board [Tc 8d 4h 7s]
Seat 2: Mahu2021 (button) (small blind) collected (320)
Seat 3: antimol75 (big blind) folded on the Turn



PokerStars Hand #245745060459: Tournament #3639830630, $0.92+$0.08 USD Hold'em No Limit - Level III (20/40) - 2023/09/03 10:41:03 CET [2023/09/03 4:41:03 ET]
Table '3639830630 1' 3-max Seat #3 is the button
Seat 2: Mahu2021 (1085 in chips) 
Seat 3: antimol75 (415 in chips) 
antimol75: posts small blind 20
Mahu2021: posts big blind 40
*** HOLE CARDS ***
Dealt to Mahu2021 [9c Kh]
antimol75: raises 40 to 80
Mahu2021: calls 40
*** FLOP *** [Kd Kc 4h]
Mahu2021: checks 
antimol75: bets 80
Mahu2021: raises 925 to 1005 and is all-in
antimol75: folds 
Uncalled bet (925) returned to Mahu2021
Mahu2021 collected 320 from pot
Mahu2021: doesn't show hand 
*** SUMMARY ***
Total pot 320 | Rake 0 
Board [Kd Kc 4h]
Seat 2: Mahu2021 (big blind) collected (320)
Seat 3: antimol75 (button) (small blind) folded on the Flop



PokerStars Hand #245745062968: Tournament #3639830630, $0.92+$0.08 USD Hold'em No Limit - Level III (20/40) - 2023/09/03 10:41:22 CET [2023/09/03 4:41:22 ET]
Table '3639830630 1' 3-max Seat #2 is the button
Seat 2: Mahu2021 (1245 in chips) 
Seat 3: antimol75 (255 in chips) 
Mahu2021: posts small blind 20
antimol75: posts big blind 40
*** HOLE CARDS ***
Dealt to Mahu2021 [Jc 7d]
Mahu2021: calls 20
antimol75: raises 215 to 255 and is all-in
Mahu2021: folds 
Uncalled bet (215) returned to antimol75
antimol75 collected 80 from pot
antimol75: doesn't show hand 
*** SUMMARY ***
Total pot 80 | Rake 0 
Seat 2: Mahu2021 (button) (small blind) folded before Flop
Seat 3: antimol75 (big blind) collected (80)



PokerStars Hand #245745063915: Tournament #3639830630, $0.92+$0.08 USD Hold'em No Limit - Level III (20/40) - 2023/09/03 10:41:29 CET [2023/09/03 4:41:29 ET]
Table '3639830630 1' 3-max Seat #3 is the button
Seat 2: Mahu2021 (1205 in chips) 
Seat 3: antimol75 (295 in chips) 
antimol75: posts small blind 20
Mahu2021: posts big blind 40
*** HOLE CARDS ***
Dealt to Mahu2021 [Jc Ad]
antimol75: raises 255 to 295 and is all-in
Mahu2021: calls 255
*** FLOP *** [7h 9c 3c]
*** TURN *** [7h 9c 3c] [Td]
*** RIVER *** [7h 9c 3c Td] [Th]
*** SHOW DOWN ***
Mahu2021: shows [Jc Ad] (a pair of Tens)
antimol75: shows [Kd 8c] (a pair of Tens - lower kicker)
Mahu2021 collected 590 from pot
antimol75 finished the tournament in 2nd place
Mahu2021 wins the tournament and receives $3.00 - congratulations!
*** SUMMARY ***
Total pot 590 | Rake 0 
Board [7h 9c 3c Td Th]
Seat 2: Mahu2021 (big blind) showed [Jc Ad] and won (590) with a pair of Tens
Seat 3: antimol75 (button) (small blind) showed [Kd 8c] and lost with a pair of Tens



