PokerStars Hand #252951451115: Tournament #3812495833, $1.84+$0.16 USD Hold'em No Limit - Level I (10/20) - 2024/10/16 9:11:00 CET [2024/10/16 3:11:00 ET]
Table '3812495833 1' 3-max Seat #1 is the button
Seat 1: pesto199091 (500 in chips) 
Seat 2: Ciars99 (500 in chips) 
Seat 3: Mahu2021 (500 in chips) 
Ciars99: posts small blind 10
Mahu2021: posts big blind 20
*** HOLE CARDS ***
Dealt to Mahu2021 [4h 9s]
pesto199091: calls 20
Ciars99: raises 20 to 40
Mahu2021: folds 
pesto199091: calls 20
*** FLOP *** [Tc Jc 5h]
Ciars99: checks 
pesto199091: bets 120
Ciars99: calls 120
*** TURN *** [Tc Jc 5h] [Qc]
Ciars99: checks 
pesto199091: checks 
*** RIVER *** [Tc Jc 5h Qc] [Js]
Ciars99: bets 180
pesto199091: calls 180
*** SHOW DOWN ***
Ciars99: shows [Ac 4c] (a flush, Ace high)
pesto199091: mucks hand 
Ciars99 collected 700 from pot
*** SUMMARY ***
Total pot 700 | Rake 0 
Board [Tc Jc 5h Qc Js]
Seat 1: pesto199091 (button) mucked [Kc Jh]
Seat 2: Ciars99 (small blind) showed [Ac 4c] and won (700) with a flush, Ace high
Seat 3: Mahu2021 (big blind) folded before Flop



PokerStars Hand #252951453258: Tournament #3812495833, $1.84+$0.16 USD Hold'em No Limit - Level I (10/20) - 2024/10/16 9:11:29 CET [2024/10/16 3:11:29 ET]
Table '3812495833 1' 3-max Seat #2 is the button
Seat 1: pesto199091 (160 in chips) 
Seat 2: Ciars99 (860 in chips) 
Seat 3: Mahu2021 (480 in chips) 
Mahu2021: posts small blind 10
pesto199091: posts big blind 20
*** HOLE CARDS ***
Dealt to Mahu2021 [2h 7c]
Ciars99: raises 20 to 40
Mahu2021: folds 
pesto199091: folds 
Uncalled bet (20) returned to Ciars99
Ciars99 collected 50 from pot
*** SUMMARY ***
Total pot 50 | Rake 0 
Seat 1: pesto199091 (big blind) folded before Flop
Seat 2: Ciars99 (button) collected (50)
Seat 3: Mahu2021 (small blind) folded before Flop



PokerStars Hand #252951454476: Tournament #3812495833, $1.84+$0.16 USD Hold'em No Limit - Level I (10/20) - 2024/10/16 9:11:45 CET [2024/10/16 3:11:45 ET]
Table '3812495833 1' 3-max Seat #3 is the button
Seat 1: pesto199091 (140 in chips) 
Seat 2: Ciars99 (890 in chips) 
Seat 3: Mahu2021 (470 in chips) 
pesto199091: posts small blind 10
Ciars99: posts big blind 20
*** HOLE CARDS ***
Dealt to Mahu2021 [Kd Ac]
Mahu2021: raises 20 to 40
pesto199091: folds 
Ciars99: calls 20
*** FLOP *** [Tc Qd Td]
Ciars99: bets 90
Mahu2021: folds 
Uncalled bet (90) returned to Ciars99
Ciars99 collected 90 from pot
*** SUMMARY ***
Total pot 90 | Rake 0 
Board [Tc Qd Td]
Seat 1: pesto199091 (small blind) folded before Flop
Seat 2: Ciars99 (big blind) collected (90)
Seat 3: Mahu2021 (button) folded on the Flop



PokerStars Hand #252951455369: Tournament #3812495833, $1.84+$0.16 USD Hold'em No Limit - Level I (10/20) - 2024/10/16 9:11:56 CET [2024/10/16 3:11:56 ET]
Table '3812495833 1' 3-max Seat #1 is the button
Seat 1: pesto199091 (130 in chips) 
Seat 2: Ciars99 (940 in chips) 
Seat 3: Mahu2021 (430 in chips) 
Ciars99: posts small blind 10
Mahu2021: posts big blind 20
*** HOLE CARDS ***
Dealt to Mahu2021 [5h 8s]
pesto199091: raises 20 to 40
Ciars99: calls 30
Mahu2021: folds 
*** FLOP *** [Ad Tc 4s]
Ciars99: checks 
pesto199091: checks 
*** TURN *** [Ad Tc 4s] [Jc]
Ciars99: bets 50
pesto199091: raises 40 to 90 and is all-in
Ciars99: calls 40
*** RIVER *** [Ad Tc 4s Jc] [7d]
*** SHOW DOWN ***
Ciars99: shows [4c 3c] (a pair of Fours)
pesto199091: shows [Th Ah] (two pair, Aces and Tens)
pesto199091 collected 280 from pot
*** SUMMARY ***
Total pot 280 | Rake 0 
Board [Ad Tc 4s Jc 7d]
Seat 1: pesto199091 (button) showed [Th Ah] and won (280) with two pair, Aces and Tens
Seat 2: Ciars99 (small blind) showed [4c 3c] and lost with a pair of Fours
Seat 3: Mahu2021 (big blind) folded before Flop



PokerStars Hand #252951456773: Tournament #3812495833, $1.84+$0.16 USD Hold'em No Limit - Level I (10/20) - 2024/10/16 9:12:15 CET [2024/10/16 3:12:15 ET]
Table '3812495833 1' 3-max Seat #2 is the button
Seat 1: pesto199091 (280 in chips) 
Seat 2: Ciars99 (810 in chips) 
Seat 3: Mahu2021 (410 in chips) 
Mahu2021: posts small blind 10
pesto199091: posts big blind 20
*** HOLE CARDS ***
Dealt to Mahu2021 [As 9s]
Ciars99: calls 20
Mahu2021: calls 10
pesto199091: checks 
*** FLOP *** [Js Jd Ad]
Mahu2021: bets 20
pesto199091: calls 20
Ciars99: folds 
*** TURN *** [Js Jd Ad] [6c]
Mahu2021: bets 40
pesto199091: folds 
Uncalled bet (40) returned to Mahu2021
Mahu2021 collected 100 from pot
Mahu2021: doesn't show hand 
*** SUMMARY ***
Total pot 100 | Rake 0 
Board [Js Jd Ad 6c]
Seat 1: pesto199091 (big blind) folded on the Turn
Seat 2: Ciars99 (button) folded on the Flop
Seat 3: Mahu2021 (small blind) collected (100)



PokerStars Hand #252951458732: Tournament #3812495833, $1.84+$0.16 USD Hold'em No Limit - Level I (10/20) - 2024/10/16 9:12:40 CET [2024/10/16 3:12:40 ET]
Table '3812495833 1' 3-max Seat #3 is the button
Seat 1: pesto199091 (240 in chips) 
Seat 2: Ciars99 (790 in chips) 
Seat 3: Mahu2021 (470 in chips) 
pesto199091: posts small blind 10
Ciars99: posts big blind 20
*** HOLE CARDS ***
Dealt to Mahu2021 [8c 4c]
Mahu2021: folds 
pesto199091: folds 
Uncalled bet (10) returned to Ciars99
Ciars99 collected 20 from pot
*** SUMMARY ***
Total pot 20 | Rake 0 
Seat 1: pesto199091 (small blind) folded before Flop
Seat 2: Ciars99 (big blind) collected (20)
Seat 3: Mahu2021 (button) folded before Flop (didn't bet)



PokerStars Hand #252951459138: Tournament #3812495833, $1.84+$0.16 USD Hold'em No Limit - Level I (10/20) - 2024/10/16 9:12:45 CET [2024/10/16 3:12:45 ET]
Table '3812495833 1' 3-max Seat #1 is the button
Seat 1: pesto199091 (230 in chips) 
Seat 2: Ciars99 (800 in chips) 
Seat 3: Mahu2021 (470 in chips) 
Ciars99: posts small blind 10
Mahu2021: posts big blind 20
*** HOLE CARDS ***
Dealt to Mahu2021 [Ah Qc]
pesto199091: folds 
Ciars99: folds 
Uncalled bet (10) returned to Mahu2021
Mahu2021 collected 20 from pot
Mahu2021: doesn't show hand 
*** SUMMARY ***
Total pot 20 | Rake 0 
Seat 1: pesto199091 (button) folded before Flop (didn't bet)
Seat 2: Ciars99 (small blind) folded before Flop
Seat 3: Mahu2021 (big blind) collected (20)



PokerStars Hand #252951459472: Tournament #3812495833, $1.84+$0.16 USD Hold'em No Limit - Level I (10/20) - 2024/10/16 9:12:50 CET [2024/10/16 3:12:50 ET]
Table '3812495833 1' 3-max Seat #2 is the button
Seat 1: pesto199091 (230 in chips) 
Seat 2: Ciars99 (790 in chips) 
Seat 3: Mahu2021 (480 in chips) 
Mahu2021: posts small blind 10
pesto199091: posts big blind 20
*** HOLE CARDS ***
Dealt to Mahu2021 [8h Tc]
Ciars99: folds 
Mahu2021: calls 10
pesto199091: checks 
*** FLOP *** [9h 7d Ks]
Mahu2021: bets 20
pesto199091: folds 
Uncalled bet (20) returned to Mahu2021
Mahu2021 collected 40 from pot
Mahu2021: doesn't show hand 
*** SUMMARY ***
Total pot 40 | Rake 0 
Board [9h 7d Ks]
Seat 1: pesto199091 (big blind) folded on the Flop
Seat 2: Ciars99 (button) folded before Flop (didn't bet)
Seat 3: Mahu2021 (small blind) collected (40)



PokerStars Hand #252951460209: Tournament #3812495833, $1.84+$0.16 USD Hold'em No Limit - Level I (10/20) - 2024/10/16 9:12:59 CET [2024/10/16 3:12:59 ET]
Table '3812495833 1' 3-max Seat #3 is the button
Seat 1: pesto199091 (210 in chips) 
Seat 2: Ciars99 (790 in chips) 
Seat 3: Mahu2021 (500 in chips) 
pesto199091: posts small blind 10
Ciars99: posts big blind 20
*** HOLE CARDS ***
Dealt to Mahu2021 [7h Kh]
Mahu2021: raises 20 to 40
pesto199091: calls 30
Ciars99: calls 20
*** FLOP *** [3d 9c 9s]
pesto199091: bets 40
Ciars99: calls 40
Mahu2021: folds 
*** TURN *** [3d 9c 9s] [Tc]
pesto199091: bets 20
Ciars99: raises 60 to 80
pesto199091: calls 60
*** RIVER *** [3d 9c 9s Tc] [Qh]
pesto199091: checks 
Ciars99: bets 60
pesto199091: calls 50 and is all-in
Uncalled bet (10) returned to Ciars99
*** SHOW DOWN ***
Ciars99: shows [Qs 9d] (a full house, Nines full of Queens)
pesto199091: shows [3c Ac] (two pair, Nines and Threes)
Ciars99 collected 460 from pot
pesto199091 finished the tournament in 3rd place
*** SUMMARY ***
Total pot 460 | Rake 0 
Board [3d 9c 9s Tc Qh]
Seat 1: pesto199091 (small blind) showed [3c Ac] and lost with two pair, Nines and Threes
Seat 2: Ciars99 (big blind) showed [Qs 9d] and won (460) with a full house, Nines full of Queens
Seat 3: Mahu2021 (button) folded on the Flop



PokerStars Hand #252951463037: Tournament #3812495833, $1.84+$0.16 USD Hold'em No Limit - Level I (10/20) - 2024/10/16 9:13:36 CET [2024/10/16 3:13:36 ET]
Table '3812495833 1' 3-max Seat #2 is the button
Seat 2: Ciars99 (1040 in chips) 
Seat 3: Mahu2021 (460 in chips) 
Ciars99: posts small blind 10
Mahu2021: posts big blind 20
*** HOLE CARDS ***
Dealt to Mahu2021 [8d Jc]
Ciars99: calls 10
Mahu2021: checks 
*** FLOP *** [5d Tc 9s]
Mahu2021: bets 20
Ciars99: calls 20
*** TURN *** [5d Tc 9s] [Jd]
Mahu2021: bets 20
Ciars99: folds 
Uncalled bet (20) returned to Mahu2021
Mahu2021 collected 80 from pot
Mahu2021: doesn't show hand 
*** SUMMARY ***
Total pot 80 | Rake 0 
Board [5d Tc 9s Jd]
Seat 2: Ciars99 (button) (small blind) folded on the Turn
Seat 3: Mahu2021 (big blind) collected (80)



PokerStars Hand #252951464014: Tournament #3812495833, $1.84+$0.16 USD Hold'em No Limit - Level I (10/20) - 2024/10/16 9:13:49 CET [2024/10/16 3:13:49 ET]
Table '3812495833 1' 3-max Seat #3 is the button
Seat 2: Ciars99 (1000 in chips) 
Seat 3: Mahu2021 (500 in chips) 
Mahu2021: posts small blind 10
Ciars99: posts big blind 20
*** HOLE CARDS ***
Dealt to Mahu2021 [8d 8s]
Mahu2021: raises 20 to 40
Ciars99: folds 
Uncalled bet (20) returned to Mahu2021
Mahu2021 collected 40 from pot
Mahu2021: doesn't show hand 
*** SUMMARY ***
Total pot 40 | Rake 0 
Seat 2: Ciars99 (big blind) folded before Flop
Seat 3: Mahu2021 (button) (small blind) collected (40)



PokerStars Hand #252951464357: Tournament #3812495833, $1.84+$0.16 USD Hold'em No Limit - Level I (10/20) - 2024/10/16 9:13:54 CET [2024/10/16 3:13:54 ET]
Table '3812495833 1' 3-max Seat #2 is the button
Seat 2: Ciars99 (980 in chips) 
Seat 3: Mahu2021 (520 in chips) 
Ciars99: posts small blind 10
Mahu2021: posts big blind 20
*** HOLE CARDS ***
Dealt to Mahu2021 [Ah Js]
Ciars99: calls 10
Mahu2021: raises 60 to 80
Ciars99: folds 
Uncalled bet (60) returned to Mahu2021
Mahu2021 collected 40 from pot
Mahu2021: doesn't show hand 
*** SUMMARY ***
Total pot 40 | Rake 0 
Seat 2: Ciars99 (button) (small blind) folded before Flop
Seat 3: Mahu2021 (big blind) collected (40)



PokerStars Hand #252951464803: Tournament #3812495833, $1.84+$0.16 USD Hold'em No Limit - Level I (10/20) - 2024/10/16 9:14:00 CET [2024/10/16 3:14:00 ET]
Table '3812495833 1' 3-max Seat #3 is the button
Seat 2: Ciars99 (960 in chips) 
Seat 3: Mahu2021 (540 in chips) 
Mahu2021: posts small blind 10
Ciars99: posts big blind 20
*** HOLE CARDS ***
Dealt to Mahu2021 [5d Ts]
Mahu2021: folds 
Uncalled bet (10) returned to Ciars99
Ciars99 collected 20 from pot
*** SUMMARY ***
Total pot 20 | Rake 0 
Seat 2: Ciars99 (big blind) collected (20)
Seat 3: Mahu2021 (button) (small blind) folded before Flop



PokerStars Hand #252951465351: Tournament #3812495833, $1.84+$0.16 USD Hold'em No Limit - Level II (15/30) - 2024/10/16 9:14:07 CET [2024/10/16 3:14:07 ET]
Table '3812495833 1' 3-max Seat #2 is the button
Seat 2: Ciars99 (970 in chips) 
Seat 3: Mahu2021 (530 in chips) 
Ciars99: posts small blind 15
Mahu2021: posts big blind 30
*** HOLE CARDS ***
Dealt to Mahu2021 [2d Qs]
Ciars99: calls 15
Mahu2021: checks 
*** FLOP *** [6c Ac 4h]
Mahu2021: checks 
Ciars99: checks 
*** TURN *** [6c Ac 4h] [8h]
Mahu2021: checks 
Ciars99: bets 30
Mahu2021: folds 
Uncalled bet (30) returned to Ciars99
Ciars99 collected 60 from pot
*** SUMMARY ***
Total pot 60 | Rake 0 
Board [6c Ac 4h 8h]
Seat 2: Ciars99 (button) (small blind) collected (60)
Seat 3: Mahu2021 (big blind) folded on the Turn



PokerStars Hand #252951466148: Tournament #3812495833, $1.84+$0.16 USD Hold'em No Limit - Level II (15/30) - 2024/10/16 9:14:18 CET [2024/10/16 3:14:18 ET]
Table '3812495833 1' 3-max Seat #3 is the button
Seat 2: Ciars99 (1000 in chips) 
Seat 3: Mahu2021 (500 in chips) 
Mahu2021: posts small blind 15
Ciars99: posts big blind 30
*** HOLE CARDS ***
Dealt to Mahu2021 [Ah 3c]
Mahu2021: raises 30 to 60
Ciars99: calls 30
*** FLOP *** [Qc 5h 9c]
Ciars99: checks 
Mahu2021: checks 
*** TURN *** [Qc 5h 9c] [Qs]
Ciars99: checks 
Mahu2021: bets 60
Ciars99: folds 
Uncalled bet (60) returned to Mahu2021
Mahu2021 collected 120 from pot
Mahu2021: doesn't show hand 
*** SUMMARY ***
Total pot 120 | Rake 0 
Board [Qc 5h 9c Qs]
Seat 2: Ciars99 (big blind) folded on the Turn
Seat 3: Mahu2021 (button) (small blind) collected (120)



PokerStars Hand #252951466960: Tournament #3812495833, $1.84+$0.16 USD Hold'em No Limit - Level II (15/30) - 2024/10/16 9:14:28 CET [2024/10/16 3:14:28 ET]
Table '3812495833 1' 3-max Seat #2 is the button
Seat 2: Ciars99 (940 in chips) 
Seat 3: Mahu2021 (560 in chips) 
Ciars99: posts small blind 15
Mahu2021: posts big blind 30
*** HOLE CARDS ***
Dealt to Mahu2021 [Tc 2h]
Ciars99: calls 15
Mahu2021: checks 
*** FLOP *** [5s Ah Td]
Mahu2021: checks 
Ciars99: checks 
*** TURN *** [5s Ah Td] [3h]
Mahu2021: checks 
Ciars99: checks 
*** RIVER *** [5s Ah Td 3h] [4s]
Mahu2021: bets 530 and is all-in
Ciars99: folds 
Uncalled bet (530) returned to Mahu2021
Mahu2021 collected 60 from pot
Mahu2021: doesn't show hand 
*** SUMMARY ***
Total pot 60 | Rake 0 
Board [5s Ah Td 3h 4s]
Seat 2: Ciars99 (button) (small blind) folded on the River
Seat 3: Mahu2021 (big blind) collected (60)



PokerStars Hand #252951467913: Tournament #3812495833, $1.84+$0.16 USD Hold'em No Limit - Level II (15/30) - 2024/10/16 9:14:41 CET [2024/10/16 3:14:41 ET]
Table '3812495833 1' 3-max Seat #3 is the button
Seat 2: Ciars99 (910 in chips) 
Seat 3: Mahu2021 (590 in chips) 
Mahu2021: posts small blind 15
Ciars99: posts big blind 30
*** HOLE CARDS ***
Dealt to Mahu2021 [9c 4d]
Mahu2021: folds 
Uncalled bet (15) returned to Ciars99
Ciars99 collected 30 from pot
*** SUMMARY ***
Total pot 30 | Rake 0 
Seat 2: Ciars99 (big blind) collected (30)
Seat 3: Mahu2021 (button) (small blind) folded before Flop



PokerStars Hand #252951468226: Tournament #3812495833, $1.84+$0.16 USD Hold'em No Limit - Level II (15/30) - 2024/10/16 9:14:45 CET [2024/10/16 3:14:45 ET]
Table '3812495833 1' 3-max Seat #2 is the button
Seat 2: Ciars99 (925 in chips) 
Seat 3: Mahu2021 (575 in chips) 
Ciars99: posts small blind 15
Mahu2021: posts big blind 30
*** HOLE CARDS ***
Dealt to Mahu2021 [7d 2s]
Ciars99: folds 
Uncalled bet (15) returned to Mahu2021
Mahu2021 collected 30 from pot
Mahu2021: doesn't show hand 
*** SUMMARY ***
Total pot 30 | Rake 0 
Seat 2: Ciars99 (button) (small blind) folded before Flop
Seat 3: Mahu2021 (big blind) collected (30)



PokerStars Hand #252951468513: Tournament #3812495833, $1.84+$0.16 USD Hold'em No Limit - Level II (15/30) - 2024/10/16 9:14:49 CET [2024/10/16 3:14:49 ET]
Table '3812495833 1' 3-max Seat #3 is the button
Seat 2: Ciars99 (910 in chips) 
Seat 3: Mahu2021 (590 in chips) 
Mahu2021: posts small blind 15
Ciars99: posts big blind 30
*** HOLE CARDS ***
Dealt to Mahu2021 [7h 3h]
Mahu2021: folds 
Uncalled bet (15) returned to Ciars99
Ciars99 collected 30 from pot
*** SUMMARY ***
Total pot 30 | Rake 0 
Seat 2: Ciars99 (big blind) collected (30)
Seat 3: Mahu2021 (button) (small blind) folded before Flop



PokerStars Hand #252951468845: Tournament #3812495833, $1.84+$0.16 USD Hold'em No Limit - Level II (15/30) - 2024/10/16 9:14:54 CET [2024/10/16 3:14:54 ET]
Table '3812495833 1' 3-max Seat #2 is the button
Seat 2: Ciars99 (925 in chips) 
Seat 3: Mahu2021 (575 in chips) 
Ciars99: posts small blind 15
Mahu2021: posts big blind 30
*** HOLE CARDS ***
Dealt to Mahu2021 [9h 4s]
Ciars99: folds 
Uncalled bet (15) returned to Mahu2021
Mahu2021 collected 30 from pot
Mahu2021: doesn't show hand 
*** SUMMARY ***
Total pot 30 | Rake 0 
Seat 2: Ciars99 (button) (small blind) folded before Flop
Seat 3: Mahu2021 (big blind) collected (30)



PokerStars Hand #252951469141: Tournament #3812495833, $1.84+$0.16 USD Hold'em No Limit - Level II (15/30) - 2024/10/16 9:14:57 CET [2024/10/16 3:14:57 ET]
Table '3812495833 1' 3-max Seat #3 is the button
Seat 2: Ciars99 (910 in chips) 
Seat 3: Mahu2021 (590 in chips) 
Mahu2021: posts small blind 15
Ciars99: posts big blind 30
*** HOLE CARDS ***
Dealt to Mahu2021 [Qh 3h]
Mahu2021: raises 30 to 60
Ciars99: calls 30
*** FLOP *** [7c Jc Ah]
Ciars99: checks 
Mahu2021: checks 
*** TURN *** [7c Jc Ah] [7d]
Ciars99: bets 60
Mahu2021: folds 
Uncalled bet (60) returned to Ciars99
Ciars99 collected 120 from pot
*** SUMMARY ***
Total pot 120 | Rake 0 
Board [7c Jc Ah 7d]
Seat 2: Ciars99 (big blind) collected (120)
Seat 3: Mahu2021 (button) (small blind) folded on the Turn



PokerStars Hand #252951469932: Tournament #3812495833, $1.84+$0.16 USD Hold'em No Limit - Level II (15/30) - 2024/10/16 9:15:08 CET [2024/10/16 3:15:08 ET]
Table '3812495833 1' 3-max Seat #2 is the button
Seat 2: Ciars99 (970 in chips) 
Seat 3: Mahu2021 (530 in chips) 
Ciars99: posts small blind 15
Mahu2021: posts big blind 30
*** HOLE CARDS ***
Dealt to Mahu2021 [3d 4s]
Ciars99: folds 
Uncalled bet (15) returned to Mahu2021
Mahu2021 collected 30 from pot
Mahu2021: doesn't show hand 
*** SUMMARY ***
Total pot 30 | Rake 0 
Seat 2: Ciars99 (button) (small blind) folded before Flop
Seat 3: Mahu2021 (big blind) collected (30)



PokerStars Hand #252951470222: Tournament #3812495833, $1.84+$0.16 USD Hold'em No Limit - Level II (15/30) - 2024/10/16 9:15:12 CET [2024/10/16 3:15:12 ET]
Table '3812495833 1' 3-max Seat #3 is the button
Seat 2: Ciars99 (955 in chips) 
Seat 3: Mahu2021 (545 in chips) 
Mahu2021: posts small blind 15
Ciars99: posts big blind 30
*** HOLE CARDS ***
Dealt to Mahu2021 [8c Tc]
Mahu2021: calls 15
Ciars99: raises 30 to 60
Mahu2021: calls 30
*** FLOP *** [Jd 7h Kh]
Ciars99: checks 
Mahu2021: checks 
*** TURN *** [Jd 7h Kh] [5s]
Ciars99: checks 
Mahu2021: checks 
*** RIVER *** [Jd 7h Kh 5s] [Qh]
Ciars99: checks 
Mahu2021: bets 120
Ciars99: folds 
Uncalled bet (120) returned to Mahu2021
Mahu2021 collected 120 from pot
Mahu2021: doesn't show hand 
*** SUMMARY ***
Total pot 120 | Rake 0 
Board [Jd 7h Kh 5s Qh]
Seat 2: Ciars99 (big blind) folded on the River
Seat 3: Mahu2021 (button) (small blind) collected (120)



PokerStars Hand #252951471448: Tournament #3812495833, $1.84+$0.16 USD Hold'em No Limit - Level II (15/30) - 2024/10/16 9:15:27 CET [2024/10/16 3:15:27 ET]
Table '3812495833 1' 3-max Seat #2 is the button
Seat 2: Ciars99 (895 in chips) 
Seat 3: Mahu2021 (605 in chips) 
Ciars99: posts small blind 15
Mahu2021: posts big blind 30
*** HOLE CARDS ***
Dealt to Mahu2021 [Kc 3d]
Ciars99: calls 15
Mahu2021: checks 
*** FLOP *** [5c Td Ts]
Mahu2021: checks 
Ciars99: checks 
*** TURN *** [5c Td Ts] [3s]
Mahu2021: checks 
Ciars99: checks 
*** RIVER *** [5c Td Ts 3s] [Ac]
Mahu2021: bets 30
Ciars99: calls 30
*** SHOW DOWN ***
Mahu2021: shows [Kc 3d] (two pair, Tens and Threes)
Ciars99: mucks hand 
Mahu2021 collected 120 from pot
*** SUMMARY ***
Total pot 120 | Rake 0 
Board [5c Td Ts 3s Ac]
Seat 2: Ciars99 (button) (small blind) mucked [Qd 4s]
Seat 3: Mahu2021 (big blind) showed [Kc 3d] and won (120) with two pair, Tens and Threes



PokerStars Hand #252951472470: Tournament #3812495833, $1.84+$0.16 USD Hold'em No Limit - Level II (15/30) - 2024/10/16 9:15:41 CET [2024/10/16 3:15:41 ET]
Table '3812495833 1' 3-max Seat #3 is the button
Seat 2: Ciars99 (835 in chips) 
Seat 3: Mahu2021 (665 in chips) 
Mahu2021: posts small blind 15
Ciars99: posts big blind 30
*** HOLE CARDS ***
Dealt to Mahu2021 [7s Qs]
Mahu2021: calls 15
Ciars99: raises 60 to 90
Mahu2021: calls 60
*** FLOP *** [3d 9s 3s]
Ciars99: bets 210
Mahu2021: raises 365 to 575 and is all-in
Ciars99: calls 365
*** TURN *** [3d 9s 3s] [9d]
*** RIVER *** [3d 9s 3s 9d] [8s]
*** SHOW DOWN ***
Ciars99: shows [5s 5d] (two pair, Nines and Fives)
Mahu2021: shows [7s Qs] (a flush, Queen high)
Mahu2021 collected 1330 from pot
*** SUMMARY ***
Total pot 1330 | Rake 0 
Board [3d 9s 3s 9d 8s]
Seat 2: Ciars99 (big blind) showed [5s 5d] and lost with two pair, Nines and Fives
Seat 3: Mahu2021 (button) (small blind) showed [7s Qs] and won (1330) with a flush, Queen high



PokerStars Hand #252951473794: Tournament #3812495833, $1.84+$0.16 USD Hold'em No Limit - Level II (15/30) - 2024/10/16 9:15:58 CET [2024/10/16 3:15:58 ET]
Table '3812495833 1' 3-max Seat #2 is the button
Seat 2: Ciars99 (170 in chips) 
Seat 3: Mahu2021 (1330 in chips) 
Ciars99: posts small blind 15
Mahu2021: posts big blind 30
*** HOLE CARDS ***
Dealt to Mahu2021 [2s 2c]
Ciars99: raises 30 to 60
Mahu2021: raises 1270 to 1330 and is all-in
Ciars99: calls 110 and is all-in
Uncalled bet (1160) returned to Mahu2021
*** FLOP *** [5s Kc 8c]
*** TURN *** [5s Kc 8c] [Ad]
*** RIVER *** [5s Kc 8c Ad] [8d]
*** SHOW DOWN ***
Mahu2021: shows [2s 2c] (two pair, Eights and Deuces)
Ciars99: shows [7h Kd] (two pair, Kings and Eights)
Ciars99 collected 340 from pot
*** SUMMARY ***
Total pot 340 | Rake 0 
Board [5s Kc 8c Ad 8d]
Seat 2: Ciars99 (button) (small blind) showed [7h Kd] and won (340) with two pair, Kings and Eights
Seat 3: Mahu2021 (big blind) showed [2s 2c] and lost with two pair, Eights and Deuces



PokerStars Hand #252951475083: Tournament #3812495833, $1.84+$0.16 USD Hold'em No Limit - Level II (15/30) - 2024/10/16 9:16:14 CET [2024/10/16 3:16:14 ET]
Table '3812495833 1' 3-max Seat #3 is the button
Seat 2: Ciars99 (340 in chips) 
Seat 3: Mahu2021 (1160 in chips) 
Mahu2021: posts small blind 15
Ciars99: posts big blind 30
*** HOLE CARDS ***
Dealt to Mahu2021 [7c Th]
Mahu2021: folds 
Uncalled bet (15) returned to Ciars99
Ciars99 collected 30 from pot
*** SUMMARY ***
Total pot 30 | Rake 0 
Seat 2: Ciars99 (big blind) collected (30)
Seat 3: Mahu2021 (button) (small blind) folded before Flop



PokerStars Hand #252951475414: Tournament #3812495833, $1.84+$0.16 USD Hold'em No Limit - Level II (15/30) - 2024/10/16 9:16:19 CET [2024/10/16 3:16:19 ET]
Table '3812495833 1' 3-max Seat #2 is the button
Seat 2: Ciars99 (355 in chips) 
Seat 3: Mahu2021 (1145 in chips) 
Ciars99: posts small blind 15
Mahu2021: posts big blind 30
*** HOLE CARDS ***
Dealt to Mahu2021 [2d Th]
Ciars99: folds 
Uncalled bet (15) returned to Mahu2021
Mahu2021 collected 30 from pot
Mahu2021: doesn't show hand 
*** SUMMARY ***
Total pot 30 | Rake 0 
Seat 2: Ciars99 (button) (small blind) folded before Flop
Seat 3: Mahu2021 (big blind) collected (30)



PokerStars Hand #252951475692: Tournament #3812495833, $1.84+$0.16 USD Hold'em No Limit - Level II (15/30) - 2024/10/16 9:16:22 CET [2024/10/16 3:16:22 ET]
Table '3812495833 1' 3-max Seat #3 is the button
Seat 2: Ciars99 (340 in chips) 
Seat 3: Mahu2021 (1160 in chips) 
Mahu2021: posts small blind 15
Ciars99: posts big blind 30
*** HOLE CARDS ***
Dealt to Mahu2021 [7h 8c]
Mahu2021: calls 15
Ciars99: raises 60 to 90
Mahu2021: folds 
Uncalled bet (60) returned to Ciars99
Ciars99 collected 60 from pot
*** SUMMARY ***
Total pot 60 | Rake 0 
Seat 2: Ciars99 (big blind) collected (60)
Seat 3: Mahu2021 (button) (small blind) folded before Flop



PokerStars Hand #252951476208: Tournament #3812495833, $1.84+$0.16 USD Hold'em No Limit - Level II (15/30) - 2024/10/16 9:16:29 CET [2024/10/16 3:16:29 ET]
Table '3812495833 1' 3-max Seat #2 is the button
Seat 2: Ciars99 (370 in chips) 
Seat 3: Mahu2021 (1130 in chips) 
Ciars99: posts small blind 15
Mahu2021: posts big blind 30
*** HOLE CARDS ***
Dealt to Mahu2021 [2c Td]
Ciars99: calls 15
Mahu2021: checks 
*** FLOP *** [Tc Qc 7c]
Mahu2021: checks 
Ciars99: checks 
*** TURN *** [Tc Qc 7c] [Ac]
Mahu2021: bets 30
Ciars99: calls 30
*** RIVER *** [Tc Qc 7c Ac] [5c]
Mahu2021: checks 
Ciars99: checks 
*** SHOW DOWN ***
Mahu2021: shows [2c Td] (a flush, Ace high)
Ciars99: shows [Th 9h] (a flush, Ace high)
Mahu2021 collected 60 from pot
Ciars99 collected 60 from pot
*** SUMMARY ***
Total pot 120 | Rake 0 
Board [Tc Qc 7c Ac 5c]
Seat 2: Ciars99 (button) (small blind) showed [Th 9h] and won (60) with a flush, Ace high
Seat 3: Mahu2021 (big blind) showed [2c Td] and won (60) with a flush, Ace high



PokerStars Hand #252951477130: Tournament #3812495833, $1.84+$0.16 USD Hold'em No Limit - Level II (15/30) - 2024/10/16 9:16:41 CET [2024/10/16 3:16:41 ET]
Table '3812495833 1' 3-max Seat #3 is the button
Seat 2: Ciars99 (370 in chips) 
Seat 3: Mahu2021 (1130 in chips) 
Mahu2021: posts small blind 15
Ciars99: posts big blind 30
*** HOLE CARDS ***
Dealt to Mahu2021 [7c 8s]
Mahu2021: raises 30 to 60
Ciars99: calls 30
*** FLOP *** [2h 3d Qh]
Ciars99: checks 
Mahu2021: checks 
*** TURN *** [2h 3d Qh] [6d]
Ciars99: checks 
Mahu2021: bets 30
Ciars99: calls 30
*** RIVER *** [2h 3d Qh 6d] [6c]
Ciars99: bets 180
Mahu2021: folds 
Uncalled bet (180) returned to Ciars99
Ciars99 collected 180 from pot
*** SUMMARY ***
Total pot 180 | Rake 0 
Board [2h 3d Qh 6d 6c]
Seat 2: Ciars99 (big blind) collected (180)
Seat 3: Mahu2021 (button) (small blind) folded on the River



PokerStars Hand #252951478497: Tournament #3812495833, $1.84+$0.16 USD Hold'em No Limit - Level II (15/30) - 2024/10/16 9:16:58 CET [2024/10/16 3:16:58 ET]
Table '3812495833 1' 3-max Seat #2 is the button
Seat 2: Ciars99 (460 in chips) 
Seat 3: Mahu2021 (1040 in chips) 
Ciars99: posts small blind 15
Mahu2021: posts big blind 30
*** HOLE CARDS ***
Dealt to Mahu2021 [Jd 3c]
Ciars99: calls 15
Mahu2021: checks 
*** FLOP *** [Ac 2d 7h]
Mahu2021: checks 
Ciars99: checks 
*** TURN *** [Ac 2d 7h] [Qd]
Mahu2021: checks 
Ciars99: checks 
*** RIVER *** [Ac 2d 7h Qd] [3h]
Mahu2021: bets 30
Ciars99: folds 
Uncalled bet (30) returned to Mahu2021
Mahu2021 collected 60 from pot
Mahu2021: doesn't show hand 
*** SUMMARY ***
Total pot 60 | Rake 0 
Board [Ac 2d 7h Qd 3h]
Seat 2: Ciars99 (button) (small blind) folded on the River
Seat 3: Mahu2021 (big blind) collected (60)



PokerStars Hand #252951479657: Tournament #3812495833, $1.84+$0.16 USD Hold'em No Limit - Level III (20/40) - 2024/10/16 9:17:13 CET [2024/10/16 3:17:13 ET]
Table '3812495833 1' 3-max Seat #3 is the button
Seat 2: Ciars99 (430 in chips) 
Seat 3: Mahu2021 (1070 in chips) 
Mahu2021: posts small blind 20
Ciars99: posts big blind 40
*** HOLE CARDS ***
Dealt to Mahu2021 [5s 9c]
Mahu2021: folds 
Uncalled bet (20) returned to Ciars99
Ciars99 collected 40 from pot
*** SUMMARY ***
Total pot 40 | Rake 0 
Seat 2: Ciars99 (big blind) collected (40)
Seat 3: Mahu2021 (button) (small blind) folded before Flop



PokerStars Hand #252951479983: Tournament #3812495833, $1.84+$0.16 USD Hold'em No Limit - Level III (20/40) - 2024/10/16 9:17:17 CET [2024/10/16 3:17:17 ET]
Table '3812495833 1' 3-max Seat #2 is the button
Seat 2: Ciars99 (450 in chips) 
Seat 3: Mahu2021 (1050 in chips) 
Ciars99: posts small blind 20
Mahu2021: posts big blind 40
*** HOLE CARDS ***
Dealt to Mahu2021 [Qd 8h]
Ciars99: folds 
Uncalled bet (20) returned to Mahu2021
Mahu2021 collected 40 from pot
Mahu2021: doesn't show hand 
*** SUMMARY ***
Total pot 40 | Rake 0 
Seat 2: Ciars99 (button) (small blind) folded before Flop
Seat 3: Mahu2021 (big blind) collected (40)



PokerStars Hand #252951480270: Tournament #3812495833, $1.84+$0.16 USD Hold'em No Limit - Level III (20/40) - 2024/10/16 9:17:20 CET [2024/10/16 3:17:20 ET]
Table '3812495833 1' 3-max Seat #3 is the button
Seat 2: Ciars99 (430 in chips) 
Seat 3: Mahu2021 (1070 in chips) 
Mahu2021: posts small blind 20
Ciars99: posts big blind 40
*** HOLE CARDS ***
Dealt to Mahu2021 [9d Kd]
Mahu2021: raises 40 to 80
Ciars99: raises 80 to 160
Mahu2021: calls 80
*** FLOP *** [5d 2d 4c]
Ciars99: bets 270 and is all-in
Mahu2021: calls 270
*** TURN *** [5d 2d 4c] [Jd]
*** RIVER *** [5d 2d 4c Jd] [Ah]
*** SHOW DOWN ***
Ciars99: shows [Ts Ad] (a pair of Aces)
Mahu2021: shows [9d Kd] (a flush, King high)
Mahu2021 collected 860 from pot
Ciars99 finished the tournament in 2nd place
Mahu2021 wins the tournament and receives $6.00 - congratulations!
*** SUMMARY ***
Total pot 860 | Rake 0 
Board [5d 2d 4c Jd Ah]
Seat 2: Ciars99 (big blind) showed [Ts Ad] and lost with a pair of Aces
Seat 3: Mahu2021 (button) (small blind) showed [9d Kd] and won (860) with a flush, King high



