PokerStars Hand #249683153979: Tournament #3735023208, $1.84+$0.16 USD Hold'em No Limit - Level I (10/20) - 2024/03/29 11:41:30 CET [2024/03/29 6:41:30 ET]
Table '3735023208 1' 3-max Seat #1 is the button
Seat 1: André K.403 (500 in chips) 
Seat 2: Mahu2021 (500 in chips) 
Seat 3: Sternkov (500 in chips) 
Mahu2021: posts small blind 10
Sternkov: posts big blind 20
*** HOLE CARDS ***
Dealt to Mahu2021 [Kh Ts]
André K.403: folds 
Mahu2021: raises 20 to 40
Sternkov: folds 
Uncalled bet (20) returned to Mahu2021
Mahu2021 collected 40 from pot
Mahu2021: doesn't show hand 
*** SUMMARY ***
Total pot 40 | Rake 0 
Seat 1: André K.403 (button) folded before Flop (didn't bet)
Seat 2: Mahu2021 (small blind) collected (40)
Seat 3: Sternkov (big blind) folded before Flop



PokerStars Hand #249683155387: Tournament #3735023208, $1.84+$0.16 USD Hold'em No Limit - Level I (10/20) - 2024/03/29 11:41:39 CET [2024/03/29 6:41:39 ET]
Table '3735023208 1' 3-max Seat #2 is the button
Seat 1: André K.403 (500 in chips) 
Seat 2: Mahu2021 (520 in chips) 
Seat 3: Sternkov (480 in chips) 
Sternkov: posts small blind 10
André K.403: posts big blind 20
*** HOLE CARDS ***
Dealt to Mahu2021 [8c 6c]
Mahu2021: calls 20
Sternkov: calls 10
André K.403: checks 
*** FLOP *** [Ks Th 8h]
Sternkov: checks 
André K.403: checks 
Mahu2021: bets 20
Sternkov: raises 100 to 120
André K.403: folds 
Mahu2021: folds 
Uncalled bet (100) returned to Sternkov
Sternkov collected 100 from pot
Sternkov: doesn't show hand 
*** SUMMARY ***
Total pot 100 | Rake 0 
Board [Ks Th 8h]
Seat 1: André K.403 (big blind) folded on the Flop
Seat 2: Mahu2021 (button) folded on the Flop
Seat 3: Sternkov (small blind) collected (100)



PokerStars Hand #249683158176: Tournament #3735023208, $1.84+$0.16 USD Hold'em No Limit - Level I (10/20) - 2024/03/29 11:41:56 CET [2024/03/29 6:41:56 ET]
Table '3735023208 1' 3-max Seat #3 is the button
Seat 1: André K.403 (480 in chips) 
Seat 2: Mahu2021 (480 in chips) 
Seat 3: Sternkov (540 in chips) 
André K.403: posts small blind 10
Mahu2021: posts big blind 20
*** HOLE CARDS ***
Dealt to Mahu2021 [As 7s]
Sternkov: calls 20
André K.403: calls 10
Mahu2021: checks 
*** FLOP *** [5h 3d Td]
André K.403: bets 460 and is all-in
Mahu2021: folds 
Sternkov: folds 
Uncalled bet (460) returned to André K.403
André K.403 collected 60 from pot
*** SUMMARY ***
Total pot 60 | Rake 0 
Board [5h 3d Td]
Seat 1: André K.403 (small blind) collected (60)
Seat 2: Mahu2021 (big blind) folded on the Flop
Seat 3: Sternkov (button) folded on the Flop



PokerStars Hand #249683160452: Tournament #3735023208, $1.84+$0.16 USD Hold'em No Limit - Level I (10/20) - 2024/03/29 11:42:10 CET [2024/03/29 6:42:10 ET]
Table '3735023208 1' 3-max Seat #1 is the button
Seat 1: André K.403 (520 in chips) 
Seat 2: Mahu2021 (460 in chips) 
Seat 3: Sternkov (520 in chips) 
Mahu2021: posts small blind 10
Sternkov: posts big blind 20
*** HOLE CARDS ***
Dealt to Mahu2021 [7d Td]
André K.403: folds 
Mahu2021: raises 20 to 40
Sternkov: calls 20
*** FLOP *** [Jh Ad 9d]
Mahu2021: bets 40
Sternkov: calls 40
*** TURN *** [Jh Ad 9d] [7s]
Mahu2021: bets 40
Sternkov: calls 40
*** RIVER *** [Jh Ad 9d 7s] [5c]
Mahu2021: checks 
Sternkov: checks 
*** SHOW DOWN ***
Mahu2021: shows [7d Td] (a pair of Sevens)
Sternkov: shows [Qc Js] (a pair of Jacks)
Sternkov collected 240 from pot
*** SUMMARY ***
Total pot 240 | Rake 0 
Board [Jh Ad 9d 7s 5c]
Seat 1: André K.403 (button) folded before Flop (didn't bet)
Seat 2: Mahu2021 (small blind) showed [7d Td] and lost with a pair of Sevens
Seat 3: Sternkov (big blind) showed [Qc Js] and won (240) with a pair of Jacks



PokerStars Hand #249683163606: Tournament #3735023208, $1.84+$0.16 USD Hold'em No Limit - Level I (10/20) - 2024/03/29 11:42:30 CET [2024/03/29 6:42:30 ET]
Table '3735023208 1' 3-max Seat #2 is the button
Seat 1: André K.403 (520 in chips) 
Seat 2: Mahu2021 (340 in chips) 
Seat 3: Sternkov (640 in chips) 
Sternkov: posts small blind 10
André K.403: posts big blind 20
*** HOLE CARDS ***
Dealt to Mahu2021 [Jh Kc]
Mahu2021: raises 320 to 340 and is all-in
Sternkov: folds 
André K.403: calls 320
*** FLOP *** [3s 4c 5s]
*** TURN *** [3s 4c 5s] [3c]
*** RIVER *** [3s 4c 5s 3c] [Jc]
*** SHOW DOWN ***
André K.403: shows [7d 7c] (two pair, Sevens and Threes)
Mahu2021: shows [Jh Kc] (two pair, Jacks and Threes)
Mahu2021 collected 690 from pot
*** SUMMARY ***
Total pot 690 | Rake 0 
Board [3s 4c 5s 3c Jc]
Seat 1: André K.403 (big blind) showed [7d 7c] and lost with two pair, Sevens and Threes
Seat 2: Mahu2021 (button) showed [Jh Kc] and won (690) with two pair, Jacks and Threes
Seat 3: Sternkov (small blind) folded before Flop



PokerStars Hand #249683165947: Tournament #3735023208, $1.84+$0.16 USD Hold'em No Limit - Level I (10/20) - 2024/03/29 11:42:45 CET [2024/03/29 6:42:45 ET]
Table '3735023208 1' 3-max Seat #3 is the button
Seat 1: André K.403 (180 in chips) 
Seat 2: Mahu2021 (690 in chips) 
Seat 3: Sternkov (630 in chips) 
André K.403: posts small blind 10
Mahu2021: posts big blind 20
*** HOLE CARDS ***
Dealt to Mahu2021 [Tc Ad]
Sternkov: calls 20
André K.403: calls 10
Mahu2021 has timed out
Mahu2021: checks 
*** FLOP *** [Qs 3h 4c]
André K.403: checks 
Mahu2021 has timed out
Mahu2021: checks 
Sternkov: checks 
*** TURN *** [Qs 3h 4c] [Ac]
André K.403: checks 
Mahu2021: bets 60
Sternkov: folds 
André K.403: folds 
Uncalled bet (60) returned to Mahu2021
Mahu2021 collected 60 from pot
Mahu2021: doesn't show hand 
*** SUMMARY ***
Total pot 60 | Rake 0 
Board [Qs 3h 4c Ac]
Seat 1: André K.403 (small blind) folded on the Turn
Seat 2: Mahu2021 (big blind) collected (60)
Seat 3: Sternkov (button) folded on the Turn



PokerStars Hand #249683176487: Tournament #3735023208, $1.84+$0.16 USD Hold'em No Limit - Level I (10/20) - 2024/03/29 11:43:53 CET [2024/03/29 6:43:53 ET]
Table '3735023208 1' 3-max Seat #1 is the button
Seat 1: André K.403 (160 in chips) 
Seat 2: Mahu2021 (730 in chips) 
Seat 3: Sternkov (610 in chips) 
Mahu2021: posts small blind 10
Sternkov: posts big blind 20
*** HOLE CARDS ***
Dealt to Mahu2021 [Ks Kh]
André K.403: folds 
Mahu2021: raises 710 to 730 and is all-in
Sternkov: folds 
Uncalled bet (710) returned to Mahu2021
Mahu2021 collected 40 from pot
Mahu2021: doesn't show hand 
*** SUMMARY ***
Total pot 40 | Rake 0 
Seat 1: André K.403 (button) folded before Flop (didn't bet)
Seat 2: Mahu2021 (small blind) collected (40)
Seat 3: Sternkov (big blind) folded before Flop



PokerStars Hand #249683177913: Tournament #3735023208, $1.84+$0.16 USD Hold'em No Limit - Level I (10/20) - 2024/03/29 11:44:02 CET [2024/03/29 6:44:02 ET]
Table '3735023208 1' 3-max Seat #2 is the button
Seat 1: André K.403 (160 in chips) 
Seat 2: Mahu2021 (750 in chips) 
Seat 3: Sternkov (590 in chips) 
Sternkov: posts small blind 10
André K.403: posts big blind 20
*** HOLE CARDS ***
Dealt to Mahu2021 [3s 5d]
Mahu2021: folds 
Sternkov: calls 10
André K.403: checks 
*** FLOP *** [7d 9s 9c]
Sternkov: checks 
André K.403: checks 
*** TURN *** [7d 9s 9c] [9h]
Sternkov: checks 
André K.403: checks 
*** RIVER *** [7d 9s 9c 9h] [Ah]
Sternkov: checks 
André K.403: checks 
*** SHOW DOWN ***
Sternkov: shows [Kc 6s] (three of a kind, Nines)
André K.403: mucks hand 
Sternkov collected 40 from pot
*** SUMMARY ***
Total pot 40 | Rake 0 
Board [7d 9s 9c 9h Ah]
Seat 1: André K.403 (big blind) mucked [6h 4h]
Seat 2: Mahu2021 (button) folded before Flop (didn't bet)
Seat 3: Sternkov (small blind) showed [Kc 6s] and won (40) with three of a kind, Nines



PokerStars Hand #249683181461: Tournament #3735023208, $1.84+$0.16 USD Hold'em No Limit - Level I (10/20) - 2024/03/29 11:44:25 CET [2024/03/29 6:44:25 ET]
Table '3735023208 1' 3-max Seat #3 is the button
Seat 1: André K.403 (140 in chips) 
Seat 2: Mahu2021 (750 in chips) 
Seat 3: Sternkov (610 in chips) 
André K.403: posts small blind 10
Mahu2021: posts big blind 20
*** HOLE CARDS ***
Dealt to Mahu2021 [9d Th]
Sternkov: folds 
André K.403: raises 40 to 60
Mahu2021: calls 40
*** FLOP *** [Ah Qh 4h]
André K.403: bets 60
Mahu2021: raises 60 to 120
André K.403: calls 20 and is all-in
Uncalled bet (40) returned to Mahu2021
*** TURN *** [Ah Qh 4h] [5s]
*** RIVER *** [Ah Qh 4h 5s] [5d]
*** SHOW DOWN ***
André K.403: shows [As Jh] (two pair, Aces and Fives)
Mahu2021: shows [9d Th] (a pair of Fives)
André K.403 collected 280 from pot
*** SUMMARY ***
Total pot 280 | Rake 0 
Board [Ah Qh 4h 5s 5d]
Seat 1: André K.403 (small blind) showed [As Jh] and won (280) with two pair, Aces and Fives
Seat 2: Mahu2021 (big blind) showed [9d Th] and lost with a pair of Fives
Seat 3: Sternkov (button) folded before Flop (didn't bet)



PokerStars Hand #249683187691: Tournament #3735023208, $1.84+$0.16 USD Hold'em No Limit - Level II (15/30) - 2024/03/29 11:45:04 CET [2024/03/29 6:45:04 ET]
Table '3735023208 1' 3-max Seat #1 is the button
Seat 1: André K.403 (280 in chips) 
Seat 2: Mahu2021 (610 in chips) 
Seat 3: Sternkov (610 in chips) 
Mahu2021: posts small blind 15
Sternkov: posts big blind 30
*** HOLE CARDS ***
Dealt to Mahu2021 [Ac 7d]
André K.403: raises 250 to 280 and is all-in
Mahu2021: folds 
Sternkov: folds 
Uncalled bet (250) returned to André K.403
André K.403 collected 75 from pot
*** SUMMARY ***
Total pot 75 | Rake 0 
Seat 1: André K.403 (button) collected (75)
Seat 2: Mahu2021 (small blind) folded before Flop
Seat 3: Sternkov (big blind) folded before Flop



PokerStars Hand #249683189122: Tournament #3735023208, $1.84+$0.16 USD Hold'em No Limit - Level II (15/30) - 2024/03/29 11:45:13 CET [2024/03/29 6:45:13 ET]
Table '3735023208 1' 3-max Seat #2 is the button
Seat 1: André K.403 (325 in chips) 
Seat 2: Mahu2021 (595 in chips) 
Seat 3: Sternkov (580 in chips) 
Sternkov: posts small blind 15
André K.403: posts big blind 30
*** HOLE CARDS ***
Dealt to Mahu2021 [8c Ah]
Mahu2021: raises 30 to 60
Sternkov: folds 
André K.403: calls 30
*** FLOP *** [3s 2s 6d]
André K.403: bets 265 and is all-in
Mahu2021: folds 
Uncalled bet (265) returned to André K.403
André K.403 collected 135 from pot
*** SUMMARY ***
Total pot 135 | Rake 0 
Board [3s 2s 6d]
Seat 1: André K.403 (big blind) collected (135)
Seat 2: Mahu2021 (button) folded on the Flop
Seat 3: Sternkov (small blind) folded before Flop



PokerStars Hand #249683191248: Tournament #3735023208, $1.84+$0.16 USD Hold'em No Limit - Level II (15/30) - 2024/03/29 11:45:27 CET [2024/03/29 6:45:27 ET]
Table '3735023208 1' 3-max Seat #3 is the button
Seat 1: André K.403 (400 in chips) 
Seat 2: Mahu2021 (535 in chips) 
Seat 3: Sternkov (565 in chips) 
André K.403: posts small blind 15
Mahu2021: posts big blind 30
*** HOLE CARDS ***
Dealt to Mahu2021 [5d Qd]
Sternkov: folds 
André K.403: raises 30 to 60
Mahu2021: calls 30
*** FLOP *** [6c Jc 3d]
André K.403: bets 60
Mahu2021: folds 
Uncalled bet (60) returned to André K.403
André K.403 collected 120 from pot
*** SUMMARY ***
Total pot 120 | Rake 0 
Board [6c Jc 3d]
Seat 1: André K.403 (small blind) collected (120)
Seat 2: Mahu2021 (big blind) folded on the Flop
Seat 3: Sternkov (button) folded before Flop (didn't bet)



PokerStars Hand #249683193155: Tournament #3735023208, $1.84+$0.16 USD Hold'em No Limit - Level II (15/30) - 2024/03/29 11:45:39 CET [2024/03/29 6:45:39 ET]
Table '3735023208 1' 3-max Seat #1 is the button
Seat 1: André K.403 (460 in chips) 
Seat 2: Mahu2021 (475 in chips) 
Seat 3: Sternkov (565 in chips) 
Mahu2021: posts small blind 15
Sternkov: posts big blind 30
*** HOLE CARDS ***
Dealt to Mahu2021 [2c 3h]
André K.403: calls 30
Mahu2021: folds 
Sternkov: checks 
*** FLOP *** [Jd 2d 5h]
Sternkov: checks 
André K.403: bets 30
Sternkov: raises 30 to 60
André K.403: calls 30
*** TURN *** [Jd 2d 5h] [7d]
Sternkov: checks 
André K.403: checks 
*** RIVER *** [Jd 2d 5h 7d] [Js]
Sternkov: bets 60
André K.403: folds 
Uncalled bet (60) returned to Sternkov
Sternkov collected 195 from pot
Sternkov: doesn't show hand 
*** SUMMARY ***
Total pot 195 | Rake 0 
Board [Jd 2d 5h 7d Js]
Seat 1: André K.403 (button) folded on the River
Seat 2: Mahu2021 (small blind) folded before Flop
Seat 3: Sternkov (big blind) collected (195)



PokerStars Hand #249683198593: Tournament #3735023208, $1.84+$0.16 USD Hold'em No Limit - Level II (15/30) - 2024/03/29 11:46:15 CET [2024/03/29 6:46:15 ET]
Table '3735023208 1' 3-max Seat #2 is the button
Seat 1: André K.403 (370 in chips) 
Seat 2: Mahu2021 (460 in chips) 
Seat 3: Sternkov (670 in chips) 
Sternkov: posts small blind 15
André K.403: posts big blind 30
*** HOLE CARDS ***
Dealt to Mahu2021 [2h 7d]
Mahu2021: folds 
Sternkov: calls 15
André K.403: checks 
*** FLOP *** [3c 8c Jd]
Sternkov: checks 
André K.403: checks 
*** TURN *** [3c 8c Jd] [8s]
Sternkov: checks 
André K.403: checks 
*** RIVER *** [3c 8c Jd 8s] [2d]
Sternkov: checks 
André K.403: checks 
*** SHOW DOWN ***
Sternkov: shows [5s Kd] (a pair of Eights)
André K.403: mucks hand 
Sternkov collected 60 from pot
*** SUMMARY ***
Total pot 60 | Rake 0 
Board [3c 8c Jd 8s 2d]
Seat 1: André K.403 (big blind) mucked [Qd 7s]
Seat 2: Mahu2021 (button) folded before Flop (didn't bet)
Seat 3: Sternkov (small blind) showed [5s Kd] and won (60) with a pair of Eights



PokerStars Hand #249683201203: Tournament #3735023208, $1.84+$0.16 USD Hold'em No Limit - Level II (15/30) - 2024/03/29 11:46:31 CET [2024/03/29 6:46:31 ET]
Table '3735023208 1' 3-max Seat #3 is the button
Seat 1: André K.403 (340 in chips) 
Seat 2: Mahu2021 (460 in chips) 
Seat 3: Sternkov (700 in chips) 
André K.403: posts small blind 15
Mahu2021: posts big blind 30
*** HOLE CARDS ***
Dealt to Mahu2021 [8s 4c]
Sternkov: folds 
André K.403: folds 
Uncalled bet (15) returned to Mahu2021
Mahu2021 collected 30 from pot
Mahu2021: doesn't show hand 
*** SUMMARY ***
Total pot 30 | Rake 0 
Seat 1: André K.403 (small blind) folded before Flop
Seat 2: Mahu2021 (big blind) collected (30)
Seat 3: Sternkov (button) folded before Flop (didn't bet)



PokerStars Hand #249683202253: Tournament #3735023208, $1.84+$0.16 USD Hold'em No Limit - Level II (15/30) - 2024/03/29 11:46:38 CET [2024/03/29 6:46:38 ET]
Table '3735023208 1' 3-max Seat #1 is the button
Seat 1: André K.403 (325 in chips) 
Seat 2: Mahu2021 (475 in chips) 
Seat 3: Sternkov (700 in chips) 
Mahu2021: posts small blind 15
Sternkov: posts big blind 30
*** HOLE CARDS ***
Dealt to Mahu2021 [5h As]
André K.403: folds 
Mahu2021: raises 30 to 60
Sternkov: calls 30
*** FLOP *** [Ad 2c Ts]
Mahu2021: bets 60
Sternkov: folds 
Uncalled bet (60) returned to Mahu2021
Mahu2021 collected 120 from pot
Mahu2021: doesn't show hand 
*** SUMMARY ***
Total pot 120 | Rake 0 
Board [Ad 2c Ts]
Seat 1: André K.403 (button) folded before Flop (didn't bet)
Seat 2: Mahu2021 (small blind) collected (120)
Seat 3: Sternkov (big blind) folded on the Flop



PokerStars Hand #249683204357: Tournament #3735023208, $1.84+$0.16 USD Hold'em No Limit - Level II (15/30) - 2024/03/29 11:46:51 CET [2024/03/29 6:46:51 ET]
Table '3735023208 1' 3-max Seat #2 is the button
Seat 1: André K.403 (325 in chips) 
Seat 2: Mahu2021 (535 in chips) 
Seat 3: Sternkov (640 in chips) 
Sternkov: posts small blind 15
André K.403: posts big blind 30
*** HOLE CARDS ***
Dealt to Mahu2021 [5c 3d]
Mahu2021: folds 
Sternkov: folds 
Uncalled bet (15) returned to André K.403
André K.403 collected 30 from pot
*** SUMMARY ***
Total pot 30 | Rake 0 
Seat 1: André K.403 (big blind) collected (30)
Seat 2: Mahu2021 (button) folded before Flop (didn't bet)
Seat 3: Sternkov (small blind) folded before Flop



PokerStars Hand #249683205720: Tournament #3735023208, $1.84+$0.16 USD Hold'em No Limit - Level II (15/30) - 2024/03/29 11:46:59 CET [2024/03/29 6:46:59 ET]
Table '3735023208 1' 3-max Seat #3 is the button
Seat 1: André K.403 (340 in chips) 
Seat 2: Mahu2021 (535 in chips) 
Seat 3: Sternkov (625 in chips) 
André K.403: posts small blind 15
Mahu2021: posts big blind 30
*** HOLE CARDS ***
Dealt to Mahu2021 [Th Jd]
Sternkov: folds 
André K.403: raises 30 to 60
Mahu2021: calls 30
*** FLOP *** [Ts 4h Td]
André K.403: bets 280 and is all-in
Mahu2021: calls 280
*** TURN *** [Ts 4h Td] [8s]
*** RIVER *** [Ts 4h Td 8s] [2s]
*** SHOW DOWN ***
André K.403: shows [4c Ac] (two pair, Tens and Fours)
Mahu2021: shows [Th Jd] (three of a kind, Tens)
Mahu2021 collected 680 from pot
André K.403 finished the tournament in 3rd place
*** SUMMARY ***
Total pot 680 | Rake 0 
Board [Ts 4h Td 8s 2s]
Seat 1: André K.403 (small blind) showed [4c Ac] and lost with two pair, Tens and Fours
Seat 2: Mahu2021 (big blind) showed [Th Jd] and won (680) with three of a kind, Tens
Seat 3: Sternkov (button) folded before Flop (didn't bet)



PokerStars Hand #249683210144: Tournament #3735023208, $1.84+$0.16 USD Hold'em No Limit - Level II (15/30) - 2024/03/29 11:47:27 CET [2024/03/29 6:47:27 ET]
Table '3735023208 1' 3-max Seat #2 is the button
Seat 2: Mahu2021 (875 in chips) 
Seat 3: Sternkov (625 in chips) 
Mahu2021: posts small blind 15
Sternkov: posts big blind 30
*** HOLE CARDS ***
Dealt to Mahu2021 [9s Qd]
Mahu2021: calls 15
Sternkov: checks 
*** FLOP *** [8s 5c 2c]
Sternkov: checks 
Mahu2021: checks 
*** TURN *** [8s 5c 2c] [Jh]
Sternkov: checks 
Mahu2021: checks 
*** RIVER *** [8s 5c 2c Jh] [3d]
Sternkov: checks 
Mahu2021: checks 
*** SHOW DOWN ***
Sternkov: shows [Ah Qs] (high card Ace)
Mahu2021: mucks hand 
Sternkov collected 60 from pot
*** SUMMARY ***
Total pot 60 | Rake 0 
Board [8s 5c 2c Jh 3d]
Seat 2: Mahu2021 (button) (small blind) mucked [9s Qd]
Seat 3: Sternkov (big blind) showed [Ah Qs] and won (60) with high card Ace



PokerStars Hand #249683212991: Tournament #3735023208, $1.84+$0.16 USD Hold'em No Limit - Level III (20/40) - 2024/03/29 11:47:45 CET [2024/03/29 6:47:45 ET]
Table '3735023208 1' 3-max Seat #3 is the button
Seat 2: Mahu2021 (845 in chips) 
Seat 3: Sternkov (655 in chips) 
Sternkov: posts small blind 20
Mahu2021: posts big blind 40
*** HOLE CARDS ***
Dealt to Mahu2021 [2h Js]
Sternkov: folds 
Uncalled bet (20) returned to Mahu2021
Mahu2021 collected 40 from pot
Mahu2021: doesn't show hand 
*** SUMMARY ***
Total pot 40 | Rake 0 
Seat 2: Mahu2021 (big blind) collected (40)
Seat 3: Sternkov (button) (small blind) folded before Flop



PokerStars Hand #249683213762: Tournament #3735023208, $1.84+$0.16 USD Hold'em No Limit - Level III (20/40) - 2024/03/29 11:47:50 CET [2024/03/29 6:47:50 ET]
Table '3735023208 1' 3-max Seat #2 is the button
Seat 2: Mahu2021 (865 in chips) 
Seat 3: Sternkov (635 in chips) 
Mahu2021: posts small blind 20
Sternkov: posts big blind 40
*** HOLE CARDS ***
Dealt to Mahu2021 [8h 8d]
Mahu2021: raises 40 to 80
Sternkov: folds 
Uncalled bet (40) returned to Mahu2021
Mahu2021 collected 80 from pot
Mahu2021: doesn't show hand 
*** SUMMARY ***
Total pot 80 | Rake 0 
Seat 2: Mahu2021 (button) (small blind) collected (80)
Seat 3: Sternkov (big blind) folded before Flop



PokerStars Hand #249683214766: Tournament #3735023208, $1.84+$0.16 USD Hold'em No Limit - Level III (20/40) - 2024/03/29 11:47:56 CET [2024/03/29 6:47:56 ET]
Table '3735023208 1' 3-max Seat #3 is the button
Seat 2: Mahu2021 (905 in chips) 
Seat 3: Sternkov (595 in chips) 
Sternkov: posts small blind 20
Mahu2021: posts big blind 40
*** HOLE CARDS ***
Dealt to Mahu2021 [6s As]
Sternkov: raises 80 to 120
Mahu2021: calls 80
*** FLOP *** [Js 6d 4d]
Mahu2021: checks 
Sternkov: checks 
*** TURN *** [Js 6d 4d] [Ks]
Mahu2021: bets 80
Sternkov: calls 80
*** RIVER *** [Js 6d 4d Ks] [2h]
Mahu2021: bets 80
Sternkov: calls 80
*** SHOW DOWN ***
Mahu2021: shows [6s As] (a pair of Sixes)
Sternkov: shows [Tc Kh] (a pair of Kings)
Sternkov collected 560 from pot
*** SUMMARY ***
Total pot 560 | Rake 0 
Board [Js 6d 4d Ks 2h]
Seat 2: Mahu2021 (big blind) showed [6s As] and lost with a pair of Sixes
Seat 3: Sternkov (button) (small blind) showed [Tc Kh] and won (560) with a pair of Kings



PokerStars Hand #249683217758: Tournament #3735023208, $1.84+$0.16 USD Hold'em No Limit - Level III (20/40) - 2024/03/29 11:48:15 CET [2024/03/29 6:48:15 ET]
Table '3735023208 1' 3-max Seat #2 is the button
Seat 2: Mahu2021 (625 in chips) 
Seat 3: Sternkov (875 in chips) 
Mahu2021: posts small blind 20
Sternkov: posts big blind 40
*** HOLE CARDS ***
Dealt to Mahu2021 [6h 7h]
Mahu2021: raises 40 to 80
Sternkov: folds 
Uncalled bet (40) returned to Mahu2021
Mahu2021 collected 80 from pot
Mahu2021: doesn't show hand 
*** SUMMARY ***
Total pot 80 | Rake 0 
Seat 2: Mahu2021 (button) (small blind) collected (80)
Seat 3: Sternkov (big blind) folded before Flop



PokerStars Hand #249683218683: Tournament #3735023208, $1.84+$0.16 USD Hold'em No Limit - Level III (20/40) - 2024/03/29 11:48:21 CET [2024/03/29 6:48:21 ET]
Table '3735023208 1' 3-max Seat #3 is the button
Seat 2: Mahu2021 (665 in chips) 
Seat 3: Sternkov (835 in chips) 
Sternkov: posts small blind 20
Mahu2021: posts big blind 40
*** HOLE CARDS ***
Dealt to Mahu2021 [3s Ac]
Sternkov: folds 
Uncalled bet (20) returned to Mahu2021
Mahu2021 collected 40 from pot
Mahu2021: doesn't show hand 
*** SUMMARY ***
Total pot 40 | Rake 0 
Seat 2: Mahu2021 (big blind) collected (40)
Seat 3: Sternkov (button) (small blind) folded before Flop



PokerStars Hand #249683219466: Tournament #3735023208, $1.84+$0.16 USD Hold'em No Limit - Level III (20/40) - 2024/03/29 11:48:26 CET [2024/03/29 6:48:26 ET]
Table '3735023208 1' 3-max Seat #2 is the button
Seat 2: Mahu2021 (685 in chips) 
Seat 3: Sternkov (815 in chips) 
Mahu2021: posts small blind 20
Sternkov: posts big blind 40
*** HOLE CARDS ***
Dealt to Mahu2021 [3d Ks]
Mahu2021: raises 40 to 80
Sternkov: calls 40
*** FLOP *** [Ts 2h 3h]
Sternkov: checks 
Mahu2021: bets 80
Sternkov: calls 80
*** TURN *** [Ts 2h 3h] [6d]
Sternkov: checks 
Mahu2021: bets 525 and is all-in
Sternkov: folds 
Uncalled bet (525) returned to Mahu2021
Mahu2021 collected 320 from pot
Mahu2021: doesn't show hand 
*** SUMMARY ***
Total pot 320 | Rake 0 
Board [Ts 2h 3h 6d]
Seat 2: Mahu2021 (button) (small blind) collected (320)
Seat 3: Sternkov (big blind) folded on the Turn



PokerStars Hand #249683222071: Tournament #3735023208, $1.84+$0.16 USD Hold'em No Limit - Level III (20/40) - 2024/03/29 11:48:42 CET [2024/03/29 6:48:42 ET]
Table '3735023208 1' 3-max Seat #3 is the button
Seat 2: Mahu2021 (845 in chips) 
Seat 3: Sternkov (655 in chips) 
Sternkov: posts small blind 20
Mahu2021: posts big blind 40
*** HOLE CARDS ***
Dealt to Mahu2021 [8c Kc]
Sternkov: folds 
Uncalled bet (20) returned to Mahu2021
Mahu2021 collected 40 from pot
Mahu2021: doesn't show hand 
*** SUMMARY ***
Total pot 40 | Rake 0 
Seat 2: Mahu2021 (big blind) collected (40)
Seat 3: Sternkov (button) (small blind) folded before Flop



PokerStars Hand #249683222793: Tournament #3735023208, $1.84+$0.16 USD Hold'em No Limit - Level III (20/40) - 2024/03/29 11:48:46 CET [2024/03/29 6:48:46 ET]
Table '3735023208 1' 3-max Seat #2 is the button
Seat 2: Mahu2021 (865 in chips) 
Seat 3: Sternkov (635 in chips) 
Mahu2021: posts small blind 20
Sternkov: posts big blind 40
*** HOLE CARDS ***
Dealt to Mahu2021 [Th Jh]
Mahu2021: raises 40 to 80
Sternkov: raises 555 to 635 and is all-in
Mahu2021: calls 555
*** FLOP *** [6d 7h Qs]
*** TURN *** [6d 7h Qs] [9c]
*** RIVER *** [6d 7h Qs 9c] [2c]
*** SHOW DOWN ***
Sternkov: shows [Kc 5s] (high card King)
Mahu2021: shows [Th Jh] (high card Queen)
Sternkov collected 1270 from pot
*** SUMMARY ***
Total pot 1270 | Rake 0 
Board [6d 7h Qs 9c 2c]
Seat 2: Mahu2021 (button) (small blind) showed [Th Jh] and lost with high card Queen
Seat 3: Sternkov (big blind) showed [Kc 5s] and won (1270) with high card King



PokerStars Hand #249683225100: Tournament #3735023208, $1.84+$0.16 USD Hold'em No Limit - Level III (20/40) - 2024/03/29 11:49:01 CET [2024/03/29 6:49:01 ET]
Table '3735023208 1' 3-max Seat #3 is the button
Seat 2: Mahu2021 (230 in chips) 
Seat 3: Sternkov (1270 in chips) 
Sternkov: posts small blind 20
Mahu2021: posts big blind 40
*** HOLE CARDS ***
Dealt to Mahu2021 [6s 5c]
Sternkov: folds 
Uncalled bet (20) returned to Mahu2021
Mahu2021 collected 40 from pot
Mahu2021: doesn't show hand 
*** SUMMARY ***
Total pot 40 | Rake 0 
Seat 2: Mahu2021 (big blind) collected (40)
Seat 3: Sternkov (button) (small blind) folded before Flop



PokerStars Hand #249683225813: Tournament #3735023208, $1.84+$0.16 USD Hold'em No Limit - Level III (20/40) - 2024/03/29 11:49:05 CET [2024/03/29 6:49:05 ET]
Table '3735023208 1' 3-max Seat #2 is the button
Seat 2: Mahu2021 (250 in chips) 
Seat 3: Sternkov (1250 in chips) 
Mahu2021: posts small blind 20
Sternkov: posts big blind 40
*** HOLE CARDS ***
Dealt to Mahu2021 [7s 7c]
Mahu2021: raises 210 to 250 and is all-in
Sternkov: folds 
Uncalled bet (210) returned to Mahu2021
Mahu2021 collected 80 from pot
Mahu2021: doesn't show hand 
*** SUMMARY ***
Total pot 80 | Rake 0 
Seat 2: Mahu2021 (button) (small blind) collected (80)
Seat 3: Sternkov (big blind) folded before Flop



PokerStars Hand #249683226764: Tournament #3735023208, $1.84+$0.16 USD Hold'em No Limit - Level III (20/40) - 2024/03/29 11:49:11 CET [2024/03/29 6:49:11 ET]
Table '3735023208 1' 3-max Seat #3 is the button
Seat 2: Mahu2021 (290 in chips) 
Seat 3: Sternkov (1210 in chips) 
Sternkov: posts small blind 20
Mahu2021: posts big blind 40
*** HOLE CARDS ***
Dealt to Mahu2021 [Ah 5d]
Sternkov: raises 1170 to 1210 and is all-in
Mahu2021: calls 250 and is all-in
Uncalled bet (920) returned to Sternkov
*** FLOP *** [3h Ts Js]
*** TURN *** [3h Ts Js] [7h]
*** RIVER *** [3h Ts Js 7h] [Jd]
*** SHOW DOWN ***
Mahu2021: shows [Ah 5d] (a pair of Jacks)
Sternkov: shows [9d Ks] (a pair of Jacks - lower kicker)
Mahu2021 collected 580 from pot
*** SUMMARY ***
Total pot 580 | Rake 0 
Board [3h Ts Js 7h Jd]
Seat 2: Mahu2021 (big blind) showed [Ah 5d] and won (580) with a pair of Jacks
Seat 3: Sternkov (button) (small blind) showed [9d Ks] and lost with a pair of Jacks



PokerStars Hand #249683228887: Tournament #3735023208, $1.84+$0.16 USD Hold'em No Limit - Level III (20/40) - 2024/03/29 11:49:25 CET [2024/03/29 6:49:25 ET]
Table '3735023208 1' 3-max Seat #2 is the button
Seat 2: Mahu2021 (580 in chips) 
Seat 3: Sternkov (920 in chips) 
Mahu2021: posts small blind 20
Sternkov: posts big blind 40
*** HOLE CARDS ***
Dealt to Mahu2021 [5c 8s]
Mahu2021: calls 20
Sternkov: checks 
*** FLOP *** [6d 3d 2d]
Sternkov: checks 
Mahu2021: checks 
*** TURN *** [6d 3d 2d] [Ac]
Sternkov: checks 
Mahu2021: checks 
*** RIVER *** [6d 3d 2d Ac] [4c]
Sternkov: checks 
Mahu2021: bets 80
Sternkov: folds 
Uncalled bet (80) returned to Mahu2021
Mahu2021 collected 80 from pot
Mahu2021: doesn't show hand 
*** SUMMARY ***
Total pot 80 | Rake 0 
Board [6d 3d 2d Ac 4c]
Seat 2: Mahu2021 (button) (small blind) collected (80)
Seat 3: Sternkov (big blind) folded on the River



PokerStars Hand #249683231701: Tournament #3735023208, $1.84+$0.16 USD Hold'em No Limit - Level III (20/40) - 2024/03/29 11:49:43 CET [2024/03/29 6:49:43 ET]
Table '3735023208 1' 3-max Seat #3 is the button
Seat 2: Mahu2021 (620 in chips) 
Seat 3: Sternkov (880 in chips) 
Sternkov: posts small blind 20
Mahu2021: posts big blind 40
*** HOLE CARDS ***
Dealt to Mahu2021 [7s Qc]
Sternkov: folds 
Uncalled bet (20) returned to Mahu2021
Mahu2021 collected 40 from pot
Mahu2021: doesn't show hand 
*** SUMMARY ***
Total pot 40 | Rake 0 
Seat 2: Mahu2021 (big blind) collected (40)
Seat 3: Sternkov (button) (small blind) folded before Flop



PokerStars Hand #249683232449: Tournament #3735023208, $1.84+$0.16 USD Hold'em No Limit - Level III (20/40) - 2024/03/29 11:49:47 CET [2024/03/29 6:49:47 ET]
Table '3735023208 1' 3-max Seat #2 is the button
Seat 2: Mahu2021 (640 in chips) 
Seat 3: Sternkov (860 in chips) 
Mahu2021: posts small blind 20
Sternkov: posts big blind 40
*** HOLE CARDS ***
Dealt to Mahu2021 [5s 8d]
Mahu2021: folds 
Uncalled bet (20) returned to Sternkov
Sternkov collected 40 from pot
Sternkov: doesn't show hand 
*** SUMMARY ***
Total pot 40 | Rake 0 
Seat 2: Mahu2021 (button) (small blind) folded before Flop
Seat 3: Sternkov (big blind) collected (40)



PokerStars Hand #249683233153: Tournament #3735023208, $1.84+$0.16 USD Hold'em No Limit - Level III (20/40) - 2024/03/29 11:49:52 CET [2024/03/29 6:49:52 ET]
Table '3735023208 1' 3-max Seat #3 is the button
Seat 2: Mahu2021 (620 in chips) 
Seat 3: Sternkov (880 in chips) 
Sternkov: posts small blind 20
Mahu2021: posts big blind 40
*** HOLE CARDS ***
Dealt to Mahu2021 [9h 7s]
Sternkov: folds 
Uncalled bet (20) returned to Mahu2021
Mahu2021 collected 40 from pot
Mahu2021: doesn't show hand 
*** SUMMARY ***
Total pot 40 | Rake 0 
Seat 2: Mahu2021 (big blind) collected (40)
Seat 3: Sternkov (button) (small blind) folded before Flop



PokerStars Hand #249683233824: Tournament #3735023208, $1.84+$0.16 USD Hold'em No Limit - Level III (20/40) - 2024/03/29 11:49:56 CET [2024/03/29 6:49:56 ET]
Table '3735023208 1' 3-max Seat #2 is the button
Seat 2: Mahu2021 (640 in chips) 
Seat 3: Sternkov (860 in chips) 
Mahu2021: posts small blind 20
Sternkov: posts big blind 40
*** HOLE CARDS ***
Dealt to Mahu2021 [3s As]
Mahu2021: raises 40 to 80
Sternkov: raises 780 to 860 and is all-in
Mahu2021: calls 560 and is all-in
Uncalled bet (220) returned to Sternkov
*** FLOP *** [Qd Ts 2h]
*** TURN *** [Qd Ts 2h] [4d]
*** RIVER *** [Qd Ts 2h 4d] [5s]
*** SHOW DOWN ***
Sternkov: shows [5d Ad] (a pair of Fives)
Mahu2021: shows [3s As] (a straight, Ace to Five)
Mahu2021 collected 1280 from pot
*** SUMMARY ***
Total pot 1280 | Rake 0 
Board [Qd Ts 2h 4d 5s]
Seat 2: Mahu2021 (button) (small blind) showed [3s As] and won (1280) with a straight, Ace to Five
Seat 3: Sternkov (big blind) showed [5d Ad] and lost with a pair of Fives



PokerStars Hand #249683236080: Tournament #3735023208, $1.84+$0.16 USD Hold'em No Limit - Level III (20/40) - 2024/03/29 11:50:10 CET [2024/03/29 6:50:10 ET]
Table '3735023208 1' 3-max Seat #3 is the button
Seat 2: Mahu2021 (1280 in chips) 
Seat 3: Sternkov (220 in chips) 
Sternkov: posts small blind 20
Mahu2021: posts big blind 40
*** HOLE CARDS ***
Dealt to Mahu2021 [2s 3s]
Sternkov: folds 
Uncalled bet (20) returned to Mahu2021
Mahu2021 collected 40 from pot
Mahu2021: doesn't show hand 
*** SUMMARY ***
Total pot 40 | Rake 0 
Seat 2: Mahu2021 (big blind) collected (40)
Seat 3: Sternkov (button) (small blind) folded before Flop



PokerStars Hand #249683237026: Tournament #3735023208, $1.84+$0.16 USD Hold'em No Limit - Level III (20/40) - 2024/03/29 11:50:15 CET [2024/03/29 6:50:15 ET]
Table '3735023208 1' 3-max Seat #2 is the button
Seat 2: Mahu2021 (1300 in chips) 
Seat 3: Sternkov (200 in chips) 
Mahu2021: posts small blind 20
Sternkov: posts big blind 40
*** HOLE CARDS ***
Dealt to Mahu2021 [2c 9s]
Mahu2021: folds 
Uncalled bet (20) returned to Sternkov
Sternkov collected 40 from pot
Sternkov: doesn't show hand 
*** SUMMARY ***
Total pot 40 | Rake 0 
Seat 2: Mahu2021 (button) (small blind) folded before Flop
Seat 3: Sternkov (big blind) collected (40)



PokerStars Hand #249683237744: Tournament #3735023208, $1.84+$0.16 USD Hold'em No Limit - Level III (20/40) - 2024/03/29 11:50:20 CET [2024/03/29 6:50:20 ET]
Table '3735023208 1' 3-max Seat #3 is the button
Seat 2: Mahu2021 (1280 in chips) 
Seat 3: Sternkov (220 in chips) 
Sternkov: posts small blind 20
Mahu2021: posts big blind 40
*** HOLE CARDS ***
Dealt to Mahu2021 [7s As]
Sternkov: raises 180 to 220 and is all-in
Mahu2021: calls 180
*** FLOP *** [5d 6s 2c]
*** TURN *** [5d 6s 2c] [Ac]
*** RIVER *** [5d 6s 2c Ac] [Jc]
*** SHOW DOWN ***
Mahu2021: shows [7s As] (a pair of Aces)
Sternkov: shows [Js 9c] (a pair of Jacks)
Mahu2021 collected 440 from pot
Sternkov finished the tournament in 2nd place
Mahu2021 wins the tournament and receives $6.00 - congratulations!
*** SUMMARY ***
Total pot 440 | Rake 0 
Board [5d 6s 2c Ac Jc]
Seat 2: Mahu2021 (big blind) showed [7s As] and won (440) with a pair of Aces
Seat 3: Sternkov (button) (small blind) showed [Js 9c] and lost with a pair of Jacks



