PokerStars Hand #253092108094: Tournament #3816243960, $1.84+$0.16 USD Hold'em No Limit - Level I (10/20) - 2024/10/25 11:17:27 CET [2024/10/25 5:17:27 ET]
Table '3816243960 1' 3-max Seat #1 is the button
Seat 1: Everlig (500 in chips) 
Seat 2: Mahu2021 (500 in chips) 
Seat 3: huphup09 (500 in chips) 
Mahu2021: posts small blind 10
huphup09: posts big blind 20
*** HOLE CARDS ***
Dealt to Mahu2021 [4c Qc]
Everlig: raises 20 to 40
Mahu2021: calls 30
huphup09: raises 20 to 60
Everlig: raises 440 to 500 and is all-in
Mahu2021: folds 
huphup09: calls 440 and is all-in
*** FLOP *** [Jd Th 8s]
*** TURN *** [Jd Th 8s] [6c]
*** RIVER *** [Jd Th 8s 6c] [Js]
*** SHOW DOWN ***
huphup09: shows [2c Ah] (a pair of Jacks)
Everlig: shows [5d 5c] (two pair, Jacks and Fives)
Everlig collected 1040 from pot
huphup09 finished the tournament in 3rd place
*** SUMMARY ***
Total pot 1040 | Rake 0 
Board [Jd Th 8s 6c Js]
Seat 1: Everlig (button) showed [5d 5c] and won (1040) with two pair, Jacks and Fives
Seat 2: Mahu2021 (small blind) folded before Flop
Seat 3: huphup09 (big blind) showed [2c Ah] and lost with a pair of Jacks



PokerStars Hand #253092110676: Tournament #3816243960, $1.84+$0.16 USD Hold'em No Limit - Level I (10/20) - 2024/10/25 11:17:51 CET [2024/10/25 5:17:51 ET]
Table '3816243960 1' 3-max Seat #2 is the button
Seat 1: Everlig (1040 in chips) 
Seat 2: Mahu2021 (460 in chips) 
Mahu2021: posts small blind 10
Everlig: posts big blind 20
*** HOLE CARDS ***
Dealt to Mahu2021 [9d Th]
Mahu2021: calls 10
Everlig: checks 
*** FLOP *** [Ad Ac Kd]
Everlig: checks 
Mahu2021: bets 20
Everlig: folds 
Uncalled bet (20) returned to Mahu2021
Mahu2021 collected 40 from pot
Mahu2021: doesn't show hand 
*** SUMMARY ***
Total pot 40 | Rake 0 
Board [Ad Ac Kd]
Seat 1: Everlig (big blind) folded on the Flop
Seat 2: Mahu2021 (button) (small blind) collected (40)



PokerStars Hand #253092111851: Tournament #3816243960, $1.84+$0.16 USD Hold'em No Limit - Level I (10/20) - 2024/10/25 11:18:02 CET [2024/10/25 5:18:02 ET]
Table '3816243960 1' 3-max Seat #1 is the button
Seat 1: Everlig (1020 in chips) 
Seat 2: Mahu2021 (480 in chips) 
Everlig: posts small blind 10
Mahu2021: posts big blind 20
*** HOLE CARDS ***
Dealt to Mahu2021 [4d 5c]
Everlig: raises 30 to 50
Mahu2021: folds 
Uncalled bet (30) returned to Everlig
Everlig collected 40 from pot
*** SUMMARY ***
Total pot 40 | Rake 0 
Seat 1: Everlig (button) (small blind) collected (40)
Seat 2: Mahu2021 (big blind) folded before Flop



PokerStars Hand #253092112469: Tournament #3816243960, $1.84+$0.16 USD Hold'em No Limit - Level I (10/20) - 2024/10/25 11:18:08 CET [2024/10/25 5:18:08 ET]
Table '3816243960 1' 3-max Seat #2 is the button
Seat 1: Everlig (1040 in chips) 
Seat 2: Mahu2021 (460 in chips) 
Mahu2021: posts small blind 10
Everlig: posts big blind 20
*** HOLE CARDS ***
Dealt to Mahu2021 [8h Th]
Mahu2021: raises 20 to 40
Everlig: folds 
Uncalled bet (20) returned to Mahu2021
Mahu2021 collected 40 from pot
Mahu2021: doesn't show hand 
*** SUMMARY ***
Total pot 40 | Rake 0 
Seat 1: Everlig (big blind) folded before Flop
Seat 2: Mahu2021 (button) (small blind) collected (40)



PokerStars Hand #253092113341: Tournament #3816243960, $1.84+$0.16 USD Hold'em No Limit - Level I (10/20) - 2024/10/25 11:18:16 CET [2024/10/25 5:18:16 ET]
Table '3816243960 1' 3-max Seat #1 is the button
Seat 1: Everlig (1020 in chips) 
Seat 2: Mahu2021 (480 in chips) 
Everlig: posts small blind 10
Mahu2021: posts big blind 20
*** HOLE CARDS ***
Dealt to Mahu2021 [9d 4c]
Everlig: raises 30 to 50
Mahu2021: folds 
Uncalled bet (30) returned to Everlig
Everlig collected 40 from pot
*** SUMMARY ***
Total pot 40 | Rake 0 
Seat 1: Everlig (button) (small blind) collected (40)
Seat 2: Mahu2021 (big blind) folded before Flop



PokerStars Hand #253092113956: Tournament #3816243960, $1.84+$0.16 USD Hold'em No Limit - Level I (10/20) - 2024/10/25 11:18:22 CET [2024/10/25 5:18:22 ET]
Table '3816243960 1' 3-max Seat #2 is the button
Seat 1: Everlig (1040 in chips) 
Seat 2: Mahu2021 (460 in chips) 
Mahu2021: posts small blind 10
Everlig: posts big blind 20
*** HOLE CARDS ***
Dealt to Mahu2021 [Jd 5h]
Mahu2021: raises 20 to 40
Everlig: raises 1000 to 1040 and is all-in
Mahu2021: folds 
Uncalled bet (1000) returned to Everlig
Everlig collected 80 from pot
*** SUMMARY ***
Total pot 80 | Rake 0 
Seat 1: Everlig (big blind) collected (80)
Seat 2: Mahu2021 (button) (small blind) folded before Flop



PokerStars Hand #253092114926: Tournament #3816243960, $1.84+$0.16 USD Hold'em No Limit - Level I (10/20) - 2024/10/25 11:18:31 CET [2024/10/25 5:18:31 ET]
Table '3816243960 1' 3-max Seat #1 is the button
Seat 1: Everlig (1080 in chips) 
Seat 2: Mahu2021 (420 in chips) 
Everlig: posts small blind 10
Mahu2021: posts big blind 20
*** HOLE CARDS ***
Dealt to Mahu2021 [4h 2d]
Everlig: folds 
Uncalled bet (10) returned to Mahu2021
Mahu2021 collected 20 from pot
Mahu2021: doesn't show hand 
*** SUMMARY ***
Total pot 20 | Rake 0 
Seat 1: Everlig (button) (small blind) folded before Flop
Seat 2: Mahu2021 (big blind) collected (20)



PokerStars Hand #253092115318: Tournament #3816243960, $1.84+$0.16 USD Hold'em No Limit - Level I (10/20) - 2024/10/25 11:18:34 CET [2024/10/25 5:18:34 ET]
Table '3816243960 1' 3-max Seat #2 is the button
Seat 1: Everlig (1070 in chips) 
Seat 2: Mahu2021 (430 in chips) 
Mahu2021: posts small blind 10
Everlig: posts big blind 20
*** HOLE CARDS ***
Dealt to Mahu2021 [7h 4c]
Mahu2021: folds 
Uncalled bet (10) returned to Everlig
Everlig collected 20 from pot
*** SUMMARY ***
Total pot 20 | Rake 0 
Seat 1: Everlig (big blind) collected (20)
Seat 2: Mahu2021 (button) (small blind) folded before Flop



PokerStars Hand #253092115766: Tournament #3816243960, $1.84+$0.16 USD Hold'em No Limit - Level I (10/20) - 2024/10/25 11:18:38 CET [2024/10/25 5:18:38 ET]
Table '3816243960 1' 3-max Seat #1 is the button
Seat 1: Everlig (1080 in chips) 
Seat 2: Mahu2021 (420 in chips) 
Everlig: posts small blind 10
Mahu2021: posts big blind 20
*** HOLE CARDS ***
Dealt to Mahu2021 [4d Qs]
Everlig: raises 30 to 50
Mahu2021: folds 
Uncalled bet (30) returned to Everlig
Everlig collected 40 from pot
*** SUMMARY ***
Total pot 40 | Rake 0 
Seat 1: Everlig (button) (small blind) collected (40)
Seat 2: Mahu2021 (big blind) folded before Flop



PokerStars Hand #253092117230: Tournament #3816243960, $1.84+$0.16 USD Hold'em No Limit - Level I (10/20) - 2024/10/25 11:18:53 CET [2024/10/25 5:18:53 ET]
Table '3816243960 1' 3-max Seat #2 is the button
Seat 1: Everlig (1100 in chips) 
Seat 2: Mahu2021 (400 in chips) 
Mahu2021: posts small blind 10
Everlig: posts big blind 20
*** HOLE CARDS ***
Dealt to Mahu2021 [8d 4c]
Mahu2021: folds 
Uncalled bet (10) returned to Everlig
Everlig collected 20 from pot
*** SUMMARY ***
Total pot 20 | Rake 0 
Seat 1: Everlig (big blind) collected (20)
Seat 2: Mahu2021 (button) (small blind) folded before Flop



PokerStars Hand #253092117695: Tournament #3816243960, $1.84+$0.16 USD Hold'em No Limit - Level I (10/20) - 2024/10/25 11:18:57 CET [2024/10/25 5:18:57 ET]
Table '3816243960 1' 3-max Seat #1 is the button
Seat 1: Everlig (1110 in chips) 
Seat 2: Mahu2021 (390 in chips) 
Everlig: posts small blind 10
Mahu2021: posts big blind 20
*** HOLE CARDS ***
Dealt to Mahu2021 [Jc Kd]
Everlig: raises 30 to 50
Mahu2021: calls 30
*** FLOP *** [5c 8h 4s]
Mahu2021: checks 
Everlig: checks 
*** TURN *** [5c 8h 4s] [9s]
Mahu2021: checks 
Everlig: checks 
*** RIVER *** [5c 8h 4s 9s] [7h]
Mahu2021: checks 
Everlig: checks 
*** SHOW DOWN ***
Mahu2021: shows [Jc Kd] (high card King)
Everlig: mucks hand 
Mahu2021 collected 100 from pot
*** SUMMARY ***
Total pot 100 | Rake 0 
Board [5c 8h 4s 9s 7h]
Seat 1: Everlig (button) (small blind) mucked [Qh Js]
Seat 2: Mahu2021 (big blind) showed [Jc Kd] and won (100) with high card King



PokerStars Hand #253092120111: Tournament #3816243960, $1.84+$0.16 USD Hold'em No Limit - Level I (10/20) - 2024/10/25 11:19:20 CET [2024/10/25 5:19:20 ET]
Table '3816243960 1' 3-max Seat #2 is the button
Seat 1: Everlig (1060 in chips) 
Seat 2: Mahu2021 (440 in chips) 
Mahu2021: posts small blind 10
Everlig: posts big blind 20
*** HOLE CARDS ***
Dealt to Mahu2021 [5d Td]
Mahu2021: raises 20 to 40
Everlig: folds 
Uncalled bet (20) returned to Mahu2021
Mahu2021 collected 40 from pot
Mahu2021: doesn't show hand 
*** SUMMARY ***
Total pot 40 | Rake 0 
Seat 1: Everlig (big blind) folded before Flop
Seat 2: Mahu2021 (button) (small blind) collected (40)



PokerStars Hand #253092121023: Tournament #3816243960, $1.84+$0.16 USD Hold'em No Limit - Level I (10/20) - 2024/10/25 11:19:28 CET [2024/10/25 5:19:28 ET]
Table '3816243960 1' 3-max Seat #1 is the button
Seat 1: Everlig (1040 in chips) 
Seat 2: Mahu2021 (460 in chips) 
Everlig: posts small blind 10
Mahu2021: posts big blind 20
*** HOLE CARDS ***
Dealt to Mahu2021 [Tc 7d]
Everlig: raises 30 to 50
Mahu2021: folds 
Uncalled bet (30) returned to Everlig
Everlig collected 40 from pot
*** SUMMARY ***
Total pot 40 | Rake 0 
Seat 1: Everlig (button) (small blind) collected (40)
Seat 2: Mahu2021 (big blind) folded before Flop



PokerStars Hand #253092121655: Tournament #3816243960, $1.84+$0.16 USD Hold'em No Limit - Level I (10/20) - 2024/10/25 11:19:34 CET [2024/10/25 5:19:34 ET]
Table '3816243960 1' 3-max Seat #2 is the button
Seat 1: Everlig (1060 in chips) 
Seat 2: Mahu2021 (440 in chips) 
Mahu2021: posts small blind 10
Everlig: posts big blind 20
*** HOLE CARDS ***
Dealt to Mahu2021 [Td Qd]
Mahu2021: raises 20 to 40
Everlig: folds 
Uncalled bet (20) returned to Mahu2021
Mahu2021 collected 40 from pot
Mahu2021: doesn't show hand 
*** SUMMARY ***
Total pot 40 | Rake 0 
Seat 1: Everlig (big blind) folded before Flop
Seat 2: Mahu2021 (button) (small blind) collected (40)



PokerStars Hand #253092122314: Tournament #3816243960, $1.84+$0.16 USD Hold'em No Limit - Level I (10/20) - 2024/10/25 11:19:40 CET [2024/10/25 5:19:40 ET]
Table '3816243960 1' 3-max Seat #1 is the button
Seat 1: Everlig (1040 in chips) 
Seat 2: Mahu2021 (460 in chips) 
Everlig: posts small blind 10
Mahu2021: posts big blind 20
*** HOLE CARDS ***
Dealt to Mahu2021 [4c Kd]
Everlig: raises 30 to 50
Mahu2021: calls 30
*** FLOP *** [8d Tc Ad]
Mahu2021: checks 
Everlig: bets 30
Mahu2021: folds 
Uncalled bet (30) returned to Everlig
Everlig collected 100 from pot
*** SUMMARY ***
Total pot 100 | Rake 0 
Board [8d Tc Ad]
Seat 1: Everlig (button) (small blind) collected (100)
Seat 2: Mahu2021 (big blind) folded on the Flop



PokerStars Hand #253092123432: Tournament #3816243960, $1.84+$0.16 USD Hold'em No Limit - Level I (10/20) - 2024/10/25 11:19:50 CET [2024/10/25 5:19:50 ET]
Table '3816243960 1' 3-max Seat #2 is the button
Seat 1: Everlig (1090 in chips) 
Seat 2: Mahu2021 (410 in chips) 
Mahu2021: posts small blind 10
Everlig: posts big blind 20
*** HOLE CARDS ***
Dealt to Mahu2021 [9d 4h]
Mahu2021: folds 
Uncalled bet (10) returned to Everlig
Everlig collected 20 from pot
*** SUMMARY ***
Total pot 20 | Rake 0 
Seat 1: Everlig (big blind) collected (20)
Seat 2: Mahu2021 (button) (small blind) folded before Flop



PokerStars Hand #253092123900: Tournament #3816243960, $1.84+$0.16 USD Hold'em No Limit - Level I (10/20) - 2024/10/25 11:19:55 CET [2024/10/25 5:19:55 ET]
Table '3816243960 1' 3-max Seat #1 is the button
Seat 1: Everlig (1100 in chips) 
Seat 2: Mahu2021 (400 in chips) 
Everlig: posts small blind 10
Mahu2021: posts big blind 20
*** HOLE CARDS ***
Dealt to Mahu2021 [Ts Kh]
Everlig: raises 30 to 50
Mahu2021: calls 30
*** FLOP *** [2h 8s 7s]
Mahu2021: checks 
Everlig: bets 30
Mahu2021: calls 30
*** TURN *** [2h 8s 7s] [2d]
Mahu2021: checks 
Everlig: checks 
*** RIVER *** [2h 8s 7s 2d] [Kd]
Mahu2021: bets 160
Everlig: folds 
Uncalled bet (160) returned to Mahu2021
Mahu2021 collected 160 from pot
Mahu2021: doesn't show hand 
*** SUMMARY ***
Total pot 160 | Rake 0 
Board [2h 8s 7s 2d Kd]
Seat 1: Everlig (button) (small blind) folded on the River
Seat 2: Mahu2021 (big blind) collected (160)



PokerStars Hand #253092125733: Tournament #3816243960, $1.84+$0.16 USD Hold'em No Limit - Level I (10/20) - 2024/10/25 11:20:12 CET [2024/10/25 5:20:12 ET]
Table '3816243960 1' 3-max Seat #2 is the button
Seat 1: Everlig (1020 in chips) 
Seat 2: Mahu2021 (480 in chips) 
Mahu2021: posts small blind 10
Everlig: posts big blind 20
*** HOLE CARDS ***
Dealt to Mahu2021 [7d 5d]
Mahu2021: raises 20 to 40
Everlig: calls 20
*** FLOP *** [As 5s Jc]
Everlig: checks 
Mahu2021: bets 40
Everlig: folds 
Uncalled bet (40) returned to Mahu2021
Mahu2021 collected 80 from pot
Mahu2021: doesn't show hand 
*** SUMMARY ***
Total pot 80 | Rake 0 
Board [As 5s Jc]
Seat 1: Everlig (big blind) folded on the Flop
Seat 2: Mahu2021 (button) (small blind) collected (80)



PokerStars Hand #253092126909: Tournament #3816243960, $1.84+$0.16 USD Hold'em No Limit - Level I (10/20) - 2024/10/25 11:20:22 CET [2024/10/25 5:20:22 ET]
Table '3816243960 1' 3-max Seat #1 is the button
Seat 1: Everlig (980 in chips) 
Seat 2: Mahu2021 (520 in chips) 
Everlig: posts small blind 10
Mahu2021: posts big blind 20
*** HOLE CARDS ***
Dealt to Mahu2021 [Kc Kh]
Everlig: raises 30 to 50
Mahu2021: raises 470 to 520 and is all-in
Everlig: folds 
Uncalled bet (470) returned to Mahu2021
Mahu2021 collected 100 from pot
Mahu2021: doesn't show hand 
*** SUMMARY ***
Total pot 100 | Rake 0 
Seat 1: Everlig (button) (small blind) folded before Flop
Seat 2: Mahu2021 (big blind) collected (100)



PokerStars Hand #253092128038: Tournament #3816243960, $1.84+$0.16 USD Hold'em No Limit - Level II (15/30) - 2024/10/25 11:20:33 CET [2024/10/25 5:20:33 ET]
Table '3816243960 1' 3-max Seat #2 is the button
Seat 1: Everlig (930 in chips) 
Seat 2: Mahu2021 (570 in chips) 
Mahu2021: posts small blind 15
Everlig: posts big blind 30
*** HOLE CARDS ***
Dealt to Mahu2021 [5h 7h]
Mahu2021: raises 30 to 60
Everlig: folds 
Uncalled bet (30) returned to Mahu2021
Mahu2021 collected 60 from pot
Mahu2021: doesn't show hand 
*** SUMMARY ***
Total pot 60 | Rake 0 
Seat 1: Everlig (big blind) folded before Flop
Seat 2: Mahu2021 (button) (small blind) collected (60)



PokerStars Hand #253092128696: Tournament #3816243960, $1.84+$0.16 USD Hold'em No Limit - Level II (15/30) - 2024/10/25 11:20:38 CET [2024/10/25 5:20:38 ET]
Table '3816243960 1' 3-max Seat #1 is the button
Seat 1: Everlig (900 in chips) 
Seat 2: Mahu2021 (600 in chips) 
Everlig: posts small blind 15
Mahu2021: posts big blind 30
*** HOLE CARDS ***
Dealt to Mahu2021 [Ad 2h]
Everlig: calls 15
Mahu2021: checks 
*** FLOP *** [8s 3c Ac]
Mahu2021: bets 30
Everlig: folds 
Uncalled bet (30) returned to Mahu2021
Mahu2021 collected 60 from pot
Mahu2021: doesn't show hand 
*** SUMMARY ***
Total pot 60 | Rake 0 
Board [8s 3c Ac]
Seat 1: Everlig (button) (small blind) folded on the Flop
Seat 2: Mahu2021 (big blind) collected (60)



PokerStars Hand #253092129871: Tournament #3816243960, $1.84+$0.16 USD Hold'em No Limit - Level II (15/30) - 2024/10/25 11:20:49 CET [2024/10/25 5:20:49 ET]
Table '3816243960 1' 3-max Seat #2 is the button
Seat 1: Everlig (870 in chips) 
Seat 2: Mahu2021 (630 in chips) 
Mahu2021: posts small blind 15
Everlig: posts big blind 30
*** HOLE CARDS ***
Dealt to Mahu2021 [9d 7c]
Mahu2021: raises 30 to 60
Everlig: calls 30
*** FLOP *** [2h 8h 6s]
Everlig: checks 
Mahu2021: bets 120
Everlig: calls 120
*** TURN *** [2h 8h 6s] [6h]
Everlig: checks 
Mahu2021: checks 
*** RIVER *** [2h 8h 6s 6h] [7d]
Everlig: bets 690 and is all-in
Mahu2021: folds 
Uncalled bet (690) returned to Everlig
Everlig collected 360 from pot
*** SUMMARY ***
Total pot 360 | Rake 0 
Board [2h 8h 6s 6h 7d]
Seat 1: Everlig (big blind) collected (360)
Seat 2: Mahu2021 (button) (small blind) folded on the River



PokerStars Hand #253092133290: Tournament #3816243960, $1.84+$0.16 USD Hold'em No Limit - Level II (15/30) - 2024/10/25 11:21:20 CET [2024/10/25 5:21:20 ET]
Table '3816243960 1' 3-max Seat #1 is the button
Seat 1: Everlig (1050 in chips) 
Seat 2: Mahu2021 (450 in chips) 
Everlig: posts small blind 15
Mahu2021: posts big blind 30
*** HOLE CARDS ***
Dealt to Mahu2021 [3h 3d]
Everlig: raises 1020 to 1050 and is all-in
Mahu2021: calls 420 and is all-in
Uncalled bet (600) returned to Everlig
*** FLOP *** [6s 4c As]
*** TURN *** [6s 4c As] [4h]
*** RIVER *** [6s 4c As 4h] [7c]
*** SHOW DOWN ***
Mahu2021: shows [3h 3d] (two pair, Fours and Threes)
Everlig: shows [Qs Ad] (two pair, Aces and Fours)
Everlig collected 900 from pot
Mahu2021 finished the tournament in 2nd place
Everlig wins the tournament and receives $6.00 - congratulations!
*** SUMMARY ***
Total pot 900 | Rake 0 
Board [6s 4c As 4h 7c]
Seat 1: Everlig (button) (small blind) showed [Qs Ad] and won (900) with two pair, Aces and Fours
Seat 2: Mahu2021 (big blind) showed [3h 3d] and lost with two pair, Fours and Threes



