PokerStars Hand #243031072168: Tournament #3576097103, $0.92+$0.08 USD Hold'em No Limit - Level I (10/20) - 2023/04/11 21:20:53 CET [2023/04/11 15:20:53 ET]
Table '3576097103 1' 3-max Seat #1 is the button
Seat 1: Mahu2021 (470 in chips) is sitting out
Seat 2: Isimir282 (530 in chips) 
Seat 3: lazarofalcao2 (500 in chips) 
Isimir282: posts small blind 10
lazarofalcao2: posts big blind 20
*** HOLE CARDS ***
Dealt to Mahu2021 [2c As]
Mahu2021: folds 
Mahu2021 is disconnected 
Mahu2021 has returned
Isimir282: raises 40 to 60
lazarofalcao2: folds 
Uncalled bet (40) returned to Isimir282
Isimir282 collected 40 from pot
Isimir282: doesn't show hand 
*** SUMMARY ***
Total pot 40 | Rake 0 
Seat 1: Mahu2021 (button) folded before Flop (didn't bet)
Seat 2: Isimir282 (small blind) collected (40)
Seat 3: lazarofalcao2 (big blind) folded before Flop



PokerStars Hand #243031076267: Tournament #3576097103, $0.92+$0.08 USD Hold'em No Limit - Level I (10/20) - 2023/04/11 21:21:03 CET [2023/04/11 15:21:03 ET]
Table '3576097103 1' 3-max Seat #2 is the button
Seat 1: Mahu2021 (470 in chips) 
Seat 2: Isimir282 (550 in chips) 
Seat 3: lazarofalcao2 (480 in chips) 
lazarofalcao2: posts small blind 10
Mahu2021: posts big blind 20
*** HOLE CARDS ***
Dealt to Mahu2021 [6s 3c]
Isimir282: raises 20 to 40
lazarofalcao2: calls 30
Mahu2021: folds 
*** FLOP *** [Tc Kc 3h]
lazarofalcao2: bets 100
Isimir282: calls 100
*** TURN *** [Tc Kc 3h] [2h]
lazarofalcao2: bets 340 and is all-in
Isimir282: calls 340
*** RIVER *** [Tc Kc 3h 2h] [8h]
*** SHOW DOWN ***
lazarofalcao2: shows [9h Th] (a flush, Ten high)
Isimir282: shows [Ac Kd] (a pair of Kings)
lazarofalcao2 collected 980 from pot
*** SUMMARY ***
Total pot 980 | Rake 0 
Board [Tc Kc 3h 2h 8h]
Seat 1: Mahu2021 (big blind) folded before Flop
Seat 2: Isimir282 (button) showed [Ac Kd] and lost with a pair of Kings
Seat 3: lazarofalcao2 (small blind) showed [9h Th] and won (980) with a flush, Ten high



PokerStars Hand #243031085055: Tournament #3576097103, $0.92+$0.08 USD Hold'em No Limit - Level I (10/20) - 2023/04/11 21:21:27 CET [2023/04/11 15:21:27 ET]
Table '3576097103 1' 3-max Seat #3 is the button
Seat 1: Mahu2021 (450 in chips) 
Seat 2: Isimir282 (70 in chips) 
Seat 3: lazarofalcao2 (980 in chips) 
Mahu2021: posts small blind 10
Isimir282: posts big blind 20
*** HOLE CARDS ***
Dealt to Mahu2021 [Ks 4d]
lazarofalcao2: folds 
Mahu2021: raises 430 to 450 and is all-in
Isimir282: calls 50 and is all-in
Uncalled bet (380) returned to Mahu2021
*** FLOP *** [7s 5h Jh]
*** TURN *** [7s 5h Jh] [Kc]
*** RIVER *** [7s 5h Jh Kc] [2s]
*** SHOW DOWN ***
Mahu2021: shows [Ks 4d] (a pair of Kings)
Isimir282: shows [5s 6c] (a pair of Fives)
Mahu2021 collected 140 from pot
Isimir282 finished the tournament in 3rd place
*** SUMMARY ***
Total pot 140 | Rake 0 
Board [7s 5h Jh Kc 2s]
Seat 1: Mahu2021 (small blind) showed [Ks 4d] and won (140) with a pair of Kings
Seat 2: Isimir282 (big blind) showed [5s 6c] and lost with a pair of Fives
Seat 3: lazarofalcao2 (button) folded before Flop (didn't bet)



PokerStars Hand #243031093243: Tournament #3576097103, $0.92+$0.08 USD Hold'em No Limit - Level I (10/20) - 2023/04/11 21:21:48 CET [2023/04/11 15:21:48 ET]
Table '3576097103 1' 3-max Seat #1 is the button
Seat 1: Mahu2021 (520 in chips) 
Seat 3: lazarofalcao2 (980 in chips) 
Mahu2021: posts small blind 10
lazarofalcao2: posts big blind 20
*** HOLE CARDS ***
Dealt to Mahu2021 [4s 4d]
Mahu2021: raises 500 to 520 and is all-in
lazarofalcao2: folds 
Uncalled bet (500) returned to Mahu2021
Mahu2021 collected 40 from pot
Mahu2021: doesn't show hand 
*** SUMMARY ***
Total pot 40 | Rake 0 
Seat 1: Mahu2021 (button) (small blind) collected (40)
Seat 3: lazarofalcao2 (big blind) folded before Flop



PokerStars Hand #243031095716: Tournament #3576097103, $0.92+$0.08 USD Hold'em No Limit - Level I (10/20) - 2023/04/11 21:21:55 CET [2023/04/11 15:21:55 ET]
Table '3576097103 1' 3-max Seat #3 is the button
Seat 1: Mahu2021 (540 in chips) 
Seat 3: lazarofalcao2 (960 in chips) 
lazarofalcao2: posts small blind 10
Mahu2021: posts big blind 20
*** HOLE CARDS ***
Dealt to Mahu2021 [Ts 4c]
lazarofalcao2: folds 
Uncalled bet (10) returned to Mahu2021
Mahu2021 collected 20 from pot
Mahu2021: doesn't show hand 
*** SUMMARY ***
Total pot 20 | Rake 0 
Seat 1: Mahu2021 (big blind) collected (20)
Seat 3: lazarofalcao2 (button) (small blind) folded before Flop



PokerStars Hand #243031098050: Tournament #3576097103, $0.92+$0.08 USD Hold'em No Limit - Level I (10/20) - 2023/04/11 21:22:01 CET [2023/04/11 15:22:01 ET]
Table '3576097103 1' 3-max Seat #1 is the button
Seat 1: Mahu2021 (550 in chips) 
Seat 3: lazarofalcao2 (950 in chips) 
Mahu2021: posts small blind 10
lazarofalcao2: posts big blind 20
*** HOLE CARDS ***
Dealt to Mahu2021 [2c 5c]
Mahu2021: calls 10
lazarofalcao2: checks 
*** FLOP *** [Kd 6s Kc]
lazarofalcao2: bets 40
Mahu2021: folds 
Uncalled bet (40) returned to lazarofalcao2
lazarofalcao2 collected 40 from pot
*** SUMMARY ***
Total pot 40 | Rake 0 
Board [Kd 6s Kc]
Seat 1: Mahu2021 (button) (small blind) folded on the Flop
Seat 3: lazarofalcao2 (big blind) collected (40)



PokerStars Hand #243031102633: Tournament #3576097103, $0.92+$0.08 USD Hold'em No Limit - Level I (10/20) - 2023/04/11 21:22:13 CET [2023/04/11 15:22:13 ET]
Table '3576097103 1' 3-max Seat #3 is the button
Seat 1: Mahu2021 (530 in chips) 
Seat 3: lazarofalcao2 (970 in chips) 
lazarofalcao2: posts small blind 10
Mahu2021: posts big blind 20
*** HOLE CARDS ***
Dealt to Mahu2021 [Js Jh]
lazarofalcao2: calls 10
Mahu2021: raises 510 to 530 and is all-in
lazarofalcao2: folds 
Uncalled bet (510) returned to Mahu2021
Mahu2021 collected 40 from pot
Mahu2021: doesn't show hand 
*** SUMMARY ***
Total pot 40 | Rake 0 
Seat 1: Mahu2021 (big blind) collected (40)
Seat 3: lazarofalcao2 (button) (small blind) folded before Flop



PokerStars Hand #243031106456: Tournament #3576097103, $0.92+$0.08 USD Hold'em No Limit - Level I (10/20) - 2023/04/11 21:22:23 CET [2023/04/11 15:22:23 ET]
Table '3576097103 1' 3-max Seat #1 is the button
Seat 1: Mahu2021 (550 in chips) 
Seat 3: lazarofalcao2 (950 in chips) 
Mahu2021: posts small blind 10
lazarofalcao2: posts big blind 20
*** HOLE CARDS ***
Dealt to Mahu2021 [Th 4s]
Mahu2021: folds 
Uncalled bet (10) returned to lazarofalcao2
lazarofalcao2 collected 20 from pot
*** SUMMARY ***
Total pot 20 | Rake 0 
Seat 1: Mahu2021 (button) (small blind) folded before Flop
Seat 3: lazarofalcao2 (big blind) collected (20)



PokerStars Hand #243031108321: Tournament #3576097103, $0.92+$0.08 USD Hold'em No Limit - Level I (10/20) - 2023/04/11 21:22:28 CET [2023/04/11 15:22:28 ET]
Table '3576097103 1' 3-max Seat #3 is the button
Seat 1: Mahu2021 (540 in chips) 
Seat 3: lazarofalcao2 (960 in chips) 
lazarofalcao2: posts small blind 10
Mahu2021: posts big blind 20
*** HOLE CARDS ***
Dealt to Mahu2021 [2d 4h]
lazarofalcao2: folds 
Uncalled bet (10) returned to Mahu2021
Mahu2021 collected 20 from pot
Mahu2021: doesn't show hand 
*** SUMMARY ***
Total pot 20 | Rake 0 
Seat 1: Mahu2021 (big blind) collected (20)
Seat 3: lazarofalcao2 (button) (small blind) folded before Flop



PokerStars Hand #243031110645: Tournament #3576097103, $0.92+$0.08 USD Hold'em No Limit - Level I (10/20) - 2023/04/11 21:22:34 CET [2023/04/11 15:22:34 ET]
Table '3576097103 1' 3-max Seat #1 is the button
Seat 1: Mahu2021 (550 in chips) 
Seat 3: lazarofalcao2 (950 in chips) 
Mahu2021: posts small blind 10
lazarofalcao2: posts big blind 20
*** HOLE CARDS ***
Dealt to Mahu2021 [Qh Qc]
Mahu2021: raises 530 to 550 and is all-in
lazarofalcao2: folds 
Uncalled bet (530) returned to Mahu2021
Mahu2021 collected 40 from pot
Mahu2021: doesn't show hand 
*** SUMMARY ***
Total pot 40 | Rake 0 
Seat 1: Mahu2021 (button) (small blind) collected (40)
Seat 3: lazarofalcao2 (big blind) folded before Flop



PokerStars Hand #243031113266: Tournament #3576097103, $0.92+$0.08 USD Hold'em No Limit - Level I (10/20) - 2023/04/11 21:22:41 CET [2023/04/11 15:22:41 ET]
Table '3576097103 1' 3-max Seat #3 is the button
Seat 1: Mahu2021 (570 in chips) 
Seat 3: lazarofalcao2 (930 in chips) 
lazarofalcao2: posts small blind 10
Mahu2021: posts big blind 20
*** HOLE CARDS ***
Dealt to Mahu2021 [Td Kh]
lazarofalcao2: folds 
Uncalled bet (10) returned to Mahu2021
Mahu2021 collected 20 from pot
Mahu2021: doesn't show hand 
*** SUMMARY ***
Total pot 20 | Rake 0 
Seat 1: Mahu2021 (big blind) collected (20)
Seat 3: lazarofalcao2 (button) (small blind) folded before Flop



PokerStars Hand #243031115519: Tournament #3576097103, $0.92+$0.08 USD Hold'em No Limit - Level I (10/20) - 2023/04/11 21:22:47 CET [2023/04/11 15:22:47 ET]
Table '3576097103 1' 3-max Seat #1 is the button
Seat 1: Mahu2021 (580 in chips) 
Seat 3: lazarofalcao2 (920 in chips) 
Mahu2021: posts small blind 10
lazarofalcao2: posts big blind 20
*** HOLE CARDS ***
Dealt to Mahu2021 [Tc 5d]
Mahu2021: folds 
Uncalled bet (10) returned to lazarofalcao2
lazarofalcao2 collected 20 from pot
*** SUMMARY ***
Total pot 20 | Rake 0 
Seat 1: Mahu2021 (button) (small blind) folded before Flop
Seat 3: lazarofalcao2 (big blind) collected (20)



PokerStars Hand #243031117469: Tournament #3576097103, $0.92+$0.08 USD Hold'em No Limit - Level I (10/20) - 2023/04/11 21:22:52 CET [2023/04/11 15:22:52 ET]
Table '3576097103 1' 3-max Seat #3 is the button
Seat 1: Mahu2021 (570 in chips) 
Seat 3: lazarofalcao2 (930 in chips) 
lazarofalcao2: posts small blind 10
Mahu2021: posts big blind 20
*** HOLE CARDS ***
Dealt to Mahu2021 [9c 5c]
lazarofalcao2: folds 
Uncalled bet (10) returned to Mahu2021
Mahu2021 collected 20 from pot
Mahu2021: doesn't show hand 
*** SUMMARY ***
Total pot 20 | Rake 0 
Seat 1: Mahu2021 (big blind) collected (20)
Seat 3: lazarofalcao2 (button) (small blind) folded before Flop



PokerStars Hand #243031119590: Tournament #3576097103, $0.92+$0.08 USD Hold'em No Limit - Level I (10/20) - 2023/04/11 21:22:57 CET [2023/04/11 15:22:57 ET]
Table '3576097103 1' 3-max Seat #1 is the button
Seat 1: Mahu2021 (580 in chips) 
Seat 3: lazarofalcao2 (920 in chips) 
Mahu2021: posts small blind 10
lazarofalcao2: posts big blind 20
*** HOLE CARDS ***
Dealt to Mahu2021 [6h Kh]
Mahu2021: calls 10
lazarofalcao2: checks 
*** FLOP *** [Ad 8d 5c]
lazarofalcao2: bets 40
Mahu2021: folds 
Uncalled bet (40) returned to lazarofalcao2
lazarofalcao2 collected 40 from pot
*** SUMMARY ***
Total pot 40 | Rake 0 
Board [Ad 8d 5c]
Seat 1: Mahu2021 (button) (small blind) folded on the Flop
Seat 3: lazarofalcao2 (big blind) collected (40)



PokerStars Hand #243031125501: Tournament #3576097103, $0.92+$0.08 USD Hold'em No Limit - Level II (15/30) - 2023/04/11 21:23:13 CET [2023/04/11 15:23:13 ET]
Table '3576097103 1' 3-max Seat #3 is the button
Seat 1: Mahu2021 (560 in chips) 
Seat 3: lazarofalcao2 (940 in chips) 
lazarofalcao2: posts small blind 15
Mahu2021: posts big blind 30
*** HOLE CARDS ***
Dealt to Mahu2021 [8h 9c]
lazarofalcao2: calls 15
Mahu2021: checks 
*** FLOP *** [Qc 4c 3s]
Mahu2021: checks 
lazarofalcao2: bets 60
Mahu2021: folds 
Uncalled bet (60) returned to lazarofalcao2
lazarofalcao2 collected 60 from pot
*** SUMMARY ***
Total pot 60 | Rake 0 
Board [Qc 4c 3s]
Seat 1: Mahu2021 (big blind) folded on the Flop
Seat 3: lazarofalcao2 (button) (small blind) collected (60)



