PokerStars Hand #252842467654: Tournament #3809967151, $1.84+$0.16 USD Hold'em No Limit - Level I (10/20) - 2024/10/09 16:18:08 CET [2024/10/09 10:18:08 ET]
Table '3809967151 1' 3-max Seat #1 is the button
Seat 1: Icomad (500 in chips) 
Seat 2: Mahu2021 (500 in chips) 
Seat 3: LinasPovil (500 in chips) 
Mahu2021: posts small blind 10
LinasPovil: posts big blind 20
*** HOLE CARDS ***
Dealt to Mahu2021 [Qd 7h]
Icomad: folds 
Mahu2021: calls 10
LinasPovil: checks 
*** FLOP *** [Kd 8s Jd]
Mahu2021: checks 
LinasPovil: checks 
*** TURN *** [Kd 8s Jd] [2s]
Mahu2021: checks 
LinasPovil: checks 
*** RIVER *** [Kd 8s Jd 2s] [4d]
Mahu2021: checks 
LinasPovil: checks 
*** SHOW DOWN ***
Mahu2021: shows [Qd 7h] (high card King)
LinasPovil: shows [2h Ts] (a pair of Deuces)
LinasPovil collected 40 from pot
*** SUMMARY ***
Total pot 40 | Rake 0 
Board [Kd 8s Jd 2s 4d]
Seat 1: Icomad (button) folded before Flop (didn't bet)
Seat 2: Mahu2021 (small blind) showed [Qd 7h] and lost with high card King
Seat 3: LinasPovil (big blind) showed [2h Ts] and won (40) with a pair of Deuces



PokerStars Hand #252842474067: Tournament #3809967151, $1.84+$0.16 USD Hold'em No Limit - Level I (10/20) - 2024/10/09 16:18:41 CET [2024/10/09 10:18:41 ET]
Table '3809967151 1' 3-max Seat #2 is the button
Seat 1: Icomad (500 in chips) 
Seat 2: Mahu2021 (480 in chips) 
Seat 3: LinasPovil (520 in chips) 
LinasPovil: posts small blind 10
Icomad: posts big blind 20
*** HOLE CARDS ***
Dealt to Mahu2021 [2c 2d]
Mahu2021: raises 20 to 40
LinasPovil: folds 
Icomad: folds 
Uncalled bet (20) returned to Mahu2021
Mahu2021 collected 50 from pot
Mahu2021: doesn't show hand 
*** SUMMARY ***
Total pot 50 | Rake 0 
Seat 1: Icomad (big blind) folded before Flop
Seat 2: Mahu2021 (button) collected (50)
Seat 3: LinasPovil (small blind) folded before Flop



PokerStars Hand #252842476316: Tournament #3809967151, $1.84+$0.16 USD Hold'em No Limit - Level I (10/20) - 2024/10/09 16:18:52 CET [2024/10/09 10:18:52 ET]
Table '3809967151 1' 3-max Seat #3 is the button
Seat 1: Icomad (480 in chips) 
Seat 2: Mahu2021 (510 in chips) 
Seat 3: LinasPovil (510 in chips) 
Icomad: posts small blind 10
Mahu2021: posts big blind 20
*** HOLE CARDS ***
Dealt to Mahu2021 [Jh Tc]
LinasPovil: folds 
Icomad: folds 
Uncalled bet (10) returned to Mahu2021
Mahu2021 collected 20 from pot
Mahu2021: doesn't show hand 
*** SUMMARY ***
Total pot 20 | Rake 0 
Seat 1: Icomad (small blind) folded before Flop
Seat 2: Mahu2021 (big blind) collected (20)
Seat 3: LinasPovil (button) folded before Flop (didn't bet)



PokerStars Hand #252842478155: Tournament #3809967151, $1.84+$0.16 USD Hold'em No Limit - Level I (10/20) - 2024/10/09 16:19:01 CET [2024/10/09 10:19:01 ET]
Table '3809967151 1' 3-max Seat #1 is the button
Seat 1: Icomad (470 in chips) 
Seat 2: Mahu2021 (520 in chips) 
Seat 3: LinasPovil (510 in chips) 
Mahu2021: posts small blind 10
LinasPovil: posts big blind 20
*** HOLE CARDS ***
Dealt to Mahu2021 [Js 2c]
Icomad: raises 20 to 40
Mahu2021: folds 
LinasPovil: calls 20
*** FLOP *** [4h 6c Jc]
LinasPovil: checks 
Icomad: bets 25
LinasPovil: raises 45 to 70
Icomad: calls 45
*** TURN *** [4h 6c Jc] [4s]
LinasPovil: checks 
Icomad: checks 
*** RIVER *** [4h 6c Jc 4s] [3h]
LinasPovil: checks 
Icomad: checks 
*** SHOW DOWN ***
LinasPovil: shows [Th Qh] (a pair of Fours)
Icomad: shows [Jh 9c] (two pair, Jacks and Fours)
Icomad collected 230 from pot
*** SUMMARY ***
Total pot 230 | Rake 0 
Board [4h 6c Jc 4s 3h]
Seat 1: Icomad (button) showed [Jh 9c] and won (230) with two pair, Jacks and Fours
Seat 2: Mahu2021 (small blind) folded before Flop
Seat 3: LinasPovil (big blind) showed [Th Qh] and lost with a pair of Fours



PokerStars Hand #252842489997: Tournament #3809967151, $1.84+$0.16 USD Hold'em No Limit - Level I (10/20) - 2024/10/09 16:20:01 CET [2024/10/09 10:20:01 ET]
Table '3809967151 1' 3-max Seat #2 is the button
Seat 1: Icomad (590 in chips) 
Seat 2: Mahu2021 (510 in chips) 
Seat 3: LinasPovil (400 in chips) 
LinasPovil: posts small blind 10
Icomad: posts big blind 20
*** HOLE CARDS ***
Dealt to Mahu2021 [5d Qh]
Mahu2021: folds 
LinasPovil: calls 10
Icomad: raises 40 to 60
LinasPovil: calls 40
*** FLOP *** [9c Ah Ad]
LinasPovil: checks 
Icomad: bets 34
LinasPovil: folds 
Uncalled bet (34) returned to Icomad
Icomad collected 120 from pot
Icomad: doesn't show hand 
*** SUMMARY ***
Total pot 120 | Rake 0 
Board [9c Ah Ad]
Seat 1: Icomad (big blind) collected (120)
Seat 2: Mahu2021 (button) folded before Flop (didn't bet)
Seat 3: LinasPovil (small blind) folded on the Flop



PokerStars Hand #252842497017: Tournament #3809967151, $1.84+$0.16 USD Hold'em No Limit - Level I (10/20) - 2024/10/09 16:20:36 CET [2024/10/09 10:20:36 ET]
Table '3809967151 1' 3-max Seat #3 is the button
Seat 1: Icomad (650 in chips) 
Seat 2: Mahu2021 (510 in chips) 
Seat 3: LinasPovil (340 in chips) 
Icomad: posts small blind 10
Mahu2021: posts big blind 20
*** HOLE CARDS ***
Dealt to Mahu2021 [Td Qs]
LinasPovil: raises 20 to 40
Icomad: folds 
Mahu2021: calls 20
*** FLOP *** [7c Tc 3s]
Mahu2021: bets 40
LinasPovil: raises 80 to 120
Mahu2021: raises 350 to 470 and is all-in
LinasPovil: calls 180 and is all-in
Uncalled bet (170) returned to Mahu2021
*** TURN *** [7c Tc 3s] [As]
*** RIVER *** [7c Tc 3s As] [Ah]
*** SHOW DOWN ***
Mahu2021: shows [Td Qs] (two pair, Aces and Tens)
LinasPovil: shows [Jd Jc] (two pair, Aces and Jacks)
LinasPovil collected 690 from pot
*** SUMMARY ***
Total pot 690 | Rake 0 
Board [7c Tc 3s As Ah]
Seat 1: Icomad (small blind) folded before Flop
Seat 2: Mahu2021 (big blind) showed [Td Qs] and lost with two pair, Aces and Tens
Seat 3: LinasPovil (button) showed [Jd Jc] and won (690) with two pair, Aces and Jacks



PokerStars Hand #252842502428: Tournament #3809967151, $1.84+$0.16 USD Hold'em No Limit - Level I (10/20) - 2024/10/09 16:21:03 CET [2024/10/09 10:21:03 ET]
Table '3809967151 1' 3-max Seat #1 is the button
Seat 1: Icomad (640 in chips) 
Seat 2: Mahu2021 (170 in chips) 
Seat 3: LinasPovil (690 in chips) 
Mahu2021: posts small blind 10
LinasPovil: posts big blind 20
*** HOLE CARDS ***
Dealt to Mahu2021 [Ah Td]
Icomad: folds 
Mahu2021: raises 150 to 170 and is all-in
LinasPovil: folds 
Uncalled bet (150) returned to Mahu2021
Mahu2021 collected 40 from pot
Mahu2021: doesn't show hand 
*** SUMMARY ***
Total pot 40 | Rake 0 
Seat 1: Icomad (button) folded before Flop (didn't bet)
Seat 2: Mahu2021 (small blind) collected (40)
Seat 3: LinasPovil (big blind) folded before Flop



PokerStars Hand #252842504563: Tournament #3809967151, $1.84+$0.16 USD Hold'em No Limit - Level II (15/30) - 2024/10/09 16:21:14 CET [2024/10/09 10:21:14 ET]
Table '3809967151 1' 3-max Seat #2 is the button
Seat 1: Icomad (640 in chips) 
Seat 2: Mahu2021 (190 in chips) 
Seat 3: LinasPovil (670 in chips) 
LinasPovil: posts small blind 15
Icomad: posts big blind 30
*** HOLE CARDS ***
Dealt to Mahu2021 [Ad Tc]
Mahu2021: raises 160 to 190 and is all-in
LinasPovil: folds 
Icomad: calls 160
*** FLOP *** [Ts 7d 9h]
*** TURN *** [Ts 7d 9h] [Ks]
*** RIVER *** [Ts 7d 9h Ks] [Td]
*** SHOW DOWN ***
Icomad: shows [Qd Qc] (two pair, Queens and Tens)
Mahu2021: shows [Ad Tc] (three of a kind, Tens)
Mahu2021 collected 395 from pot
*** SUMMARY ***
Total pot 395 | Rake 0 
Board [Ts 7d 9h Ks Td]
Seat 1: Icomad (big blind) showed [Qd Qc] and lost with two pair, Queens and Tens
Seat 2: Mahu2021 (button) showed [Ad Tc] and won (395) with three of a kind, Tens
Seat 3: LinasPovil (small blind) folded before Flop



PokerStars Hand #252842508126: Tournament #3809967151, $1.84+$0.16 USD Hold'em No Limit - Level II (15/30) - 2024/10/09 16:21:32 CET [2024/10/09 10:21:32 ET]
Table '3809967151 1' 3-max Seat #3 is the button
Seat 1: Icomad (450 in chips) 
Seat 2: Mahu2021 (395 in chips) 
Seat 3: LinasPovil (655 in chips) 
Icomad: posts small blind 15
Mahu2021: posts big blind 30
*** HOLE CARDS ***
Dealt to Mahu2021 [2d Kh]
LinasPovil: folds 
Icomad: raises 30 to 60
Mahu2021: calls 30
*** FLOP *** [Ac 6s 3h]
Icomad: bets 40
Mahu2021: folds 
Uncalled bet (40) returned to Icomad
Icomad collected 120 from pot
Icomad: doesn't show hand 
*** SUMMARY ***
Total pot 120 | Rake 0 
Board [Ac 6s 3h]
Seat 1: Icomad (small blind) collected (120)
Seat 2: Mahu2021 (big blind) folded on the Flop
Seat 3: LinasPovil (button) folded before Flop (didn't bet)



PokerStars Hand #252842512556: Tournament #3809967151, $1.84+$0.16 USD Hold'em No Limit - Level II (15/30) - 2024/10/09 16:21:54 CET [2024/10/09 10:21:54 ET]
Table '3809967151 1' 3-max Seat #1 is the button
Seat 1: Icomad (510 in chips) 
Seat 2: Mahu2021 (335 in chips) 
Seat 3: LinasPovil (655 in chips) 
Mahu2021: posts small blind 15
LinasPovil: posts big blind 30
*** HOLE CARDS ***
Dealt to Mahu2021 [Kd As]
Icomad: folds 
Mahu2021: raises 60 to 90
LinasPovil: folds 
Uncalled bet (60) returned to Mahu2021
Mahu2021 collected 60 from pot
Mahu2021: doesn't show hand 
*** SUMMARY ***
Total pot 60 | Rake 0 
Seat 1: Icomad (button) folded before Flop (didn't bet)
Seat 2: Mahu2021 (small blind) collected (60)
Seat 3: LinasPovil (big blind) folded before Flop



PokerStars Hand #252842514610: Tournament #3809967151, $1.84+$0.16 USD Hold'em No Limit - Level II (15/30) - 2024/10/09 16:22:05 CET [2024/10/09 10:22:05 ET]
Table '3809967151 1' 3-max Seat #2 is the button
Seat 1: Icomad (510 in chips) 
Seat 2: Mahu2021 (365 in chips) 
Seat 3: LinasPovil (625 in chips) 
LinasPovil: posts small blind 15
Icomad: posts big blind 30
*** HOLE CARDS ***
Dealt to Mahu2021 [Js 9c]
Mahu2021: calls 30
LinasPovil: calls 15
Icomad: checks 
*** FLOP *** [3c 8d 7s]
LinasPovil: checks 
Icomad: checks 
Mahu2021: bets 60
LinasPovil: calls 60
Icomad: folds 
*** TURN *** [3c 8d 7s] [Jd]
LinasPovil: checks 
Mahu2021: bets 120
LinasPovil: raises 120 to 240
Mahu2021: raises 35 to 275 and is all-in
LinasPovil: calls 35
*** RIVER *** [3c 8d 7s Jd] [Ac]
*** SHOW DOWN ***
LinasPovil: shows [9s Td] (a straight, Seven to Jack)
Mahu2021: shows [Js 9c] (a pair of Jacks)
LinasPovil collected 760 from pot
Mahu2021 finished the tournament in 3rd place
*** SUMMARY ***
Total pot 760 | Rake 0 
Board [3c 8d 7s Jd Ac]
Seat 1: Icomad (big blind) folded on the Flop
Seat 2: Mahu2021 (button) showed [Js 9c] and lost with a pair of Jacks
Seat 3: LinasPovil (small blind) showed [9s Td] and won (760) with a straight, Seven to Jack



