PokerStars Hand #247143223805: Tournament #3673075636, $4.80+$5.00+$1.20 USD Hold'em No Limit - Level III (35/70) - 2023/11/16 18:47:34 CET [2023/11/16 12:47:34 ET]
Table '3673075636 29' 8-max Seat #7 is the button
Seat 1: Emilmoller1 (5889 in chips, $5 bounty) 
Seat 2: negritos81 (5430 in chips, $5 bounty) 
Seat 3: marsians (5046 in chips, $5 bounty) 
Seat 4: evzen712 (4356 in chips, $5 bounty) 
Seat 5: ramen!77 (4973 in chips, $5 bounty) 
Seat 6: Mahu2021 (5000 in chips, $5 bounty) 
Seat 7: klatovacka05 (1711 in chips, $5 bounty) 
Seat 8: Lalo_math (4681 in chips, $5 bounty) 
Emilmoller1: posts the ante 11
negritos81: posts the ante 11
marsians: posts the ante 11
evzen712: posts the ante 11
ramen!77: posts the ante 11
Mahu2021: posts the ante 11
klatovacka05: posts the ante 11
Lalo_math: posts the ante 11
Lalo_math: posts small blind 35
Emilmoller1: posts big blind 70
*** HOLE CARDS ***
Dealt to Mahu2021 [2h 8d]
negritos81: folds 
marsians: folds 
evzen712: folds 
ramen!77: raises 70 to 140
Mahu2021: folds 
klatovacka05: raises 1560 to 1700 and is all-in
Lalo_math: folds 
Emilmoller1: folds 
ramen!77: folds 
Uncalled bet (1560) returned to klatovacka05
klatovacka05 collected 473 from pot
*** SUMMARY ***
Total pot 473 | Rake 0 
Seat 1: Emilmoller1 (big blind) folded before Flop
Seat 2: negritos81 folded before Flop (didn't bet)
Seat 3: marsians folded before Flop (didn't bet)
Seat 4: evzen712 folded before Flop (didn't bet)
Seat 5: ramen!77 folded before Flop
Seat 6: Mahu2021 folded before Flop (didn't bet)
Seat 7: klatovacka05 (button) collected (473)
Seat 8: Lalo_math (small blind) folded before Flop



PokerStars Hand #247143231324: Tournament #3673075636, $4.80+$5.00+$1.20 USD Hold'em No Limit - Level III (35/70) - 2023/11/16 18:48:00 CET [2023/11/16 12:48:00 ET]
Table '3673075636 29' 8-max Seat #8 is the button
Seat 1: Emilmoller1 (5808 in chips, $5 bounty) 
Seat 2: negritos81 (5419 in chips, $5 bounty) 
Seat 3: marsians (5035 in chips, $5 bounty) 
Seat 4: evzen712 (4345 in chips, $5 bounty) 
Seat 5: ramen!77 (4822 in chips, $5 bounty) 
Seat 6: Mahu2021 (4989 in chips, $5 bounty) 
Seat 7: klatovacka05 (2033 in chips, $5 bounty) 
Seat 8: Lalo_math (4635 in chips, $5 bounty) 
Emilmoller1: posts the ante 11
negritos81: posts the ante 11
marsians: posts the ante 11
evzen712: posts the ante 11
ramen!77: posts the ante 11
Mahu2021: posts the ante 11
klatovacka05: posts the ante 11
Lalo_math: posts the ante 11
Emilmoller1: posts small blind 35
negritos81: posts big blind 70
*** HOLE CARDS ***
Dealt to Mahu2021 [Qh 5d]
marsians: raises 70 to 140
evzen712: calls 140
ramen!77: folds 
Mahu2021: folds 
klatovacka05: raises 1882 to 2022 and is all-in
Lalo_math: folds 
Emilmoller1: folds 
negritos81: folds 
marsians: folds 
evzen712: calls 1882
*** FLOP *** [Ts 7d 4s]
*** TURN *** [Ts 7d 4s] [Kc]
*** RIVER *** [Ts 7d 4s Kc] [9h]
*** SHOW DOWN ***
evzen712: shows [6h 6d] (a pair of Sixes)
klatovacka05: shows [Qs Qd] (a pair of Queens)
klatovacka05 collected 4377 from pot
*** SUMMARY ***
Total pot 4377 | Rake 0 
Board [Ts 7d 4s Kc 9h]
Seat 1: Emilmoller1 (small blind) folded before Flop
Seat 2: negritos81 (big blind) folded before Flop
Seat 3: marsians folded before Flop
Seat 4: evzen712 showed [6h 6d] and lost with a pair of Sixes
Seat 5: ramen!77 folded before Flop (didn't bet)
Seat 6: Mahu2021 folded before Flop (didn't bet)
Seat 7: klatovacka05 showed [Qs Qd] and won (4377) with a pair of Queens
Seat 8: Lalo_math (button) folded before Flop (didn't bet)



PokerStars Hand #247143243062: Tournament #3673075636, $4.80+$5.00+$1.20 USD Hold'em No Limit - Level III (35/70) - 2023/11/16 18:48:39 CET [2023/11/16 12:48:39 ET]
Table '3673075636 29' 8-max Seat #1 is the button
Seat 1: Emilmoller1 (5762 in chips, $5 bounty) 
Seat 2: negritos81 (5338 in chips, $5 bounty) 
Seat 3: marsians (4884 in chips, $5 bounty) 
Seat 4: evzen712 (2312 in chips, $5 bounty) 
Seat 5: ramen!77 (4811 in chips, $5 bounty) 
Seat 6: Mahu2021 (4978 in chips, $5 bounty) 
Seat 7: klatovacka05 (4377 in chips, $5 bounty) 
Seat 8: Lalo_math (4624 in chips, $5 bounty) 
Emilmoller1: posts the ante 11
negritos81: posts the ante 11
marsians: posts the ante 11
evzen712: posts the ante 11
ramen!77: posts the ante 11
Mahu2021: posts the ante 11
klatovacka05: posts the ante 11
Lalo_math: posts the ante 11
negritos81: posts small blind 35
marsians: posts big blind 70
*** HOLE CARDS ***
Dealt to Mahu2021 [2d 7c]
evzen712: raises 84 to 154
ramen!77: folds 
Mahu2021: folds 
klatovacka05: folds 
Lalo_math: folds 
Emilmoller1: raises 336 to 490
negritos81: folds 
marsians: folds 
evzen712: calls 336
*** FLOP *** [3c Qs Kh]
evzen712: checks 
Emilmoller1: checks 
*** TURN *** [3c Qs Kh] [7d]
evzen712: checks 
Emilmoller1: checks 
*** RIVER *** [3c Qs Kh 7d] [5c]
evzen712: checks 
Emilmoller1: checks 
*** SHOW DOWN ***
evzen712: shows [Js 8s] (high card King)
Emilmoller1: shows [Jd Jh] (a pair of Jacks)
Emilmoller1 collected 1173 from pot
*** SUMMARY ***
Total pot 1173 | Rake 0 
Board [3c Qs Kh 7d 5c]
Seat 1: Emilmoller1 (button) showed [Jd Jh] and won (1173) with a pair of Jacks
Seat 2: negritos81 (small blind) folded before Flop
Seat 3: marsians (big blind) folded before Flop
Seat 4: evzen712 showed [Js 8s] and lost with high card King
Seat 5: ramen!77 folded before Flop (didn't bet)
Seat 6: Mahu2021 folded before Flop (didn't bet)
Seat 7: klatovacka05 folded before Flop (didn't bet)
Seat 8: Lalo_math folded before Flop (didn't bet)



PokerStars Hand #247143254227: Tournament #3673075636, $4.80+$5.00+$1.20 USD Hold'em No Limit - Level III (35/70) - 2023/11/16 18:49:16 CET [2023/11/16 12:49:16 ET]
Table '3673075636 29' 8-max Seat #2 is the button
Seat 1: Emilmoller1 (6434 in chips, $5 bounty) 
Seat 2: negritos81 (5292 in chips, $5 bounty) 
Seat 3: marsians (4803 in chips, $5 bounty) 
Seat 4: evzen712 (1811 in chips, $5 bounty) 
Seat 5: ramen!77 (4800 in chips, $5 bounty) 
Seat 6: Mahu2021 (4967 in chips, $5 bounty) 
Seat 7: klatovacka05 (4366 in chips, $5 bounty) 
Seat 8: Lalo_math (4613 in chips, $5 bounty) 
Emilmoller1: posts the ante 11
negritos81: posts the ante 11
marsians: posts the ante 11
evzen712: posts the ante 11
ramen!77: posts the ante 11
Mahu2021: posts the ante 11
klatovacka05: posts the ante 11
Lalo_math: posts the ante 11
marsians: posts small blind 35
evzen712: posts big blind 70
*** HOLE CARDS ***
Dealt to Mahu2021 [9d 2c]
ramen!77: folds 
Mahu2021: folds 
klatovacka05: folds 
Lalo_math: folds 
Emilmoller1: folds 
ramen!77 is sitting out
negritos81: folds 
marsians: raises 140 to 210
evzen712: folds 
Uncalled bet (140) returned to marsians
marsians collected 228 from pot
marsians: doesn't show hand 
*** SUMMARY ***
Total pot 228 | Rake 0 
Seat 1: Emilmoller1 folded before Flop (didn't bet)
Seat 2: negritos81 (button) folded before Flop (didn't bet)
Seat 3: marsians (small blind) collected (228)
Seat 4: evzen712 (big blind) folded before Flop
Seat 5: ramen!77 folded before Flop (didn't bet)
Seat 6: Mahu2021 folded before Flop (didn't bet)
Seat 7: klatovacka05 folded before Flop (didn't bet)
Seat 8: Lalo_math folded before Flop (didn't bet)



PokerStars Hand #247143260543: Tournament #3673075636, $4.80+$5.00+$1.20 USD Hold'em No Limit - Level III (35/70) - 2023/11/16 18:49:38 CET [2023/11/16 12:49:38 ET]
Table '3673075636 29' 8-max Seat #3 is the button
Seat 1: Emilmoller1 (6423 in chips, $5 bounty) 
Seat 2: negritos81 (5281 in chips, $5 bounty) 
Seat 3: marsians (4950 in chips, $5 bounty) 
Seat 4: evzen712 (1730 in chips, $5 bounty) 
Seat 5: ramen!77 (4789 in chips, $5 bounty) is sitting out
Seat 6: Mahu2021 (4956 in chips, $5 bounty) 
Seat 7: klatovacka05 (4355 in chips, $5 bounty) 
Seat 8: Lalo_math (4602 in chips, $5 bounty) 
Emilmoller1: posts the ante 11
negritos81: posts the ante 11
marsians: posts the ante 11
evzen712: posts the ante 11
ramen!77: posts the ante 11
Mahu2021: posts the ante 11
klatovacka05: posts the ante 11
Lalo_math: posts the ante 11
evzen712: posts small blind 35
ramen!77: posts big blind 70
*** HOLE CARDS ***
Dealt to Mahu2021 [6h Td]
Mahu2021: folds 
klatovacka05: folds 
Lalo_math: raises 70 to 140
Emilmoller1: folds 
negritos81: folds 
marsians: folds 
evzen712: folds 
ramen!77: folds 
Uncalled bet (70) returned to Lalo_math
Lalo_math collected 263 from pot
Lalo_math: doesn't show hand 
*** SUMMARY ***
Total pot 263 | Rake 0 
Seat 1: Emilmoller1 folded before Flop (didn't bet)
Seat 2: negritos81 folded before Flop (didn't bet)
Seat 3: marsians (button) folded before Flop (didn't bet)
Seat 4: evzen712 (small blind) folded before Flop
Seat 5: ramen!77 (big blind) folded before Flop
Seat 6: Mahu2021 folded before Flop (didn't bet)
Seat 7: klatovacka05 folded before Flop (didn't bet)
Seat 8: Lalo_math collected (263)



PokerStars Hand #247143279109: Tournament #3673075636, $4.80+$5.00+$1.20 USD Hold'em No Limit - Level III (35/70) - 2023/11/16 18:50:40 CET [2023/11/16 12:50:40 ET]
Table '3673075636 29' 8-max Seat #4 is the button
Seat 1: Emilmoller1 (6412 in chips, $5 bounty) 
Seat 2: negritos81 (5270 in chips, $5 bounty) 
Seat 3: marsians (4939 in chips, $5 bounty) 
Seat 4: evzen712 (1684 in chips, $5 bounty) 
Seat 5: ramen!77 (4708 in chips, $5 bounty) is sitting out
Seat 6: Mahu2021 (4945 in chips, $5 bounty) 
Seat 7: klatovacka05 (4344 in chips, $5 bounty) 
Seat 8: Lalo_math (4784 in chips, $5 bounty) 
Emilmoller1: posts the ante 11
negritos81: posts the ante 11
marsians: posts the ante 11
evzen712: posts the ante 11
ramen!77: posts the ante 11
Mahu2021: posts the ante 11
klatovacka05: posts the ante 11
Lalo_math: posts the ante 11
ramen!77: posts small blind 35
Mahu2021: posts big blind 70
*** HOLE CARDS ***
Dealt to Mahu2021 [Jc 7h]
klatovacka05: raises 70 to 140
Lalo_math: folds 
Emilmoller1: folds 
negritos81: folds 
marsians: folds 
evzen712: folds 
ramen!77: folds 
Mahu2021: folds 
Uncalled bet (70) returned to klatovacka05
klatovacka05 collected 263 from pot
*** SUMMARY ***
Total pot 263 | Rake 0 
Seat 1: Emilmoller1 folded before Flop (didn't bet)
Seat 2: negritos81 folded before Flop (didn't bet)
Seat 3: marsians folded before Flop (didn't bet)
Seat 4: evzen712 (button) folded before Flop (didn't bet)
Seat 5: ramen!77 (small blind) folded before Flop
Seat 6: Mahu2021 (big blind) folded before Flop
Seat 7: klatovacka05 collected (263)
Seat 8: Lalo_math folded before Flop (didn't bet)



PokerStars Hand #247143288347: Tournament #3673075636, $4.80+$5.00+$1.20 USD Hold'em No Limit - Level III (35/70) - 2023/11/16 18:51:12 CET [2023/11/16 12:51:12 ET]
Table '3673075636 29' 8-max Seat #5 is the button
Seat 1: Emilmoller1 (6401 in chips, $5 bounty) 
Seat 2: negritos81 (5259 in chips, $5 bounty) 
Seat 3: marsians (4928 in chips, $5 bounty) 
Seat 4: evzen712 (1673 in chips, $5 bounty) 
Seat 5: ramen!77 (4662 in chips, $5 bounty) is sitting out
Seat 6: Mahu2021 (4864 in chips, $5 bounty) 
Seat 7: klatovacka05 (4526 in chips, $5 bounty) 
Seat 8: Lalo_math (4773 in chips, $5 bounty) 
Emilmoller1: posts the ante 11
negritos81: posts the ante 11
marsians: posts the ante 11
evzen712: posts the ante 11
ramen!77: posts the ante 11
Mahu2021: posts the ante 11
klatovacka05: posts the ante 11
Lalo_math: posts the ante 11
Mahu2021: posts small blind 35
klatovacka05: posts big blind 70
*** HOLE CARDS ***
Dealt to Mahu2021 [7d 4d]
Lalo_math: raises 70 to 140
Emilmoller1: raises 420 to 560
negritos81: folds 
marsians: raises 840 to 1400
evzen712: folds 
ramen!77: folds 
Mahu2021: folds 
klatovacka05: folds 
Lalo_math: folds 
Emilmoller1: raises 4990 to 6390 and is all-in
marsians: calls 3517 and is all-in
Uncalled bet (1473) returned to Emilmoller1
*** FLOP *** [6h 2h 5s]
*** TURN *** [6h 2h 5s] [Tc]
*** RIVER *** [6h 2h 5s Tc] [8h]
*** SHOW DOWN ***
Emilmoller1: shows [Ac Qc] (high card Ace)
marsians: shows [Kh Ks] (a pair of Kings)
marsians collected 10167 from pot
*** SUMMARY ***
Total pot 10167 | Rake 0 
Board [6h 2h 5s Tc 8h]
Seat 1: Emilmoller1 showed [Ac Qc] and lost with high card Ace
Seat 2: negritos81 folded before Flop (didn't bet)
Seat 3: marsians showed [Kh Ks] and won (10167) with a pair of Kings
Seat 4: evzen712 folded before Flop (didn't bet)
Seat 5: ramen!77 (button) folded before Flop (didn't bet)
Seat 6: Mahu2021 (small blind) folded before Flop
Seat 7: klatovacka05 (big blind) folded before Flop
Seat 8: Lalo_math folded before Flop



PokerStars Hand #247143305035: Tournament #3673075636, $4.80+$5.00+$1.20 USD Hold'em No Limit - Level III (35/70) - 2023/11/16 18:52:07 CET [2023/11/16 12:52:07 ET]
Table '3673075636 29' 8-max Seat #6 is the button
Seat 1: Emilmoller1 (1473 in chips, $5 bounty) 
Seat 2: negritos81 (5248 in chips, $5 bounty) 
Seat 3: marsians (10167 in chips, $5 bounty) 
Seat 4: evzen712 (1662 in chips, $5 bounty) 
Seat 5: ramen!77 (4651 in chips, $5 bounty) is sitting out
Seat 6: Mahu2021 (4818 in chips, $5 bounty) 
Seat 7: klatovacka05 (4445 in chips, $5 bounty) 
Seat 8: Lalo_math (4622 in chips, $5 bounty) 
Emilmoller1: posts the ante 11
negritos81: posts the ante 11
marsians: posts the ante 11
evzen712: posts the ante 11
ramen!77: posts the ante 11
Mahu2021: posts the ante 11
klatovacka05: posts the ante 11
Lalo_math: posts the ante 11
klatovacka05: posts small blind 35
Lalo_math: posts big blind 70
*** HOLE CARDS ***
Dealt to Mahu2021 [5s 9c]
Emilmoller1: folds 
negritos81: raises 105 to 175
marsians: folds 
evzen712: folds 
ramen!77: folds 
Mahu2021: folds 
klatovacka05: folds 
Lalo_math: folds 
Uncalled bet (105) returned to negritos81
negritos81 collected 263 from pot
negritos81: doesn't show hand 
*** SUMMARY ***
Total pot 263 | Rake 0 
Seat 1: Emilmoller1 folded before Flop (didn't bet)
Seat 2: negritos81 collected (263)
Seat 3: marsians folded before Flop (didn't bet)
Seat 4: evzen712 folded before Flop (didn't bet)
Seat 5: ramen!77 folded before Flop (didn't bet)
Seat 6: Mahu2021 (button) folded before Flop (didn't bet)
Seat 7: klatovacka05 (small blind) folded before Flop
Seat 8: Lalo_math (big blind) folded before Flop



PokerStars Hand #247143310977: Tournament #3673075636, $4.80+$5.00+$1.20 USD Hold'em No Limit - Level III (35/70) - 2023/11/16 18:52:27 CET [2023/11/16 12:52:27 ET]
Table '3673075636 29' 8-max Seat #7 is the button
Seat 1: Emilmoller1 (1462 in chips, $5 bounty) 
Seat 2: negritos81 (5430 in chips, $5 bounty) 
Seat 3: marsians (10156 in chips, $5 bounty) 
Seat 4: evzen712 (1651 in chips, $5 bounty) 
Seat 5: ramen!77 (4640 in chips, $5 bounty) is sitting out
Seat 6: Mahu2021 (4807 in chips, $5 bounty) 
Seat 7: klatovacka05 (4399 in chips, $5 bounty) 
Seat 8: Lalo_math (4541 in chips, $5 bounty) 
Emilmoller1: posts the ante 11
negritos81: posts the ante 11
marsians: posts the ante 11
evzen712: posts the ante 11
ramen!77: posts the ante 11
Mahu2021: posts the ante 11
klatovacka05: posts the ante 11
Lalo_math: posts the ante 11
Lalo_math: posts small blind 35
Emilmoller1: posts big blind 70
*** HOLE CARDS ***
Dealt to Mahu2021 [Ac Ah]
negritos81: folds 
marsians: folds 
evzen712: folds 
ramen!77: folds 
Mahu2021: raises 210 to 280
klatovacka05: calls 280
Lalo_math: folds 
Emilmoller1: raises 1171 to 1451 and is all-in
Mahu2021: raises 3345 to 4796 and is all-in
klatovacka05: folds 
Uncalled bet (3345) returned to Mahu2021
*** FLOP *** [Jd Tc 7d]
*** TURN *** [Jd Tc 7d] [6h]
*** RIVER *** [Jd Tc 7d 6h] [8h]
*** SHOW DOWN ***
Emilmoller1: shows [Ts 7h] (two pair, Tens and Sevens)
Mahu2021: shows [Ac Ah] (a pair of Aces)
Emilmoller1 collected 3305 from pot
*** SUMMARY ***
Total pot 3305 | Rake 0 
Board [Jd Tc 7d 6h 8h]
Seat 1: Emilmoller1 (big blind) showed [Ts 7h] and won (3305) with two pair, Tens and Sevens
Seat 2: negritos81 folded before Flop (didn't bet)
Seat 3: marsians folded before Flop (didn't bet)
Seat 4: evzen712 folded before Flop (didn't bet)
Seat 5: ramen!77 folded before Flop (didn't bet)
Seat 6: Mahu2021 showed [Ac Ah] and lost with a pair of Aces
Seat 7: klatovacka05 (button) folded before Flop
Seat 8: Lalo_math (small blind) folded before Flop



PokerStars Hand #247143321087: Tournament #3673075636, $4.80+$5.00+$1.20 USD Hold'em No Limit - Level III (35/70) - 2023/11/16 18:53:02 CET [2023/11/16 12:53:02 ET]
Table '3673075636 29' 8-max Seat #8 is the button
Seat 1: Emilmoller1 (3305 in chips, $5 bounty) 
Seat 2: negritos81 (5419 in chips, $5 bounty) 
Seat 3: marsians (10145 in chips, $5 bounty) 
Seat 4: evzen712 (1640 in chips, $5 bounty) 
Seat 5: ramen!77 (4629 in chips, $5 bounty) is sitting out
Seat 6: Mahu2021 (3345 in chips, $5 bounty) 
Seat 7: klatovacka05 (4108 in chips, $5 bounty) 
Seat 8: Lalo_math (4495 in chips, $5 bounty) 
Emilmoller1: posts the ante 11
negritos81: posts the ante 11
marsians: posts the ante 11
evzen712: posts the ante 11
ramen!77: posts the ante 11
Mahu2021: posts the ante 11
klatovacka05: posts the ante 11
Lalo_math: posts the ante 11
Emilmoller1: posts small blind 35
negritos81: posts big blind 70
*** HOLE CARDS ***
Dealt to Mahu2021 [4h 3s]
marsians: folds 
evzen712: folds 
ramen!77: folds 
Mahu2021: folds 
klatovacka05: raises 105 to 175
Lalo_math: raises 320 to 495
Emilmoller1: folds 
negritos81: folds 
klatovacka05: calls 320
*** FLOP *** [6h 7s 2h]
klatovacka05: checks 
Lalo_math: bets 296
klatovacka05: folds 
Uncalled bet (296) returned to Lalo_math
Lalo_math collected 1183 from pot
Lalo_math: doesn't show hand 
*** SUMMARY ***
Total pot 1183 | Rake 0 
Board [6h 7s 2h]
Seat 1: Emilmoller1 (small blind) folded before Flop
Seat 2: negritos81 (big blind) folded before Flop
Seat 3: marsians folded before Flop (didn't bet)
Seat 4: evzen712 folded before Flop (didn't bet)
Seat 5: ramen!77 folded before Flop (didn't bet)
Seat 6: Mahu2021 folded before Flop (didn't bet)
Seat 7: klatovacka05 folded on the Flop
Seat 8: Lalo_math (button) collected (1183)



PokerStars Hand #247143333294: Tournament #3673075636, $4.80+$5.00+$1.20 USD Hold'em No Limit - Level III (35/70) - 2023/11/16 18:53:43 CET [2023/11/16 12:53:43 ET]
Table '3673075636 29' 8-max Seat #1 is the button
Seat 1: Emilmoller1 (3259 in chips, $5 bounty) 
Seat 2: negritos81 (5338 in chips, $5 bounty) 
Seat 3: marsians (10134 in chips, $5 bounty) 
Seat 4: evzen712 (1629 in chips, $5 bounty) 
Seat 5: ramen!77 (4618 in chips, $5 bounty) is sitting out
Seat 6: Mahu2021 (3334 in chips, $5 bounty) 
Seat 7: klatovacka05 (3602 in chips, $5 bounty) 
Seat 8: Lalo_math (5172 in chips, $5 bounty) 
Emilmoller1: posts the ante 11
negritos81: posts the ante 11
marsians: posts the ante 11
evzen712: posts the ante 11
ramen!77: posts the ante 11
Mahu2021: posts the ante 11
klatovacka05: posts the ante 11
Lalo_math: posts the ante 11
negritos81: posts small blind 35
marsians: posts big blind 70
*** HOLE CARDS ***
Dealt to Mahu2021 [Ad 6h]
evzen712: raises 84 to 154
ramen!77: folds 
Mahu2021: folds 
klatovacka05: folds 
Lalo_math: folds 
Emilmoller1: folds 
negritos81: folds 
marsians: calls 84
*** FLOP *** [As 2d 6c]
marsians: checks 
evzen712: bets 154
marsians: folds 
Uncalled bet (154) returned to evzen712
evzen712 collected 431 from pot
evzen712: doesn't show hand 
*** SUMMARY ***
Total pot 431 | Rake 0 
Board [As 2d 6c]
Seat 1: Emilmoller1 (button) folded before Flop (didn't bet)
Seat 2: negritos81 (small blind) folded before Flop
Seat 3: marsians (big blind) folded on the Flop
Seat 4: evzen712 collected (431)
Seat 5: ramen!77 folded before Flop (didn't bet)
Seat 6: Mahu2021 folded before Flop (didn't bet)
Seat 7: klatovacka05 folded before Flop (didn't bet)
Seat 8: Lalo_math folded before Flop (didn't bet)



PokerStars Hand #247143347509: Tournament #3673075636, $4.80+$5.00+$1.20 USD Hold'em No Limit - Level IV (40/80) - 2023/11/16 18:54:31 CET [2023/11/16 12:54:31 ET]
Table '3673075636 29' 8-max Seat #2 is the button
Seat 1: Emilmoller1 (3248 in chips, $5 bounty) 
Seat 2: negritos81 (5292 in chips, $5 bounty) 
Seat 3: marsians (9969 in chips, $5 bounty) 
Seat 4: evzen712 (1895 in chips, $5 bounty) 
Seat 5: ramen!77 (4607 in chips, $5 bounty) is sitting out
Seat 6: Mahu2021 (3323 in chips, $5 bounty) 
Seat 7: klatovacka05 (3591 in chips, $5 bounty) 
Seat 8: Lalo_math (5161 in chips, $5 bounty) 
Emilmoller1: posts the ante 12
negritos81: posts the ante 12
marsians: posts the ante 12
evzen712: posts the ante 12
ramen!77: posts the ante 12
Mahu2021: posts the ante 12
klatovacka05: posts the ante 12
Lalo_math: posts the ante 12
marsians: posts small blind 40
evzen712: posts big blind 80
*** HOLE CARDS ***
Dealt to Mahu2021 [4c Th]
ramen!77: folds 
Mahu2021: folds 
klatovacka05: folds 
Lalo_math: folds 
Emilmoller1: folds 
negritos81: raises 96 to 176
marsians: folds 
evzen712: folds 
Uncalled bet (96) returned to negritos81
negritos81 collected 296 from pot
negritos81: doesn't show hand 
*** SUMMARY ***
Total pot 296 | Rake 0 
Seat 1: Emilmoller1 folded before Flop (didn't bet)
Seat 2: negritos81 (button) collected (296)
Seat 3: marsians (small blind) folded before Flop
Seat 4: evzen712 (big blind) folded before Flop
Seat 5: ramen!77 folded before Flop (didn't bet)
Seat 6: Mahu2021 folded before Flop (didn't bet)
Seat 7: klatovacka05 folded before Flop (didn't bet)
Seat 8: Lalo_math folded before Flop (didn't bet)



PokerStars Hand #247143355149: Tournament #3673075636, $4.80+$5.00+$1.20 USD Hold'em No Limit - Level IV (40/80) - 2023/11/16 18:54:57 CET [2023/11/16 12:54:57 ET]
Table '3673075636 29' 8-max Seat #3 is the button
Seat 1: Emilmoller1 (3236 in chips, $5 bounty) 
Seat 2: negritos81 (5496 in chips, $5 bounty) 
Seat 3: marsians (9917 in chips, $5 bounty) 
Seat 4: evzen712 (1803 in chips, $5 bounty) 
Seat 5: ramen!77 (4595 in chips, $5 bounty) is sitting out
Seat 6: Mahu2021 (3311 in chips, $5 bounty) 
Seat 7: klatovacka05 (3579 in chips, $5 bounty) 
Seat 8: Lalo_math (5149 in chips, $5 bounty) 
Emilmoller1: posts the ante 12
negritos81: posts the ante 12
marsians: posts the ante 12
evzen712: posts the ante 12
ramen!77: posts the ante 12
Mahu2021: posts the ante 12
klatovacka05: posts the ante 12
Lalo_math: posts the ante 12
evzen712: posts small blind 40
ramen!77: posts big blind 80
*** HOLE CARDS ***
Dealt to Mahu2021 [Ad 9d]
Mahu2021: raises 80 to 160
klatovacka05: folds 
Lalo_math: calls 160
Emilmoller1: folds 
negritos81: folds 
marsians: folds 
evzen712: raises 1631 to 1791 and is all-in
ramen!77: folds 
Mahu2021: calls 1631
Lalo_math: folds 
*** FLOP *** [9c Qd 9s]
*** TURN *** [9c Qd 9s] [4d]
*** RIVER *** [9c Qd 9s 4d] [Qh]
*** SHOW DOWN ***
evzen712: shows [7d As] (two pair, Queens and Nines)
Mahu2021: shows [Ad 9d] (a full house, Nines full of Queens)
Mahu2021 collected 3918 from pot
Mahu2021 wins $2.50 for eliminating evzen712 and their own bounty increases by $2.50 to $7.50
evzen712 finished the tournament
*** SUMMARY ***
Total pot 3918 | Rake 0 
Board [9c Qd 9s 4d Qh]
Seat 1: Emilmoller1 folded before Flop (didn't bet)
Seat 2: negritos81 folded before Flop (didn't bet)
Seat 3: marsians (button) folded before Flop (didn't bet)
Seat 4: evzen712 (small blind) showed [7d As] and lost with two pair, Queens and Nines
Seat 5: ramen!77 (big blind) folded before Flop
Seat 6: Mahu2021 showed [Ad 9d] and won (3918) with a full house, Nines full of Queens
Seat 7: klatovacka05 folded before Flop (didn't bet)
Seat 8: Lalo_math folded before Flop



PokerStars Hand #247143484267: Tournament #3673075636, $4.80+$5.00+$1.20 USD Hold'em No Limit - Level IV (40/80) - 2023/11/16 19:03:37 CET [2023/11/16 13:03:37 ET]
Table '3673075636 29' 8-max Seat #5 is the button
Seat 1: Emilmoller1 (3224 in chips, $5 bounty) 
Seat 2: negritos81 (5484 in chips, $5 bounty) 
Seat 3: marsians (9905 in chips, $5 bounty) 
Seat 4: gerou21 (5000 in chips, $5 bounty) 
Seat 5: ramen!77 (4503 in chips, $5 bounty) is sitting out
Seat 6: Mahu2021 (5426 in chips, $7.50 bounty) 
Seat 7: HEIST_THIAGO (5000 in chips, $5 bounty) 
Seat 8: Lalo_math (4977 in chips, $5 bounty) 
Emilmoller1: posts the ante 12
negritos81: posts the ante 12
marsians: posts the ante 12
gerou21: posts the ante 12
ramen!77: posts the ante 12
Mahu2021: posts the ante 12
HEIST_THIAGO: posts the ante 12
Lalo_math: posts the ante 12
Mahu2021: posts small blind 40
HEIST_THIAGO: posts big blind 80
*** HOLE CARDS ***
Dealt to Mahu2021 [3d 2h]
Lalo_math: folds 
Emilmoller1: folds 
negritos81: folds 
marsians: folds 
gerou21: calls 80
ramen!77: folds 
Mahu2021: folds 
HEIST_THIAGO: checks 
*** FLOP *** [5c 8h Qh]
HEIST_THIAGO: checks 
gerou21: bets 296
HEIST_THIAGO: folds 
Uncalled bet (296) returned to gerou21
gerou21 collected 296 from pot
gerou21: doesn't show hand 
*** SUMMARY ***
Total pot 296 | Rake 0 
Board [5c 8h Qh]
Seat 1: Emilmoller1 folded before Flop (didn't bet)
Seat 2: negritos81 folded before Flop (didn't bet)
Seat 3: marsians folded before Flop (didn't bet)
Seat 4: gerou21 collected (296)
Seat 5: ramen!77 (button) folded before Flop (didn't bet)
Seat 6: Mahu2021 (small blind) folded before Flop
Seat 7: HEIST_THIAGO (big blind) folded on the Flop
Seat 8: Lalo_math folded before Flop (didn't bet)



PokerStars Hand #247143503356: Tournament #3673075636, $4.80+$5.00+$1.20 USD Hold'em No Limit - Level IV (40/80) - 2023/11/16 19:04:40 CET [2023/11/16 13:04:40 ET]
Table '3673075636 29' 8-max Seat #6 is the button
Seat 1: Emilmoller1 (3212 in chips, $5 bounty) 
Seat 2: negritos81 (5472 in chips, $5 bounty) 
Seat 3: marsians (9893 in chips, $5 bounty) 
Seat 4: gerou21 (5204 in chips, $5 bounty) 
Seat 5: ramen!77 (4491 in chips, $5 bounty) is sitting out
Seat 6: Mahu2021 (5374 in chips, $7.50 bounty) 
Seat 7: HEIST_THIAGO (4908 in chips, $5 bounty) 
Seat 8: Lalo_math (4965 in chips, $5 bounty) 
Emilmoller1: posts the ante 12
negritos81: posts the ante 12
marsians: posts the ante 12
gerou21: posts the ante 12
ramen!77: posts the ante 12
Mahu2021: posts the ante 12
HEIST_THIAGO: posts the ante 12
Lalo_math: posts the ante 12
HEIST_THIAGO: posts small blind 40
Lalo_math: posts big blind 80
*** HOLE CARDS ***
Dealt to Mahu2021 [Qd Qh]
Emilmoller1: folds 
negritos81: folds 
marsians: folds 
gerou21: raises 80 to 160
ramen!77: folds 
Mahu2021: calls 160
HEIST_THIAGO: folds 
Lalo_math: calls 80
*** FLOP *** [3s 2c Jd]
Lalo_math: checks 
gerou21: bets 616
Mahu2021: calls 616
Lalo_math: folds 
*** TURN *** [3s 2c Jd] [8h]
gerou21: bets 924
Mahu2021: calls 924
*** RIVER *** [3s 2c Jd 8h] [Ah]
gerou21: bets 3492 and is all-in
Mahu2021: folds 
Uncalled bet (3492) returned to gerou21
gerou21 collected 3696 from pot
gerou21: doesn't show hand 
*** SUMMARY ***
Total pot 3696 | Rake 0 
Board [3s 2c Jd 8h Ah]
Seat 1: Emilmoller1 folded before Flop (didn't bet)
Seat 2: negritos81 folded before Flop (didn't bet)
Seat 3: marsians folded before Flop (didn't bet)
Seat 4: gerou21 collected (3696)
Seat 5: ramen!77 folded before Flop (didn't bet)
Seat 6: Mahu2021 (button) folded on the River
Seat 7: HEIST_THIAGO (small blind) folded before Flop
Seat 8: Lalo_math (big blind) folded on the Flop



PokerStars Hand #247143524677: Tournament #3673075636, $4.80+$5.00+$1.20 USD Hold'em No Limit - Level IV (40/80) - 2023/11/16 19:05:50 CET [2023/11/16 13:05:50 ET]
Table '3673075636 29' 8-max Seat #7 is the button
Seat 1: Emilmoller1 (3200 in chips, $5 bounty) 
Seat 2: negritos81 (5460 in chips, $5 bounty) 
Seat 3: marsians (9881 in chips, $5 bounty) 
Seat 4: gerou21 (7188 in chips, $5 bounty) 
Seat 5: ramen!77 (4479 in chips, $5 bounty) is sitting out
Seat 6: Mahu2021 (3662 in chips, $7.50 bounty) 
Seat 7: HEIST_THIAGO (4856 in chips, $5 bounty) 
Seat 8: Lalo_math (4793 in chips, $5 bounty) 
Emilmoller1: posts the ante 12
negritos81: posts the ante 12
marsians: posts the ante 12
gerou21: posts the ante 12
ramen!77: posts the ante 12
Mahu2021: posts the ante 12
HEIST_THIAGO: posts the ante 12
Lalo_math: posts the ante 12
Lalo_math: posts small blind 40
Emilmoller1: posts big blind 80
*** HOLE CARDS ***
Dealt to Mahu2021 [Qh 3s]
ramen!77 has returned
negritos81: raises 120 to 200
marsians: folds 
gerou21: folds 
ramen!77: folds 
Mahu2021: folds 
HEIST_THIAGO: folds 
Lalo_math: folds 
Emilmoller1: calls 120
*** FLOP *** [6h Ad 5h]
Emilmoller1: checks 
negritos81: bets 161
Emilmoller1: folds 
Uncalled bet (161) returned to negritos81
negritos81 collected 536 from pot
negritos81: doesn't show hand 
*** SUMMARY ***
Total pot 536 | Rake 0 
Board [6h Ad 5h]
Seat 1: Emilmoller1 (big blind) folded on the Flop
Seat 2: negritos81 collected (536)
Seat 3: marsians folded before Flop (didn't bet)
Seat 4: gerou21 folded before Flop (didn't bet)
Seat 5: ramen!77 folded before Flop (didn't bet)
Seat 6: Mahu2021 folded before Flop (didn't bet)
Seat 7: HEIST_THIAGO (button) folded before Flop (didn't bet)
Seat 8: Lalo_math (small blind) folded before Flop



PokerStars Hand #247143537329: Tournament #3673075636, $4.80+$5.00+$1.20 USD Hold'em No Limit - Level IV (40/80) - 2023/11/16 19:06:33 CET [2023/11/16 13:06:33 ET]
Table '3673075636 29' 8-max Seat #8 is the button
Seat 1: Emilmoller1 (2988 in chips, $5 bounty) 
Seat 2: negritos81 (5784 in chips, $5 bounty) 
Seat 3: marsians (9869 in chips, $5 bounty) 
Seat 4: gerou21 (7176 in chips, $5 bounty) 
Seat 5: ramen!77 (4467 in chips, $5 bounty) 
Seat 6: Mahu2021 (3650 in chips, $7.50 bounty) 
Seat 7: HEIST_THIAGO (4844 in chips, $5 bounty) 
Seat 8: Lalo_math (4741 in chips, $5 bounty) 
Emilmoller1: posts the ante 12
negritos81: posts the ante 12
marsians: posts the ante 12
gerou21: posts the ante 12
ramen!77: posts the ante 12
Mahu2021: posts the ante 12
HEIST_THIAGO: posts the ante 12
Lalo_math: posts the ante 12
Emilmoller1: posts small blind 40
negritos81: posts big blind 80
*** HOLE CARDS ***
Dealt to Mahu2021 [6d 7h]
marsians: folds 
gerou21: folds 
ramen!77: folds 
Mahu2021: folds 
HEIST_THIAGO: raises 160 to 240
Lalo_math: folds 
Emilmoller1: calls 200
negritos81: raises 560 to 800
HEIST_THIAGO: folds 
Emilmoller1: calls 560
*** FLOP *** [Qs Th 7s]
Emilmoller1: checks 
negritos81: bets 484
Emilmoller1: calls 484
*** TURN *** [Qs Th 7s] [Jh]
Emilmoller1: checks 
negritos81: bets 4488 and is all-in
Emilmoller1: calls 1692 and is all-in
Uncalled bet (2796) returned to negritos81
*** RIVER *** [Qs Th 7s Jh] [9h]
*** SHOW DOWN ***
Emilmoller1: shows [Kd 9d] (a straight, Nine to King)
negritos81: shows [Tc Td] (three of a kind, Tens)
Emilmoller1 collected 6288 from pot
*** SUMMARY ***
Total pot 6288 | Rake 0 
Board [Qs Th 7s Jh 9h]
Seat 1: Emilmoller1 (small blind) showed [Kd 9d] and won (6288) with a straight, Nine to King
Seat 2: negritos81 (big blind) showed [Tc Td] and lost with three of a kind, Tens
Seat 3: marsians folded before Flop (didn't bet)
Seat 4: gerou21 folded before Flop (didn't bet)
Seat 5: ramen!77 folded before Flop (didn't bet)
Seat 6: Mahu2021 folded before Flop (didn't bet)
Seat 7: HEIST_THIAGO folded before Flop
Seat 8: Lalo_math (button) folded before Flop (didn't bet)



PokerStars Hand #247143571580: Tournament #3673075636, $4.80+$5.00+$1.20 USD Hold'em No Limit - Level IV (40/80) - 2023/11/16 19:08:26 CET [2023/11/16 13:08:26 ET]
Table '3673075636 29' 8-max Seat #1 is the button
Seat 1: Emilmoller1 (6288 in chips, $5 bounty) 
Seat 2: negritos81 (2796 in chips, $5 bounty) 
Seat 3: marsians (9857 in chips, $5 bounty) 
Seat 4: gerou21 (7164 in chips, $5 bounty) 
Seat 5: ramen!77 (4455 in chips, $5 bounty) 
Seat 6: Mahu2021 (3638 in chips, $7.50 bounty) 
Seat 7: HEIST_THIAGO (4592 in chips, $5 bounty) 
Seat 8: Lalo_math (4729 in chips, $5 bounty) 
Emilmoller1: posts the ante 12
negritos81: posts the ante 12
marsians: posts the ante 12
gerou21: posts the ante 12
ramen!77: posts the ante 12
Mahu2021: posts the ante 12
HEIST_THIAGO: posts the ante 12
Lalo_math: posts the ante 12
negritos81: posts small blind 40
marsians: posts big blind 80
*** HOLE CARDS ***
Dealt to Mahu2021 [2c Qd]
gerou21: folds 
ramen!77: folds 
Mahu2021: folds 
HEIST_THIAGO: folds 
Lalo_math: raises 80 to 160
Emilmoller1: folds 
negritos81: folds 
marsians: raises 456 to 616
Lalo_math: calls 456
*** FLOP *** [3h 4s 8d]
marsians: checks 
Lalo_math: checks 
*** TURN *** [3h 4s 8d] [5h]
marsians: checks 
Lalo_math: checks 
*** RIVER *** [3h 4s 8d 5h] [8h]
marsians: bets 684
Lalo_math: folds 
Uncalled bet (684) returned to marsians
marsians collected 1368 from pot
marsians: doesn't show hand 
*** SUMMARY ***
Total pot 1368 | Rake 0 
Board [3h 4s 8d 5h 8h]
Seat 1: Emilmoller1 (button) folded before Flop (didn't bet)
Seat 2: negritos81 (small blind) folded before Flop
Seat 3: marsians (big blind) collected (1368)
Seat 4: gerou21 folded before Flop (didn't bet)
Seat 5: ramen!77 folded before Flop (didn't bet)
Seat 6: Mahu2021 folded before Flop (didn't bet)
Seat 7: HEIST_THIAGO folded before Flop (didn't bet)
Seat 8: Lalo_math folded on the River



PokerStars Hand #247143593306: Tournament #3673075636, $4.80+$5.00+$1.20 USD Hold'em No Limit - Level IV (40/80) - 2023/11/16 19:09:38 CET [2023/11/16 13:09:38 ET]
Table '3673075636 29' 8-max Seat #2 is the button
Seat 1: Emilmoller1 (6276 in chips, $5 bounty) 
Seat 2: negritos81 (2744 in chips, $5 bounty) 
Seat 3: marsians (10597 in chips, $5 bounty) 
Seat 4: gerou21 (7152 in chips, $5 bounty) 
Seat 5: ramen!77 (4443 in chips, $5 bounty) 
Seat 6: Mahu2021 (3626 in chips, $7.50 bounty) 
Seat 7: HEIST_THIAGO (4580 in chips, $5 bounty) 
Seat 8: Lalo_math (4101 in chips, $5 bounty) 
Emilmoller1: posts the ante 12
negritos81: posts the ante 12
marsians: posts the ante 12
gerou21: posts the ante 12
ramen!77: posts the ante 12
Mahu2021: posts the ante 12
HEIST_THIAGO: posts the ante 12
Lalo_math: posts the ante 12
marsians: posts small blind 40
gerou21: posts big blind 80
*** HOLE CARDS ***
Dealt to Mahu2021 [Qs 5d]
ramen!77: folds 
Mahu2021: folds 
HEIST_THIAGO: raises 80 to 160
Lalo_math: folds 
Emilmoller1: folds 
negritos81: folds 
marsians: folds 
gerou21: folds 
Uncalled bet (80) returned to HEIST_THIAGO
HEIST_THIAGO collected 296 from pot
HEIST_THIAGO: doesn't show hand 
*** SUMMARY ***
Total pot 296 | Rake 0 
Seat 1: Emilmoller1 folded before Flop (didn't bet)
Seat 2: negritos81 (button) folded before Flop (didn't bet)
Seat 3: marsians (small blind) folded before Flop
Seat 4: gerou21 (big blind) folded before Flop
Seat 5: ramen!77 folded before Flop (didn't bet)
Seat 6: Mahu2021 folded before Flop (didn't bet)
Seat 7: HEIST_THIAGO collected (296)
Seat 8: Lalo_math folded before Flop (didn't bet)



PokerStars Hand #247143602139: Tournament #3673075636, $4.80+$5.00+$1.20 USD Hold'em No Limit - Level IV (40/80) - 2023/11/16 19:10:08 CET [2023/11/16 13:10:08 ET]
Table '3673075636 29' 8-max Seat #3 is the button
Seat 1: Emilmoller1 (6264 in chips, $5 bounty) 
Seat 2: negritos81 (2732 in chips, $5 bounty) 
Seat 3: marsians (10545 in chips, $5 bounty) 
Seat 4: gerou21 (7060 in chips, $5 bounty) 
Seat 5: ramen!77 (4431 in chips, $5 bounty) 
Seat 6: Mahu2021 (3614 in chips, $7.50 bounty) 
Seat 7: HEIST_THIAGO (4784 in chips, $5 bounty) 
Seat 8: Lalo_math (4089 in chips, $5 bounty) 
Emilmoller1: posts the ante 12
negritos81: posts the ante 12
marsians: posts the ante 12
gerou21: posts the ante 12
ramen!77: posts the ante 12
Mahu2021: posts the ante 12
HEIST_THIAGO: posts the ante 12
Lalo_math: posts the ante 12
gerou21: posts small blind 40
ramen!77: posts big blind 80
*** HOLE CARDS ***
Dealt to Mahu2021 [Kc Ad]
Mahu2021: raises 320 to 400
HEIST_THIAGO: folds 
Lalo_math: folds 
Emilmoller1: folds 
negritos81: folds 
marsians: folds 
gerou21: calls 360
ramen!77: folds 
*** FLOP *** [4s 3h 7c]
gerou21: bets 976
Mahu2021: raises 2226 to 3202 and is all-in
gerou21: calls 2226
*** TURN *** [4s 3h 7c] [2d]
*** RIVER *** [4s 3h 7c 2d] [3d]
*** SHOW DOWN ***
gerou21: shows [7h 6c] (two pair, Sevens and Threes)
Mahu2021: shows [Kc Ad] (a pair of Threes)
gerou21 collected 7380 from pot
gerou21 wins $3.75 for eliminating Mahu2021 and their own bounty increases by $3.75 to $8.75
Mahu2021 finished the tournament
*** SUMMARY ***
Total pot 7380 | Rake 0 
Board [4s 3h 7c 2d 3d]
Seat 1: Emilmoller1 folded before Flop (didn't bet)
Seat 2: negritos81 folded before Flop (didn't bet)
Seat 3: marsians (button) folded before Flop (didn't bet)
Seat 4: gerou21 (small blind) showed [7h 6c] and won (7380) with two pair, Sevens and Threes
Seat 5: ramen!77 (big blind) folded before Flop
Seat 6: Mahu2021 showed [Kc Ad] and lost with a pair of Threes
Seat 7: HEIST_THIAGO folded before Flop (didn't bet)
Seat 8: Lalo_math folded before Flop (didn't bet)



