PokerStars Hand #248740685100: Tournament #3712465046, $1.84+$0.16 USD Hold'em No Limit - Level I (10/20) - 2024/02/07 16:24:31 CET [2024/02/07 10:24:31 ET]
Table '3712465046 1' 3-max Seat #1 is the button
Seat 1: ugur4280 (500 in chips) 
Seat 2: Mahu2021 (500 in chips) 
Seat 3: kmetacheto (500 in chips) 
Mahu2021: posts small blind 10
kmetacheto: posts big blind 20
*** HOLE CARDS ***
Dealt to Mahu2021 [Kc 5h]
ugur4280: raises 20 to 40
Mahu2021: calls 30
kmetacheto: folds 
*** FLOP *** [Jh 9s 3h]
Mahu2021: checks 
ugur4280: bets 40
Mahu2021: folds 
Uncalled bet (40) returned to ugur4280
ugur4280 collected 100 from pot
*** SUMMARY ***
Total pot 100 | Rake 0 
Board [Jh 9s 3h]
Seat 1: ugur4280 (button) collected (100)
Seat 2: Mahu2021 (small blind) folded on the Flop
Seat 3: kmetacheto (big blind) folded before Flop



PokerStars Hand #248740688665: Tournament #3712465046, $1.84+$0.16 USD Hold'em No Limit - Level I (10/20) - 2024/02/07 16:24:45 CET [2024/02/07 10:24:45 ET]
Table '3712465046 1' 3-max Seat #2 is the button
Seat 1: ugur4280 (560 in chips) 
Seat 2: Mahu2021 (460 in chips) 
Seat 3: kmetacheto (480 in chips) 
kmetacheto: posts small blind 10
ugur4280: posts big blind 20
*** HOLE CARDS ***
Dealt to Mahu2021 [Qh 7d]
Mahu2021: folds 
kmetacheto: folds 
Uncalled bet (10) returned to ugur4280
ugur4280 collected 20 from pot
*** SUMMARY ***
Total pot 20 | Rake 0 
Seat 1: ugur4280 (big blind) collected (20)
Seat 2: Mahu2021 (button) folded before Flop (didn't bet)
Seat 3: kmetacheto (small blind) folded before Flop



PokerStars Hand #248740690450: Tournament #3712465046, $1.84+$0.16 USD Hold'em No Limit - Level I (10/20) - 2024/02/07 16:24:53 CET [2024/02/07 10:24:53 ET]
Table '3712465046 1' 3-max Seat #3 is the button
Seat 1: ugur4280 (570 in chips) 
Seat 2: Mahu2021 (460 in chips) 
Seat 3: kmetacheto (470 in chips) 
ugur4280: posts small blind 10
Mahu2021: posts big blind 20
*** HOLE CARDS ***
Dealt to Mahu2021 [3h Js]
kmetacheto: folds 
ugur4280: calls 10
Mahu2021: checks 
*** FLOP *** [Th 8d 6d]
ugur4280: checks 
Mahu2021: checks 
*** TURN *** [Th 8d 6d] [Ac]
ugur4280: checks 
Mahu2021: checks 
*** RIVER *** [Th 8d 6d Ac] [2c]
ugur4280: checks 
Mahu2021: checks 
*** SHOW DOWN ***
ugur4280: shows [9c 6c] (a pair of Sixes)
Mahu2021: mucks hand 
ugur4280 collected 40 from pot
*** SUMMARY ***
Total pot 40 | Rake 0 
Board [Th 8d 6d Ac 2c]
Seat 1: ugur4280 (small blind) showed [9c 6c] and won (40) with a pair of Sixes
Seat 2: Mahu2021 (big blind) mucked [3h Js]
Seat 3: kmetacheto (button) folded before Flop (didn't bet)



PokerStars Hand #248740695071: Tournament #3712465046, $1.84+$0.16 USD Hold'em No Limit - Level I (10/20) - 2024/02/07 16:25:11 CET [2024/02/07 10:25:11 ET]
Table '3712465046 1' 3-max Seat #1 is the button
Seat 1: ugur4280 (590 in chips) 
Seat 2: Mahu2021 (440 in chips) 
Seat 3: kmetacheto (470 in chips) 
Mahu2021: posts small blind 10
kmetacheto: posts big blind 20
*** HOLE CARDS ***
Dealt to Mahu2021 [2h 6c]
ugur4280: calls 20
Mahu2021: folds 
kmetacheto: checks 
*** FLOP *** [5d 5h Qs]
kmetacheto: checks 
ugur4280: checks 
*** TURN *** [5d 5h Qs] [Kc]
kmetacheto: bets 40
ugur4280: folds 
Uncalled bet (40) returned to kmetacheto
kmetacheto collected 50 from pot
kmetacheto: doesn't show hand 
*** SUMMARY ***
Total pot 50 | Rake 0 
Board [5d 5h Qs Kc]
Seat 1: ugur4280 (button) folded on the Turn
Seat 2: Mahu2021 (small blind) folded before Flop
Seat 3: kmetacheto (big blind) collected (50)



PokerStars Hand #248740700490: Tournament #3712465046, $1.84+$0.16 USD Hold'em No Limit - Level I (10/20) - 2024/02/07 16:25:33 CET [2024/02/07 10:25:33 ET]
Table '3712465046 1' 3-max Seat #2 is the button
Seat 1: ugur4280 (570 in chips) 
Seat 2: Mahu2021 (430 in chips) 
Seat 3: kmetacheto (500 in chips) 
kmetacheto: posts small blind 10
ugur4280: posts big blind 20
*** HOLE CARDS ***
Dealt to Mahu2021 [Js Ah]
Mahu2021: raises 40 to 60
kmetacheto: folds 
ugur4280: calls 40
*** FLOP *** [3d 9c 7h]
ugur4280: checks 
Mahu2021: checks 
*** TURN *** [3d 9c 7h] [4d]
ugur4280: checks 
Mahu2021: checks 
*** RIVER *** [3d 9c 7h 4d] [Td]
ugur4280: checks 
Mahu2021: checks 
*** SHOW DOWN ***
ugur4280: shows [Ks 5d] (high card King)
Mahu2021: shows [Js Ah] (high card Ace)
Mahu2021 collected 130 from pot
*** SUMMARY ***
Total pot 130 | Rake 0 
Board [3d 9c 7h 4d Td]
Seat 1: ugur4280 (big blind) showed [Ks 5d] and lost with high card King
Seat 2: Mahu2021 (button) showed [Js Ah] and won (130) with high card Ace
Seat 3: kmetacheto (small blind) folded before Flop



PokerStars Hand #248740704008: Tournament #3712465046, $1.84+$0.16 USD Hold'em No Limit - Level I (10/20) - 2024/02/07 16:25:48 CET [2024/02/07 10:25:48 ET]
Table '3712465046 1' 3-max Seat #3 is the button
Seat 1: ugur4280 (510 in chips) 
Seat 2: Mahu2021 (500 in chips) 
Seat 3: kmetacheto (490 in chips) 
ugur4280: posts small blind 10
Mahu2021: posts big blind 20
*** HOLE CARDS ***
Dealt to Mahu2021 [4c 7c]
kmetacheto: folds 
ugur4280: calls 10
Mahu2021: checks 
*** FLOP *** [6h 6s 9h]
ugur4280: checks 
Mahu2021: checks 
*** TURN *** [6h 6s 9h] [6c]
ugur4280: checks 
Mahu2021: checks 
*** RIVER *** [6h 6s 9h 6c] [Ac]
ugur4280: checks 
Mahu2021: checks 
*** SHOW DOWN ***
ugur4280: shows [Th 8c] (three of a kind, Sixes)
Mahu2021: mucks hand 
ugur4280 collected 40 from pot
*** SUMMARY ***
Total pot 40 | Rake 0 
Board [6h 6s 9h 6c Ac]
Seat 1: ugur4280 (small blind) showed [Th 8c] and won (40) with three of a kind, Sixes
Seat 2: Mahu2021 (big blind) mucked [4c 7c]
Seat 3: kmetacheto (button) folded before Flop (didn't bet)



PokerStars Hand #248740709632: Tournament #3712465046, $1.84+$0.16 USD Hold'em No Limit - Level I (10/20) - 2024/02/07 16:26:11 CET [2024/02/07 10:26:11 ET]
Table '3712465046 1' 3-max Seat #1 is the button
Seat 1: ugur4280 (530 in chips) 
Seat 2: Mahu2021 (480 in chips) 
Seat 3: kmetacheto (490 in chips) 
Mahu2021: posts small blind 10
kmetacheto: posts big blind 20
*** HOLE CARDS ***
Dealt to Mahu2021 [5s 3d]
ugur4280: calls 20
Mahu2021: folds 
kmetacheto: raises 470 to 490 and is all-in
ugur4280: folds 
Uncalled bet (470) returned to kmetacheto
kmetacheto collected 50 from pot
kmetacheto: doesn't show hand 
*** SUMMARY ***
Total pot 50 | Rake 0 
Seat 1: ugur4280 (button) folded before Flop
Seat 2: Mahu2021 (small blind) folded before Flop
Seat 3: kmetacheto (big blind) collected (50)



PokerStars Hand #248740712396: Tournament #3712465046, $1.84+$0.16 USD Hold'em No Limit - Level I (10/20) - 2024/02/07 16:26:22 CET [2024/02/07 10:26:22 ET]
Table '3712465046 1' 3-max Seat #2 is the button
Seat 1: ugur4280 (510 in chips) 
Seat 2: Mahu2021 (470 in chips) 
Seat 3: kmetacheto (520 in chips) 
kmetacheto: posts small blind 10
ugur4280: posts big blind 20
*** HOLE CARDS ***
Dealt to Mahu2021 [Jc Jh]
Mahu2021: raises 40 to 60
kmetacheto: raises 460 to 520 and is all-in
ugur4280: folds 
Mahu2021: calls 410 and is all-in
Uncalled bet (50) returned to kmetacheto
*** FLOP *** [3c Qs 6h]
*** TURN *** [3c Qs 6h] [Td]
*** RIVER *** [3c Qs 6h Td] [2c]
*** SHOW DOWN ***
kmetacheto: shows [6s Ac] (a pair of Sixes)
Mahu2021: shows [Jc Jh] (a pair of Jacks)
Mahu2021 collected 960 from pot
*** SUMMARY ***
Total pot 960 | Rake 0 
Board [3c Qs 6h Td 2c]
Seat 1: ugur4280 (big blind) folded before Flop
Seat 2: Mahu2021 (button) showed [Jc Jh] and won (960) with a pair of Jacks
Seat 3: kmetacheto (small blind) showed [6s Ac] and lost with a pair of Sixes



PokerStars Hand #248740716968: Tournament #3712465046, $1.84+$0.16 USD Hold'em No Limit - Level II (15/30) - 2024/02/07 16:26:41 CET [2024/02/07 10:26:41 ET]
Table '3712465046 1' 3-max Seat #3 is the button
Seat 1: ugur4280 (490 in chips) 
Seat 2: Mahu2021 (960 in chips) 
Seat 3: kmetacheto (50 in chips) 
ugur4280: posts small blind 15
Mahu2021: posts big blind 30
*** HOLE CARDS ***
Dealt to Mahu2021 [7c Qc]
kmetacheto: raises 20 to 50 and is all-in
ugur4280: folds 
Mahu2021: calls 20
*** FLOP *** [5c 2h 3c]
*** TURN *** [5c 2h 3c] [3h]
*** RIVER *** [5c 2h 3c 3h] [6d]
*** SHOW DOWN ***
Mahu2021: shows [7c Qc] (a pair of Threes)
kmetacheto: shows [Qh 9h] (a pair of Threes - Queen+Nine kicker)
kmetacheto collected 115 from pot
*** SUMMARY ***
Total pot 115 | Rake 0 
Board [5c 2h 3c 3h 6d]
Seat 1: ugur4280 (small blind) folded before Flop
Seat 2: Mahu2021 (big blind) showed [7c Qc] and lost with a pair of Threes
Seat 3: kmetacheto (button) showed [Qh 9h] and won (115) with a pair of Threes



PokerStars Hand #248740720080: Tournament #3712465046, $1.84+$0.16 USD Hold'em No Limit - Level II (15/30) - 2024/02/07 16:26:53 CET [2024/02/07 10:26:53 ET]
Table '3712465046 1' 3-max Seat #1 is the button
Seat 1: ugur4280 (475 in chips) 
Seat 2: Mahu2021 (910 in chips) 
Seat 3: kmetacheto (115 in chips) 
Mahu2021: posts small blind 15
kmetacheto: posts big blind 30
*** HOLE CARDS ***
Dealt to Mahu2021 [5h 9d]
ugur4280: folds 
Mahu2021: folds 
Uncalled bet (15) returned to kmetacheto
kmetacheto collected 30 from pot
kmetacheto: doesn't show hand 
*** SUMMARY ***
Total pot 30 | Rake 0 
Seat 1: ugur4280 (button) folded before Flop (didn't bet)
Seat 2: Mahu2021 (small blind) folded before Flop
Seat 3: kmetacheto (big blind) collected (30)



PokerStars Hand #248740721621: Tournament #3712465046, $1.84+$0.16 USD Hold'em No Limit - Level II (15/30) - 2024/02/07 16:27:00 CET [2024/02/07 10:27:00 ET]
Table '3712465046 1' 3-max Seat #2 is the button
Seat 1: ugur4280 (475 in chips) 
Seat 2: Mahu2021 (895 in chips) 
Seat 3: kmetacheto (130 in chips) 
kmetacheto: posts small blind 15
ugur4280: posts big blind 30
*** HOLE CARDS ***
Dealt to Mahu2021 [Kc 2h]
Mahu2021: folds 
kmetacheto: folds 
Uncalled bet (15) returned to ugur4280
ugur4280 collected 30 from pot
*** SUMMARY ***
Total pot 30 | Rake 0 
Seat 1: ugur4280 (big blind) collected (30)
Seat 2: Mahu2021 (button) folded before Flop (didn't bet)
Seat 3: kmetacheto (small blind) folded before Flop



PokerStars Hand #248740722994: Tournament #3712465046, $1.84+$0.16 USD Hold'em No Limit - Level II (15/30) - 2024/02/07 16:27:05 CET [2024/02/07 10:27:05 ET]
Table '3712465046 1' 3-max Seat #3 is the button
Seat 1: ugur4280 (490 in chips) 
Seat 2: Mahu2021 (895 in chips) 
Seat 3: kmetacheto (115 in chips) 
ugur4280: posts small blind 15
Mahu2021: posts big blind 30
*** HOLE CARDS ***
Dealt to Mahu2021 [3c 9h]
kmetacheto: raises 85 to 115 and is all-in
ugur4280: folds 
Mahu2021: folds 
Uncalled bet (85) returned to kmetacheto
kmetacheto collected 75 from pot
kmetacheto: doesn't show hand 
*** SUMMARY ***
Total pot 75 | Rake 0 
Seat 1: ugur4280 (small blind) folded before Flop
Seat 2: Mahu2021 (big blind) folded before Flop
Seat 3: kmetacheto (button) collected (75)



PokerStars Hand #248740724806: Tournament #3712465046, $1.84+$0.16 USD Hold'em No Limit - Level II (15/30) - 2024/02/07 16:27:13 CET [2024/02/07 10:27:13 ET]
Table '3712465046 1' 3-max Seat #1 is the button
Seat 1: ugur4280 (475 in chips) 
Seat 2: Mahu2021 (865 in chips) 
Seat 3: kmetacheto (160 in chips) 
Mahu2021: posts small blind 15
kmetacheto: posts big blind 30
*** HOLE CARDS ***
Dealt to Mahu2021 [Qd 4d]
ugur4280: folds 
Mahu2021: calls 15
kmetacheto: raises 130 to 160 and is all-in
Mahu2021: folds 
Uncalled bet (130) returned to kmetacheto
kmetacheto collected 60 from pot
kmetacheto: doesn't show hand 
*** SUMMARY ***
Total pot 60 | Rake 0 
Seat 1: ugur4280 (button) folded before Flop (didn't bet)
Seat 2: Mahu2021 (small blind) folded before Flop
Seat 3: kmetacheto (big blind) collected (60)



PokerStars Hand #248740726846: Tournament #3712465046, $1.84+$0.16 USD Hold'em No Limit - Level II (15/30) - 2024/02/07 16:27:21 CET [2024/02/07 10:27:21 ET]
Table '3712465046 1' 3-max Seat #2 is the button
Seat 1: ugur4280 (475 in chips) 
Seat 2: Mahu2021 (835 in chips) 
Seat 3: kmetacheto (190 in chips) 
kmetacheto: posts small blind 15
ugur4280: posts big blind 30
*** HOLE CARDS ***
Dealt to Mahu2021 [Kh Js]
Mahu2021: raises 30 to 60
kmetacheto: raises 130 to 190 and is all-in
ugur4280: folds 
Mahu2021: calls 130
*** FLOP *** [Th 8d 7h]
*** TURN *** [Th 8d 7h] [8c]
*** RIVER *** [Th 8d 7h 8c] [Qc]
*** SHOW DOWN ***
kmetacheto: shows [Kc 6d] (a pair of Eights)
Mahu2021: shows [Kh Js] (a pair of Eights - King+Queen+Jack kicker)
Mahu2021 collected 410 from pot
kmetacheto finished the tournament in 3rd place
*** SUMMARY ***
Total pot 410 | Rake 0 
Board [Th 8d 7h 8c Qc]
Seat 1: ugur4280 (big blind) folded before Flop
Seat 2: Mahu2021 (button) showed [Kh Js] and won (410) with a pair of Eights
Seat 3: kmetacheto (small blind) showed [Kc 6d] and lost with a pair of Eights



PokerStars Hand #248740731066: Tournament #3712465046, $1.84+$0.16 USD Hold'em No Limit - Level II (15/30) - 2024/02/07 16:27:38 CET [2024/02/07 10:27:38 ET]
Table '3712465046 1' 3-max Seat #1 is the button
Seat 1: ugur4280 (445 in chips) 
Seat 2: Mahu2021 (1055 in chips) 
ugur4280: posts small blind 15
Mahu2021: posts big blind 30
*** HOLE CARDS ***
Dealt to Mahu2021 [7h 2c]
ugur4280: raises 30 to 60
Mahu2021: folds 
Uncalled bet (30) returned to ugur4280
ugur4280 collected 60 from pot
*** SUMMARY ***
Total pot 60 | Rake 0 
Seat 1: ugur4280 (button) (small blind) collected (60)
Seat 2: Mahu2021 (big blind) folded before Flop



PokerStars Hand #248740732671: Tournament #3712465046, $1.84+$0.16 USD Hold'em No Limit - Level II (15/30) - 2024/02/07 16:27:45 CET [2024/02/07 10:27:45 ET]
Table '3712465046 1' 3-max Seat #2 is the button
Seat 1: ugur4280 (475 in chips) 
Seat 2: Mahu2021 (1025 in chips) 
Mahu2021: posts small blind 15
ugur4280: posts big blind 30
*** HOLE CARDS ***
Dealt to Mahu2021 [2s 5s]
Mahu2021: calls 15
ugur4280: raises 60 to 90
Mahu2021: folds 
Uncalled bet (60) returned to ugur4280
ugur4280 collected 60 from pot
*** SUMMARY ***
Total pot 60 | Rake 0 
Seat 1: ugur4280 (big blind) collected (60)
Seat 2: Mahu2021 (button) (small blind) folded before Flop



PokerStars Hand #248740736687: Tournament #3712465046, $1.84+$0.16 USD Hold'em No Limit - Level II (15/30) - 2024/02/07 16:28:01 CET [2024/02/07 10:28:01 ET]
Table '3712465046 1' 3-max Seat #1 is the button
Seat 1: ugur4280 (505 in chips) 
Seat 2: Mahu2021 (995 in chips) 
ugur4280: posts small blind 15
Mahu2021: posts big blind 30
*** HOLE CARDS ***
Dealt to Mahu2021 [Js 2h]
ugur4280: calls 15
Mahu2021: checks 
*** FLOP *** [3d 3c Qd]
Mahu2021: checks 
ugur4280: checks 
*** TURN *** [3d 3c Qd] [9c]
Mahu2021: checks 
ugur4280: checks 
*** RIVER *** [3d 3c Qd 9c] [9s]
Mahu2021: bets 30
ugur4280: calls 30
*** SHOW DOWN ***
Mahu2021: shows [Js 2h] (two pair, Nines and Threes)
ugur4280: shows [As 5d] (two pair, Nines and Threes - Ace kicker)
ugur4280 collected 120 from pot
*** SUMMARY ***
Total pot 120 | Rake 0 
Board [3d 3c Qd 9c 9s]
Seat 1: ugur4280 (button) (small blind) showed [As 5d] and won (120) with two pair, Nines and Threes
Seat 2: Mahu2021 (big blind) showed [Js 2h] and lost with two pair, Nines and Threes



PokerStars Hand #248740739314: Tournament #3712465046, $1.84+$0.16 USD Hold'em No Limit - Level II (15/30) - 2024/02/07 16:28:13 CET [2024/02/07 10:28:13 ET]
Table '3712465046 1' 3-max Seat #2 is the button
Seat 1: ugur4280 (565 in chips) 
Seat 2: Mahu2021 (935 in chips) 
Mahu2021: posts small blind 15
ugur4280: posts big blind 30
*** HOLE CARDS ***
Dealt to Mahu2021 [Js 3h]
Mahu2021: raises 30 to 60
ugur4280: calls 30
*** FLOP *** [5h Kc 2h]
ugur4280: checks 
Mahu2021: checks 
*** TURN *** [5h Kc 2h] [5c]
ugur4280: bets 30
Mahu2021: folds 
Uncalled bet (30) returned to ugur4280
ugur4280 collected 120 from pot
*** SUMMARY ***
Total pot 120 | Rake 0 
Board [5h Kc 2h 5c]
Seat 1: ugur4280 (big blind) collected (120)
Seat 2: Mahu2021 (button) (small blind) folded on the Turn



PokerStars Hand #248740742350: Tournament #3712465046, $1.84+$0.16 USD Hold'em No Limit - Level II (15/30) - 2024/02/07 16:28:25 CET [2024/02/07 10:28:25 ET]
Table '3712465046 1' 3-max Seat #1 is the button
Seat 1: ugur4280 (625 in chips) 
Seat 2: Mahu2021 (875 in chips) 
ugur4280: posts small blind 15
Mahu2021: posts big blind 30
*** HOLE CARDS ***
Dealt to Mahu2021 [Kc 5c]
ugur4280: raises 30 to 60
Mahu2021: calls 30
*** FLOP *** [2d Tc Qc]
Mahu2021: checks 
ugur4280: bets 120
Mahu2021: calls 120
*** TURN *** [2d Tc Qc] [3c]
Mahu2021: checks 
ugur4280: checks 
*** RIVER *** [2d Tc Qc 3c] [4d]
Mahu2021: bets 90
ugur4280: calls 90
*** SHOW DOWN ***
Mahu2021: shows [Kc 5c] (a flush, King high)
ugur4280: mucks hand 
Mahu2021 collected 540 from pot
*** SUMMARY ***
Total pot 540 | Rake 0 
Board [2d Tc Qc 3c 4d]
Seat 1: ugur4280 (button) (small blind) mucked [7h Qh]
Seat 2: Mahu2021 (big blind) showed [Kc 5c] and won (540) with a flush, King high



PokerStars Hand #248740746579: Tournament #3712465046, $1.84+$0.16 USD Hold'em No Limit - Level III (20/40) - 2024/02/07 16:28:42 CET [2024/02/07 10:28:42 ET]
Table '3712465046 1' 3-max Seat #2 is the button
Seat 1: ugur4280 (355 in chips) 
Seat 2: Mahu2021 (1145 in chips) 
Mahu2021: posts small blind 20
ugur4280: posts big blind 40
*** HOLE CARDS ***
Dealt to Mahu2021 [9c Ks]
Mahu2021: raises 1105 to 1145 and is all-in
ugur4280: calls 315 and is all-in
Uncalled bet (790) returned to Mahu2021
*** FLOP *** [7c Kc Qc]
*** TURN *** [7c Kc Qc] [9d]
*** RIVER *** [7c Kc Qc 9d] [Jc]
*** SHOW DOWN ***
ugur4280: shows [4d Kd] (a pair of Kings)
Mahu2021: shows [9c Ks] (a flush, King high)
Mahu2021 collected 710 from pot
ugur4280 finished the tournament in 2nd place
Mahu2021 wins the tournament and receives $4.00 - congratulations!
*** SUMMARY ***
Total pot 710 | Rake 0 
Board [7c Kc Qc 9d Jc]
Seat 1: ugur4280 (big blind) showed [4d Kd] and lost with a pair of Kings
Seat 2: Mahu2021 (button) (small blind) showed [9c Ks] and won (710) with a flush, King high



