PokerStars Zoom Hand #254562020000:  Hold'em No Limit ($0.05/$0.10) - 2025/01/26 16:05:18 CET [2025/01/26 10:05:18 ET]
Table 'Aludra' 6-max Seat #1 is the button
Seat 1: ALPHA REBEL ($12.74 in chips) 
Seat 2: ljy990514 ($18.32 in chips) 
Seat 3: Mahu2021 ($10 in chips) 
Seat 4: DreebJSP ($16.46 in chips) 
Seat 5: higgins1989 ($18.88 in chips) 
Seat 6: tooloco ($5.89 in chips) 
ljy990514: posts small blind $0.05
Mahu2021: posts big blind $0.10
*** HOLE CARDS ***
Dealt to Mahu2021 [9d Ad]
DreebJSP: folds 
higgins1989: folds 
tooloco: folds 
ALPHA REBEL: folds 
ljy990514: raises $0.20 to $0.30
Mahu2021: calls $0.20
*** FLOP *** [5c Qd 9s]
ljy990514: bets $0.43
Mahu2021: raises $0.57 to $1
ljy990514: calls $0.57
*** TURN *** [5c Qd 9s] [Td]
ljy990514: checks 
Mahu2021: bets $2.48
ljy990514: calls $2.48
*** RIVER *** [5c Qd 9s Td] [3c]
ljy990514: checks 
Mahu2021: checks 
*** SHOW DOWN ***
ljy990514: shows [Js Qs] (a pair of Queens)
Mahu2021: mucks hand 
ljy990514 collected $7.22 from pot
*** SUMMARY ***
Total pot $7.56 | Rake $0.34 
Board [5c Qd 9s Td 3c]
Seat 1: ALPHA REBEL (button) folded before Flop (didn't bet)
Seat 2: ljy990514 (small blind) showed [Js Qs] and won ($7.22) with a pair of Queens
Seat 3: Mahu2021 (big blind) mucked [9d Ad]
Seat 4: DreebJSP folded before Flop (didn't bet)
Seat 5: higgins1989 folded before Flop (didn't bet)
Seat 6: tooloco folded before Flop (didn't bet)



PokerStars Zoom Hand #254562028830:  Hold'em No Limit ($0.05/$0.10) - 2025/01/26 16:05:57 CET [2025/01/26 10:05:57 ET]
Table 'Aludra' 6-max Seat #1 is the button
Seat 1: ljy990514 ($21.76 in chips) 
Seat 2: Mahu2021 ($6.22 in chips) 
Seat 3: Hutsch39 ($9.95 in chips) 
Seat 4: LordBurghley ($11.92 in chips) 
Seat 5: youngmin5034 ($13.84 in chips) 
Seat 6: R.S.Scherer ($10 in chips) 
Mahu2021: posts small blind $0.05
Hutsch39: posts big blind $0.10
*** HOLE CARDS ***
Dealt to Mahu2021 [7s 6c]
LordBurghley: raises $0.25 to $0.35
youngmin5034: folds 
R.S.Scherer: folds 
ljy990514: folds 
Mahu2021: folds 
Hutsch39: folds 
Uncalled bet ($0.25) returned to LordBurghley
LordBurghley collected $0.25 from pot
LordBurghley: doesn't show hand 
*** SUMMARY ***
Total pot $0.25 | Rake $0 
Seat 1: ljy990514 (button) folded before Flop (didn't bet)
Seat 2: Mahu2021 (small blind) folded before Flop
Seat 3: Hutsch39 (big blind) folded before Flop
Seat 4: LordBurghley collected ($0.25)
Seat 5: youngmin5034 folded before Flop (didn't bet)
Seat 6: R.S.Scherer folded before Flop (didn't bet)



PokerStars Zoom Hand #254562029761:  Hold'em No Limit ($0.05/$0.10) - 2025/01/26 16:06:01 CET [2025/01/26 10:06:01 ET]
Table 'Aludra' 6-max Seat #1 is the button
Seat 1: JB00888 ($6.79 in chips) 
Seat 2: luvingkind ($12.82 in chips) 
Seat 3: FACCHETADE$ ($10 in chips) 
Seat 4: Hausvabot ($10 in chips) 
Seat 5: Black HoleUK ($15.46 in chips) 
Seat 6: Mahu2021 ($6.17 in chips) 
luvingkind: posts small blind $0.05
FACCHETADE$: posts big blind $0.10
*** HOLE CARDS ***
Dealt to Mahu2021 [Qd Qc]
Hausvabot: folds 
Black HoleUK: folds 
Mahu2021: raises $0.20 to $0.30
JB00888: calls $0.30
luvingkind: folds 
FACCHETADE$: folds 
*** FLOP *** [9c 7s 2h]
Mahu2021: bets $0.72
JB00888: folds 
Uncalled bet ($0.72) returned to Mahu2021
Mahu2021 collected $0.72 from pot
Mahu2021: doesn't show hand 
*** SUMMARY ***
Total pot $0.75 | Rake $0.03 
Board [9c 7s 2h]
Seat 1: JB00888 (button) folded on the Flop
Seat 2: luvingkind (small blind) folded before Flop
Seat 3: FACCHETADE$ (big blind) folded before Flop
Seat 4: Hausvabot folded before Flop (didn't bet)
Seat 5: Black HoleUK folded before Flop (didn't bet)
Seat 6: Mahu2021 collected ($0.72)



PokerStars Zoom Hand #254562035088:  Hold'em No Limit ($0.05/$0.10) - 2025/01/26 16:06:24 CET [2025/01/26 10:06:24 ET]
Table 'Aludra' 6-max Seat #1 is the button
Seat 1: Mahu2021 ($6.59 in chips) 
Seat 2: higgins1989 ($12.50 in chips) 
Seat 3: honEybOOx ($14.98 in chips) 
Seat 4: Oscar__62176 ($47.67 in chips) 
Seat 5: osfp7john ($19.85 in chips) 
Seat 6: pericotete ($11.43 in chips) 
higgins1989: posts small blind $0.05
honEybOOx: posts big blind $0.10
*** HOLE CARDS ***
Dealt to Mahu2021 [7s 3d]
Oscar__62176: folds 
osfp7john: folds 
pericotete: folds 
Mahu2021: folds 
higgins1989: folds 
Uncalled bet ($0.05) returned to honEybOOx
honEybOOx collected $0.10 from pot
honEybOOx: doesn't show hand 
*** SUMMARY ***
Total pot $0.10 | Rake $0 
Seat 1: Mahu2021 (button) folded before Flop (didn't bet)
Seat 2: higgins1989 (small blind) folded before Flop
Seat 3: honEybOOx (big blind) collected ($0.10)
Seat 4: Oscar__62176 folded before Flop (didn't bet)
Seat 5: osfp7john folded before Flop (didn't bet)
Seat 6: pericotete folded before Flop (didn't bet)



PokerStars Zoom Hand #254562039669:  Hold'em No Limit ($0.05/$0.10) - 2025/01/26 16:06:44 CET [2025/01/26 10:06:44 ET]
Table 'Aludra' 6-max Seat #1 is the button
Seat 1: Thelonius84 ($19.35 in chips) 
Seat 2: Mahu2021 ($6.49 in chips) 
Seat 3: dmaap1 ($2.50 in chips) 
Seat 4: Love Beckham ($20.25 in chips) 
Seat 5: DreebJSP ($14.59 in chips) 
Seat 6: mrfreaky1989 ($10 in chips) 
Mahu2021: posts small blind $0.05
dmaap1: posts big blind $0.10
*** HOLE CARDS ***
Dealt to Mahu2021 [8s 6c]
Love Beckham: raises $0.15 to $0.25
DreebJSP: folds 
mrfreaky1989: folds 
Thelonius84: folds 
Mahu2021: folds 
dmaap1: folds 
Uncalled bet ($0.15) returned to Love Beckham
Love Beckham collected $0.25 from pot
Love Beckham: doesn't show hand 
*** SUMMARY ***
Total pot $0.25 | Rake $0 
Seat 1: Thelonius84 (button) folded before Flop (didn't bet)
Seat 2: Mahu2021 (small blind) folded before Flop
Seat 3: dmaap1 (big blind) folded before Flop
Seat 4: Love Beckham collected ($0.25)
Seat 5: DreebJSP folded before Flop (didn't bet)
Seat 6: mrfreaky1989 folded before Flop (didn't bet)



PokerStars Zoom Hand #254562042908:  Hold'em No Limit ($0.05/$0.10) - 2025/01/26 16:06:58 CET [2025/01/26 10:06:58 ET]
Table 'Aludra' 6-max Seat #1 is the button
Seat 1: Thelonius84 ($19.35 in chips) 
Seat 2: R.S.Scherer ($12.36 in chips) 
Seat 3: DreebJSP ($27.77 in chips) 
Seat 4: Oscar__62176 ($47.62 in chips) 
Seat 5: Mahu2021 ($6.44 in chips) 
Seat 6: osfp7john ($19.75 in chips) 
R.S.Scherer: posts small blind $0.05
DreebJSP: posts big blind $0.10
*** HOLE CARDS ***
Dealt to Mahu2021 [7d 9s]
Oscar__62176: folds 
Mahu2021: folds 
osfp7john: folds 
Thelonius84: folds 
R.S.Scherer: raises $0.20 to $0.30
DreebJSP: folds 
Uncalled bet ($0.20) returned to R.S.Scherer
R.S.Scherer collected $0.20 from pot
R.S.Scherer: doesn't show hand 
*** SUMMARY ***
Total pot $0.20 | Rake $0 
Seat 1: Thelonius84 (button) folded before Flop (didn't bet)
Seat 2: R.S.Scherer (small blind) collected ($0.20)
Seat 3: DreebJSP (big blind) folded before Flop
Seat 4: Oscar__62176 folded before Flop (didn't bet)
Seat 5: Mahu2021 folded before Flop (didn't bet)
Seat 6: osfp7john folded before Flop (didn't bet)



PokerStars Zoom Hand #254562042039:  Hold'em No Limit ($0.05/$0.10) - 2025/01/26 16:06:54 CET [2025/01/26 10:06:54 ET]
Table 'Aludra' 6-max Seat #1 is the button
Seat 1: Lord1272 ($10 in chips) 
Seat 2: Bur1k ($5 in chips) 
Seat 3: hiding.by ($10 in chips) 
Seat 4: Jahjge ($11.56 in chips) 
Seat 5: Alejandro85s ($9.70 in chips) 
Seat 6: Mahu2021 ($6.44 in chips) 
Bur1k: posts small blind $0.05
hiding.by: posts big blind $0.10
*** HOLE CARDS ***
Dealt to Mahu2021 [3s 9s]
Jahjge: folds 
Alejandro85s: folds 
Mahu2021: folds 
Lord1272: folds 
Bur1k: raises $0.15 to $0.25
hiding.by: folds 
Uncalled bet ($0.15) returned to Bur1k
Bur1k collected $0.20 from pot
Bur1k: doesn't show hand 
*** SUMMARY ***
Total pot $0.20 | Rake $0 
Seat 1: Lord1272 (button) folded before Flop (didn't bet)
Seat 2: Bur1k (small blind) collected ($0.20)
Seat 3: hiding.by (big blind) folded before Flop
Seat 4: Jahjge folded before Flop (didn't bet)
Seat 5: Alejandro85s folded before Flop (didn't bet)
Seat 6: Mahu2021 folded before Flop (didn't bet)



PokerStars Zoom Hand #254562040595:  Hold'em No Limit ($0.05/$0.10) - 2025/01/26 16:06:48 CET [2025/01/26 10:06:48 ET]
Table 'Aludra' 6-max Seat #1 is the button
Seat 1: Mahu2021 ($6.44 in chips) 
Seat 2: cip1001t ($25.69 in chips) 
Seat 3: Stevewalsh00 ($11.40 in chips) 
Seat 4: serotonine91 ($29.78 in chips) 
Seat 5: ALPHA REBEL ($10 in chips) 
Seat 6: youngmin5034 ($23.22 in chips) 
cip1001t: posts small blind $0.05
Stevewalsh00: posts big blind $0.10
*** HOLE CARDS ***
Dealt to Mahu2021 [9d 3h]
serotonine91: folds 
ALPHA REBEL has timed out
ALPHA REBEL: folds 
youngmin5034: folds 
Mahu2021: folds 
cip1001t: folds 
Uncalled bet ($0.05) returned to Stevewalsh00
Stevewalsh00 collected $0.10 from pot
Stevewalsh00: doesn't show hand 
*** SUMMARY ***
Total pot $0.10 | Rake $0 
Seat 1: Mahu2021 (button) folded before Flop (didn't bet)
Seat 2: cip1001t (small blind) folded before Flop
Seat 3: Stevewalsh00 (big blind) collected ($0.10)
Seat 4: serotonine91 folded before Flop (didn't bet)
Seat 5: ALPHA REBEL folded before Flop (didn't bet)
Seat 6: youngmin5034 folded before Flop (didn't bet)



PokerStars Zoom Hand #254562044759:  Hold'em No Limit ($0.05/$0.10) - 2025/01/26 16:07:06 CET [2025/01/26 10:07:06 ET]
Table 'Aludra' 6-max Seat #1 is the button
Seat 1: jorgemorsant ($28.26 in chips) 
Seat 2: SIwon1 ($8.84 in chips) 
Seat 3: Thelonius84 ($19.30 in chips) 
Seat 4: VitorArj ($11.07 in chips) 
Seat 5: Mahu2021 ($6.44 in chips) 
Seat 6: ForrestG451 ($15.32 in chips) 
SIwon1: posts small blind $0.05
Thelonius84: posts big blind $0.10
*** HOLE CARDS ***
Dealt to Mahu2021 [Kc 6h]
VitorArj: folds 
Mahu2021: folds 
ForrestG451: folds 
jorgemorsant: folds 
SIwon1: raises $0.20 to $0.30
Thelonius84: folds 
Uncalled bet ($0.20) returned to SIwon1
SIwon1 collected $0.20 from pot
SIwon1: doesn't show hand 
*** SUMMARY ***
Total pot $0.20 | Rake $0 
Seat 1: jorgemorsant (button) folded before Flop (didn't bet)
Seat 2: SIwon1 (small blind) collected ($0.20)
Seat 3: Thelonius84 (big blind) folded before Flop
Seat 4: VitorArj folded before Flop (didn't bet)
Seat 5: Mahu2021 folded before Flop (didn't bet)
Seat 6: ForrestG451 folded before Flop (didn't bet)



PokerStars Zoom Hand #254562036179:  Hold'em No Limit ($0.05/$0.10) - 2025/01/26 16:06:29 CET [2025/01/26 10:06:29 ET]
Table 'Aludra' 6-max Seat #1 is the button
Seat 1: R.S.Scherer ($10 in chips) 
Seat 2: al1481 ($38.40 in chips) 
Seat 3: osfp7john ($19.85 in chips) 
Seat 4: agusdecarca ($11.06 in chips) 
Seat 5: Mahu2021 ($6.59 in chips) 
Seat 6: VitorArj ($10.15 in chips) 
al1481: posts small blind $0.05
osfp7john: posts big blind $0.10
*** HOLE CARDS ***
Dealt to Mahu2021 [7s Td]
agusdecarca: folds 
Mahu2021: folds 
VitorArj: raises $0.15 to $0.25
R.S.Scherer: folds 
al1481: calls $0.20
osfp7john: folds 
*** FLOP *** [Jc 9h 4s]
al1481: checks 
VitorArj: bets $0.14
al1481: calls $0.14
*** TURN *** [Jc 9h 4s] [5s]
al1481: checks 
VitorArj: checks 
*** RIVER *** [Jc 9h 4s 5s] [8h]
al1481: bets $0.42
VitorArj: folds 
Uncalled bet ($0.42) returned to al1481
al1481 collected $0.84 from pot
al1481: doesn't show hand 
*** SUMMARY ***
Total pot $0.88 | Rake $0.04 
Board [Jc 9h 4s 5s 8h]
Seat 1: R.S.Scherer (button) folded before Flop (didn't bet)
Seat 2: al1481 (small blind) collected ($0.84)
Seat 3: osfp7john (big blind) folded before Flop
Seat 4: agusdecarca folded before Flop (didn't bet)
Seat 5: Mahu2021 folded before Flop (didn't bet)
Seat 6: VitorArj folded on the River



PokerStars Zoom Hand #254562043817:  Hold'em No Limit ($0.05/$0.10) - 2025/01/26 16:07:02 CET [2025/01/26 10:07:02 ET]
Table 'Aludra' 6-max Seat #1 is the button
Seat 1: Oscar__62176 ($84.29 in chips) 
Seat 2: Thelonius84 ($19.35 in chips) 
Seat 3: alexmac_uk ($10 in chips) 
Seat 4: Mahu2021 ($6.44 in chips) 
Seat 5: COVEIROANCAP ($10.57 in chips) 
Seat 6: serotonine91 ($16.95 in chips) 
Thelonius84: posts small blind $0.05
alexmac_uk: posts big blind $0.10
*** HOLE CARDS ***
Dealt to Mahu2021 [9d 5h]
Mahu2021: folds 
COVEIROANCAP: folds 
serotonine91: folds 
Oscar__62176: raises $0.12 to $0.22
Thelonius84: folds 
alexmac_uk: calls $0.12
*** FLOP *** [7h 9h 2d]
alexmac_uk: checks 
Oscar__62176: bets $0.16
alexmac_uk: folds 
Uncalled bet ($0.16) returned to Oscar__62176
Oscar__62176 collected $0.47 from pot
Oscar__62176: doesn't show hand 
*** SUMMARY ***
Total pot $0.49 | Rake $0.02 
Board [7h 9h 2d]
Seat 1: Oscar__62176 (button) collected ($0.47)
Seat 2: Thelonius84 (small blind) folded before Flop
Seat 3: alexmac_uk (big blind) folded on the Flop
Seat 4: Mahu2021 folded before Flop (didn't bet)
Seat 5: COVEIROANCAP folded before Flop (didn't bet)
Seat 6: serotonine91 folded before Flop (didn't bet)



PokerStars Zoom Hand #254562037592:  Hold'em No Limit ($0.05/$0.10) - 2025/01/26 16:06:35 CET [2025/01/26 10:06:35 ET]
Table 'Aludra' 6-max Seat #1 is the button
Seat 1: Everglader ($8.97 in chips) 
Seat 2: Goldfish029 ($19.38 in chips) 
Seat 3: Mahu2021 ($6.59 in chips) 
Seat 4: kazu1979 ($23.29 in chips) 
Seat 5: Jahjge ($10 in chips) 
Seat 6: higgins1989 ($17.65 in chips) 
Goldfish029: posts small blind $0.05
Mahu2021: posts big blind $0.10
*** HOLE CARDS ***
Dealt to Mahu2021 [5d 9h]
kazu1979: raises $0.15 to $0.25
Jahjge: folds 
higgins1989: calls $0.25
Everglader: calls $0.25
Goldfish029: folds 
Mahu2021: folds 
*** FLOP *** [7s 4c Jc]
kazu1979: checks 
higgins1989: checks 
Everglader: checks 
*** TURN *** [7s 4c Jc] [9c]
kazu1979: checks 
higgins1989: checks 
Everglader: checks 
*** RIVER *** [7s 4c Jc 9c] [Kc]
kazu1979: checks 
higgins1989: checks 
Everglader: bets $0.43
kazu1979: folds 
higgins1989: folds 
Uncalled bet ($0.43) returned to Everglader
Everglader collected $0.85 from pot
Everglader: doesn't show hand 
*** SUMMARY ***
Total pot $0.90 | Rake $0.05 
Board [7s 4c Jc 9c Kc]
Seat 1: Everglader (button) collected ($0.85)
Seat 2: Goldfish029 (small blind) folded before Flop
Seat 3: Mahu2021 (big blind) folded before Flop
Seat 4: kazu1979 folded on the River
Seat 5: Jahjge folded before Flop (didn't bet)
Seat 6: higgins1989 folded on the River



PokerStars Zoom Hand #254562048254:  Hold'em No Limit ($0.05/$0.10) - 2025/01/26 16:07:21 CET [2025/01/26 10:07:21 ET]
Table 'Aludra' 6-max Seat #1 is the button
Seat 1: SIwon1 ($8.94 in chips) 
Seat 2: Mahu2021 ($6.34 in chips) 
Seat 3: mrfreaky1989 ($10 in chips) 
Seat 4: C-MAJORIS ($28.67 in chips) 
Seat 5: dmaap1 ($11.34 in chips) 
Seat 6: Oscar__62176 ($44.16 in chips) 
Mahu2021: posts small blind $0.05
mrfreaky1989: posts big blind $0.10
*** HOLE CARDS ***
Dealt to Mahu2021 [8c Kd]
C-MAJORIS: folds 
dmaap1: folds 
Oscar__62176: raises $0.12 to $0.22
SIwon1: raises $0.48 to $0.70
Mahu2021: folds 
mrfreaky1989: folds 
Oscar__62176: folds 
Uncalled bet ($0.48) returned to SIwon1
SIwon1 collected $0.59 from pot
SIwon1: doesn't show hand 
*** SUMMARY ***
Total pot $0.59 | Rake $0 
Seat 1: SIwon1 (button) collected ($0.59)
Seat 2: Mahu2021 (small blind) folded before Flop
Seat 3: mrfreaky1989 (big blind) folded before Flop
Seat 4: C-MAJORIS folded before Flop (didn't bet)
Seat 5: dmaap1 folded before Flop (didn't bet)
Seat 6: Oscar__62176 folded before Flop



PokerStars Zoom Hand #254562049401:  Hold'em No Limit ($0.05/$0.10) - 2025/01/26 16:07:26 CET [2025/01/26 10:07:26 ET]
Table 'Aludra' 6-max Seat #1 is the button
Seat 1: anderetsu ($14.33 in chips) 
Seat 2: dmaap1 ($11.34 in chips) 
Seat 3: painapooo ($9.60 in chips) 
Seat 4: Mahu2021 ($6.29 in chips) 
Seat 5: ForrestG451 ($15.22 in chips) 
Seat 6: yahree99 ($8.88 in chips) 
dmaap1: posts small blind $0.05
painapooo: posts big blind $0.10
*** HOLE CARDS ***
Dealt to Mahu2021 [Ad 6s]
Mahu2021: folds 
ForrestG451: folds 
yahree99: folds 
anderetsu: folds 
dmaap1: raises $0.20 to $0.30
painapooo: folds 
Uncalled bet ($0.20) returned to dmaap1
dmaap1 collected $0.20 from pot
dmaap1: doesn't show hand 
*** SUMMARY ***
Total pot $0.20 | Rake $0 
Seat 1: anderetsu (button) folded before Flop (didn't bet)
Seat 2: dmaap1 (small blind) collected ($0.20)
Seat 3: painapooo (big blind) folded before Flop
Seat 4: Mahu2021 folded before Flop (didn't bet)
Seat 5: ForrestG451 folded before Flop (didn't bet)
Seat 6: yahree99 folded before Flop (didn't bet)



PokerStars Zoom Hand #254562052378:  Hold'em No Limit ($0.05/$0.10) - 2025/01/26 16:07:39 CET [2025/01/26 10:07:39 ET]
Table 'Aludra' 6-max Seat #1 is the button
Seat 1: higgins1989 ($19.23 in chips) 
Seat 2: Mahu2021 ($6.29 in chips) 
Seat 3: FACCHETADE$ ($13.34 in chips) 
Seat 4: kimi6811 ($22.76 in chips) 
Seat 5: honEybOOx ($21.60 in chips) 
Seat 6: DreebJSP ($27.82 in chips) 
Mahu2021: posts small blind $0.05
FACCHETADE$: posts big blind $0.10
*** HOLE CARDS ***
Dealt to Mahu2021 [As Ks]
kimi6811: folds 
honEybOOx: folds 
DreebJSP: folds 
higgins1989: folds 
Mahu2021: raises $0.20 to $0.30
FACCHETADE$: folds 
Uncalled bet ($0.20) returned to Mahu2021
Mahu2021 collected $0.20 from pot
Mahu2021: doesn't show hand 
*** SUMMARY ***
Total pot $0.20 | Rake $0 
Seat 1: higgins1989 (button) folded before Flop (didn't bet)
Seat 2: Mahu2021 (small blind) collected ($0.20)
Seat 3: FACCHETADE$ (big blind) folded before Flop
Seat 4: kimi6811 folded before Flop (didn't bet)
Seat 5: honEybOOx folded before Flop (didn't bet)
Seat 6: DreebJSP folded before Flop (didn't bet)



PokerStars Zoom Hand #254562050311:  Hold'em No Limit ($0.05/$0.10) - 2025/01/26 16:07:30 CET [2025/01/26 10:07:30 ET]
Table 'Aludra' 6-max Seat #1 is the button
Seat 1: Mahu2021 ($6.29 in chips) 
Seat 2: VitorArj ($10.97 in chips) 
Seat 3: joedunston ($12.10 in chips) 
Seat 4: C-MAJORIS ($28.62 in chips) 
Seat 5: ljy990514 ($21.53 in chips) 
Seat 6: QKJope ($12.89 in chips) 
VitorArj: posts small blind $0.05
joedunston: posts big blind $0.10
*** HOLE CARDS ***
Dealt to Mahu2021 [3d 4h]
C-MAJORIS: raises $0.15 to $0.25
ljy990514: folds 
QKJope: folds 
Mahu2021: folds 
VitorArj: folds 
joedunston: calls $0.15
*** FLOP *** [6c 3c 3h]
joedunston: checks 
C-MAJORIS: checks 
*** TURN *** [6c 3c 3h] [9s]
joedunston: checks 
C-MAJORIS: checks 
*** RIVER *** [6c 3c 3h 9s] [9h]
joedunston: checks 
C-MAJORIS: checks 
*** SHOW DOWN ***
joedunston: shows [Th Kh] (two pair, Nines and Threes)
C-MAJORIS: shows [As Qd] (two pair, Nines and Threes - Ace kicker)
C-MAJORIS collected $0.53 from pot
*** SUMMARY ***
Total pot $0.55 | Rake $0.02 
Board [6c 3c 3h 9s 9h]
Seat 1: Mahu2021 (button) folded before Flop (didn't bet)
Seat 2: VitorArj (small blind) folded before Flop
Seat 3: joedunston (big blind) showed [Th Kh] and lost with two pair, Nines and Threes
Seat 4: C-MAJORIS showed [As Qd] and won ($0.53) with two pair, Nines and Threes
Seat 5: ljy990514 folded before Flop (didn't bet)
Seat 6: QKJope folded before Flop (didn't bet)



PokerStars Zoom Hand #254562056507:  Hold'em No Limit ($0.05/$0.10) - 2025/01/26 16:07:57 CET [2025/01/26 10:07:57 ET]
Table 'Aludra' 6-max Seat #1 is the button
Seat 1: joedunston ($11.85 in chips) 
Seat 2: Alejandro85s ($11.29 in chips) 
Seat 3: Mahu2021 ($6.39 in chips) 
Seat 4: COVEIROANCAP ($10 in chips) 
Seat 5: painapooo ($9.45 in chips) 
Seat 6: C-MAJORIS ($28.90 in chips) 
Alejandro85s: posts small blind $0.05
Mahu2021: posts big blind $0.10
*** HOLE CARDS ***
Dealt to Mahu2021 [2d 4h]
COVEIROANCAP: folds 
painapooo: folds 
C-MAJORIS: folds 
joedunston: folds 
Alejandro85s: raises $0.20 to $0.30
Mahu2021: folds 
Uncalled bet ($0.20) returned to Alejandro85s
Alejandro85s collected $0.20 from pot
Alejandro85s: doesn't show hand 
*** SUMMARY ***
Total pot $0.20 | Rake $0 
Seat 1: joedunston (button) folded before Flop (didn't bet)
Seat 2: Alejandro85s (small blind) collected ($0.20)
Seat 3: Mahu2021 (big blind) folded before Flop
Seat 4: COVEIROANCAP folded before Flop (didn't bet)
Seat 5: painapooo folded before Flop (didn't bet)
Seat 6: C-MAJORIS folded before Flop (didn't bet)



PokerStars Zoom Hand #254562051042:  Hold'em No Limit ($0.05/$0.10) - 2025/01/26 16:07:33 CET [2025/01/26 10:07:33 ET]
Table 'Aludra' 6-max Seat #1 is the button
Seat 1: osfp7john ($19.60 in chips) 
Seat 2: youngmin5034 ($13.93 in chips) 
Seat 3: Pesulle ($21.60 in chips) 
Seat 4: Mahu2021 ($6.29 in chips) 
Seat 5: SIwon1 ($7.89 in chips) 
Seat 6: eAh_BlackDevil ($10.51 in chips) 
youngmin5034: posts small blind $0.05
Pesulle: posts big blind $0.10
*** HOLE CARDS ***
Dealt to Mahu2021 [Kh 5s]
Mahu2021: folds 
SIwon1: folds 
eAh_BlackDevil: folds 
osfp7john: raises $0.15 to $0.25
youngmin5034: folds 
Pesulle: calls $0.15
*** FLOP *** [3d 7d Kc]
Pesulle: checks 
osfp7john: bets $0.17
Pesulle: calls $0.17
*** TURN *** [3d 7d Kc] [As]
Pesulle: checks 
osfp7john: checks 
*** RIVER *** [3d 7d Kc As] [2c]
Pesulle: bets $0.64
osfp7john: folds 
Uncalled bet ($0.64) returned to Pesulle
Pesulle collected $0.85 from pot
Pesulle: doesn't show hand 
*** SUMMARY ***
Total pot $0.89 | Rake $0.04 
Board [3d 7d Kc As 2c]
Seat 1: osfp7john (button) folded on the River
Seat 2: youngmin5034 (small blind) folded before Flop
Seat 3: Pesulle (big blind) collected ($0.85)
Seat 4: Mahu2021 folded before Flop (didn't bet)
Seat 5: SIwon1 folded before Flop (didn't bet)
Seat 6: eAh_BlackDevil folded before Flop (didn't bet)



PokerStars Zoom Hand #254562045687:  Hold'em No Limit ($0.05/$0.10) - 2025/01/26 16:07:10 CET [2025/01/26 10:07:10 ET]
Table 'Aludra' 6-max Seat #1 is the button
Seat 1: Jahjge ($11.56 in chips) 
Seat 2: jorgemorsant ($28.26 in chips) 
Seat 3: Mahu2021 ($6.44 in chips) 
Seat 4: youngmin5034 ($14.09 in chips) 
Seat 5: Bur1k ($5.15 in chips) 
Seat 6: R.S.Scherer ($10.10 in chips) 
jorgemorsant: posts small blind $0.05
Mahu2021: posts big blind $0.10
*** HOLE CARDS ***
Dealt to Mahu2021 [6s Qh]
youngmin5034: folds 
Bur1k: raises $0.20 to $0.30
R.S.Scherer: folds 
Jahjge: folds 
jorgemorsant: raises $0.30 to $0.60
Mahu2021: folds 
Bur1k: raises $0.87 to $1.47
jorgemorsant: calls $0.87
*** FLOP *** [As 8s 9s]
jorgemorsant: checks 
Bur1k: bets $1.31
jorgemorsant: calls $1.31
*** TURN *** [As 8s 9s] [6h]
jorgemorsant: checks 
Bur1k: bets $2.37 and is all-in
jorgemorsant: calls $2.37
*** RIVER *** [As 8s 9s 6h] [Qs]
*** SHOW DOWN ***
jorgemorsant: shows [Jc Ac] (a pair of Aces)
Bur1k: shows [Ah Kh] (a pair of Aces - King kicker)
Bur1k collected $9.93 from pot
*** SUMMARY ***
Total pot $10.40 | Rake $0.47 
Board [As 8s 9s 6h Qs]
Seat 1: Jahjge (button) folded before Flop (didn't bet)
Seat 2: jorgemorsant (small blind) showed [Jc Ac] and lost with a pair of Aces
Seat 3: Mahu2021 (big blind) folded before Flop
Seat 4: youngmin5034 folded before Flop (didn't bet)
Seat 5: Bur1k showed [Ah Kh] and won ($9.93) with a pair of Aces
Seat 6: R.S.Scherer folded before Flop (didn't bet)



PokerStars Zoom Hand #254562047211:  Hold'em No Limit ($0.05/$0.10) - 2025/01/26 16:07:16 CET [2025/01/26 10:07:16 ET]
Table 'Aludra' 6-max Seat #1 is the button
Seat 1: Pesulle ($10.27 in chips) 
Seat 2: HadYock ($10.49 in chips) 
Seat 3: agusdecarca ($10.76 in chips) 
Seat 4: QKJope ($11.05 in chips) 
Seat 5: ChemBurt ($14 in chips) 
Seat 6: Mahu2021 ($6.34 in chips) 
HadYock: posts small blind $0.05
agusdecarca: posts big blind $0.10
*** HOLE CARDS ***
Dealt to Mahu2021 [4s Qc]
QKJope: raises $0.15 to $0.25
ChemBurt: folds 
Mahu2021: folds 
Pesulle: raises $0.55 to $0.80
HadYock: folds 
agusdecarca: folds 
QKJope: calls $0.55
*** FLOP *** [Th 6c As]
QKJope: checks 
Pesulle: bets $0.55
QKJope: calls $0.55
*** TURN *** [Th 6c As] [6d]
QKJope: checks 
Pesulle: checks 
*** RIVER *** [Th 6c As 6d] [3d]
QKJope: bets $1.30
Pesulle: calls $1.30
*** SHOW DOWN ***
QKJope: shows [8c 8d] (two pair, Eights and Sixes)
Pesulle: shows [Qs Ah] (two pair, Aces and Sixes)
Pesulle collected $5.20 from pot
*** SUMMARY ***
Total pot $5.45 | Rake $0.25 
Board [Th 6c As 6d 3d]
Seat 1: Pesulle (button) showed [Qs Ah] and won ($5.20) with two pair, Aces and Sixes
Seat 2: HadYock (small blind) folded before Flop
Seat 3: agusdecarca (big blind) folded before Flop
Seat 4: QKJope showed [8c 8d] and lost with two pair, Eights and Sixes
Seat 5: ChemBurt folded before Flop (didn't bet)
Seat 6: Mahu2021 folded before Flop (didn't bet)



PokerStars Zoom Hand #254562060201:  Hold'em No Limit ($0.05/$0.10) - 2025/01/26 16:08:13 CET [2025/01/26 10:08:13 ET]
Table 'Aludra' 6-max Seat #1 is the button
Seat 1: osfp7john ($24.91 in chips) 
Seat 2: fonxi ($11.19 in chips) 
Seat 3: Aaron1245 ($11.29 in chips) 
Seat 4: serotonine91 ($17.35 in chips) 
Seat 5: _MiToJoRi_ ($10.22 in chips) 
Seat 6: Mahu2021 ($6.29 in chips) 
fonxi: posts small blind $0.05
Aaron1245: posts big blind $0.10
*** HOLE CARDS ***
Dealt to Mahu2021 [8h 4h]
serotonine91: folds 
_MiToJoRi_: folds 
Mahu2021: folds 
osfp7john: folds 
fonxi: folds 
Uncalled bet ($0.05) returned to Aaron1245
Aaron1245 collected $0.10 from pot
Aaron1245: doesn't show hand 
*** SUMMARY ***
Total pot $0.10 | Rake $0 
Seat 1: osfp7john (button) folded before Flop (didn't bet)
Seat 2: fonxi (small blind) folded before Flop
Seat 3: Aaron1245 (big blind) collected ($0.10)
Seat 4: serotonine91 folded before Flop (didn't bet)
Seat 5: _MiToJoRi_ folded before Flop (didn't bet)
Seat 6: Mahu2021 folded before Flop (didn't bet)



PokerStars Zoom Hand #254562061094:  Hold'em No Limit ($0.05/$0.10) - 2025/01/26 16:08:17 CET [2025/01/26 10:08:17 ET]
Table 'Aludra' 6-max Seat #1 is the button
Seat 1: luvingkind ($13.55 in chips) 
Seat 2: youngmin5034 ($23.42 in chips) 
Seat 3: Love Beckham ($11.63 in chips) 
Seat 4: hiding.by ($10 in chips) 
Seat 5: Mahu2021 ($6.29 in chips) 
Seat 6: eAh_BlackDevil ($15.25 in chips) 
youngmin5034: posts small blind $0.05
Love Beckham: posts big blind $0.10
*** HOLE CARDS ***
Dealt to Mahu2021 [6d Kh]
hiding.by: folds 
Mahu2021: folds 
eAh_BlackDevil: folds 
luvingkind: folds 
youngmin5034: raises $0.15 to $0.25
Love Beckham: calls $0.15
*** FLOP *** [9h 4h Ac]
youngmin5034: checks 
Love Beckham: checks 
*** TURN *** [9h 4h Ac] [Ts]
youngmin5034: bets $0.28
Love Beckham: calls $0.28
*** RIVER *** [9h 4h Ac Ts] [2c]
youngmin5034: checks 
Love Beckham: checks 
*** SHOW DOWN ***
youngmin5034: shows [3c Kc] (high card Ace)
Love Beckham: shows [Js 9d] (a pair of Nines)
Love Beckham collected $1.01 from pot
*** SUMMARY ***
Total pot $1.06 | Rake $0.05 
Board [9h 4h Ac Ts 2c]
Seat 1: luvingkind (button) folded before Flop (didn't bet)
Seat 2: youngmin5034 (small blind) showed [3c Kc] and lost with high card Ace
Seat 3: Love Beckham (big blind) showed [Js 9d] and won ($1.01) with a pair of Nines
Seat 4: hiding.by folded before Flop (didn't bet)
Seat 5: Mahu2021 folded before Flop (didn't bet)
Seat 6: eAh_BlackDevil folded before Flop (didn't bet)



PokerStars Zoom Hand #254562065401:  Hold'em No Limit ($0.05/$0.10) - 2025/01/26 16:08:36 CET [2025/01/26 10:08:36 ET]
Table 'Aludra' 6-max Seat #1 is the button
Seat 1: Csarmy2010 ($5.85 in chips) 
Seat 2: dmaap1 ($11.34 in chips) 
Seat 3: Mahu2021 ($6.29 in chips) 
Seat 4: ljy990514 ($21.53 in chips) 
Seat 5: D.Rossetti ($18.74 in chips) 
Seat 6: joedunston ($12.29 in chips) 
dmaap1: posts small blind $0.05
Mahu2021: posts big blind $0.10
*** HOLE CARDS ***
Dealt to Mahu2021 [9d Qc]
ljy990514: folds 
D.Rossetti: folds 
joedunston: folds 
Csarmy2010: raises $0.25 to $0.35
dmaap1: folds 
Mahu2021: folds 
Uncalled bet ($0.25) returned to Csarmy2010
Csarmy2010 collected $0.25 from pot
Csarmy2010: doesn't show hand 
*** SUMMARY ***
Total pot $0.25 | Rake $0 
Seat 1: Csarmy2010 (button) collected ($0.25)
Seat 2: dmaap1 (small blind) folded before Flop
Seat 3: Mahu2021 (big blind) folded before Flop
Seat 4: ljy990514 folded before Flop (didn't bet)
Seat 5: D.Rossetti folded before Flop (didn't bet)
Seat 6: joedunston folded before Flop (didn't bet)



PokerStars Zoom Hand #254562069833:  Hold'em No Limit ($0.05/$0.10) - 2025/01/26 16:08:55 CET [2025/01/26 10:08:55 ET]
Table 'Aludra' 6-max Seat #1 is the button
Seat 1: DreebJSP ($15.95 in chips) 
Seat 2: mrfreaky1989 ($10.30 in chips) 
Seat 3: Thelonius84 ($0.64 in chips) 
Seat 4: Mahu2021 ($6.19 in chips) 
Seat 5: luvingkind ($13.40 in chips) 
Seat 6: alexber1111 ($25.36 in chips) 
mrfreaky1989: posts small blind $0.05
Thelonius84: posts big blind $0.10
*** HOLE CARDS ***
Dealt to Mahu2021 [Kd 4c]
Mahu2021: folds 
luvingkind: folds 
alexber1111: folds 
DreebJSP: folds 
mrfreaky1989: folds 
Uncalled bet ($0.05) returned to Thelonius84
Thelonius84 collected $0.10 from pot
Thelonius84: doesn't show hand 
*** SUMMARY ***
Total pot $0.10 | Rake $0 
Seat 1: DreebJSP (button) folded before Flop (didn't bet)
Seat 2: mrfreaky1989 (small blind) folded before Flop
Seat 3: Thelonius84 (big blind) collected ($0.10)
Seat 4: Mahu2021 folded before Flop (didn't bet)
Seat 5: luvingkind folded before Flop (didn't bet)
Seat 6: alexber1111 folded before Flop (didn't bet)



PokerStars Zoom Hand #254562062009:  Hold'em No Limit ($0.05/$0.10) - 2025/01/26 16:08:21 CET [2025/01/26 10:08:21 ET]
Table 'Aludra' 6-max Seat #1 is the button
Seat 1: Mahu2021 ($6.29 in chips) 
Seat 2: Titsamach ($15 in chips) 
Seat 3: Bonditten ($10.41 in chips) 
Seat 4: R.S.Scherer ($10 in chips) 
Seat 5: osfp7john ($19.18 in chips) 
Seat 6: ljy990514 ($21.58 in chips) 
Titsamach: posts small blind $0.05
Bonditten: posts big blind $0.10
*** HOLE CARDS ***
Dealt to Mahu2021 [As 4h]
R.S.Scherer: raises $0.10 to $0.20
osfp7john: folds 
ljy990514: folds 
Mahu2021: folds 
Titsamach: folds 
Bonditten: calls $0.10
*** FLOP *** [Ts Tc 8s]
Bonditten: checks 
R.S.Scherer: bets $0.11
Bonditten: calls $0.11
*** TURN *** [Ts Tc 8s] [Js]
Bonditten: checks 
R.S.Scherer: checks 
*** RIVER *** [Ts Tc 8s Js] [Jc]
Bonditten: bets $0.64
R.S.Scherer: calls $0.64
*** SHOW DOWN ***
Bonditten: shows [Qd Jh] (a full house, Jacks full of Tens)
R.S.Scherer: mucks hand 
Bonditten collected $1.86 from pot
*** SUMMARY ***
Total pot $1.95 | Rake $0.09 
Board [Ts Tc 8s Js Jc]
Seat 1: Mahu2021 (button) folded before Flop (didn't bet)
Seat 2: Titsamach (small blind) folded before Flop
Seat 3: Bonditten (big blind) showed [Qd Jh] and won ($1.86) with a full house, Jacks full of Tens
Seat 4: R.S.Scherer mucked [8d Ad]
Seat 5: osfp7john folded before Flop (didn't bet)
Seat 6: ljy990514 folded before Flop (didn't bet)



PokerStars Zoom Hand #254562071026:  Hold'em No Limit ($0.05/$0.10) - 2025/01/26 16:09:00 CET [2025/01/26 10:09:00 ET]
Table 'Aludra' 6-max Seat #1 is the button
Seat 1: C-MAJORIS ($29.10 in chips) 
Seat 2: Mahu2021 ($6.19 in chips) 
Seat 3: kazu1979 ($21.29 in chips) 
Seat 4: Jahjge ($11.86 in chips) 
Seat 5: higgins1989 ($19.23 in chips) 
Seat 6: youngmin5034 ($13.58 in chips) 
Mahu2021: posts small blind $0.05
kazu1979: posts big blind $0.10
*** HOLE CARDS ***
Dealt to Mahu2021 [Kc 5d]
Jahjge: raises $0.15 to $0.25
higgins1989: folds 
youngmin5034: folds 
C-MAJORIS: folds 
Mahu2021: folds 
kazu1979: raises $0.85 to $1.10
Jahjge: raises $1.50 to $2.60
kazu1979: folds 
Uncalled bet ($1.50) returned to Jahjge
Jahjge collected $2.25 from pot
Jahjge: doesn't show hand 
*** SUMMARY ***
Total pot $2.25 | Rake $0 
Seat 1: C-MAJORIS (button) folded before Flop (didn't bet)
Seat 2: Mahu2021 (small blind) folded before Flop
Seat 3: kazu1979 (big blind) folded before Flop
Seat 4: Jahjge collected ($2.25)
Seat 5: higgins1989 folded before Flop (didn't bet)
Seat 6: youngmin5034 folded before Flop (didn't bet)



PokerStars Zoom Hand #254562064082:  Hold'em No Limit ($0.05/$0.10) - 2025/01/26 16:08:30 CET [2025/01/26 10:08:30 ET]
Table 'Aludra' 6-max Seat #1 is the button
Seat 1: eAh_BlackDevil ($10.91 in chips) 
Seat 2: C-MAJORIS ($28.95 in chips) 
Seat 3: al1481 ($38.30 in chips) 
Seat 4: Mahu2021 ($6.29 in chips) 
Seat 5: maximiliano2013 ($16.20 in chips) 
Seat 6: VitorArj ($10.53 in chips) 
C-MAJORIS: posts small blind $0.05
al1481: posts big blind $0.10
*** HOLE CARDS ***
Dealt to Mahu2021 [7s 8d]
Mahu2021: folds 
maximiliano2013: folds 
VitorArj: raises $0.15 to $0.25
eAh_BlackDevil: folds 
C-MAJORIS: folds 
al1481: calls $0.15
*** FLOP *** [2d Qc 3s]
al1481: checks 
VitorArj: bets $0.13
al1481: calls $0.13
*** TURN *** [2d Qc 3s] [7h]
al1481: checks 
VitorArj: bets $0.58
al1481: folds 
Uncalled bet ($0.58) returned to VitorArj
VitorArj collected $0.77 from pot
VitorArj: doesn't show hand 
*** SUMMARY ***
Total pot $0.81 | Rake $0.04 
Board [2d Qc 3s 7h]
Seat 1: eAh_BlackDevil (button) folded before Flop (didn't bet)
Seat 2: C-MAJORIS (small blind) folded before Flop
Seat 3: al1481 (big blind) folded on the Turn
Seat 4: Mahu2021 folded before Flop (didn't bet)
Seat 5: maximiliano2013 folded before Flop (didn't bet)
Seat 6: VitorArj collected ($0.77)



PokerStars Zoom Hand #254562071897:  Hold'em No Limit ($0.05/$0.10) - 2025/01/26 16:09:04 CET [2025/01/26 10:09:04 ET]
Table 'Aludra' 6-max Seat #1 is the button
Seat 1: Mahu2021 ($6.14 in chips) 
Seat 2: Lord1272 ($10 in chips) 
Seat 3: DreebJSP ($27.47 in chips) 
Seat 4: SIwon1 ($7.89 in chips) 
Seat 5: fonxi ($10.84 in chips) 
Seat 6: ALPHA REBEL ($12.44 in chips) 
Lord1272: posts small blind $0.05
DreebJSP: posts big blind $0.10
*** HOLE CARDS ***
Dealt to Mahu2021 [Kc Js]
SIwon1: folds 
fonxi: folds 
ALPHA REBEL: raises $0.15 to $0.25
Mahu2021: calls $0.25
Lord1272: folds 
DreebJSP: calls $0.15
*** FLOP *** [3h Tc Ad]
DreebJSP: checks 
ALPHA REBEL: checks 
Mahu2021: checks 
*** TURN *** [3h Tc Ad] [6h]
DreebJSP: checks 
ALPHA REBEL: checks 
Mahu2021: bets $0.40
DreebJSP: folds 
ALPHA REBEL: folds 
Uncalled bet ($0.40) returned to Mahu2021
Mahu2021 collected $0.76 from pot
Mahu2021: doesn't show hand 
*** SUMMARY ***
Total pot $0.80 | Rake $0.04 
Board [3h Tc Ad 6h]
Seat 1: Mahu2021 (button) collected ($0.76)
Seat 2: Lord1272 (small blind) folded before Flop
Seat 3: DreebJSP (big blind) folded on the Turn
Seat 4: SIwon1 folded before Flop (didn't bet)
Seat 5: fonxi folded before Flop (didn't bet)
Seat 6: ALPHA REBEL folded on the Turn



PokerStars Zoom Hand #254562080810:  Hold'em No Limit ($0.05/$0.10) - 2025/01/26 16:09:43 CET [2025/01/26 10:09:43 ET]
Table 'Aludra' 6-max Seat #1 is the button
Seat 1: osfp7john ($19.12 in chips) 
Seat 2: higgins1989 ($13.50 in chips) 
Seat 3: youngmin5034 ($13.05 in chips) 
Seat 4: mrfreaky1989 ($10 in chips) 
Seat 5: Titsamach ($14.95 in chips) 
Seat 6: Mahu2021 ($6.65 in chips) 
higgins1989: posts small blind $0.05
youngmin5034: posts big blind $0.10
*** HOLE CARDS ***
Dealt to Mahu2021 [Ks 2s]
mrfreaky1989: folds 
Titsamach: folds 
Mahu2021: folds 
osfp7john: folds 
higgins1989: raises $0.20 to $0.30
youngmin5034: folds 
Uncalled bet ($0.20) returned to higgins1989
higgins1989 collected $0.20 from pot
higgins1989: doesn't show hand 
*** SUMMARY ***
Total pot $0.20 | Rake $0 
Seat 1: osfp7john (button) folded before Flop (didn't bet)
Seat 2: higgins1989 (small blind) collected ($0.20)
Seat 3: youngmin5034 (big blind) folded before Flop
Seat 4: mrfreaky1989 folded before Flop (didn't bet)
Seat 5: Titsamach folded before Flop (didn't bet)
Seat 6: Mahu2021 folded before Flop (didn't bet)



PokerStars Zoom Hand #254562082438:  Hold'em No Limit ($0.05/$0.10) - 2025/01/26 16:09:50 CET [2025/01/26 10:09:50 ET]
Table 'Aludra' 6-max Seat #1 is the button
Seat 1: vakalo ($4.92 in chips) 
Seat 2: Prfct Insdr ($10.76 in chips) 
Seat 3: Mahu2021 ($6.60 in chips) 
Seat 4: Alejandro85s ($11.21 in chips) 
Seat 5: osfp7john ($19.12 in chips) 
Seat 6: ljy990514 ($21.28 in chips) 
Prfct Insdr: posts small blind $0.05
Mahu2021: posts big blind $0.10
*** HOLE CARDS ***
Dealt to Mahu2021 [7c Jd]
Alejandro85s: folds 
osfp7john: folds 
ljy990514: folds 
vakalo: calls $0.10
Prfct Insdr: folds 
Mahu2021: checks 
*** FLOP *** [3c Kh Ah]
Mahu2021: checks 
vakalo: bets $0.24
Mahu2021: folds 
Uncalled bet ($0.24) returned to vakalo
vakalo collected $0.24 from pot
vakalo: doesn't show hand 
*** SUMMARY ***
Total pot $0.25 | Rake $0.01 
Board [3c Kh Ah]
Seat 1: vakalo (button) collected ($0.24)
Seat 2: Prfct Insdr (small blind) folded before Flop
Seat 3: Mahu2021 (big blind) folded on the Flop
Seat 4: Alejandro85s folded before Flop (didn't bet)
Seat 5: osfp7john folded before Flop (didn't bet)
Seat 6: ljy990514 folded before Flop (didn't bet)



PokerStars Zoom Hand #254562085695:  Hold'em No Limit ($0.05/$0.10) - 2025/01/26 16:10:04 CET [2025/01/26 10:10:04 ET]
Table 'Aludra' 6-max Seat #1 is the button
Seat 1: Mahu2021 ($6.50 in chips) 
Seat 2: R.S.Scherer ($11.41 in chips) 
Seat 3: Pesulle ($23.23 in chips) 
Seat 4: Hausvabot ($10.10 in chips) 
Seat 5: vakalo ($5.06 in chips) 
Seat 6: dmaap1 ($12.02 in chips) 
R.S.Scherer: posts small blind $0.05
Pesulle: posts big blind $0.10
*** HOLE CARDS ***
Dealt to Mahu2021 [As Kc]
Hausvabot: folds 
vakalo: folds 
dmaap1: folds 
Mahu2021: raises $0.20 to $0.30
R.S.Scherer: folds 
Pesulle: folds 
Uncalled bet ($0.20) returned to Mahu2021
Mahu2021 collected $0.25 from pot
Mahu2021: doesn't show hand 
*** SUMMARY ***
Total pot $0.25 | Rake $0 
Seat 1: Mahu2021 (button) collected ($0.25)
Seat 2: R.S.Scherer (small blind) folded before Flop
Seat 3: Pesulle (big blind) folded before Flop
Seat 4: Hausvabot folded before Flop (didn't bet)
Seat 5: vakalo folded before Flop (didn't bet)
Seat 6: dmaap1 folded before Flop (didn't bet)



PokerStars Zoom Hand #254562081585:  Hold'em No Limit ($0.05/$0.10) - 2025/01/26 16:09:46 CET [2025/01/26 10:09:46 ET]
Table 'Aludra' 6-max Seat #1 is the button
Seat 1: hiding.by ($10 in chips) 
Seat 2: Mahu2021 ($6.65 in chips) 
Seat 3: maximiliano2013 ($15.40 in chips) 
Seat 4: 8mobius ($11.01 in chips) 
Seat 5: MasterVBM ($4.70 in chips) 
Seat 6: Drugsdontwork ($9.85 in chips) 
Mahu2021: posts small blind $0.05
maximiliano2013: posts big blind $0.10
*** HOLE CARDS ***
Dealt to Mahu2021 [9h 2d]
8mobius: folds 
MasterVBM: folds 
Drugsdontwork: folds 
hiding.by: raises $0.20 to $0.30
Mahu2021: folds 
maximiliano2013: raises $0.20 to $0.50
hiding.by: raises $0.80 to $1.30
maximiliano2013: calls $0.80
*** FLOP *** [8h Qs 6c]
maximiliano2013: checks 
hiding.by: bets $1.27
maximiliano2013: calls $1.27
*** TURN *** [8h Qs 6c] [Kh]
maximiliano2013: checks 
hiding.by: checks 
*** RIVER *** [8h Qs 6c Kh] [6d]
maximiliano2013: checks 
hiding.by: bets $2.48
maximiliano2013: calls $2.48
*** SHOW DOWN ***
hiding.by: shows [Qd Ad] (two pair, Queens and Sixes)
maximiliano2013: shows [Qc Ks] (two pair, Kings and Queens)
maximiliano2013 collected $9.57 from pot
*** SUMMARY ***
Total pot $10.15 | Rake $0.58 
Board [8h Qs 6c Kh 6d]
Seat 1: hiding.by (button) showed [Qd Ad] and lost with two pair, Queens and Sixes
Seat 2: Mahu2021 (small blind) folded before Flop
Seat 3: maximiliano2013 (big blind) showed [Qc Ks] and won ($9.57) with two pair, Kings and Queens
Seat 4: 8mobius folded before Flop (didn't bet)
Seat 5: MasterVBM folded before Flop (didn't bet)
Seat 6: Drugsdontwork folded before Flop (didn't bet)



PokerStars Zoom Hand #254562088952:  Hold'em No Limit ($0.05/$0.10) - 2025/01/26 16:10:18 CET [2025/01/26 10:10:18 ET]
Table 'Aludra' 6-max Seat #1 is the button
Seat 1: Hausvabot ($15.34 in chips) 
Seat 2: ak1t02 ($22.58 in chips) 
Seat 3: FACCHETADE$ ($10.69 in chips) 
Seat 4: Love Beckham ($12.78 in chips) 
Seat 5: Mahu2021 ($6.65 in chips) 
Seat 6: Csarmy2010 ($6.90 in chips) 
ak1t02: posts small blind $0.05
FACCHETADE$: posts big blind $0.10
*** HOLE CARDS ***
Dealt to Mahu2021 [Ah 6h]
Love Beckham: folds 
Mahu2021: raises $0.14 to $0.24
Csarmy2010: folds 
Hausvabot: calls $0.24
ak1t02: folds 
FACCHETADE$: calls $0.14
*** FLOP *** [5c 6d Qc]
FACCHETADE$: checks 
Mahu2021: checks 
Hausvabot: checks 
*** TURN *** [5c 6d Qc] [Ad]
FACCHETADE$: checks 
Mahu2021: checks 
Hausvabot: bets $0.45
FACCHETADE$: folds 
Mahu2021: calls $0.45
*** RIVER *** [5c 6d Qc Ad] [Qd]
Mahu2021: checks 
Hausvabot: bets $1.35
Mahu2021: calls $1.35
*** SHOW DOWN ***
Hausvabot: shows [2d 2s] (two pair, Queens and Deuces)
Mahu2021: shows [Ah 6h] (two pair, Aces and Queens)
Mahu2021 collected $4.17 from pot
*** SUMMARY ***
Total pot $4.37 | Rake $0.20 
Board [5c 6d Qc Ad Qd]
Seat 1: Hausvabot (button) showed [2d 2s] and lost with two pair, Queens and Deuces
Seat 2: ak1t02 (small blind) folded before Flop
Seat 3: FACCHETADE$ (big blind) folded on the Turn
Seat 4: Love Beckham folded before Flop (didn't bet)
Seat 5: Mahu2021 showed [Ah 6h] and won ($4.17) with two pair, Aces and Queens
Seat 6: Csarmy2010 folded before Flop (didn't bet)



PokerStars Zoom Hand #254562099487:  Hold'em No Limit ($0.05/$0.10) - 2025/01/26 16:11:04 CET [2025/01/26 10:11:04 ET]
Table 'Aludra' 6-max Seat #1 is the button
Seat 1: shin_0831 ($9.43 in chips) 
Seat 2: kimi6811 ($21.50 in chips) 
Seat 3: higgins1989 ($13.87 in chips) 
Seat 4: Hausvabot ($10.23 in chips) 
Seat 5: Mahu2021 ($8.78 in chips) 
Seat 6: ALPHA REBEL ($12.32 in chips) 
kimi6811: posts small blind $0.05
higgins1989: posts big blind $0.10
*** HOLE CARDS ***
Dealt to Mahu2021 [3c Th]
Hausvabot: folds 
Mahu2021: folds 
ALPHA REBEL: folds 
shin_0831: folds 
kimi6811: folds 
Uncalled bet ($0.05) returned to higgins1989
higgins1989 collected $0.10 from pot
higgins1989: doesn't show hand 
*** SUMMARY ***
Total pot $0.10 | Rake $0 
Seat 1: shin_0831 (button) folded before Flop (didn't bet)
Seat 2: kimi6811 (small blind) folded before Flop
Seat 3: higgins1989 (big blind) collected ($0.10)
Seat 4: Hausvabot folded before Flop (didn't bet)
Seat 5: Mahu2021 folded before Flop (didn't bet)
Seat 6: ALPHA REBEL folded before Flop (didn't bet)



PokerStars Zoom Hand #254562100391:  Hold'em No Limit ($0.05/$0.10) - 2025/01/26 16:11:08 CET [2025/01/26 10:11:08 ET]
Table 'Aludra' 6-max Seat #1 is the button
Seat 1: ALPHA REBEL ($12.32 in chips) 
Seat 2: eAh_BlackDevil ($10.31 in chips) 
Seat 3: QKJope ($10.73 in chips) 
Seat 4: youngmin5034 ($10 in chips) 
Seat 5: ak1t02 ($22.43 in chips) 
Seat 6: Mahu2021 ($8.78 in chips) 
eAh_BlackDevil: posts small blind $0.05
QKJope: posts big blind $0.10
*** HOLE CARDS ***
Dealt to Mahu2021 [3s Kc]
youngmin5034: folds 
ak1t02: folds 
Mahu2021: folds 
ALPHA REBEL: folds 
eAh_BlackDevil: folds 
Uncalled bet ($0.05) returned to QKJope
QKJope collected $0.10 from pot
QKJope: doesn't show hand 
*** SUMMARY ***
Total pot $0.10 | Rake $0 
Seat 1: ALPHA REBEL (button) folded before Flop (didn't bet)
Seat 2: eAh_BlackDevil (small blind) folded before Flop
Seat 3: QKJope (big blind) collected ($0.10)
Seat 4: youngmin5034 folded before Flop (didn't bet)
Seat 5: ak1t02 folded before Flop (didn't bet)
Seat 6: Mahu2021 folded before Flop (didn't bet)



PokerStars Zoom Hand #254562101310:  Hold'em No Limit ($0.05/$0.10) - 2025/01/26 16:11:12 CET [2025/01/26 10:11:12 ET]
Table 'Aludra' 6-max Seat #1 is the button
Seat 1: zaporone ($7.65 in chips) 
Seat 2: Jahjge ($12.89 in chips) 
Seat 3: SIwon1 ($10.04 in chips) 
Seat 4: VitorArj ($10.38 in chips) 
Seat 5: Mahu2021 ($8.78 in chips) 
Seat 6: ALPHA REBEL ($12.32 in chips) 
Jahjge: posts small blind $0.05
SIwon1: posts big blind $0.10
*** HOLE CARDS ***
Dealt to Mahu2021 [4h 8s]
VitorArj: folds 
Mahu2021: folds 
ALPHA REBEL: folds 
zaporone: folds 
Jahjge: folds 
Uncalled bet ($0.05) returned to SIwon1
SIwon1 collected $0.10 from pot
SIwon1: doesn't show hand 
*** SUMMARY ***
Total pot $0.10 | Rake $0 
Seat 1: zaporone (button) folded before Flop (didn't bet)
Seat 2: Jahjge (small blind) folded before Flop
Seat 3: SIwon1 (big blind) collected ($0.10)
Seat 4: VitorArj folded before Flop (didn't bet)
Seat 5: Mahu2021 folded before Flop (didn't bet)
Seat 6: ALPHA REBEL folded before Flop (didn't bet)



PokerStars Zoom Hand #254562102197:  Hold'em No Limit ($0.05/$0.10) - 2025/01/26 16:11:16 CET [2025/01/26 10:11:16 ET]
Table 'Aludra' 6-max Seat #1 is the button
Seat 1: puffin42 ($10 in chips) 
Seat 2: higgins1989 ($13.92 in chips) 
Seat 3: Mahu2021 ($8.78 in chips) 
Seat 4: R.S.Scherer ($10.12 in chips) 
Seat 5: kostas155180 ($6.51 in chips) 
Seat 6: JaysFan1971 ($6.14 in chips) 
higgins1989: posts small blind $0.05
Mahu2021: posts big blind $0.10
*** HOLE CARDS ***
Dealt to Mahu2021 [3c Ts]
R.S.Scherer: raises $0.10 to $0.20
kostas155180: folds 
JaysFan1971: folds 
puffin42: folds 
higgins1989: folds 
Mahu2021: folds 
Uncalled bet ($0.10) returned to R.S.Scherer
R.S.Scherer collected $0.25 from pot
R.S.Scherer: doesn't show hand 
*** SUMMARY ***
Total pot $0.25 | Rake $0 
Seat 1: puffin42 (button) folded before Flop (didn't bet)
Seat 2: higgins1989 (small blind) folded before Flop
Seat 3: Mahu2021 (big blind) folded before Flop
Seat 4: R.S.Scherer collected ($0.25)
Seat 5: kostas155180 folded before Flop (didn't bet)
Seat 6: JaysFan1971 folded before Flop (didn't bet)



PokerStars Zoom Hand #254562104540:  Hold'em No Limit ($0.05/$0.10) - 2025/01/26 16:11:26 CET [2025/01/26 10:11:26 ET]
Table 'Aludra' 6-max Seat #1 is the button
Seat 1: shin_0831 ($9.33 in chips) 
Seat 2: Mahu2021 ($8.68 in chips) 
Seat 3: ForrestG451 ($15.67 in chips) 
Seat 4: Thelonius84 ($10 in chips) 
Seat 5: JaysFan1971 ($6.14 in chips) 
Seat 6: higgins1989 ($13.87 in chips) 
Mahu2021: posts small blind $0.05
ForrestG451: posts big blind $0.10
*** HOLE CARDS ***
Dealt to Mahu2021 [Jd 3d]
Thelonius84: folds 
JaysFan1971: folds 
higgins1989: folds 
shin_0831: folds 
Mahu2021: folds 
Uncalled bet ($0.05) returned to ForrestG451
ForrestG451 collected $0.10 from pot
ForrestG451: doesn't show hand 
*** SUMMARY ***
Total pot $0.10 | Rake $0 
Seat 1: shin_0831 (button) folded before Flop (didn't bet)
Seat 2: Mahu2021 (small blind) folded before Flop
Seat 3: ForrestG451 (big blind) collected ($0.10)
Seat 4: Thelonius84 folded before Flop (didn't bet)
Seat 5: JaysFan1971 folded before Flop (didn't bet)
Seat 6: higgins1989 folded before Flop (didn't bet)



PokerStars Zoom Hand #254562105434:  Hold'em No Limit ($0.05/$0.10) - 2025/01/26 16:11:30 CET [2025/01/26 10:11:30 ET]
Table 'Aludra' 6-max Seat #1 is the button
Seat 1: Csarmy2010 ($5.90 in chips) 
Seat 2: COVEIROANCAP ($10 in chips) 
Seat 3: JaysFan1971 ($6.14 in chips) 
Seat 4: Mahu2021 ($8.63 in chips) 
Seat 5: HadYock ($9.43 in chips) 
Seat 6: Oscar__62176 ($84.27 in chips) 
COVEIROANCAP: posts small blind $0.05
JaysFan1971: posts big blind $0.10
*** HOLE CARDS ***
Dealt to Mahu2021 [Jc Kc]
Mahu2021: raises $0.14 to $0.24
HadYock: folds 
Oscar__62176: folds 
Csarmy2010: calls $0.24
COVEIROANCAP: folds 
JaysFan1971: raises $0.90 to $1.14
Mahu2021: folds 
Csarmy2010: calls $0.90
*** FLOP *** [5c 9h 3c]
JaysFan1971: bets $2
Csarmy2010: folds 
Uncalled bet ($2) returned to JaysFan1971
JaysFan1971 collected $2.45 from pot
JaysFan1971: doesn't show hand 
*** SUMMARY ***
Total pot $2.57 | Rake $0.12 
Board [5c 9h 3c]
Seat 1: Csarmy2010 (button) folded on the Flop
Seat 2: COVEIROANCAP (small blind) folded before Flop
Seat 3: JaysFan1971 (big blind) collected ($2.45)
Seat 4: Mahu2021 folded before Flop
Seat 5: HadYock folded before Flop (didn't bet)
Seat 6: Oscar__62176 folded before Flop (didn't bet)



PokerStars Zoom Hand #254562103436:  Hold'em No Limit ($0.05/$0.10) - 2025/01/26 16:11:22 CET [2025/01/26 10:11:22 ET]
Table 'Aludra' 6-max Seat #1 is the button
Seat 1: Zaztar ($3.86 in chips) 
Seat 2: higgins1989 ($14.15 in chips) 
Seat 3: alexber1111 ($25.90 in chips) 
Seat 4: Mahu2021 ($8.68 in chips) 
Seat 5: Jahjge ($10 in chips) 
Seat 6: DreebJSP ($16.49 in chips) 
higgins1989: posts small blind $0.05
alexber1111: posts big blind $0.10
*** HOLE CARDS ***
Dealt to Mahu2021 [Ac 7h]
Mahu2021: folds 
Jahjge: folds 
DreebJSP: folds 
Zaztar: calls $0.10
higgins1989: calls $0.05
alexber1111: checks 
*** FLOP *** [2h 9h 7c]
higgins1989: checks 
alexber1111: checks 
Zaztar: bets $0.20
higgins1989: calls $0.20
alexber1111: raises $0.80 to $1
Zaztar: folds 
higgins1989: calls $0.80
*** TURN *** [2h 9h 7c] [2s]
higgins1989: checks 
alexber1111: bets $2.10
higgins1989: folds 
Uncalled bet ($2.10) returned to alexber1111
alexber1111 collected $2.39 from pot
alexber1111: doesn't show hand 
*** SUMMARY ***
Total pot $2.50 | Rake $0.11 
Board [2h 9h 7c 2s]
Seat 1: Zaztar (button) folded on the Flop
Seat 2: higgins1989 (small blind) folded on the Turn
Seat 3: alexber1111 (big blind) collected ($2.39)
Seat 4: Mahu2021 folded before Flop (didn't bet)
Seat 5: Jahjge folded before Flop (didn't bet)
Seat 6: DreebJSP folded before Flop (didn't bet)



PokerStars Zoom Hand #254562110055:  Hold'em No Limit ($0.05/$0.10) - 2025/01/26 16:11:51 CET [2025/01/26 10:11:51 ET]
Table 'Aludra' 6-max Seat #1 is the button
Seat 1: 00O-2Z ($13.61 in chips) 
Seat 2: eAh_BlackDevil ($11.74 in chips) 
Seat 3: Oscar__62176 ($84.22 in chips) 
Seat 4: Mahu2021 ($8.39 in chips) 
Seat 5: Thelonius84 ($19.27 in chips) 
Seat 6: 2.147b ($25.80 in chips) 
eAh_BlackDevil: posts small blind $0.05
Oscar__62176: posts big blind $0.10
*** HOLE CARDS ***
Dealt to Mahu2021 [Ah 7d]
Mahu2021: folds 
Thelonius84: folds 
2.147b: folds 
00O-2Z: raises $0.10 to $0.20
eAh_BlackDevil: folds 
Oscar__62176: calls $0.10
*** FLOP *** [2h 6c Jc]
Oscar__62176: checks 
00O-2Z: checks 
*** TURN *** [2h 6c Jc] [3d]
Oscar__62176: checks 
00O-2Z: checks 
*** RIVER *** [2h 6c Jc 3d] [8c]
Oscar__62176: checks 
00O-2Z: bets $0.10
Oscar__62176: folds 
Uncalled bet ($0.10) returned to 00O-2Z
00O-2Z collected $0.43 from pot
00O-2Z: doesn't show hand 
*** SUMMARY ***
Total pot $0.45 | Rake $0.02 
Board [2h 6c Jc 3d 8c]
Seat 1: 00O-2Z (button) collected ($0.43)
Seat 2: eAh_BlackDevil (small blind) folded before Flop
Seat 3: Oscar__62176 (big blind) folded on the River
Seat 4: Mahu2021 folded before Flop (didn't bet)
Seat 5: Thelonius84 folded before Flop (didn't bet)
Seat 6: 2.147b folded before Flop (didn't bet)



PokerStars Zoom Hand #254562110972:  Hold'em No Limit ($0.05/$0.10) - 2025/01/26 16:11:55 CET [2025/01/26 10:11:55 ET]
Table 'Aludra' 6-max Seat #1 is the button
Seat 1: enry7.ice ($10.25 in chips) 
Seat 2: cip1001t ($25.66 in chips) 
Seat 3: Mahu2021 ($8.39 in chips) 
Seat 4: mrfreaky1989 ($10.74 in chips) 
Seat 5: _MiToJoRi_ ($10.10 in chips) 
Seat 6: eAh_BlackDevil ($10 in chips) 
cip1001t: posts small blind $0.05
Mahu2021: posts big blind $0.10
*** HOLE CARDS ***
Dealt to Mahu2021 [Qc Qh]
mrfreaky1989: folds 
_MiToJoRi_: folds 
eAh_BlackDevil: raises $0.12 to $0.22
enry7.ice: folds 
cip1001t: raises $0.83 to $1.05
Mahu2021: raises $7.34 to $8.39 and is all-in
eAh_BlackDevil: folds 
cip1001t: calls $7.34
*** FLOP *** [Ks 7h 5h]
*** TURN *** [Ks 7h 5h] [4d]
*** RIVER *** [Ks 7h 5h 4d] [2h]
*** SHOW DOWN ***
cip1001t: shows [Jh Js] (a pair of Jacks)
Mahu2021: shows [Qc Qh] (a pair of Queens)
Mahu2021 cashed out the hand for $13.04 | Cash Out Fee $0.27
*** SUMMARY ***
Total pot $17 | Rake $0.76 
Board [Ks 7h 5h 4d 2h]
Seat 1: enry7.ice (button) folded before Flop (didn't bet)
Seat 2: cip1001t (small blind) showed [Jh Js] and lost with a pair of Jacks
Seat 3: Mahu2021 (big blind) showed [Qc Qh] and won ($16.24) with a pair of Queens (pot not awarded as player cashed out)
Seat 4: mrfreaky1989 folded before Flop (didn't bet)
Seat 5: _MiToJoRi_ folded before Flop (didn't bet)
Seat 6: eAh_BlackDevil folded before Flop



