PokerStars Hand #252462579104: Tournament #3800826874, $1.84+$0.16 USD Hold'em No Limit - Level I (10/20) - 2024/09/15 18:23:18 CET [2024/09/15 12:23:18 ET]
Table '3800826874 1' 3-max Seat #1 is the button
Seat 1: calea1970 (500 in chips) 
Seat 2: Mahu2021 (500 in chips) 
Seat 3: Remi the first (500 in chips) 
Mahu2021: posts small blind 10
Remi the first: posts big blind 20
*** HOLE CARDS ***
Dealt to Mahu2021 [4s Qc]
calea1970: folds 
Mahu2021: folds 
Uncalled bet (10) returned to Remi the first
Remi the first collected 20 from pot
Remi the first: doesn't show hand 
*** SUMMARY ***
Total pot 20 | Rake 0 
Seat 1: calea1970 (button) folded before Flop (didn't bet)
Seat 2: Mahu2021 (small blind) folded before Flop
Seat 3: Remi the first (big blind) collected (20)



PokerStars Hand #252462580631: Tournament #3800826874, $1.84+$0.16 USD Hold'em No Limit - Level I (10/20) - 2024/09/15 18:23:24 CET [2024/09/15 12:23:24 ET]
Table '3800826874 1' 3-max Seat #2 is the button
Seat 1: calea1970 (500 in chips) 
Seat 2: Mahu2021 (490 in chips) 
Seat 3: Remi the first (510 in chips) 
Remi the first: posts small blind 10
calea1970: posts big blind 20
*** HOLE CARDS ***
Dealt to Mahu2021 [5s Ac]
Mahu2021: raises 20 to 40
Remi the first: folds 
calea1970: calls 20
*** FLOP *** [6h 5h 8d]
calea1970: bets 20
Mahu2021: calls 20
*** TURN *** [6h 5h 8d] [Js]
calea1970: bets 20
Mahu2021: calls 20
*** RIVER *** [6h 5h 8d Js] [3s]
calea1970: checks 
Mahu2021: checks 
*** SHOW DOWN ***
calea1970: shows [7s 8s] (a pair of Eights)
Mahu2021: mucks hand 
calea1970 collected 170 from pot
*** SUMMARY ***
Total pot 170 | Rake 0 
Board [6h 5h 8d Js 3s]
Seat 1: calea1970 (big blind) showed [7s 8s] and won (170) with a pair of Eights
Seat 2: Mahu2021 (button) mucked [5s Ac]
Seat 3: Remi the first (small blind) folded before Flop



PokerStars Hand #252462586422: Tournament #3800826874, $1.84+$0.16 USD Hold'em No Limit - Level I (10/20) - 2024/09/15 18:23:44 CET [2024/09/15 12:23:44 ET]
Table '3800826874 1' 3-max Seat #3 is the button
Seat 1: calea1970 (590 in chips) 
Seat 2: Mahu2021 (410 in chips) 
Seat 3: Remi the first (500 in chips) 
calea1970: posts small blind 10
Mahu2021: posts big blind 20
*** HOLE CARDS ***
Dealt to Mahu2021 [Ac 6h]
Remi the first: raises 20 to 40
calea1970: calls 30
Mahu2021: calls 20
*** FLOP *** [Ks 7c 9s]
calea1970: checks 
Mahu2021: checks 
Remi the first: checks 
*** TURN *** [Ks 7c 9s] [5s]
calea1970: checks 
Mahu2021: checks 
Remi the first: bets 60
calea1970: folds 
Mahu2021: folds 
Uncalled bet (60) returned to Remi the first
Remi the first collected 120 from pot
Remi the first: doesn't show hand 
*** SUMMARY ***
Total pot 120 | Rake 0 
Board [Ks 7c 9s 5s]
Seat 1: calea1970 (small blind) folded on the Turn
Seat 2: Mahu2021 (big blind) folded on the Turn
Seat 3: Remi the first (button) collected (120)



PokerStars Hand #252462592268: Tournament #3800826874, $1.84+$0.16 USD Hold'em No Limit - Level I (10/20) - 2024/09/15 18:24:05 CET [2024/09/15 12:24:05 ET]
Table '3800826874 1' 3-max Seat #1 is the button
Seat 1: calea1970 (550 in chips) 
Seat 2: Mahu2021 (370 in chips) 
Seat 3: Remi the first (580 in chips) 
Mahu2021: posts small blind 10
Remi the first: posts big blind 20
*** HOLE CARDS ***
Dealt to Mahu2021 [5c 7c]
calea1970: raises 20 to 40
Mahu2021: calls 30
Remi the first: calls 20
*** FLOP *** [As Ks 6s]
Mahu2021: checks 
Remi the first: checks 
calea1970: bets 40
Mahu2021: folds 
Remi the first: folds 
Uncalled bet (40) returned to calea1970
calea1970 collected 120 from pot
calea1970: doesn't show hand 
*** SUMMARY ***
Total pot 120 | Rake 0 
Board [As Ks 6s]
Seat 1: calea1970 (button) collected (120)
Seat 2: Mahu2021 (small blind) folded on the Flop
Seat 3: Remi the first (big blind) folded on the Flop



PokerStars Hand #252462596671: Tournament #3800826874, $1.84+$0.16 USD Hold'em No Limit - Level I (10/20) - 2024/09/15 18:24:20 CET [2024/09/15 12:24:20 ET]
Table '3800826874 1' 3-max Seat #2 is the button
Seat 1: calea1970 (630 in chips) 
Seat 2: Mahu2021 (330 in chips) 
Seat 3: Remi the first (540 in chips) 
Remi the first: posts small blind 10
calea1970: posts big blind 20
*** HOLE CARDS ***
Dealt to Mahu2021 [5s 9d]
Mahu2021: folds 
Remi the first: calls 10
calea1970: checks 
*** FLOP *** [Kh 2s 2h]
Remi the first: bets 40
calea1970: calls 40
*** TURN *** [Kh 2s 2h] [3h]
Remi the first: checks 
calea1970: bets 96
Remi the first: calls 96
*** RIVER *** [Kh 2s 2h 3h] [3c]
Remi the first: checks 
calea1970: checks 
*** SHOW DOWN ***
Remi the first: shows [Ks 8d] (two pair, Kings and Threes)
calea1970: shows [8h Qh] (a flush, King high)
calea1970 collected 312 from pot
*** SUMMARY ***
Total pot 312 | Rake 0 
Board [Kh 2s 2h 3h 3c]
Seat 1: calea1970 (big blind) showed [8h Qh] and won (312) with a flush, King high
Seat 2: Mahu2021 (button) folded before Flop (didn't bet)
Seat 3: Remi the first (small blind) showed [Ks 8d] and lost with two pair, Kings and Threes



PokerStars Hand #252462603063: Tournament #3800826874, $1.84+$0.16 USD Hold'em No Limit - Level I (10/20) - 2024/09/15 18:24:43 CET [2024/09/15 12:24:43 ET]
Table '3800826874 1' 3-max Seat #3 is the button
Seat 1: calea1970 (786 in chips) 
Seat 2: Mahu2021 (330 in chips) 
Seat 3: Remi the first (384 in chips) 
calea1970: posts small blind 10
Mahu2021: posts big blind 20
*** HOLE CARDS ***
Dealt to Mahu2021 [2h 8h]
Remi the first: folds 
calea1970: folds 
Uncalled bet (10) returned to Mahu2021
Mahu2021 collected 20 from pot
Mahu2021: doesn't show hand 
*** SUMMARY ***
Total pot 20 | Rake 0 
Seat 1: calea1970 (small blind) folded before Flop
Seat 2: Mahu2021 (big blind) collected (20)
Seat 3: Remi the first (button) folded before Flop (didn't bet)



PokerStars Hand #252462604692: Tournament #3800826874, $1.84+$0.16 USD Hold'em No Limit - Level I (10/20) - 2024/09/15 18:24:49 CET [2024/09/15 12:24:49 ET]
Table '3800826874 1' 3-max Seat #1 is the button
Seat 1: calea1970 (776 in chips) 
Seat 2: Mahu2021 (340 in chips) 
Seat 3: Remi the first (384 in chips) 
Mahu2021: posts small blind 10
Remi the first: posts big blind 20
*** HOLE CARDS ***
Dealt to Mahu2021 [Ks Qc]
calea1970: calls 20
Mahu2021: calls 10
Remi the first: checks 
*** FLOP *** [4c 6h 9s]
Mahu2021: checks 
Remi the first: bets 20
calea1970: folds 
Mahu2021: folds 
Uncalled bet (20) returned to Remi the first
Remi the first collected 60 from pot
Remi the first: doesn't show hand 
*** SUMMARY ***
Total pot 60 | Rake 0 
Board [4c 6h 9s]
Seat 1: calea1970 (button) folded on the Flop
Seat 2: Mahu2021 (small blind) folded on the Flop
Seat 3: Remi the first (big blind) collected (60)



PokerStars Hand #252462608793: Tournament #3800826874, $1.84+$0.16 USD Hold'em No Limit - Level I (10/20) - 2024/09/15 18:25:03 CET [2024/09/15 12:25:03 ET]
Table '3800826874 1' 3-max Seat #2 is the button
Seat 1: calea1970 (756 in chips) 
Seat 2: Mahu2021 (320 in chips) 
Seat 3: Remi the first (424 in chips) 
Remi the first: posts small blind 10
calea1970: posts big blind 20
*** HOLE CARDS ***
Dealt to Mahu2021 [Qs 3c]
Mahu2021: folds 
Remi the first: calls 10
calea1970: checks 
*** FLOP *** [9h Ts Kd]
Remi the first: checks 
calea1970: checks 
*** TURN *** [9h Ts Kd] [3s]
Remi the first: bets 40
calea1970: folds 
Uncalled bet (40) returned to Remi the first
Remi the first collected 40 from pot
Remi the first: doesn't show hand 
*** SUMMARY ***
Total pot 40 | Rake 0 
Board [9h Ts Kd 3s]
Seat 1: calea1970 (big blind) folded on the Turn
Seat 2: Mahu2021 (button) folded before Flop (didn't bet)
Seat 3: Remi the first (small blind) collected (40)



PokerStars Hand #252462614206: Tournament #3800826874, $1.84+$0.16 USD Hold'em No Limit - Level I (10/20) - 2024/09/15 18:25:22 CET [2024/09/15 12:25:22 ET]
Table '3800826874 1' 3-max Seat #3 is the button
Seat 1: calea1970 (736 in chips) 
Seat 2: Mahu2021 (320 in chips) 
Seat 3: Remi the first (444 in chips) 
calea1970: posts small blind 10
Mahu2021: posts big blind 20
*** HOLE CARDS ***
Dealt to Mahu2021 [3s 6c]
Remi the first: folds 
calea1970: calls 10
Mahu2021: checks 
*** FLOP *** [4c 9h 5c]
calea1970: bets 20
Mahu2021: calls 20
*** TURN *** [4c 9h 5c] [Th]
calea1970: checks 
Mahu2021: bets 80
calea1970: folds 
Uncalled bet (80) returned to Mahu2021
Mahu2021 collected 80 from pot
Mahu2021: doesn't show hand 
*** SUMMARY ***
Total pot 80 | Rake 0 
Board [4c 9h 5c Th]
Seat 1: calea1970 (small blind) folded on the Turn
Seat 2: Mahu2021 (big blind) collected (80)
Seat 3: Remi the first (button) folded before Flop (didn't bet)



PokerStars Hand #252462619793: Tournament #3800826874, $1.84+$0.16 USD Hold'em No Limit - Level I (10/20) - 2024/09/15 18:25:41 CET [2024/09/15 12:25:41 ET]
Table '3800826874 1' 3-max Seat #1 is the button
Seat 1: calea1970 (696 in chips) 
Seat 2: Mahu2021 (360 in chips) 
Seat 3: Remi the first (444 in chips) 
Mahu2021: posts small blind 10
Remi the first: posts big blind 20
*** HOLE CARDS ***
Dealt to Mahu2021 [Jh 5s]
calea1970: raises 20 to 40
Mahu2021: folds 
Remi the first: calls 20
*** FLOP *** [As 3h Ah]
Remi the first: checks 
calea1970: bets 72
Remi the first: folds 
Uncalled bet (72) returned to calea1970
calea1970 collected 90 from pot
calea1970: doesn't show hand 
*** SUMMARY ***
Total pot 90 | Rake 0 
Board [As 3h Ah]
Seat 1: calea1970 (button) collected (90)
Seat 2: Mahu2021 (small blind) folded before Flop
Seat 3: Remi the first (big blind) folded on the Flop



PokerStars Hand #252462624585: Tournament #3800826874, $1.84+$0.16 USD Hold'em No Limit - Level I (10/20) - 2024/09/15 18:25:58 CET [2024/09/15 12:25:58 ET]
Table '3800826874 1' 3-max Seat #2 is the button
Seat 1: calea1970 (746 in chips) 
Seat 2: Mahu2021 (350 in chips) 
Seat 3: Remi the first (404 in chips) 
Remi the first: posts small blind 10
calea1970: posts big blind 20
*** HOLE CARDS ***
Dealt to Mahu2021 [3d 5d]
Mahu2021: calls 20
Remi the first: calls 10
calea1970: checks 
*** FLOP *** [6s Ks 8c]
Remi the first: checks 
calea1970: checks 
Mahu2021: checks 
*** TURN *** [6s Ks 8c] [5c]
Remi the first: bets 40
calea1970: calls 40
Mahu2021: folds 
*** RIVER *** [6s Ks 8c 5c] [Qc]
Remi the first: bets 70
calea1970: folds 
Uncalled bet (70) returned to Remi the first
Remi the first collected 140 from pot
Remi the first: doesn't show hand 
*** SUMMARY ***
Total pot 140 | Rake 0 
Board [6s Ks 8c 5c Qc]
Seat 1: calea1970 (big blind) folded on the River
Seat 2: Mahu2021 (button) folded on the Turn
Seat 3: Remi the first (small blind) collected (140)



PokerStars Hand #252462633090: Tournament #3800826874, $1.84+$0.16 USD Hold'em No Limit - Level II (15/30) - 2024/09/15 18:26:28 CET [2024/09/15 12:26:28 ET]
Table '3800826874 1' 3-max Seat #3 is the button
Seat 1: calea1970 (686 in chips) 
Seat 2: Mahu2021 (330 in chips) 
Seat 3: Remi the first (484 in chips) 
calea1970: posts small blind 15
Mahu2021: posts big blind 30
*** HOLE CARDS ***
Dealt to Mahu2021 [2h 4s]
Remi the first: folds 
calea1970: raises 30 to 60
Mahu2021: folds 
Uncalled bet (30) returned to calea1970
calea1970 collected 60 from pot
calea1970: doesn't show hand 
*** SUMMARY ***
Total pot 60 | Rake 0 
Seat 1: calea1970 (small blind) collected (60)
Seat 2: Mahu2021 (big blind) folded before Flop
Seat 3: Remi the first (button) folded before Flop (didn't bet)



PokerStars Hand #252462635355: Tournament #3800826874, $1.84+$0.16 USD Hold'em No Limit - Level II (15/30) - 2024/09/15 18:26:36 CET [2024/09/15 12:26:36 ET]
Table '3800826874 1' 3-max Seat #1 is the button
Seat 1: calea1970 (716 in chips) 
Seat 2: Mahu2021 (300 in chips) 
Seat 3: Remi the first (484 in chips) 
Mahu2021: posts small blind 15
Remi the first: posts big blind 30
*** HOLE CARDS ***
Dealt to Mahu2021 [Td As]
calea1970: folds 
Mahu2021: raises 30 to 60
Remi the first: calls 30
*** FLOP *** [Tc Jc 5c]
Mahu2021: bets 30
Remi the first: calls 30
*** TURN *** [Tc Jc 5c] [Jd]
Mahu2021: bets 30
Remi the first: calls 30
*** RIVER *** [Tc Jc 5c Jd] [Qc]
Mahu2021: bets 30
Remi the first: calls 30
*** SHOW DOWN ***
Mahu2021: shows [Td As] (two pair, Jacks and Tens)
Remi the first: shows [9c 4s] (a flush, Queen high)
Remi the first collected 300 from pot
*** SUMMARY ***
Total pot 300 | Rake 0 
Board [Tc Jc 5c Jd Qc]
Seat 1: calea1970 (button) folded before Flop (didn't bet)
Seat 2: Mahu2021 (small blind) showed [Td As] and lost with two pair, Jacks and Tens
Seat 3: Remi the first (big blind) showed [9c 4s] and won (300) with a flush, Queen high



PokerStars Hand #252462640098: Tournament #3800826874, $1.84+$0.16 USD Hold'em No Limit - Level II (15/30) - 2024/09/15 18:26:53 CET [2024/09/15 12:26:53 ET]
Table '3800826874 1' 3-max Seat #2 is the button
Seat 1: calea1970 (716 in chips) 
Seat 2: Mahu2021 (150 in chips) 
Seat 3: Remi the first (634 in chips) 
Remi the first: posts small blind 15
calea1970: posts big blind 30
*** HOLE CARDS ***
Dealt to Mahu2021 [6h 3s]
Mahu2021: folds 
Remi the first: calls 15
calea1970: checks 
*** FLOP *** [8s 9h Kd]
Remi the first: checks 
calea1970: checks 
*** TURN *** [8s 9h Kd] [6d]
Remi the first: checks 
calea1970: checks 
*** RIVER *** [8s 9h Kd 6d] [2d]
Remi the first: checks 
calea1970: checks 
*** SHOW DOWN ***
Remi the first: shows [3c Tc] (high card King)
calea1970: shows [7c 2h] (a pair of Deuces)
calea1970 collected 60 from pot
*** SUMMARY ***
Total pot 60 | Rake 0 
Board [8s 9h Kd 6d 2d]
Seat 1: calea1970 (big blind) showed [7c 2h] and won (60) with a pair of Deuces
Seat 2: Mahu2021 (button) folded before Flop (didn't bet)
Seat 3: Remi the first (small blind) showed [3c Tc] and lost with high card King



PokerStars Hand #252462645086: Tournament #3800826874, $1.84+$0.16 USD Hold'em No Limit - Level II (15/30) - 2024/09/15 18:27:10 CET [2024/09/15 12:27:10 ET]
Table '3800826874 1' 3-max Seat #3 is the button
Seat 1: calea1970 (746 in chips) 
Seat 2: Mahu2021 (150 in chips) 
Seat 3: Remi the first (604 in chips) 
calea1970: posts small blind 15
Mahu2021: posts big blind 30
*** HOLE CARDS ***
Dealt to Mahu2021 [Kh 8d]
Remi the first: raises 30 to 60
calea1970: folds 
Mahu2021: raises 90 to 150 and is all-in
Remi the first: calls 90
*** FLOP *** [7h 7c 6c]
*** TURN *** [7h 7c 6c] [6d]
*** RIVER *** [7h 7c 6c 6d] [6s]
*** SHOW DOWN ***
Mahu2021: shows [Kh 8d] (a full house, Sixes full of Sevens)
Remi the first: shows [Qd Js] (a full house, Sixes full of Sevens)
Mahu2021 collected 158 from pot
Remi the first collected 157 from pot
*** SUMMARY ***
Total pot 315 | Rake 0 
Board [7h 7c 6c 6d 6s]
Seat 1: calea1970 (small blind) folded before Flop
Seat 2: Mahu2021 (big blind) showed [Kh 8d] and won (158) with a full house, Sixes full of Sevens
Seat 3: Remi the first (button) showed [Qd Js] and won (157) with a full house, Sixes full of Sevens



PokerStars Hand #252462650043: Tournament #3800826874, $1.84+$0.16 USD Hold'em No Limit - Level II (15/30) - 2024/09/15 18:27:27 CET [2024/09/15 12:27:27 ET]
Table '3800826874 1' 3-max Seat #1 is the button
Seat 1: calea1970 (731 in chips) 
Seat 2: Mahu2021 (158 in chips) 
Seat 3: Remi the first (611 in chips) 
Mahu2021: posts small blind 15
Remi the first: posts big blind 30
*** HOLE CARDS ***
Dealt to Mahu2021 [6c 7d]
calea1970: calls 30
Mahu2021: folds 
Remi the first: checks 
*** FLOP *** [6h 3c Kh]
Remi the first: checks 
calea1970: checks 
*** TURN *** [6h 3c Kh] [Qc]
Remi the first: bets 30
calea1970: calls 30
*** RIVER *** [6h 3c Kh Qc] [2s]
Remi the first: checks 
calea1970: checks 
*** SHOW DOWN ***
Remi the first: shows [Jd 7s] (high card King)
calea1970: shows [3d As] (a pair of Threes)
calea1970 collected 135 from pot
*** SUMMARY ***
Total pot 135 | Rake 0 
Board [6h 3c Kh Qc 2s]
Seat 1: calea1970 (button) showed [3d As] and won (135) with a pair of Threes
Seat 2: Mahu2021 (small blind) folded before Flop
Seat 3: Remi the first (big blind) showed [Jd 7s] and lost with high card King



PokerStars Hand #252462656047: Tournament #3800826874, $1.84+$0.16 USD Hold'em No Limit - Level II (15/30) - 2024/09/15 18:27:48 CET [2024/09/15 12:27:48 ET]
Table '3800826874 1' 3-max Seat #2 is the button
Seat 1: calea1970 (806 in chips) 
Seat 2: Mahu2021 (143 in chips) 
Seat 3: Remi the first (551 in chips) 
Remi the first: posts small blind 15
calea1970: posts big blind 30
*** HOLE CARDS ***
Dealt to Mahu2021 [4s 2h]
Mahu2021: folds 
Remi the first: calls 15
calea1970: checks 
*** FLOP *** [5d 4d 4h]
Remi the first: checks 
calea1970: bets 30
Remi the first: calls 30
*** TURN *** [5d 4d 4h] [Ts]
Remi the first: checks 
calea1970: checks 
*** RIVER *** [5d 4d 4h Ts] [Jd]
Remi the first: bets 120
calea1970: folds 
Uncalled bet (120) returned to Remi the first
Remi the first collected 120 from pot
Remi the first: doesn't show hand 
*** SUMMARY ***
Total pot 120 | Rake 0 
Board [5d 4d 4h Ts Jd]
Seat 1: calea1970 (big blind) folded on the River
Seat 2: Mahu2021 (button) folded before Flop (didn't bet)
Seat 3: Remi the first (small blind) collected (120)



PokerStars Hand #252462663346: Tournament #3800826874, $1.84+$0.16 USD Hold'em No Limit - Level II (15/30) - 2024/09/15 18:28:14 CET [2024/09/15 12:28:14 ET]
Table '3800826874 1' 3-max Seat #3 is the button
Seat 1: calea1970 (746 in chips) 
Seat 2: Mahu2021 (143 in chips) 
Seat 3: Remi the first (611 in chips) 
calea1970: posts small blind 15
Mahu2021: posts big blind 30
*** HOLE CARDS ***
Dealt to Mahu2021 [2s Js]
Remi the first: calls 30
calea1970: calls 15
Mahu2021: checks 
*** FLOP *** [6s 8s 6c]
calea1970: checks 
Mahu2021: bets 113 and is all-in
Remi the first: folds 
calea1970: calls 113
*** TURN *** [6s 8s 6c] [5c]
*** RIVER *** [6s 8s 6c 5c] [3c]
*** SHOW DOWN ***
calea1970: shows [Jh 8h] (two pair, Eights and Sixes)
Mahu2021: shows [2s Js] (a pair of Sixes)
calea1970 collected 316 from pot
Mahu2021 finished the tournament in 3rd place
*** SUMMARY ***
Total pot 316 | Rake 0 
Board [6s 8s 6c 5c 3c]
Seat 1: calea1970 (small blind) showed [Jh 8h] and won (316) with two pair, Eights and Sixes
Seat 2: Mahu2021 (big blind) showed [2s Js] and lost with a pair of Sixes
Seat 3: Remi the first (button) folded on the Flop



