PokerStars Hand #253787147878: Tournament #3832405536, $0.46+$0.04 USD Hold'em No Limit - Level I (10/20) - 2024/12/10 9:22:24 CET [2024/12/10 3:22:24 ET]
Table '3832405536 1' 3-max Seat #1 is the button
Seat 1: DJMadara1221989 (500 in chips) 
Seat 2: Mahu2021 (500 in chips) 
Seat 3: takutakutakumi (500 in chips) 
Mahu2021: posts small blind 10
takutakutakumi: posts big blind 20
*** HOLE CARDS ***
Dealt to Mahu2021 [9s 5s]
DJMadara1221989: folds 
Mahu2021: calls 10
takutakutakumi: checks 
*** FLOP *** [6c Qc 5d]
Mahu2021: bets 20
takutakutakumi: calls 20
*** TURN *** [6c Qc 5d] [Kc]
Mahu2021: checks 
takutakutakumi: checks 
*** RIVER *** [6c Qc 5d Kc] [4h]
Mahu2021: checks 
takutakutakumi: bets 60
Mahu2021: folds 
Uncalled bet (60) returned to takutakutakumi
takutakutakumi collected 80 from pot
*** SUMMARY ***
Total pot 80 | Rake 0 
Board [6c Qc 5d Kc 4h]
Seat 1: DJMadara1221989 (button) folded before Flop (didn't bet)
Seat 2: Mahu2021 (small blind) folded on the River
Seat 3: takutakutakumi (big blind) collected (80)



PokerStars Hand #253787150017: Tournament #3832405536, $0.46+$0.04 USD Hold'em No Limit - Level I (10/20) - 2024/12/10 9:22:52 CET [2024/12/10 3:22:52 ET]
Table '3832405536 1' 3-max Seat #2 is the button
Seat 1: DJMadara1221989 (500 in chips) 
Seat 2: Mahu2021 (460 in chips) 
Seat 3: takutakutakumi (540 in chips) 
takutakutakumi: posts small blind 10
DJMadara1221989: posts big blind 20
*** HOLE CARDS ***
Dealt to Mahu2021 [9c 9h]
Mahu2021: raises 440 to 460 and is all-in
takutakutakumi: raises 80 to 540 and is all-in
DJMadara1221989: folds 
Uncalled bet (80) returned to takutakutakumi
*** FLOP *** [Qh 2h 4d]
*** TURN *** [Qh 2h 4d] [6d]
*** RIVER *** [Qh 2h 4d 6d] [7c]
*** SHOW DOWN ***
takutakutakumi: shows [Jh Ad] (high card Ace)
Mahu2021: shows [9c 9h] (a pair of Nines)
Mahu2021 collected 940 from pot
*** SUMMARY ***
Total pot 940 | Rake 0 
Board [Qh 2h 4d 6d 7c]
Seat 1: DJMadara1221989 (big blind) folded before Flop
Seat 2: Mahu2021 (button) showed [9c 9h] and won (940) with a pair of Nines
Seat 3: takutakutakumi (small blind) showed [Jh Ad] and lost with high card Ace



PokerStars Hand #253787151079: Tournament #3832405536, $0.46+$0.04 USD Hold'em No Limit - Level I (10/20) - 2024/12/10 9:23:07 CET [2024/12/10 3:23:07 ET]
Table '3832405536 1' 3-max Seat #3 is the button
Seat 1: DJMadara1221989 (480 in chips) 
Seat 2: Mahu2021 (940 in chips) 
Seat 3: takutakutakumi (80 in chips) 
DJMadara1221989: posts small blind 10
Mahu2021: posts big blind 20
*** HOLE CARDS ***
Dealt to Mahu2021 [Kd Jh]
takutakutakumi: folds 
DJMadara1221989 has timed out
DJMadara1221989: folds 
DJMadara1221989 is sitting out
Uncalled bet (10) returned to Mahu2021
Mahu2021 collected 20 from pot
Mahu2021: doesn't show hand 
*** SUMMARY ***
Total pot 20 | Rake 0 
Seat 1: DJMadara1221989 (small blind) folded before Flop
Seat 2: Mahu2021 (big blind) collected (20)
Seat 3: takutakutakumi (button) folded before Flop (didn't bet)



PokerStars Hand #253787153288: Tournament #3832405536, $0.46+$0.04 USD Hold'em No Limit - Level I (10/20) - 2024/12/10 9:23:37 CET [2024/12/10 3:23:37 ET]
Table '3832405536 1' 3-max Seat #1 is the button
Seat 1: DJMadara1221989 (470 in chips) is sitting out
Seat 2: Mahu2021 (950 in chips) 
Seat 3: takutakutakumi (80 in chips) 
Mahu2021: posts small blind 10
takutakutakumi: posts big blind 20
*** HOLE CARDS ***
Dealt to Mahu2021 [9d Th]
DJMadara1221989: folds 
Mahu2021: folds 
Uncalled bet (10) returned to takutakutakumi
takutakutakumi collected 20 from pot
*** SUMMARY ***
Total pot 20 | Rake 0 
Seat 1: DJMadara1221989 (button) folded before Flop (didn't bet)
Seat 2: Mahu2021 (small blind) folded before Flop
Seat 3: takutakutakumi (big blind) collected (20)



PokerStars Hand #253787153669: Tournament #3832405536, $0.46+$0.04 USD Hold'em No Limit - Level I (10/20) - 2024/12/10 9:23:42 CET [2024/12/10 3:23:42 ET]
Table '3832405536 1' 3-max Seat #2 is the button
Seat 1: DJMadara1221989 (470 in chips) is sitting out
Seat 2: Mahu2021 (940 in chips) 
Seat 3: takutakutakumi (90 in chips) 
takutakutakumi: posts small blind 10
DJMadara1221989: posts big blind 20
*** HOLE CARDS ***
Dealt to Mahu2021 [6d 9s]
Mahu2021: folds 
takutakutakumi: raises 70 to 90 and is all-in
DJMadara1221989: folds 
Uncalled bet (70) returned to takutakutakumi
takutakutakumi collected 40 from pot
*** SUMMARY ***
Total pot 40 | Rake 0 
Seat 1: DJMadara1221989 (big blind) folded before Flop
Seat 2: Mahu2021 (button) folded before Flop (didn't bet)
Seat 3: takutakutakumi (small blind) collected (40)



PokerStars Hand #253787154163: Tournament #3832405536, $0.46+$0.04 USD Hold'em No Limit - Level I (10/20) - 2024/12/10 9:23:48 CET [2024/12/10 3:23:48 ET]
Table '3832405536 1' 3-max Seat #3 is the button
Seat 1: DJMadara1221989 (450 in chips) is sitting out
Seat 2: Mahu2021 (940 in chips) 
Seat 3: takutakutakumi (110 in chips) 
DJMadara1221989: posts small blind 10
Mahu2021: posts big blind 20
*** HOLE CARDS ***
Dealt to Mahu2021 [Qd Kc]
takutakutakumi: raises 90 to 110 and is all-in
DJMadara1221989: folds 
Mahu2021: calls 90
*** FLOP *** [3d 3s 9d]
*** TURN *** [3d 3s 9d] [Ts]
DJMadara1221989 has returned
*** RIVER *** [3d 3s 9d Ts] [Ah]
*** SHOW DOWN ***
Mahu2021: shows [Qd Kc] (a pair of Threes)
takutakutakumi: shows [Qc 9c] (two pair, Nines and Threes)
takutakutakumi collected 230 from pot
*** SUMMARY ***
Total pot 230 | Rake 0 
Board [3d 3s 9d Ts Ah]
Seat 1: DJMadara1221989 (small blind) folded before Flop
Seat 2: Mahu2021 (big blind) showed [Qd Kc] and lost with a pair of Threes
Seat 3: takutakutakumi (button) showed [Qc 9c] and won (230) with two pair, Nines and Threes



PokerStars Hand #253787155073: Tournament #3832405536, $0.46+$0.04 USD Hold'em No Limit - Level I (10/20) - 2024/12/10 9:24:01 CET [2024/12/10 3:24:01 ET]
Table '3832405536 1' 3-max Seat #1 is the button
Seat 1: DJMadara1221989 (440 in chips) 
Seat 2: Mahu2021 (830 in chips) 
Seat 3: takutakutakumi (230 in chips) 
Mahu2021: posts small blind 10
takutakutakumi: posts big blind 20
*** HOLE CARDS ***
Dealt to Mahu2021 [9c 2h]
DJMadara1221989: calls 20
Mahu2021: folds 
takutakutakumi: checks 
*** FLOP *** [Kh Th Td]
takutakutakumi: checks 
DJMadara1221989: checks 
*** TURN *** [Kh Th Td] [9d]
takutakutakumi: bets 40
DJMadara1221989: folds 
Uncalled bet (40) returned to takutakutakumi
takutakutakumi collected 50 from pot
*** SUMMARY ***
Total pot 50 | Rake 0 
Board [Kh Th Td 9d]
Seat 1: DJMadara1221989 (button) folded on the Turn
Seat 2: Mahu2021 (small blind) folded before Flop
Seat 3: takutakutakumi (big blind) collected (50)



PokerStars Hand #253787156375: Tournament #3832405536, $0.46+$0.04 USD Hold'em No Limit - Level I (10/20) - 2024/12/10 9:24:19 CET [2024/12/10 3:24:19 ET]
Table '3832405536 1' 3-max Seat #2 is the button
Seat 1: DJMadara1221989 (420 in chips) 
Seat 2: Mahu2021 (820 in chips) 
Seat 3: takutakutakumi (260 in chips) 
takutakutakumi: posts small blind 10
DJMadara1221989: posts big blind 20
*** HOLE CARDS ***
Dealt to Mahu2021 [9h Td]
Mahu2021: folds 
takutakutakumi: folds 
Uncalled bet (10) returned to DJMadara1221989
DJMadara1221989 collected 20 from pot
DJMadara1221989: doesn't show hand 
*** SUMMARY ***
Total pot 20 | Rake 0 
Seat 1: DJMadara1221989 (big blind) collected (20)
Seat 2: Mahu2021 (button) folded before Flop (didn't bet)
Seat 3: takutakutakumi (small blind) folded before Flop



PokerStars Hand #253787156863: Tournament #3832405536, $0.46+$0.04 USD Hold'em No Limit - Level I (10/20) - 2024/12/10 9:24:25 CET [2024/12/10 3:24:25 ET]
Table '3832405536 1' 3-max Seat #3 is the button
Seat 1: DJMadara1221989 (430 in chips) 
Seat 2: Mahu2021 (820 in chips) 
Seat 3: takutakutakumi (250 in chips) 
DJMadara1221989: posts small blind 10
Mahu2021: posts big blind 20
*** HOLE CARDS ***
Dealt to Mahu2021 [Kh Qh]
takutakutakumi: folds 
DJMadara1221989: calls 10
Mahu2021: raises 800 to 820 and is all-in
DJMadara1221989: folds 
Uncalled bet (800) returned to Mahu2021
Mahu2021 collected 40 from pot
Mahu2021: doesn't show hand 
*** SUMMARY ***
Total pot 40 | Rake 0 
Seat 1: DJMadara1221989 (small blind) folded before Flop
Seat 2: Mahu2021 (big blind) collected (40)
Seat 3: takutakutakumi (button) folded before Flop (didn't bet)



PokerStars Hand #253787157871: Tournament #3832405536, $0.46+$0.04 USD Hold'em No Limit - Level II (15/30) - 2024/12/10 9:24:39 CET [2024/12/10 3:24:39 ET]
Table '3832405536 1' 3-max Seat #1 is the button
Seat 1: DJMadara1221989 (410 in chips) 
Seat 2: Mahu2021 (840 in chips) 
Seat 3: takutakutakumi (250 in chips) 
Mahu2021: posts small blind 15
takutakutakumi: posts big blind 30
*** HOLE CARDS ***
Dealt to Mahu2021 [8c Ts]
DJMadara1221989: folds 
Mahu2021: calls 15
takutakutakumi: raises 220 to 250 and is all-in
Mahu2021: folds 
Uncalled bet (220) returned to takutakutakumi
takutakutakumi collected 60 from pot
*** SUMMARY ***
Total pot 60 | Rake 0 
Seat 1: DJMadara1221989 (button) folded before Flop (didn't bet)
Seat 2: Mahu2021 (small blind) folded before Flop
Seat 3: takutakutakumi (big blind) collected (60)



PokerStars Hand #253787158527: Tournament #3832405536, $0.46+$0.04 USD Hold'em No Limit - Level II (15/30) - 2024/12/10 9:24:48 CET [2024/12/10 3:24:48 ET]
Table '3832405536 1' 3-max Seat #2 is the button
Seat 1: DJMadara1221989 (410 in chips) 
Seat 2: Mahu2021 (810 in chips) 
Seat 3: takutakutakumi (280 in chips) 
takutakutakumi: posts small blind 15
DJMadara1221989: posts big blind 30
*** HOLE CARDS ***
Dealt to Mahu2021 [4d 5c]
Mahu2021: folds 
takutakutakumi: raises 250 to 280 and is all-in
DJMadara1221989: folds 
Uncalled bet (250) returned to takutakutakumi
takutakutakumi collected 60 from pot
*** SUMMARY ***
Total pot 60 | Rake 0 
Seat 1: DJMadara1221989 (big blind) folded before Flop
Seat 2: Mahu2021 (button) folded before Flop (didn't bet)
Seat 3: takutakutakumi (small blind) collected (60)



PokerStars Hand #253787159123: Tournament #3832405536, $0.46+$0.04 USD Hold'em No Limit - Level II (15/30) - 2024/12/10 9:24:56 CET [2024/12/10 3:24:56 ET]
Table '3832405536 1' 3-max Seat #3 is the button
Seat 1: DJMadara1221989 (380 in chips) 
Seat 2: Mahu2021 (810 in chips) 
Seat 3: takutakutakumi (310 in chips) 
DJMadara1221989: posts small blind 15
Mahu2021: posts big blind 30
*** HOLE CARDS ***
Dealt to Mahu2021 [5s 6s]
takutakutakumi: folds 
DJMadara1221989: calls 15
Mahu2021: checks 
*** FLOP *** [Ad 3s 8c]
DJMadara1221989: bets 30
Mahu2021: folds 
Uncalled bet (30) returned to DJMadara1221989
DJMadara1221989 collected 60 from pot
DJMadara1221989: doesn't show hand 
*** SUMMARY ***
Total pot 60 | Rake 0 
Board [Ad 3s 8c]
Seat 1: DJMadara1221989 (small blind) collected (60)
Seat 2: Mahu2021 (big blind) folded on the Flop
Seat 3: takutakutakumi (button) folded before Flop (didn't bet)



PokerStars Hand #253787159868: Tournament #3832405536, $0.46+$0.04 USD Hold'em No Limit - Level II (15/30) - 2024/12/10 9:25:07 CET [2024/12/10 3:25:07 ET]
Table '3832405536 1' 3-max Seat #1 is the button
Seat 1: DJMadara1221989 (410 in chips) 
Seat 2: Mahu2021 (780 in chips) 
Seat 3: takutakutakumi (310 in chips) 
Mahu2021: posts small blind 15
takutakutakumi: posts big blind 30
*** HOLE CARDS ***
Dealt to Mahu2021 [5h Qd]
DJMadara1221989: folds 
Mahu2021: raises 30 to 60
takutakutakumi: calls 30
*** FLOP *** [6s 3d 8h]
Mahu2021: checks 
takutakutakumi: checks 
*** TURN *** [6s 3d 8h] [Ad]
Mahu2021: bets 60
takutakutakumi: raises 190 to 250 and is all-in
Mahu2021: folds 
Uncalled bet (190) returned to takutakutakumi
takutakutakumi collected 240 from pot
*** SUMMARY ***
Total pot 240 | Rake 0 
Board [6s 3d 8h Ad]
Seat 1: DJMadara1221989 (button) folded before Flop (didn't bet)
Seat 2: Mahu2021 (small blind) folded on the Turn
Seat 3: takutakutakumi (big blind) collected (240)



PokerStars Hand #253787161382: Tournament #3832405536, $0.46+$0.04 USD Hold'em No Limit - Level II (15/30) - 2024/12/10 9:25:28 CET [2024/12/10 3:25:28 ET]
Table '3832405536 1' 3-max Seat #2 is the button
Seat 1: DJMadara1221989 (410 in chips) 
Seat 2: Mahu2021 (660 in chips) 
Seat 3: takutakutakumi (430 in chips) 
takutakutakumi: posts small blind 15
DJMadara1221989: posts big blind 30
*** HOLE CARDS ***
Dealt to Mahu2021 [6c Tc]
Mahu2021: folds 
takutakutakumi: folds 
Uncalled bet (15) returned to DJMadara1221989
DJMadara1221989 collected 30 from pot
DJMadara1221989: doesn't show hand 
*** SUMMARY ***
Total pot 30 | Rake 0 
Seat 1: DJMadara1221989 (big blind) collected (30)
Seat 2: Mahu2021 (button) folded before Flop (didn't bet)
Seat 3: takutakutakumi (small blind) folded before Flop



PokerStars Hand #253787161741: Tournament #3832405536, $0.46+$0.04 USD Hold'em No Limit - Level II (15/30) - 2024/12/10 9:25:34 CET [2024/12/10 3:25:34 ET]
Table '3832405536 1' 3-max Seat #3 is the button
Seat 1: DJMadara1221989 (425 in chips) 
Seat 2: Mahu2021 (660 in chips) 
Seat 3: takutakutakumi (415 in chips) 
DJMadara1221989: posts small blind 15
Mahu2021: posts big blind 30
*** HOLE CARDS ***
Dealt to Mahu2021 [Ac 4h]
takutakutakumi: raises 385 to 415 and is all-in
DJMadara1221989: folds 
Mahu2021: folds 
Uncalled bet (385) returned to takutakutakumi
takutakutakumi collected 75 from pot
*** SUMMARY ***
Total pot 75 | Rake 0 
Seat 1: DJMadara1221989 (small blind) folded before Flop
Seat 2: Mahu2021 (big blind) folded before Flop
Seat 3: takutakutakumi (button) collected (75)



PokerStars Hand #253787162384: Tournament #3832405536, $0.46+$0.04 USD Hold'em No Limit - Level II (15/30) - 2024/12/10 9:25:43 CET [2024/12/10 3:25:43 ET]
Table '3832405536 1' 3-max Seat #1 is the button
Seat 1: DJMadara1221989 (410 in chips) 
Seat 2: Mahu2021 (630 in chips) 
Seat 3: takutakutakumi (460 in chips) 
Mahu2021: posts small blind 15
takutakutakumi: posts big blind 30
*** HOLE CARDS ***
Dealt to Mahu2021 [6h 4d]
DJMadara1221989: folds 
Mahu2021: folds 
Uncalled bet (15) returned to takutakutakumi
takutakutakumi collected 30 from pot
*** SUMMARY ***
Total pot 30 | Rake 0 
Seat 1: DJMadara1221989 (button) folded before Flop (didn't bet)
Seat 2: Mahu2021 (small blind) folded before Flop
Seat 3: takutakutakumi (big blind) collected (30)



PokerStars Hand #253787162774: Tournament #3832405536, $0.46+$0.04 USD Hold'em No Limit - Level II (15/30) - 2024/12/10 9:25:48 CET [2024/12/10 3:25:48 ET]
Table '3832405536 1' 3-max Seat #2 is the button
Seat 1: DJMadara1221989 (410 in chips) 
Seat 2: Mahu2021 (615 in chips) 
Seat 3: takutakutakumi (475 in chips) 
takutakutakumi: posts small blind 15
DJMadara1221989: posts big blind 30
*** HOLE CARDS ***
Dealt to Mahu2021 [9d 3c]
Mahu2021: folds 
takutakutakumi: folds 
Uncalled bet (15) returned to DJMadara1221989
DJMadara1221989 collected 30 from pot
DJMadara1221989: doesn't show hand 
*** SUMMARY ***
Total pot 30 | Rake 0 
Seat 1: DJMadara1221989 (big blind) collected (30)
Seat 2: Mahu2021 (button) folded before Flop (didn't bet)
Seat 3: takutakutakumi (small blind) folded before Flop



PokerStars Hand #253787163123: Tournament #3832405536, $0.46+$0.04 USD Hold'em No Limit - Level II (15/30) - 2024/12/10 9:25:53 CET [2024/12/10 3:25:53 ET]
Table '3832405536 1' 3-max Seat #3 is the button
Seat 1: DJMadara1221989 (425 in chips) 
Seat 2: Mahu2021 (615 in chips) 
Seat 3: takutakutakumi (460 in chips) 
DJMadara1221989: posts small blind 15
Mahu2021: posts big blind 30
*** HOLE CARDS ***
Dealt to Mahu2021 [9c Qd]
takutakutakumi: raises 39 to 69
DJMadara1221989 is disconnected 
DJMadara1221989 is connected 
DJMadara1221989 has timed out
DJMadara1221989: folds 
DJMadara1221989 is sitting out
DJMadara1221989 has returned
Mahu2021: calls 39
*** FLOP *** [Qh 5h 8c]
Mahu2021: bets 546 and is all-in
takutakutakumi: folds 
Uncalled bet (546) returned to Mahu2021
Mahu2021 collected 153 from pot
Mahu2021: doesn't show hand 
*** SUMMARY ***
Total pot 153 | Rake 0 
Board [Qh 5h 8c]
Seat 1: DJMadara1221989 (small blind) folded before Flop
Seat 2: Mahu2021 (big blind) collected (153)
Seat 3: takutakutakumi (button) folded on the Flop



PokerStars Hand #253787165844: Tournament #3832405536, $0.46+$0.04 USD Hold'em No Limit - Level III (20/40) - 2024/12/10 9:26:31 CET [2024/12/10 3:26:31 ET]
Table '3832405536 1' 3-max Seat #1 is the button
Seat 1: DJMadara1221989 (410 in chips) 
Seat 2: Mahu2021 (699 in chips) 
Seat 3: takutakutakumi (391 in chips) 
Mahu2021: posts small blind 20
takutakutakumi: posts big blind 40
*** HOLE CARDS ***
Dealt to Mahu2021 [6d Ac]
DJMadara1221989: raises 370 to 410 and is all-in
Mahu2021: folds 
takutakutakumi: folds 
Uncalled bet (370) returned to DJMadara1221989
DJMadara1221989 collected 100 from pot
DJMadara1221989: doesn't show hand 
*** SUMMARY ***
Total pot 100 | Rake 0 
Seat 1: DJMadara1221989 (button) collected (100)
Seat 2: Mahu2021 (small blind) folded before Flop
Seat 3: takutakutakumi (big blind) folded before Flop



PokerStars Hand #253787166339: Tournament #3832405536, $0.46+$0.04 USD Hold'em No Limit - Level III (20/40) - 2024/12/10 9:26:37 CET [2024/12/10 3:26:37 ET]
Table '3832405536 1' 3-max Seat #2 is the button
Seat 1: DJMadara1221989 (470 in chips) 
Seat 2: Mahu2021 (679 in chips) 
Seat 3: takutakutakumi (351 in chips) 
takutakutakumi: posts small blind 20
DJMadara1221989: posts big blind 40
*** HOLE CARDS ***
Dealt to Mahu2021 [7c 4s]
Mahu2021: folds 
takutakutakumi: raises 311 to 351 and is all-in
DJMadara1221989: folds 
Uncalled bet (311) returned to takutakutakumi
takutakutakumi collected 80 from pot
*** SUMMARY ***
Total pot 80 | Rake 0 
Seat 1: DJMadara1221989 (big blind) folded before Flop
Seat 2: Mahu2021 (button) folded before Flop (didn't bet)
Seat 3: takutakutakumi (small blind) collected (80)



PokerStars Hand #253787166903: Tournament #3832405536, $0.46+$0.04 USD Hold'em No Limit - Level III (20/40) - 2024/12/10 9:26:45 CET [2024/12/10 3:26:45 ET]
Table '3832405536 1' 3-max Seat #3 is the button
Seat 1: DJMadara1221989 (430 in chips) 
Seat 2: Mahu2021 (679 in chips) 
Seat 3: takutakutakumi (391 in chips) 
DJMadara1221989: posts small blind 20
Mahu2021: posts big blind 40
*** HOLE CARDS ***
Dealt to Mahu2021 [4s 9d]
takutakutakumi: raises 351 to 391 and is all-in
DJMadara1221989: folds 
Mahu2021: folds 
Uncalled bet (351) returned to takutakutakumi
takutakutakumi collected 100 from pot
*** SUMMARY ***
Total pot 100 | Rake 0 
Seat 1: DJMadara1221989 (small blind) folded before Flop
Seat 2: Mahu2021 (big blind) folded before Flop
Seat 3: takutakutakumi (button) collected (100)



PokerStars Hand #253787167422: Tournament #3832405536, $0.46+$0.04 USD Hold'em No Limit - Level III (20/40) - 2024/12/10 9:26:52 CET [2024/12/10 3:26:52 ET]
Table '3832405536 1' 3-max Seat #1 is the button
Seat 1: DJMadara1221989 (410 in chips) 
Seat 2: Mahu2021 (639 in chips) 
Seat 3: takutakutakumi (451 in chips) 
Mahu2021: posts small blind 20
takutakutakumi: posts big blind 40
*** HOLE CARDS ***
Dealt to Mahu2021 [Th 7d]
DJMadara1221989: folds 
Mahu2021: calls 20
takutakutakumi: raises 411 to 451 and is all-in
Mahu2021: folds 
Uncalled bet (411) returned to takutakutakumi
takutakutakumi collected 80 from pot
*** SUMMARY ***
Total pot 80 | Rake 0 
Seat 1: DJMadara1221989 (button) folded before Flop (didn't bet)
Seat 2: Mahu2021 (small blind) folded before Flop
Seat 3: takutakutakumi (big blind) collected (80)



PokerStars Hand #253787168116: Tournament #3832405536, $0.46+$0.04 USD Hold'em No Limit - Level III (20/40) - 2024/12/10 9:27:01 CET [2024/12/10 3:27:01 ET]
Table '3832405536 1' 3-max Seat #2 is the button
Seat 1: DJMadara1221989 (410 in chips) 
Seat 2: Mahu2021 (599 in chips) 
Seat 3: takutakutakumi (491 in chips) 
takutakutakumi: posts small blind 20
DJMadara1221989: posts big blind 40
*** HOLE CARDS ***
Dealt to Mahu2021 [Qh 7c]
Mahu2021: folds 
takutakutakumi: folds 
Uncalled bet (20) returned to DJMadara1221989
DJMadara1221989 collected 40 from pot
DJMadara1221989: doesn't show hand 
*** SUMMARY ***
Total pot 40 | Rake 0 
Seat 1: DJMadara1221989 (big blind) collected (40)
Seat 2: Mahu2021 (button) folded before Flop (didn't bet)
Seat 3: takutakutakumi (small blind) folded before Flop



PokerStars Hand #253787168505: Tournament #3832405536, $0.46+$0.04 USD Hold'em No Limit - Level III (20/40) - 2024/12/10 9:27:06 CET [2024/12/10 3:27:06 ET]
Table '3832405536 1' 3-max Seat #3 is the button
Seat 1: DJMadara1221989 (430 in chips) 
Seat 2: Mahu2021 (599 in chips) 
Seat 3: takutakutakumi (471 in chips) 
DJMadara1221989: posts small blind 20
Mahu2021: posts big blind 40
*** HOLE CARDS ***
Dealt to Mahu2021 [Ad Ts]
takutakutakumi: folds 
DJMadara1221989: calls 20
Mahu2021: raises 559 to 599 and is all-in
DJMadara1221989: folds 
Uncalled bet (559) returned to Mahu2021
Mahu2021 collected 80 from pot
Mahu2021: doesn't show hand 
*** SUMMARY ***
Total pot 80 | Rake 0 
Seat 1: DJMadara1221989 (small blind) folded before Flop
Seat 2: Mahu2021 (big blind) collected (80)
Seat 3: takutakutakumi (button) folded before Flop (didn't bet)



PokerStars Hand #253787169616: Tournament #3832405536, $0.46+$0.04 USD Hold'em No Limit - Level III (20/40) - 2024/12/10 9:27:21 CET [2024/12/10 3:27:21 ET]
Table '3832405536 1' 3-max Seat #1 is the button
Seat 1: DJMadara1221989 (390 in chips) 
Seat 2: Mahu2021 (639 in chips) 
Seat 3: takutakutakumi (471 in chips) 
Mahu2021: posts small blind 20
takutakutakumi: posts big blind 40
*** HOLE CARDS ***
Dealt to Mahu2021 [Jd 4c]
DJMadara1221989: calls 40
Mahu2021: calls 20
takutakutakumi: checks 
*** FLOP *** [Ts Ad Kh]
Mahu2021: checks 
takutakutakumi: checks 
DJMadara1221989: checks 
*** TURN *** [Ts Ad Kh] [2d]
Mahu2021: checks 
takutakutakumi: bets 60
DJMadara1221989: folds 
Mahu2021: folds 
Uncalled bet (60) returned to takutakutakumi
takutakutakumi collected 120 from pot
*** SUMMARY ***
Total pot 120 | Rake 0 
Board [Ts Ad Kh 2d]
Seat 1: DJMadara1221989 (button) folded on the Turn
Seat 2: Mahu2021 (small blind) folded on the Turn
Seat 3: takutakutakumi (big blind) collected (120)



PokerStars Hand #253787171502: Tournament #3832405536, $0.46+$0.04 USD Hold'em No Limit - Level III (20/40) - 2024/12/10 9:27:46 CET [2024/12/10 3:27:46 ET]
Table '3832405536 1' 3-max Seat #2 is the button
Seat 1: DJMadara1221989 (350 in chips) 
Seat 2: Mahu2021 (599 in chips) 
Seat 3: takutakutakumi (551 in chips) 
takutakutakumi: posts small blind 20
DJMadara1221989: posts big blind 40
*** HOLE CARDS ***
Dealt to Mahu2021 [9c 8h]
Mahu2021: folds 
takutakutakumi: folds 
Uncalled bet (20) returned to DJMadara1221989
DJMadara1221989 collected 40 from pot
DJMadara1221989: doesn't show hand 
*** SUMMARY ***
Total pot 40 | Rake 0 
Seat 1: DJMadara1221989 (big blind) collected (40)
Seat 2: Mahu2021 (button) folded before Flop (didn't bet)
Seat 3: takutakutakumi (small blind) folded before Flop



PokerStars Hand #253787171874: Tournament #3832405536, $0.46+$0.04 USD Hold'em No Limit - Level III (20/40) - 2024/12/10 9:27:51 CET [2024/12/10 3:27:51 ET]
Table '3832405536 1' 3-max Seat #3 is the button
Seat 1: DJMadara1221989 (370 in chips) 
Seat 2: Mahu2021 (599 in chips) 
Seat 3: takutakutakumi (531 in chips) 
DJMadara1221989: posts small blind 20
Mahu2021: posts big blind 40
*** HOLE CARDS ***
Dealt to Mahu2021 [Ts Qc]
takutakutakumi: raises 491 to 531 and is all-in
DJMadara1221989: calls 350 and is all-in
Mahu2021: folds 
Uncalled bet (161) returned to takutakutakumi
*** FLOP *** [Jc 2d 5h]
*** TURN *** [Jc 2d 5h] [5d]
*** RIVER *** [Jc 2d 5h 5d] [Js]
*** SHOW DOWN ***
DJMadara1221989: shows [Qs Ks] (two pair, Jacks and Fives)
takutakutakumi: shows [3d Ad] (two pair, Jacks and Fives - Ace kicker)
takutakutakumi collected 780 from pot
DJMadara1221989 finished the tournament in 3rd place
*** SUMMARY ***
Total pot 780 | Rake 0 
Board [Jc 2d 5h 5d Js]
Seat 1: DJMadara1221989 (small blind) showed [Qs Ks] and lost with two pair, Jacks and Fives
Seat 2: Mahu2021 (big blind) folded before Flop
Seat 3: takutakutakumi (button) showed [3d Ad] and won (780) with two pair, Jacks and Fives



PokerStars Hand #253787173077: Tournament #3832405536, $0.46+$0.04 USD Hold'em No Limit - Level III (20/40) - 2024/12/10 9:28:08 CET [2024/12/10 3:28:08 ET]
Table '3832405536 1' 3-max Seat #2 is the button
Seat 2: Mahu2021 (559 in chips) 
Seat 3: takutakutakumi (941 in chips) 
Mahu2021: posts small blind 20
takutakutakumi: posts big blind 40
*** HOLE CARDS ***
Dealt to Mahu2021 [Ks 4c]
Mahu2021: raises 80 to 120
takutakutakumi: folds 
Uncalled bet (80) returned to Mahu2021
Mahu2021 collected 80 from pot
Mahu2021: doesn't show hand 
*** SUMMARY ***
Total pot 80 | Rake 0 
Seat 2: Mahu2021 (button) (small blind) collected (80)
Seat 3: takutakutakumi (big blind) folded before Flop



PokerStars Hand #253787173520: Tournament #3832405536, $0.46+$0.04 USD Hold'em No Limit - Level III (20/40) - 2024/12/10 9:28:14 CET [2024/12/10 3:28:14 ET]
Table '3832405536 1' 3-max Seat #3 is the button
Seat 2: Mahu2021 (599 in chips) 
Seat 3: takutakutakumi (901 in chips) 
takutakutakumi: posts small blind 20
Mahu2021: posts big blind 40
*** HOLE CARDS ***
Dealt to Mahu2021 [3c 6c]
takutakutakumi: raises 40 to 80
Mahu2021: calls 40
*** FLOP *** [Kd 5h Kc]
Mahu2021: checks 
takutakutakumi: bets 40
Mahu2021: folds 
Uncalled bet (40) returned to takutakutakumi
takutakutakumi collected 160 from pot
*** SUMMARY ***
Total pot 160 | Rake 0 
Board [Kd 5h Kc]
Seat 2: Mahu2021 (big blind) folded on the Flop
Seat 3: takutakutakumi (button) (small blind) collected (160)



PokerStars Hand #253787174327: Tournament #3832405536, $0.46+$0.04 USD Hold'em No Limit - Level III (20/40) - 2024/12/10 9:28:25 CET [2024/12/10 3:28:25 ET]
Table '3832405536 1' 3-max Seat #2 is the button
Seat 2: Mahu2021 (519 in chips) 
Seat 3: takutakutakumi (981 in chips) 
Mahu2021: posts small blind 20
takutakutakumi: posts big blind 40
*** HOLE CARDS ***
Dealt to Mahu2021 [Tc 4d]
Mahu2021: folds 
Uncalled bet (20) returned to takutakutakumi
takutakutakumi collected 40 from pot
*** SUMMARY ***
Total pot 40 | Rake 0 
Seat 2: Mahu2021 (button) (small blind) folded before Flop
Seat 3: takutakutakumi (big blind) collected (40)



PokerStars Hand #253787174890: Tournament #3832405536, $0.46+$0.04 USD Hold'em No Limit - Level IV (30/60) - 2024/12/10 9:28:33 CET [2024/12/10 3:28:33 ET]
Table '3832405536 1' 3-max Seat #3 is the button
Seat 2: Mahu2021 (499 in chips) 
Seat 3: takutakutakumi (1001 in chips) 
takutakutakumi: posts small blind 30
Mahu2021: posts big blind 60
*** HOLE CARDS ***
Dealt to Mahu2021 [Jh 3h]
takutakutakumi: raises 78 to 138
Mahu2021: calls 78
*** FLOP *** [5d Qc As]
Mahu2021: checks 
takutakutakumi: checks 
*** TURN *** [5d Qc As] [Ts]
Mahu2021: checks 
takutakutakumi: checks 
*** RIVER *** [5d Qc As Ts] [4s]
Mahu2021: checks 
takutakutakumi: bets 91
Mahu2021: folds 
Uncalled bet (91) returned to takutakutakumi
takutakutakumi collected 276 from pot
*** SUMMARY ***
Total pot 276 | Rake 0 
Board [5d Qc As Ts 4s]
Seat 2: Mahu2021 (big blind) folded on the River
Seat 3: takutakutakumi (button) (small blind) collected (276)



PokerStars Hand #253787176583: Tournament #3832405536, $0.46+$0.04 USD Hold'em No Limit - Level IV (30/60) - 2024/12/10 9:28:56 CET [2024/12/10 3:28:56 ET]
Table '3832405536 1' 3-max Seat #2 is the button
Seat 2: Mahu2021 (361 in chips) 
Seat 3: takutakutakumi (1139 in chips) 
Mahu2021: posts small blind 30
takutakutakumi: posts big blind 60
*** HOLE CARDS ***
Dealt to Mahu2021 [8h 8d]
Mahu2021: raises 301 to 361 and is all-in
takutakutakumi: folds 
Uncalled bet (301) returned to Mahu2021
Mahu2021 collected 120 from pot
Mahu2021: doesn't show hand 
*** SUMMARY ***
Total pot 120 | Rake 0 
Seat 2: Mahu2021 (button) (small blind) collected (120)
Seat 3: takutakutakumi (big blind) folded before Flop



PokerStars Hand #253787176998: Tournament #3832405536, $0.46+$0.04 USD Hold'em No Limit - Level IV (30/60) - 2024/12/10 9:29:02 CET [2024/12/10 3:29:02 ET]
Table '3832405536 1' 3-max Seat #3 is the button
Seat 2: Mahu2021 (421 in chips) 
Seat 3: takutakutakumi (1079 in chips) 
takutakutakumi: posts small blind 30
Mahu2021: posts big blind 60
*** HOLE CARDS ***
Dealt to Mahu2021 [5s 2d]
takutakutakumi: folds 
Uncalled bet (30) returned to Mahu2021
Mahu2021 collected 60 from pot
Mahu2021: doesn't show hand 
*** SUMMARY ***
Total pot 60 | Rake 0 
Seat 2: Mahu2021 (big blind) collected (60)
Seat 3: takutakutakumi (button) (small blind) folded before Flop



PokerStars Hand #253787177290: Tournament #3832405536, $0.46+$0.04 USD Hold'em No Limit - Level IV (30/60) - 2024/12/10 9:29:06 CET [2024/12/10 3:29:06 ET]
Table '3832405536 1' 3-max Seat #2 is the button
Seat 2: Mahu2021 (451 in chips) 
Seat 3: takutakutakumi (1049 in chips) 
Mahu2021: posts small blind 30
takutakutakumi: posts big blind 60
*** HOLE CARDS ***
Dealt to Mahu2021 [7d Jd]
Mahu2021: raises 60 to 120
takutakutakumi: calls 60
*** FLOP *** [7h 8s 7c]
takutakutakumi: checks 
Mahu2021: checks 
*** TURN *** [7h 8s 7c] [8d]
takutakutakumi: checks 
Mahu2021: checks 
*** RIVER *** [7h 8s 7c 8d] [3d]
takutakutakumi: checks 
Mahu2021: bets 120
takutakutakumi: raises 317 to 437
Mahu2021: calls 211 and is all-in
Uncalled bet (106) returned to takutakutakumi
*** SHOW DOWN ***
takutakutakumi: shows [5h 7s] (a full house, Sevens full of Eights)
Mahu2021: shows [7d Jd] (a full house, Sevens full of Eights)
takutakutakumi collected 451 from pot
Mahu2021 collected 451 from pot
*** SUMMARY ***
Total pot 902 | Rake 0 
Board [7h 8s 7c 8d 3d]
Seat 2: Mahu2021 (button) (small blind) showed [7d Jd] and won (451) with a full house, Sevens full of Eights
Seat 3: takutakutakumi (big blind) showed [5h 7s] and won (451) with a full house, Sevens full of Eights



PokerStars Hand #253787179034: Tournament #3832405536, $0.46+$0.04 USD Hold'em No Limit - Level IV (30/60) - 2024/12/10 9:29:29 CET [2024/12/10 3:29:29 ET]
Table '3832405536 1' 3-max Seat #3 is the button
Seat 2: Mahu2021 (451 in chips) 
Seat 3: takutakutakumi (1049 in chips) 
takutakutakumi: posts small blind 30
Mahu2021: posts big blind 60
*** HOLE CARDS ***
Dealt to Mahu2021 [Qh Td]
takutakutakumi: raises 989 to 1049 and is all-in
Mahu2021: folds 
Uncalled bet (989) returned to takutakutakumi
takutakutakumi collected 120 from pot
*** SUMMARY ***
Total pot 120 | Rake 0 
Seat 2: Mahu2021 (big blind) folded before Flop
Seat 3: takutakutakumi (button) (small blind) collected (120)



PokerStars Hand #253787179608: Tournament #3832405536, $0.46+$0.04 USD Hold'em No Limit - Level IV (30/60) - 2024/12/10 9:29:37 CET [2024/12/10 3:29:37 ET]
Table '3832405536 1' 3-max Seat #2 is the button
Seat 2: Mahu2021 (391 in chips) 
Seat 3: takutakutakumi (1109 in chips) 
Mahu2021: posts small blind 30
takutakutakumi: posts big blind 60
*** HOLE CARDS ***
Dealt to Mahu2021 [Th 5d]
Mahu2021: folds 
Uncalled bet (30) returned to takutakutakumi
takutakutakumi collected 60 from pot
*** SUMMARY ***
Total pot 60 | Rake 0 
Seat 2: Mahu2021 (button) (small blind) folded before Flop
Seat 3: takutakutakumi (big blind) collected (60)



PokerStars Hand #253787179997: Tournament #3832405536, $0.46+$0.04 USD Hold'em No Limit - Level IV (30/60) - 2024/12/10 9:29:42 CET [2024/12/10 3:29:42 ET]
Table '3832405536 1' 3-max Seat #3 is the button
Seat 2: Mahu2021 (361 in chips) 
Seat 3: takutakutakumi (1139 in chips) 
takutakutakumi: posts small blind 30
Mahu2021: posts big blind 60
*** HOLE CARDS ***
Dealt to Mahu2021 [5h Qc]
takutakutakumi: raises 1079 to 1139 and is all-in
Mahu2021: folds 
Uncalled bet (1079) returned to takutakutakumi
takutakutakumi collected 120 from pot
*** SUMMARY ***
Total pot 120 | Rake 0 
Seat 2: Mahu2021 (big blind) folded before Flop
Seat 3: takutakutakumi (button) (small blind) collected (120)



PokerStars Hand #253787180517: Tournament #3832405536, $0.46+$0.04 USD Hold'em No Limit - Level IV (30/60) - 2024/12/10 9:29:49 CET [2024/12/10 3:29:49 ET]
Table '3832405536 1' 3-max Seat #2 is the button
Seat 2: Mahu2021 (301 in chips) 
Seat 3: takutakutakumi (1199 in chips) 
Mahu2021: posts small blind 30
takutakutakumi: posts big blind 60
*** HOLE CARDS ***
Dealt to Mahu2021 [Td 8s]
Mahu2021: folds 
Uncalled bet (30) returned to takutakutakumi
takutakutakumi collected 60 from pot
*** SUMMARY ***
Total pot 60 | Rake 0 
Seat 2: Mahu2021 (button) (small blind) folded before Flop
Seat 3: takutakutakumi (big blind) collected (60)



PokerStars Hand #253787180865: Tournament #3832405536, $0.46+$0.04 USD Hold'em No Limit - Level IV (30/60) - 2024/12/10 9:29:54 CET [2024/12/10 3:29:54 ET]
Table '3832405536 1' 3-max Seat #3 is the button
Seat 2: Mahu2021 (271 in chips) 
Seat 3: takutakutakumi (1229 in chips) 
takutakutakumi: posts small blind 30
Mahu2021: posts big blind 60
*** HOLE CARDS ***
Dealt to Mahu2021 [3c 4d]
takutakutakumi: folds 
Uncalled bet (30) returned to Mahu2021
Mahu2021 collected 60 from pot
Mahu2021: doesn't show hand 
*** SUMMARY ***
Total pot 60 | Rake 0 
Seat 2: Mahu2021 (big blind) collected (60)
Seat 3: takutakutakumi (button) (small blind) folded before Flop



PokerStars Hand #253787181180: Tournament #3832405536, $0.46+$0.04 USD Hold'em No Limit - Level IV (30/60) - 2024/12/10 9:29:58 CET [2024/12/10 3:29:58 ET]
Table '3832405536 1' 3-max Seat #2 is the button
Seat 2: Mahu2021 (301 in chips) 
Seat 3: takutakutakumi (1199 in chips) 
Mahu2021: posts small blind 30
takutakutakumi: posts big blind 60
*** HOLE CARDS ***
Dealt to Mahu2021 [6s Tc]
Mahu2021: folds 
Uncalled bet (30) returned to takutakutakumi
takutakutakumi collected 60 from pot
*** SUMMARY ***
Total pot 60 | Rake 0 
Seat 2: Mahu2021 (button) (small blind) folded before Flop
Seat 3: takutakutakumi (big blind) collected (60)



PokerStars Hand #253787181577: Tournament #3832405536, $0.46+$0.04 USD Hold'em No Limit - Level IV (30/60) - 2024/12/10 9:30:03 CET [2024/12/10 3:30:03 ET]
Table '3832405536 1' 3-max Seat #3 is the button
Seat 2: Mahu2021 (271 in chips) 
Seat 3: takutakutakumi (1229 in chips) 
takutakutakumi: posts small blind 30
Mahu2021: posts big blind 60
*** HOLE CARDS ***
Dealt to Mahu2021 [Qs 9c]
takutakutakumi: raises 1169 to 1229 and is all-in
Mahu2021: calls 211 and is all-in
Uncalled bet (958) returned to takutakutakumi
*** FLOP *** [Kh 7d 7c]
*** TURN *** [Kh 7d 7c] [5s]
*** RIVER *** [Kh 7d 7c 5s] [6h]
*** SHOW DOWN ***
Mahu2021: shows [Qs 9c] (a pair of Sevens)
takutakutakumi: shows [8c Ad] (a pair of Sevens - Ace kicker)
takutakutakumi collected 542 from pot
Mahu2021 finished the tournament in 2nd place
takutakutakumi wins the tournament - congratulations!
takutakutakumi wins a '$1.00 Power Path Step 2 Ticket' ticket
*** SUMMARY ***
Total pot 542 | Rake 0 
Board [Kh 7d 7c 5s 6h]
Seat 2: Mahu2021 (big blind) showed [Qs 9c] and lost with a pair of Sevens
Seat 3: takutakutakumi (button) (small blind) showed [8c Ad] and won (542) with a pair of Sevens



