PokerStars Hand #247036059719: Tournament #3671501524, $1.84+$0.16 USD Hold'em No Limit - Level I (10/20) - 2023/11/10 22:46:28 CET [2023/11/10 16:46:28 ET]
Table '3671501524 1' 3-max Seat #1 is the button
Seat 1: Mahu2021 (500 in chips) 
Seat 2: pela.170494 (500 in chips) 
Seat 3: Rzeznik9414 (500 in chips) 
pela.170494: posts small blind 10
Rzeznik9414: posts big blind 20
*** HOLE CARDS ***
Dealt to Mahu2021 [6h Ad]
Mahu2021: folds 
pela.170494: folds 
Uncalled bet (10) returned to Rzeznik9414
Rzeznik9414 collected 20 from pot
Rzeznik9414: doesn't show hand 
*** SUMMARY ***
Total pot 20 | Rake 0 
Seat 1: Mahu2021 (button) folded before Flop (didn't bet)
Seat 2: pela.170494 (small blind) folded before Flop
Seat 3: Rzeznik9414 (big blind) collected (20)



PokerStars Hand #247036064755: Tournament #3671501524, $1.84+$0.16 USD Hold'em No Limit - Level I (10/20) - 2023/11/10 22:46:41 CET [2023/11/10 16:46:41 ET]
Table '3671501524 1' 3-max Seat #2 is the button
Seat 1: Mahu2021 (500 in chips) 
Seat 2: pela.170494 (490 in chips) 
Seat 3: Rzeznik9414 (510 in chips) 
Rzeznik9414: posts small blind 10
Mahu2021: posts big blind 20
*** HOLE CARDS ***
Dealt to Mahu2021 [2d 5h]
pela.170494: folds 
Rzeznik9414: raises 20 to 40
Mahu2021: folds 
Uncalled bet (20) returned to Rzeznik9414
Rzeznik9414 collected 40 from pot
Rzeznik9414: doesn't show hand 
*** SUMMARY ***
Total pot 40 | Rake 0 
Seat 1: Mahu2021 (big blind) folded before Flop
Seat 2: pela.170494 (button) folded before Flop (didn't bet)
Seat 3: Rzeznik9414 (small blind) collected (40)



PokerStars Hand #247036067424: Tournament #3671501524, $1.84+$0.16 USD Hold'em No Limit - Level I (10/20) - 2023/11/10 22:46:48 CET [2023/11/10 16:46:48 ET]
Table '3671501524 1' 3-max Seat #3 is the button
Seat 1: Mahu2021 (480 in chips) 
Seat 2: pela.170494 (490 in chips) 
Seat 3: Rzeznik9414 (530 in chips) 
Mahu2021: posts small blind 10
pela.170494: posts big blind 20
*** HOLE CARDS ***
Dealt to Mahu2021 [Kh Ah]
Rzeznik9414: raises 20 to 40
Mahu2021: calls 30
pela.170494: folds 
*** FLOP *** [Ac Td 6s]
Mahu2021: bets 40
Rzeznik9414: calls 40
*** TURN *** [Ac Td 6s] [9s]
Mahu2021: bets 40
Rzeznik9414: calls 40
*** RIVER *** [Ac Td 6s 9s] [4s]
Mahu2021: bets 40
Rzeznik9414: raises 70 to 110
Mahu2021: calls 70
*** SHOW DOWN ***
Rzeznik9414: shows [As 3h] (a pair of Aces)
Mahu2021: shows [Kh Ah] (a pair of Aces - King kicker)
Mahu2021 collected 480 from pot
*** SUMMARY ***
Total pot 480 | Rake 0 
Board [Ac Td 6s 9s 4s]
Seat 1: Mahu2021 (small blind) showed [Kh Ah] and won (480) with a pair of Aces
Seat 2: pela.170494 (big blind) folded before Flop
Seat 3: Rzeznik9414 (button) showed [As 3h] and lost with a pair of Aces



PokerStars Hand #247036078559: Tournament #3671501524, $1.84+$0.16 USD Hold'em No Limit - Level I (10/20) - 2023/11/10 22:47:19 CET [2023/11/10 16:47:19 ET]
Table '3671501524 1' 3-max Seat #1 is the button
Seat 1: Mahu2021 (730 in chips) 
Seat 2: pela.170494 (470 in chips) 
Seat 3: Rzeznik9414 (300 in chips) 
pela.170494: posts small blind 10
Rzeznik9414: posts big blind 20
*** HOLE CARDS ***
Dealt to Mahu2021 [Qs 2s]
Mahu2021: folds 
pela.170494: raises 30 to 50
Rzeznik9414: calls 30
*** FLOP *** [Jd 8s As]
pela.170494: bets 40
Rzeznik9414: calls 40
*** TURN *** [Jd 8s As] [Qc]
pela.170494: bets 60
Rzeznik9414: calls 60
*** RIVER *** [Jd 8s As Qc] [2h]
pela.170494: bets 100
Rzeznik9414: folds 
Uncalled bet (100) returned to pela.170494
pela.170494 collected 300 from pot
pela.170494: doesn't show hand 
*** SUMMARY ***
Total pot 300 | Rake 0 
Board [Jd 8s As Qc 2h]
Seat 1: Mahu2021 (button) folded before Flop (didn't bet)
Seat 2: pela.170494 (small blind) collected (300)
Seat 3: Rzeznik9414 (big blind) folded on the River



PokerStars Hand #247036098373: Tournament #3671501524, $1.84+$0.16 USD Hold'em No Limit - Level I (10/20) - 2023/11/10 22:48:13 CET [2023/11/10 16:48:13 ET]
Table '3671501524 1' 3-max Seat #2 is the button
Seat 1: Mahu2021 (730 in chips) 
Seat 2: pela.170494 (620 in chips) 
Seat 3: Rzeznik9414 (150 in chips) 
Rzeznik9414: posts small blind 10
Mahu2021: posts big blind 20
*** HOLE CARDS ***
Dealt to Mahu2021 [4c 9s]
pela.170494: folds 
Rzeznik9414: raises 20 to 40
Mahu2021: folds 
Uncalled bet (20) returned to Rzeznik9414
Rzeznik9414 collected 40 from pot
Rzeznik9414: doesn't show hand 
*** SUMMARY ***
Total pot 40 | Rake 0 
Seat 1: Mahu2021 (big blind) folded before Flop
Seat 2: pela.170494 (button) folded before Flop (didn't bet)
Seat 3: Rzeznik9414 (small blind) collected (40)



PokerStars Hand #247036103394: Tournament #3671501524, $1.84+$0.16 USD Hold'em No Limit - Level I (10/20) - 2023/11/10 22:48:26 CET [2023/11/10 16:48:26 ET]
Table '3671501524 1' 3-max Seat #3 is the button
Seat 1: Mahu2021 (710 in chips) 
Seat 2: pela.170494 (620 in chips) 
Seat 3: Rzeznik9414 (170 in chips) 
Mahu2021: posts small blind 10
pela.170494: posts big blind 20
*** HOLE CARDS ***
Dealt to Mahu2021 [6s Ad]
Rzeznik9414: raises 20 to 40
Mahu2021: calls 30
pela.170494: folds 
*** FLOP *** [2s 4c 3c]
Mahu2021: checks 
Rzeznik9414: checks 
*** TURN *** [2s 4c 3c] [9h]
Mahu2021: checks 
Rzeznik9414: bets 40
Mahu2021: calls 40
*** RIVER *** [2s 4c 3c 9h] [Kd]
Mahu2021: checks 
Rzeznik9414: bets 90 and is all-in
Mahu2021: folds 
Uncalled bet (90) returned to Rzeznik9414
Rzeznik9414 collected 180 from pot
Rzeznik9414: doesn't show hand 
*** SUMMARY ***
Total pot 180 | Rake 0 
Board [2s 4c 3c 9h Kd]
Seat 1: Mahu2021 (small blind) folded on the River
Seat 2: pela.170494 (big blind) folded before Flop
Seat 3: Rzeznik9414 (button) collected (180)



PokerStars Hand #247036114690: Tournament #3671501524, $1.84+$0.16 USD Hold'em No Limit - Level I (10/20) - 2023/11/10 22:48:57 CET [2023/11/10 16:48:57 ET]
Table '3671501524 1' 3-max Seat #1 is the button
Seat 1: Mahu2021 (630 in chips) 
Seat 2: pela.170494 (600 in chips) 
Seat 3: Rzeznik9414 (270 in chips) 
pela.170494: posts small blind 10
Rzeznik9414: posts big blind 20
*** HOLE CARDS ***
Dealt to Mahu2021 [6h Ah]
Mahu2021: calls 20
pela.170494: folds 
Rzeznik9414: checks 
*** FLOP *** [6d Kh Jc]
Rzeznik9414: checks 
Mahu2021: bets 20
Rzeznik9414: folds 
Uncalled bet (20) returned to Mahu2021
Mahu2021 collected 50 from pot
Mahu2021: doesn't show hand 
*** SUMMARY ***
Total pot 50 | Rake 0 
Board [6d Kh Jc]
Seat 1: Mahu2021 (button) collected (50)
Seat 2: pela.170494 (small blind) folded before Flop
Seat 3: Rzeznik9414 (big blind) folded on the Flop



PokerStars Hand #247036121072: Tournament #3671501524, $1.84+$0.16 USD Hold'em No Limit - Level I (10/20) - 2023/11/10 22:49:15 CET [2023/11/10 16:49:15 ET]
Table '3671501524 1' 3-max Seat #2 is the button
Seat 1: Mahu2021 (660 in chips) 
Seat 2: pela.170494 (590 in chips) 
Seat 3: Rzeznik9414 (250 in chips) 
Rzeznik9414: posts small blind 10
Mahu2021: posts big blind 20
*** HOLE CARDS ***
Dealt to Mahu2021 [7c 8s]
pela.170494: raises 570 to 590 and is all-in
Rzeznik9414: calls 240 and is all-in
Mahu2021: folds 
Uncalled bet (340) returned to pela.170494
*** FLOP *** [Jd 7s Ts]
*** TURN *** [Jd 7s Ts] [Jh]
*** RIVER *** [Jd 7s Ts Jh] [Ac]
*** SHOW DOWN ***
Rzeznik9414: shows [8d Ad] (two pair, Aces and Jacks)
pela.170494: shows [Jc Ah] (a full house, Jacks full of Aces)
pela.170494 collected 520 from pot
Rzeznik9414 finished the tournament in 3rd place
*** SUMMARY ***
Total pot 520 | Rake 0 
Board [Jd 7s Ts Jh Ac]
Seat 1: Mahu2021 (big blind) folded before Flop
Seat 2: pela.170494 (button) showed [Jc Ah] and won (520) with a full house, Jacks full of Aces
Seat 3: Rzeznik9414 (small blind) showed [8d Ad] and lost with two pair, Aces and Jacks



PokerStars Hand #247036127221: Tournament #3671501524, $1.84+$0.16 USD Hold'em No Limit - Level I (10/20) - 2023/11/10 22:49:32 CET [2023/11/10 16:49:32 ET]
Table '3671501524 1' 3-max Seat #1 is the button
Seat 1: Mahu2021 (640 in chips) 
Seat 2: pela.170494 (860 in chips) 
Mahu2021: posts small blind 10
pela.170494: posts big blind 20
*** HOLE CARDS ***
Dealt to Mahu2021 [3h Td]
Mahu2021: folds 
Uncalled bet (10) returned to pela.170494
pela.170494 collected 20 from pot
pela.170494: doesn't show hand 
*** SUMMARY ***
Total pot 20 | Rake 0 
Seat 1: Mahu2021 (button) (small blind) folded before Flop
Seat 2: pela.170494 (big blind) collected (20)



PokerStars Hand #247036130034: Tournament #3671501524, $1.84+$0.16 USD Hold'em No Limit - Level II (15/30) - 2023/11/10 22:49:39 CET [2023/11/10 16:49:39 ET]
Table '3671501524 1' 3-max Seat #2 is the button
Seat 1: Mahu2021 (630 in chips) 
Seat 2: pela.170494 (870 in chips) 
pela.170494: posts small blind 15
Mahu2021: posts big blind 30
*** HOLE CARDS ***
Dealt to Mahu2021 [9s 9h]
pela.170494: calls 15
Mahu2021: raises 90 to 120
pela.170494: folds 
Uncalled bet (90) returned to Mahu2021
Mahu2021 collected 60 from pot
Mahu2021: doesn't show hand 
*** SUMMARY ***
Total pot 60 | Rake 0 
Seat 1: Mahu2021 (big blind) collected (60)
Seat 2: pela.170494 (button) (small blind) folded before Flop



PokerStars Hand #247036134651: Tournament #3671501524, $1.84+$0.16 USD Hold'em No Limit - Level II (15/30) - 2023/11/10 22:49:52 CET [2023/11/10 16:49:52 ET]
Table '3671501524 1' 3-max Seat #1 is the button
Seat 1: Mahu2021 (660 in chips) 
Seat 2: pela.170494 (840 in chips) 
Mahu2021: posts small blind 15
pela.170494: posts big blind 30
*** HOLE CARDS ***
Dealt to Mahu2021 [2d Kh]
Mahu2021: calls 15
pela.170494: raises 60 to 90
Mahu2021: calls 60
*** FLOP *** [Tc Jh Ts]
pela.170494: bets 90
Mahu2021: folds 
Uncalled bet (90) returned to pela.170494
pela.170494 collected 180 from pot
pela.170494: doesn't show hand 
*** SUMMARY ***
Total pot 180 | Rake 0 
Board [Tc Jh Ts]
Seat 1: Mahu2021 (button) (small blind) folded on the Flop
Seat 2: pela.170494 (big blind) collected (180)



PokerStars Hand #247036142282: Tournament #3671501524, $1.84+$0.16 USD Hold'em No Limit - Level II (15/30) - 2023/11/10 22:50:13 CET [2023/11/10 16:50:13 ET]
Table '3671501524 1' 3-max Seat #2 is the button
Seat 1: Mahu2021 (570 in chips) 
Seat 2: pela.170494 (930 in chips) 
pela.170494: posts small blind 15
Mahu2021: posts big blind 30
*** HOLE CARDS ***
Dealt to Mahu2021 [6c 4h]
pela.170494: raises 30 to 60
Mahu2021: calls 30
*** FLOP *** [Tc 9d Jd]
Mahu2021: checks 
pela.170494: bets 90
Mahu2021: folds 
Uncalled bet (90) returned to pela.170494
pela.170494 collected 120 from pot
pela.170494: doesn't show hand 
*** SUMMARY ***
Total pot 120 | Rake 0 
Board [Tc 9d Jd]
Seat 1: Mahu2021 (big blind) folded on the Flop
Seat 2: pela.170494 (button) (small blind) collected (120)



PokerStars Hand #247036148429: Tournament #3671501524, $1.84+$0.16 USD Hold'em No Limit - Level II (15/30) - 2023/11/10 22:50:30 CET [2023/11/10 16:50:30 ET]
Table '3671501524 1' 3-max Seat #1 is the button
Seat 1: Mahu2021 (510 in chips) 
Seat 2: pela.170494 (990 in chips) 
Mahu2021: posts small blind 15
pela.170494: posts big blind 30
*** HOLE CARDS ***
Dealt to Mahu2021 [4h Jh]
Mahu2021: raises 30 to 60
pela.170494: folds 
Uncalled bet (30) returned to Mahu2021
Mahu2021 collected 60 from pot
Mahu2021: doesn't show hand 
*** SUMMARY ***
Total pot 60 | Rake 0 
Seat 1: Mahu2021 (button) (small blind) collected (60)
Seat 2: pela.170494 (big blind) folded before Flop



PokerStars Hand #247036151062: Tournament #3671501524, $1.84+$0.16 USD Hold'em No Limit - Level II (15/30) - 2023/11/10 22:50:37 CET [2023/11/10 16:50:37 ET]
Table '3671501524 1' 3-max Seat #2 is the button
Seat 1: Mahu2021 (540 in chips) 
Seat 2: pela.170494 (960 in chips) 
pela.170494: posts small blind 15
Mahu2021: posts big blind 30
*** HOLE CARDS ***
Dealt to Mahu2021 [8h 6c]
pela.170494: calls 15
Mahu2021: checks 
*** FLOP *** [3c 5d 3h]
Mahu2021: checks 
pela.170494: bets 60
Mahu2021: folds 
Uncalled bet (60) returned to pela.170494
pela.170494 collected 60 from pot
pela.170494: doesn't show hand 
*** SUMMARY ***
Total pot 60 | Rake 0 
Board [3c 5d 3h]
Seat 1: Mahu2021 (big blind) folded on the Flop
Seat 2: pela.170494 (button) (small blind) collected (60)



PokerStars Hand #247036157760: Tournament #3671501524, $1.84+$0.16 USD Hold'em No Limit - Level II (15/30) - 2023/11/10 22:50:55 CET [2023/11/10 16:50:55 ET]
Table '3671501524 1' 3-max Seat #1 is the button
Seat 1: Mahu2021 (510 in chips) 
Seat 2: pela.170494 (990 in chips) 
Mahu2021: posts small blind 15
pela.170494: posts big blind 30
*** HOLE CARDS ***
Dealt to Mahu2021 [6s Jc]
Mahu2021: folds 
Uncalled bet (15) returned to pela.170494
pela.170494 collected 30 from pot
pela.170494: doesn't show hand 
*** SUMMARY ***
Total pot 30 | Rake 0 
Seat 1: Mahu2021 (button) (small blind) folded before Flop
Seat 2: pela.170494 (big blind) collected (30)



PokerStars Hand #247036159442: Tournament #3671501524, $1.84+$0.16 USD Hold'em No Limit - Level II (15/30) - 2023/11/10 22:51:00 CET [2023/11/10 16:51:00 ET]
Table '3671501524 1' 3-max Seat #2 is the button
Seat 1: Mahu2021 (495 in chips) 
Seat 2: pela.170494 (1005 in chips) 
pela.170494: posts small blind 15
Mahu2021: posts big blind 30
*** HOLE CARDS ***
Dealt to Mahu2021 [8s Qd]
pela.170494: raises 30 to 60
Mahu2021: calls 30
*** FLOP *** [9h Td Th]
Mahu2021: checks 
pela.170494: bets 79
Mahu2021: folds 
Uncalled bet (79) returned to pela.170494
pela.170494 collected 120 from pot
pela.170494: doesn't show hand 
*** SUMMARY ***
Total pot 120 | Rake 0 
Board [9h Td Th]
Seat 1: Mahu2021 (big blind) folded on the Flop
Seat 2: pela.170494 (button) (small blind) collected (120)



PokerStars Hand #247036164723: Tournament #3671501524, $1.84+$0.16 USD Hold'em No Limit - Level II (15/30) - 2023/11/10 22:51:15 CET [2023/11/10 16:51:15 ET]
Table '3671501524 1' 3-max Seat #1 is the button
Seat 1: Mahu2021 (435 in chips) 
Seat 2: pela.170494 (1065 in chips) 
Mahu2021: posts small blind 15
pela.170494: posts big blind 30
*** HOLE CARDS ***
Dealt to Mahu2021 [5c 6d]
Mahu2021: raises 30 to 60
pela.170494: folds 
Uncalled bet (30) returned to Mahu2021
Mahu2021 collected 60 from pot
Mahu2021: doesn't show hand 
*** SUMMARY ***
Total pot 60 | Rake 0 
Seat 1: Mahu2021 (button) (small blind) collected (60)
Seat 2: pela.170494 (big blind) folded before Flop



PokerStars Hand #247036171547: Tournament #3671501524, $1.84+$0.16 USD Hold'em No Limit - Level II (15/30) - 2023/11/10 22:51:33 CET [2023/11/10 16:51:33 ET]
Table '3671501524 1' 3-max Seat #2 is the button
Seat 1: Mahu2021 (465 in chips) 
Seat 2: pela.170494 (1035 in chips) 
pela.170494: posts small blind 15
Mahu2021: posts big blind 30
*** HOLE CARDS ***
Dealt to Mahu2021 [5d 5h]
pela.170494: calls 15
Mahu2021: raises 435 to 465 and is all-in
pela.170494: folds 
Uncalled bet (435) returned to Mahu2021
Mahu2021 collected 60 from pot
Mahu2021: doesn't show hand 
*** SUMMARY ***
Total pot 60 | Rake 0 
Seat 1: Mahu2021 (big blind) collected (60)
Seat 2: pela.170494 (button) (small blind) folded before Flop



PokerStars Hand #247036177792: Tournament #3671501524, $1.84+$0.16 USD Hold'em No Limit - Level II (15/30) - 2023/11/10 22:51:50 CET [2023/11/10 16:51:50 ET]
Table '3671501524 1' 3-max Seat #1 is the button
Seat 1: Mahu2021 (495 in chips) 
Seat 2: pela.170494 (1005 in chips) 
Mahu2021: posts small blind 15
pela.170494: posts big blind 30
*** HOLE CARDS ***
Dealt to Mahu2021 [Kh 6h]
Mahu2021: raises 30 to 60
pela.170494: calls 30
*** FLOP *** [9d As 3s]
pela.170494: checks 
Mahu2021: checks 
*** TURN *** [9d As 3s] [Ah]
pela.170494: bets 80
Mahu2021: calls 80
*** RIVER *** [9d As 3s Ah] [2c]
pela.170494: checks 
Mahu2021: checks 
*** SHOW DOWN ***
pela.170494: shows [8d Jh] (a pair of Aces)
Mahu2021: shows [Kh 6h] (a pair of Aces - King kicker)
Mahu2021 collected 280 from pot
*** SUMMARY ***
Total pot 280 | Rake 0 
Board [9d As 3s Ah 2c]
Seat 1: Mahu2021 (button) (small blind) showed [Kh 6h] and won (280) with a pair of Aces
Seat 2: pela.170494 (big blind) showed [8d Jh] and lost with a pair of Aces



PokerStars Hand #247036187796: Tournament #3671501524, $1.84+$0.16 USD Hold'em No Limit - Level II (15/30) - 2023/11/10 22:52:18 CET [2023/11/10 16:52:18 ET]
Table '3671501524 1' 3-max Seat #2 is the button
Seat 1: Mahu2021 (635 in chips) 
Seat 2: pela.170494 (865 in chips) 
pela.170494: posts small blind 15
Mahu2021: posts big blind 30
*** HOLE CARDS ***
Dealt to Mahu2021 [Kc Ah]
pela.170494: calls 15
Mahu2021: raises 60 to 90
pela.170494: calls 60
*** FLOP *** [4s 7s 8h]
Mahu2021: checks 
pela.170494: bets 120
Mahu2021: calls 120
*** TURN *** [4s 7s 8h] [As]
Mahu2021: bets 425 and is all-in
pela.170494: folds 
Uncalled bet (425) returned to Mahu2021
Mahu2021 collected 420 from pot
Mahu2021: doesn't show hand 
*** SUMMARY ***
Total pot 420 | Rake 0 
Board [4s 7s 8h As]
Seat 1: Mahu2021 (big blind) collected (420)
Seat 2: pela.170494 (button) (small blind) folded on the Turn



PokerStars Hand #247036198236: Tournament #3671501524, $1.84+$0.16 USD Hold'em No Limit - Level III (20/40) - 2023/11/10 22:52:47 CET [2023/11/10 16:52:47 ET]
Table '3671501524 1' 3-max Seat #1 is the button
Seat 1: Mahu2021 (845 in chips) 
Seat 2: pela.170494 (655 in chips) 
Mahu2021: posts small blind 20
pela.170494: posts big blind 40
*** HOLE CARDS ***
Dealt to Mahu2021 [2c Qs]
Mahu2021: folds 
Uncalled bet (20) returned to pela.170494
pela.170494 collected 40 from pot
pela.170494: doesn't show hand 
*** SUMMARY ***
Total pot 40 | Rake 0 
Seat 1: Mahu2021 (button) (small blind) folded before Flop
Seat 2: pela.170494 (big blind) collected (40)



PokerStars Hand #247036200089: Tournament #3671501524, $1.84+$0.16 USD Hold'em No Limit - Level III (20/40) - 2023/11/10 22:52:52 CET [2023/11/10 16:52:52 ET]
Table '3671501524 1' 3-max Seat #2 is the button
Seat 1: Mahu2021 (825 in chips) 
Seat 2: pela.170494 (675 in chips) 
pela.170494: posts small blind 20
Mahu2021: posts big blind 40
*** HOLE CARDS ***
Dealt to Mahu2021 [2s 9s]
pela.170494: folds 
Uncalled bet (20) returned to Mahu2021
Mahu2021 collected 40 from pot
Mahu2021: doesn't show hand 
*** SUMMARY ***
Total pot 40 | Rake 0 
Seat 1: Mahu2021 (big blind) collected (40)
Seat 2: pela.170494 (button) (small blind) folded before Flop



PokerStars Hand #247036201719: Tournament #3671501524, $1.84+$0.16 USD Hold'em No Limit - Level III (20/40) - 2023/11/10 22:52:56 CET [2023/11/10 16:52:56 ET]
Table '3671501524 1' 3-max Seat #1 is the button
Seat 1: Mahu2021 (845 in chips) 
Seat 2: pela.170494 (655 in chips) 
Mahu2021: posts small blind 20
pela.170494: posts big blind 40
*** HOLE CARDS ***
Dealt to Mahu2021 [9c 4d]
Mahu2021: folds 
Uncalled bet (20) returned to pela.170494
pela.170494 collected 40 from pot
pela.170494: doesn't show hand 
*** SUMMARY ***
Total pot 40 | Rake 0 
Seat 1: Mahu2021 (button) (small blind) folded before Flop
Seat 2: pela.170494 (big blind) collected (40)



PokerStars Hand #247036203442: Tournament #3671501524, $1.84+$0.16 USD Hold'em No Limit - Level III (20/40) - 2023/11/10 22:53:01 CET [2023/11/10 16:53:01 ET]
Table '3671501524 1' 3-max Seat #2 is the button
Seat 1: Mahu2021 (825 in chips) 
Seat 2: pela.170494 (675 in chips) 
pela.170494: posts small blind 20
Mahu2021: posts big blind 40
*** HOLE CARDS ***
Dealt to Mahu2021 [3d Kc]
pela.170494: calls 20
Mahu2021: checks 
*** FLOP *** [9d 9h 9s]
Mahu2021: checks 
pela.170494: checks 
*** TURN *** [9d 9h 9s] [9c]
Mahu2021: bets 785 and is all-in
pela.170494: calls 635 and is all-in
Uncalled bet (150) returned to Mahu2021
*** RIVER *** [9d 9h 9s 9c] [6c]
*** SHOW DOWN ***
Mahu2021: shows [3d Kc] (four of a kind, Nines)
pela.170494: shows [Kd 4h] (four of a kind, Nines)
Mahu2021 collected 675 from pot
pela.170494 collected 675 from pot
*** SUMMARY ***
Total pot 1350 | Rake 0 
Board [9d 9h 9s 9c 6c]
Seat 1: Mahu2021 (big blind) showed [3d Kc] and won (675) with four of a kind, Nines
Seat 2: pela.170494 (button) (small blind) showed [Kd 4h] and won (675) with four of a kind, Nines



PokerStars Hand #247036214273: Tournament #3671501524, $1.84+$0.16 USD Hold'em No Limit - Level III (20/40) - 2023/11/10 22:53:31 CET [2023/11/10 16:53:31 ET]
Table '3671501524 1' 3-max Seat #1 is the button
Seat 1: Mahu2021 (825 in chips) 
Seat 2: pela.170494 (675 in chips) 
Mahu2021: posts small blind 20
pela.170494: posts big blind 40
*** HOLE CARDS ***
Dealt to Mahu2021 [8c 4s]
Mahu2021: folds 
Uncalled bet (20) returned to pela.170494
pela.170494 collected 40 from pot
pela.170494: doesn't show hand 
*** SUMMARY ***
Total pot 40 | Rake 0 
Seat 1: Mahu2021 (button) (small blind) folded before Flop
Seat 2: pela.170494 (big blind) collected (40)



PokerStars Hand #247036215990: Tournament #3671501524, $1.84+$0.16 USD Hold'em No Limit - Level III (20/40) - 2023/11/10 22:53:36 CET [2023/11/10 16:53:36 ET]
Table '3671501524 1' 3-max Seat #2 is the button
Seat 1: Mahu2021 (805 in chips) 
Seat 2: pela.170494 (695 in chips) 
pela.170494: posts small blind 20
Mahu2021: posts big blind 40
*** HOLE CARDS ***
Dealt to Mahu2021 [Jc Tc]
pela.170494: raises 655 to 695 and is all-in
Mahu2021: folds 
Uncalled bet (655) returned to pela.170494
pela.170494 collected 80 from pot
pela.170494: doesn't show hand 
*** SUMMARY ***
Total pot 80 | Rake 0 
Seat 1: Mahu2021 (big blind) folded before Flop
Seat 2: pela.170494 (button) (small blind) collected (80)



PokerStars Hand #247036218336: Tournament #3671501524, $1.84+$0.16 USD Hold'em No Limit - Level III (20/40) - 2023/11/10 22:53:42 CET [2023/11/10 16:53:42 ET]
Table '3671501524 1' 3-max Seat #1 is the button
Seat 1: Mahu2021 (765 in chips) 
Seat 2: pela.170494 (735 in chips) 
Mahu2021: posts small blind 20
pela.170494: posts big blind 40
*** HOLE CARDS ***
Dealt to Mahu2021 [3d 8c]
Mahu2021: folds 
Uncalled bet (20) returned to pela.170494
pela.170494 collected 40 from pot
pela.170494: doesn't show hand 
*** SUMMARY ***
Total pot 40 | Rake 0 
Seat 1: Mahu2021 (button) (small blind) folded before Flop
Seat 2: pela.170494 (big blind) collected (40)



PokerStars Hand #247036219981: Tournament #3671501524, $1.84+$0.16 USD Hold'em No Limit - Level III (20/40) - 2023/11/10 22:53:47 CET [2023/11/10 16:53:47 ET]
Table '3671501524 1' 3-max Seat #2 is the button
Seat 1: Mahu2021 (745 in chips) 
Seat 2: pela.170494 (755 in chips) 
pela.170494: posts small blind 20
Mahu2021: posts big blind 40
*** HOLE CARDS ***
Dealt to Mahu2021 [8h 9c]
pela.170494: calls 20
Mahu2021: checks 
*** FLOP *** [Jh Ac 8s]
Mahu2021: checks 
pela.170494: bets 80
Mahu2021: folds 
Uncalled bet (80) returned to pela.170494
pela.170494 collected 80 from pot
pela.170494: doesn't show hand 
*** SUMMARY ***
Total pot 80 | Rake 0 
Board [Jh Ac 8s]
Seat 1: Mahu2021 (big blind) folded on the Flop
Seat 2: pela.170494 (button) (small blind) collected (80)



PokerStars Hand #247036226451: Tournament #3671501524, $1.84+$0.16 USD Hold'em No Limit - Level III (20/40) - 2023/11/10 22:54:05 CET [2023/11/10 16:54:05 ET]
Table '3671501524 1' 3-max Seat #1 is the button
Seat 1: Mahu2021 (705 in chips) 
Seat 2: pela.170494 (795 in chips) 
Mahu2021: posts small blind 20
pela.170494: posts big blind 40
*** HOLE CARDS ***
Dealt to Mahu2021 [Jh Qh]
Mahu2021: raises 40 to 80
pela.170494: calls 40
*** FLOP *** [Jd 5c Ac]
pela.170494: checks 
Mahu2021: bets 80
pela.170494: folds 
Uncalled bet (80) returned to Mahu2021
Mahu2021 collected 160 from pot
Mahu2021: doesn't show hand 
*** SUMMARY ***
Total pot 160 | Rake 0 
Board [Jd 5c Ac]
Seat 1: Mahu2021 (button) (small blind) collected (160)
Seat 2: pela.170494 (big blind) folded on the Flop



PokerStars Hand #247036235150: Tournament #3671501524, $1.84+$0.16 USD Hold'em No Limit - Level III (20/40) - 2023/11/10 22:54:29 CET [2023/11/10 16:54:29 ET]
Table '3671501524 1' 3-max Seat #2 is the button
Seat 1: Mahu2021 (785 in chips) 
Seat 2: pela.170494 (715 in chips) 
pela.170494: posts small blind 20
Mahu2021: posts big blind 40
*** HOLE CARDS ***
Dealt to Mahu2021 [3h 6d]
pela.170494: calls 20
Mahu2021: checks 
*** FLOP *** [2d 6c Ad]
Mahu2021: checks 
pela.170494: bets 80
Mahu2021: calls 80
*** TURN *** [2d 6c Ad] [3s]
Mahu2021: checks 
pela.170494: checks 
*** RIVER *** [2d 6c Ad 3s] [Jc]
Mahu2021: bets 80
pela.170494: calls 80
*** SHOW DOWN ***
Mahu2021: shows [3h 6d] (two pair, Sixes and Threes)
pela.170494: mucks hand 
Mahu2021 collected 400 from pot
*** SUMMARY ***
Total pot 400 | Rake 0 
Board [2d 6c Ad 3s Jc]
Seat 1: Mahu2021 (big blind) showed [3h 6d] and won (400) with two pair, Sixes and Threes
Seat 2: pela.170494 (button) (small blind) mucked [Qh 6s]



PokerStars Hand #247036250176: Tournament #3671501524, $1.84+$0.16 USD Hold'em No Limit - Level III (20/40) - 2023/11/10 22:55:13 CET [2023/11/10 16:55:13 ET]
Table '3671501524 1' 3-max Seat #1 is the button
Seat 1: Mahu2021 (985 in chips) 
Seat 2: pela.170494 (515 in chips) 
Mahu2021: posts small blind 20
pela.170494: posts big blind 40
*** HOLE CARDS ***
Dealt to Mahu2021 [2c 8c]
Mahu2021: folds 
Uncalled bet (20) returned to pela.170494
pela.170494 collected 40 from pot
pela.170494: doesn't show hand 
*** SUMMARY ***
Total pot 40 | Rake 0 
Seat 1: Mahu2021 (button) (small blind) folded before Flop
Seat 2: pela.170494 (big blind) collected (40)



PokerStars Hand #247036251400: Tournament #3671501524, $1.84+$0.16 USD Hold'em No Limit - Level III (20/40) - 2023/11/10 22:55:18 CET [2023/11/10 16:55:18 ET]
Table '3671501524 1' 3-max Seat #2 is the button
Seat 1: Mahu2021 (965 in chips) 
Seat 2: pela.170494 (535 in chips) 
pela.170494: posts small blind 20
Mahu2021: posts big blind 40
*** HOLE CARDS ***
Dealt to Mahu2021 [6s Ah]
pela.170494: raises 40 to 80
Mahu2021: calls 40
*** FLOP *** [4d Qh Jd]
Mahu2021: checks 
pela.170494: bets 120
Mahu2021: folds 
Uncalled bet (120) returned to pela.170494
pela.170494 collected 160 from pot
pela.170494: doesn't show hand 
*** SUMMARY ***
Total pot 160 | Rake 0 
Board [4d Qh Jd]
Seat 1: Mahu2021 (big blind) folded on the Flop
Seat 2: pela.170494 (button) (small blind) collected (160)



PokerStars Hand #247036257853: Tournament #3671501524, $1.84+$0.16 USD Hold'em No Limit - Level IV (30/60) - 2023/11/10 22:55:43 CET [2023/11/10 16:55:43 ET]
Table '3671501524 1' 3-max Seat #1 is the button
Seat 1: Mahu2021 (885 in chips) 
Seat 2: pela.170494 (615 in chips) 
Mahu2021: posts small blind 30
pela.170494: posts big blind 60
*** HOLE CARDS ***
Dealt to Mahu2021 [Jc Ad]
Mahu2021: raises 60 to 120
pela.170494: folds 
Uncalled bet (60) returned to Mahu2021
Mahu2021 collected 120 from pot
Mahu2021: doesn't show hand 
*** SUMMARY ***
Total pot 120 | Rake 0 
Seat 1: Mahu2021 (button) (small blind) collected (120)
Seat 2: pela.170494 (big blind) folded before Flop



PokerStars Hand #247036259607: Tournament #3671501524, $1.84+$0.16 USD Hold'em No Limit - Level IV (30/60) - 2023/11/10 22:55:50 CET [2023/11/10 16:55:50 ET]
Table '3671501524 1' 3-max Seat #2 is the button
Seat 1: Mahu2021 (945 in chips) 
Seat 2: pela.170494 (555 in chips) 
pela.170494: posts small blind 30
Mahu2021: posts big blind 60
*** HOLE CARDS ***
Dealt to Mahu2021 [Jh 5h]
pela.170494: calls 30
Mahu2021: checks 
*** FLOP *** [Tc Js 3d]
Mahu2021: bets 60
pela.170494: folds 
Uncalled bet (60) returned to Mahu2021
Mahu2021 collected 120 from pot
Mahu2021: doesn't show hand 
*** SUMMARY ***
Total pot 120 | Rake 0 
Board [Tc Js 3d]
Seat 1: Mahu2021 (big blind) collected (120)
Seat 2: pela.170494 (button) (small blind) folded on the Flop



PokerStars Hand #247036263775: Tournament #3671501524, $1.84+$0.16 USD Hold'em No Limit - Level IV (30/60) - 2023/11/10 22:56:06 CET [2023/11/10 16:56:06 ET]
Table '3671501524 1' 3-max Seat #1 is the button
Seat 1: Mahu2021 (1005 in chips) 
Seat 2: pela.170494 (495 in chips) 
Mahu2021: posts small blind 30
pela.170494: posts big blind 60
*** HOLE CARDS ***
Dealt to Mahu2021 [9h 2s]
Mahu2021: folds 
Uncalled bet (30) returned to pela.170494
pela.170494 collected 60 from pot
pela.170494: doesn't show hand 
*** SUMMARY ***
Total pot 60 | Rake 0 
Seat 1: Mahu2021 (button) (small blind) folded before Flop
Seat 2: pela.170494 (big blind) collected (60)



PokerStars Hand #247036264993: Tournament #3671501524, $1.84+$0.16 USD Hold'em No Limit - Level IV (30/60) - 2023/11/10 22:56:11 CET [2023/11/10 16:56:11 ET]
Table '3671501524 1' 3-max Seat #2 is the button
Seat 1: Mahu2021 (975 in chips) 
Seat 2: pela.170494 (525 in chips) 
pela.170494: posts small blind 30
Mahu2021: posts big blind 60
*** HOLE CARDS ***
Dealt to Mahu2021 [9s Qh]
pela.170494: raises 465 to 525 and is all-in
Mahu2021: folds 
Uncalled bet (465) returned to pela.170494
pela.170494 collected 120 from pot
pela.170494: doesn't show hand 
*** SUMMARY ***
Total pot 120 | Rake 0 
Seat 1: Mahu2021 (big blind) folded before Flop
Seat 2: pela.170494 (button) (small blind) collected (120)



PokerStars Hand #247036266524: Tournament #3671501524, $1.84+$0.16 USD Hold'em No Limit - Level IV (30/60) - 2023/11/10 22:56:16 CET [2023/11/10 16:56:16 ET]
Table '3671501524 1' 3-max Seat #1 is the button
Seat 1: Mahu2021 (915 in chips) 
Seat 2: pela.170494 (585 in chips) 
Mahu2021: posts small blind 30
pela.170494: posts big blind 60
*** HOLE CARDS ***
Dealt to Mahu2021 [2d Ah]
Mahu2021: raises 855 to 915 and is all-in
pela.170494: calls 525 and is all-in
Uncalled bet (330) returned to Mahu2021
*** FLOP *** [8c 5d 9s]
*** TURN *** [8c 5d 9s] [6d]
*** RIVER *** [8c 5d 9s 6d] [6s]
*** SHOW DOWN ***
pela.170494: shows [4d Ad] (a pair of Sixes)
Mahu2021: shows [2d Ah] (a pair of Sixes)
pela.170494 collected 585 from pot
Mahu2021 collected 585 from pot
*** SUMMARY ***
Total pot 1170 | Rake 0 
Board [8c 5d 9s 6d 6s]
Seat 1: Mahu2021 (button) (small blind) showed [2d Ah] and won (585) with a pair of Sixes
Seat 2: pela.170494 (big blind) showed [4d Ad] and won (585) with a pair of Sixes



PokerStars Hand #247036270172: Tournament #3671501524, $1.84+$0.16 USD Hold'em No Limit - Level IV (30/60) - 2023/11/10 22:56:30 CET [2023/11/10 16:56:30 ET]
Table '3671501524 1' 3-max Seat #2 is the button
Seat 1: Mahu2021 (915 in chips) 
Seat 2: pela.170494 (585 in chips) 
pela.170494: posts small blind 30
Mahu2021: posts big blind 60
*** HOLE CARDS ***
Dealt to Mahu2021 [3c 7h]
pela.170494: raises 525 to 585 and is all-in
Mahu2021: folds 
Uncalled bet (525) returned to pela.170494
pela.170494 collected 120 from pot
pela.170494: doesn't show hand 
*** SUMMARY ***
Total pot 120 | Rake 0 
Seat 1: Mahu2021 (big blind) folded before Flop
Seat 2: pela.170494 (button) (small blind) collected (120)



PokerStars Hand #247036272546: Tournament #3671501524, $1.84+$0.16 USD Hold'em No Limit - Level IV (30/60) - 2023/11/10 22:56:39 CET [2023/11/10 16:56:39 ET]
Table '3671501524 1' 3-max Seat #1 is the button
Seat 1: Mahu2021 (855 in chips) 
Seat 2: pela.170494 (645 in chips) 
Mahu2021: posts small blind 30
pela.170494: posts big blind 60
*** HOLE CARDS ***
Dealt to Mahu2021 [4s 8h]
Mahu2021: folds 
Uncalled bet (30) returned to pela.170494
pela.170494 collected 60 from pot
pela.170494: doesn't show hand 
*** SUMMARY ***
Total pot 60 | Rake 0 
Seat 1: Mahu2021 (button) (small blind) folded before Flop
Seat 2: pela.170494 (big blind) collected (60)



PokerStars Hand #247036273752: Tournament #3671501524, $1.84+$0.16 USD Hold'em No Limit - Level IV (30/60) - 2023/11/10 22:56:43 CET [2023/11/10 16:56:43 ET]
Table '3671501524 1' 3-max Seat #2 is the button
Seat 1: Mahu2021 (825 in chips) 
Seat 2: pela.170494 (675 in chips) 
pela.170494: posts small blind 30
Mahu2021: posts big blind 60
*** HOLE CARDS ***
Dealt to Mahu2021 [8s 4d]
pela.170494: folds 
Uncalled bet (30) returned to Mahu2021
Mahu2021 collected 60 from pot
Mahu2021: doesn't show hand 
*** SUMMARY ***
Total pot 60 | Rake 0 
Seat 1: Mahu2021 (big blind) collected (60)
Seat 2: pela.170494 (button) (small blind) folded before Flop



PokerStars Hand #247036275270: Tournament #3671501524, $1.84+$0.16 USD Hold'em No Limit - Level IV (30/60) - 2023/11/10 22:56:49 CET [2023/11/10 16:56:49 ET]
Table '3671501524 1' 3-max Seat #1 is the button
Seat 1: Mahu2021 (855 in chips) 
Seat 2: pela.170494 (645 in chips) 
Mahu2021: posts small blind 30
pela.170494: posts big blind 60
*** HOLE CARDS ***
Dealt to Mahu2021 [Kd 7d]
Mahu2021: raises 60 to 120
pela.170494: folds 
Uncalled bet (60) returned to Mahu2021
Mahu2021 collected 120 from pot
Mahu2021: doesn't show hand 
*** SUMMARY ***
Total pot 120 | Rake 0 
Seat 1: Mahu2021 (button) (small blind) collected (120)
Seat 2: pela.170494 (big blind) folded before Flop



PokerStars Hand #247036277416: Tournament #3671501524, $1.84+$0.16 USD Hold'em No Limit - Level IV (30/60) - 2023/11/10 22:56:57 CET [2023/11/10 16:56:57 ET]
Table '3671501524 1' 3-max Seat #2 is the button
Seat 1: Mahu2021 (915 in chips) 
Seat 2: pela.170494 (585 in chips) 
pela.170494: posts small blind 30
Mahu2021: posts big blind 60
*** HOLE CARDS ***
Dealt to Mahu2021 [Kh Ts]
pela.170494: folds 
Uncalled bet (30) returned to Mahu2021
Mahu2021 collected 60 from pot
Mahu2021: doesn't show hand 
*** SUMMARY ***
Total pot 60 | Rake 0 
Seat 1: Mahu2021 (big blind) collected (60)
Seat 2: pela.170494 (button) (small blind) folded before Flop



PokerStars Hand #247036279945: Tournament #3671501524, $1.84+$0.16 USD Hold'em No Limit - Level IV (30/60) - 2023/11/10 22:57:06 CET [2023/11/10 16:57:06 ET]
Table '3671501524 1' 3-max Seat #1 is the button
Seat 1: Mahu2021 (945 in chips) 
Seat 2: pela.170494 (555 in chips) 
Mahu2021: posts small blind 30
pela.170494: posts big blind 60
*** HOLE CARDS ***
Dealt to Mahu2021 [9c 7c]
Mahu2021: calls 30
pela.170494: checks 
*** FLOP *** [Qc 5s As]
pela.170494: bets 120
Mahu2021: folds 
Uncalled bet (120) returned to pela.170494
pela.170494 collected 120 from pot
pela.170494: doesn't show hand 
*** SUMMARY ***
Total pot 120 | Rake 0 
Board [Qc 5s As]
Seat 1: Mahu2021 (button) (small blind) folded on the Flop
Seat 2: pela.170494 (big blind) collected (120)



PokerStars Hand #247036286243: Tournament #3671501524, $1.84+$0.16 USD Hold'em No Limit - Level IV (30/60) - 2023/11/10 22:57:30 CET [2023/11/10 16:57:30 ET]
Table '3671501524 1' 3-max Seat #2 is the button
Seat 1: Mahu2021 (885 in chips) 
Seat 2: pela.170494 (615 in chips) 
pela.170494: posts small blind 30
Mahu2021: posts big blind 60
*** HOLE CARDS ***
Dealt to Mahu2021 [As Qc]
pela.170494: raises 555 to 615 and is all-in
Mahu2021: calls 555
*** FLOP *** [3h Ac 4s]
*** TURN *** [3h Ac 4s] [Js]
*** RIVER *** [3h Ac 4s Js] [Kh]
*** SHOW DOWN ***
Mahu2021: shows [As Qc] (a pair of Aces)
pela.170494: shows [Jd Qh] (a pair of Jacks)
Mahu2021 collected 1230 from pot
pela.170494 finished the tournament in 2nd place
Mahu2021 wins the tournament and receives $6.00 - congratulations!
*** SUMMARY ***
Total pot 1230 | Rake 0 
Board [3h Ac 4s Js Kh]
Seat 1: Mahu2021 (big blind) showed [As Qc] and won (1230) with a pair of Aces
Seat 2: pela.170494 (button) (small blind) showed [Jd Qh] and lost with a pair of Jacks



