PokerStars Hand #249105150756: Tournament #3721460701, $1.84+$0.16 USD Hold'em No Limit - Level I (10/20) - 2024/02/26 15:57:21 CET [2024/02/26 9:57:21 ET]
Table '3721460701 1' 3-max Seat #1 is the button
Seat 1: OreoC14 (500 in chips) 
Seat 2: Mahu2021 (500 in chips) 
Seat 3: GR2707 (500 in chips) 
Mahu2021: posts small blind 10
GR2707: posts big blind 20
*** HOLE CARDS ***
Dealt to Mahu2021 [3d 9c]
OreoC14: folds 
Mahu2021: folds 
Uncalled bet (10) returned to GR2707
GR2707 collected 20 from pot
*** SUMMARY ***
Total pot 20 | Rake 0 
Seat 1: OreoC14 (button) folded before Flop (didn't bet)
Seat 2: Mahu2021 (small blind) folded before Flop
Seat 3: GR2707 (big blind) collected (20)



PokerStars Hand #249105151775: Tournament #3721460701, $1.84+$0.16 USD Hold'em No Limit - Level I (10/20) - 2024/02/26 15:57:27 CET [2024/02/26 9:57:27 ET]
Table '3721460701 1' 3-max Seat #2 is the button
Seat 1: OreoC14 (500 in chips) 
Seat 2: Mahu2021 (490 in chips) 
Seat 3: GR2707 (510 in chips) 
GR2707: posts small blind 10
OreoC14: posts big blind 20
*** HOLE CARDS ***
Dealt to Mahu2021 [8s Kh]
Mahu2021: folds 
GR2707: raises 40 to 60
OreoC14: raises 40 to 100
GR2707: calls 40
*** FLOP *** [8h Ac 3d]
GR2707: checks 
OreoC14: checks 
*** TURN *** [8h Ac 3d] [2h]
GR2707: bets 100
OreoC14: calls 100
*** RIVER *** [8h Ac 3d 2h] [Tc]
GR2707: checks 
OreoC14: bets 100
GR2707: calls 100
*** SHOW DOWN ***
OreoC14: shows [Th Td] (three of a kind, Tens)
GR2707: mucks hand 
OreoC14 collected 600 from pot
*** SUMMARY ***
Total pot 600 | Rake 0 
Board [8h Ac 3d 2h Tc]
Seat 1: OreoC14 (big blind) showed [Th Td] and won (600) with three of a kind, Tens
Seat 2: Mahu2021 (button) folded before Flop (didn't bet)
Seat 3: GR2707 (small blind) mucked [8d 5c]



PokerStars Hand #249105159000: Tournament #3721460701, $1.84+$0.16 USD Hold'em No Limit - Level I (10/20) - 2024/02/26 15:58:08 CET [2024/02/26 9:58:08 ET]
Table '3721460701 1' 3-max Seat #3 is the button
Seat 1: OreoC14 (800 in chips) 
Seat 2: Mahu2021 (490 in chips) 
Seat 3: GR2707 (210 in chips) 
OreoC14: posts small blind 10
Mahu2021: posts big blind 20
*** HOLE CARDS ***
Dealt to Mahu2021 [Ts Ks]
GR2707: raises 190 to 210 and is all-in
OreoC14: folds 
Mahu2021: calls 190
*** FLOP *** [Ac 7c 5d]
*** TURN *** [Ac 7c 5d] [4h]
*** RIVER *** [Ac 7c 5d 4h] [Tc]
*** SHOW DOWN ***
Mahu2021: shows [Ts Ks] (a pair of Tens)
GR2707: shows [9h Th] (a pair of Tens - lower kicker)
Mahu2021 collected 430 from pot
GR2707 finished the tournament in 3rd place
*** SUMMARY ***
Total pot 430 | Rake 0 
Board [Ac 7c 5d 4h Tc]
Seat 1: OreoC14 (small blind) folded before Flop
Seat 2: Mahu2021 (big blind) showed [Ts Ks] and won (430) with a pair of Tens
Seat 3: GR2707 (button) showed [9h Th] and lost with a pair of Tens



PokerStars Hand #249105162323: Tournament #3721460701, $1.84+$0.16 USD Hold'em No Limit - Level I (10/20) - 2024/02/26 15:58:27 CET [2024/02/26 9:58:27 ET]
Table '3721460701 1' 3-max Seat #2 is the button
Seat 1: OreoC14 (790 in chips) 
Seat 2: Mahu2021 (710 in chips) 
Mahu2021: posts small blind 10
OreoC14: posts big blind 20
*** HOLE CARDS ***
Dealt to Mahu2021 [Ad 5s]
Mahu2021: calls 10
OreoC14: checks 
*** FLOP *** [2s 4d 2c]
OreoC14: checks 
Mahu2021: bets 20
OreoC14: calls 20
*** TURN *** [2s 4d 2c] [Qh]
OreoC14: checks 
Mahu2021: checks 
*** RIVER *** [2s 4d 2c Qh] [9c]
OreoC14: checks 
Mahu2021: checks 
*** SHOW DOWN ***
OreoC14: shows [3h 8h] (a pair of Deuces)
Mahu2021: shows [Ad 5s] (a pair of Deuces - Ace kicker)
Mahu2021 collected 80 from pot
*** SUMMARY ***
Total pot 80 | Rake 0 
Board [2s 4d 2c Qh 9c]
Seat 1: OreoC14 (big blind) showed [3h 8h] and lost with a pair of Deuces
Seat 2: Mahu2021 (button) (small blind) showed [Ad 5s] and won (80) with a pair of Deuces



PokerStars Hand #249105165883: Tournament #3721460701, $1.84+$0.16 USD Hold'em No Limit - Level I (10/20) - 2024/02/26 15:58:48 CET [2024/02/26 9:58:48 ET]
Table '3721460701 1' 3-max Seat #1 is the button
Seat 1: OreoC14 (750 in chips) 
Seat 2: Mahu2021 (750 in chips) 
OreoC14: posts small blind 10
Mahu2021: posts big blind 20
*** HOLE CARDS ***
Dealt to Mahu2021 [6c Ts]
OreoC14: calls 10
Mahu2021: checks 
*** FLOP *** [5d 5s 2c]
Mahu2021: checks 
OreoC14: checks 
*** TURN *** [5d 5s 2c] [Ah]
Mahu2021: checks 
OreoC14: checks 
*** RIVER *** [5d 5s 2c Ah] [3c]
Mahu2021: checks 
OreoC14: bets 60
Mahu2021: folds 
Uncalled bet (60) returned to OreoC14
OreoC14 collected 40 from pot
*** SUMMARY ***
Total pot 40 | Rake 0 
Board [5d 5s 2c Ah 3c]
Seat 1: OreoC14 (button) (small blind) collected (40)
Seat 2: Mahu2021 (big blind) folded on the River



PokerStars Hand #249105169019: Tournament #3721460701, $1.84+$0.16 USD Hold'em No Limit - Level I (10/20) - 2024/02/26 15:59:05 CET [2024/02/26 9:59:05 ET]
Table '3721460701 1' 3-max Seat #2 is the button
Seat 1: OreoC14 (770 in chips) 
Seat 2: Mahu2021 (730 in chips) 
Mahu2021: posts small blind 10
OreoC14: posts big blind 20
*** HOLE CARDS ***
Dealt to Mahu2021 [6h 8s]
Mahu2021: calls 10
OreoC14: checks 
*** FLOP *** [5s 6s Qc]
OreoC14: checks 
Mahu2021: bets 20
OreoC14: folds 
Uncalled bet (20) returned to Mahu2021
Mahu2021 collected 40 from pot
Mahu2021: doesn't show hand 
*** SUMMARY ***
Total pot 40 | Rake 0 
Board [5s 6s Qc]
Seat 1: OreoC14 (big blind) folded on the Flop
Seat 2: Mahu2021 (button) (small blind) collected (40)



PokerStars Hand #249105170946: Tournament #3721460701, $1.84+$0.16 USD Hold'em No Limit - Level I (10/20) - 2024/02/26 15:59:17 CET [2024/02/26 9:59:17 ET]
Table '3721460701 1' 3-max Seat #1 is the button
Seat 1: OreoC14 (750 in chips) 
Seat 2: Mahu2021 (750 in chips) 
OreoC14: posts small blind 10
Mahu2021: posts big blind 20
*** HOLE CARDS ***
Dealt to Mahu2021 [9h 5s]
OreoC14: calls 10
Mahu2021: checks 
*** FLOP *** [8h 3d Jh]
Mahu2021: checks 
OreoC14: bets 60
Mahu2021: folds 
Uncalled bet (60) returned to OreoC14
OreoC14 collected 40 from pot
*** SUMMARY ***
Total pot 40 | Rake 0 
Board [8h 3d Jh]
Seat 1: OreoC14 (button) (small blind) collected (40)
Seat 2: Mahu2021 (big blind) folded on the Flop



PokerStars Hand #249105173824: Tournament #3721460701, $1.84+$0.16 USD Hold'em No Limit - Level II (15/30) - 2024/02/26 15:59:33 CET [2024/02/26 9:59:33 ET]
Table '3721460701 1' 3-max Seat #2 is the button
Seat 1: OreoC14 (770 in chips) 
Seat 2: Mahu2021 (730 in chips) 
Mahu2021: posts small blind 15
OreoC14: posts big blind 30
*** HOLE CARDS ***
Dealt to Mahu2021 [Ah 2h]
Mahu2021: raises 30 to 60
OreoC14: calls 30
*** FLOP *** [2d 9s 3s]
OreoC14: checks 
Mahu2021: checks 
*** TURN *** [2d 9s 3s] [Kd]
OreoC14: checks 
Mahu2021: checks 
*** RIVER *** [2d 9s 3s Kd] [4s]
OreoC14: checks 
Mahu2021: checks 
*** SHOW DOWN ***
OreoC14: shows [8s 7h] (high card King)
Mahu2021: shows [Ah 2h] (a pair of Deuces)
Mahu2021 collected 120 from pot
*** SUMMARY ***
Total pot 120 | Rake 0 
Board [2d 9s 3s Kd 4s]
Seat 1: OreoC14 (big blind) showed [8s 7h] and lost with high card King
Seat 2: Mahu2021 (button) (small blind) showed [Ah 2h] and won (120) with a pair of Deuces



PokerStars Hand #249105177067: Tournament #3721460701, $1.84+$0.16 USD Hold'em No Limit - Level II (15/30) - 2024/02/26 15:59:52 CET [2024/02/26 9:59:52 ET]
Table '3721460701 1' 3-max Seat #1 is the button
Seat 1: OreoC14 (710 in chips) 
Seat 2: Mahu2021 (790 in chips) 
OreoC14: posts small blind 15
Mahu2021: posts big blind 30
*** HOLE CARDS ***
Dealt to Mahu2021 [7d 2s]
OreoC14: calls 15
Mahu2021: checks 
*** FLOP *** [6h Jh Td]
Mahu2021: checks 
OreoC14: checks 
*** TURN *** [6h Jh Td] [9d]
Mahu2021: checks 
OreoC14: checks 
*** RIVER *** [6h Jh Td 9d] [6s]
Mahu2021: checks 
OreoC14: bets 30
Mahu2021: folds 
Uncalled bet (30) returned to OreoC14
OreoC14 collected 60 from pot
*** SUMMARY ***
Total pot 60 | Rake 0 
Board [6h Jh Td 9d 6s]
Seat 1: OreoC14 (button) (small blind) collected (60)
Seat 2: Mahu2021 (big blind) folded on the River



PokerStars Hand #249105179797: Tournament #3721460701, $1.84+$0.16 USD Hold'em No Limit - Level II (15/30) - 2024/02/26 16:00:07 CET [2024/02/26 10:00:07 ET]
Table '3721460701 1' 3-max Seat #2 is the button
Seat 1: OreoC14 (740 in chips) 
Seat 2: Mahu2021 (760 in chips) 
Mahu2021: posts small blind 15
OreoC14: posts big blind 30
*** HOLE CARDS ***
Dealt to Mahu2021 [9c Ac]
Mahu2021: raises 60 to 90
OreoC14: calls 60
*** FLOP *** [6c Jc 6s]
OreoC14: checks 
Mahu2021: checks 
*** TURN *** [6c Jc 6s] [Qd]
OreoC14: checks 
Mahu2021: checks 
*** RIVER *** [6c Jc 6s Qd] [3c]
OreoC14: checks 
Mahu2021: bets 60
OreoC14: calls 60
*** SHOW DOWN ***
Mahu2021: shows [9c Ac] (a flush, Ace high)
OreoC14: mucks hand 
Mahu2021 collected 300 from pot
*** SUMMARY ***
Total pot 300 | Rake 0 
Board [6c Jc 6s Qd 3c]
Seat 1: OreoC14 (big blind) mucked [Qs Tc]
Seat 2: Mahu2021 (button) (small blind) showed [9c Ac] and won (300) with a flush, Ace high



PokerStars Hand #249105183814: Tournament #3721460701, $1.84+$0.16 USD Hold'em No Limit - Level II (15/30) - 2024/02/26 16:00:30 CET [2024/02/26 10:00:30 ET]
Table '3721460701 1' 3-max Seat #1 is the button
Seat 1: OreoC14 (590 in chips) 
Seat 2: Mahu2021 (910 in chips) 
OreoC14: posts small blind 15
Mahu2021: posts big blind 30
*** HOLE CARDS ***
Dealt to Mahu2021 [Kh 5h]
OreoC14: calls 15
Mahu2021: checks 
*** FLOP *** [Js 2s Qc]
Mahu2021: checks 
OreoC14: checks 
*** TURN *** [Js 2s Qc] [Qd]
Mahu2021: checks 
OreoC14: checks 
*** RIVER *** [Js 2s Qc Qd] [7c]
Mahu2021: checks 
OreoC14: bets 60
Mahu2021: folds 
Uncalled bet (60) returned to OreoC14
OreoC14 collected 60 from pot
*** SUMMARY ***
Total pot 60 | Rake 0 
Board [Js 2s Qc Qd 7c]
Seat 1: OreoC14 (button) (small blind) collected (60)
Seat 2: Mahu2021 (big blind) folded on the River



PokerStars Hand #249105186965: Tournament #3721460701, $1.84+$0.16 USD Hold'em No Limit - Level II (15/30) - 2024/02/26 16:00:46 CET [2024/02/26 10:00:46 ET]
Table '3721460701 1' 3-max Seat #2 is the button
Seat 1: OreoC14 (620 in chips) 
Seat 2: Mahu2021 (880 in chips) 
Mahu2021: posts small blind 15
OreoC14: posts big blind 30
*** HOLE CARDS ***
Dealt to Mahu2021 [2d 3c]
Mahu2021: calls 15
OreoC14: checks 
*** FLOP *** [As Ac 3s]
OreoC14: checks 
Mahu2021: bets 30
OreoC14: calls 30
*** TURN *** [As Ac 3s] [3d]
OreoC14: checks 
Mahu2021: bets 120
OreoC14: folds 
Uncalled bet (120) returned to Mahu2021
Mahu2021 collected 120 from pot
Mahu2021: doesn't show hand 
*** SUMMARY ***
Total pot 120 | Rake 0 
Board [As Ac 3s 3d]
Seat 1: OreoC14 (big blind) folded on the Turn
Seat 2: Mahu2021 (button) (small blind) collected (120)



PokerStars Hand #249105190321: Tournament #3721460701, $1.84+$0.16 USD Hold'em No Limit - Level II (15/30) - 2024/02/26 16:01:03 CET [2024/02/26 10:01:03 ET]
Table '3721460701 1' 3-max Seat #1 is the button
Seat 1: OreoC14 (560 in chips) 
Seat 2: Mahu2021 (940 in chips) 
OreoC14: posts small blind 15
Mahu2021: posts big blind 30
*** HOLE CARDS ***
Dealt to Mahu2021 [7d 6h]
OreoC14: calls 15
Mahu2021: checks 
*** FLOP *** [2h 4d Kc]
Mahu2021: checks 
OreoC14: checks 
*** TURN *** [2h 4d Kc] [5s]
Mahu2021: checks 
OreoC14: checks 
*** RIVER *** [2h 4d Kc 5s] [Kh]
Mahu2021: checks 
OreoC14: bets 30
Mahu2021: folds 
Uncalled bet (30) returned to OreoC14
OreoC14 collected 60 from pot
*** SUMMARY ***
Total pot 60 | Rake 0 
Board [2h 4d Kc 5s Kh]
Seat 1: OreoC14 (button) (small blind) collected (60)
Seat 2: Mahu2021 (big blind) folded on the River



PokerStars Hand #249105193789: Tournament #3721460701, $1.84+$0.16 USD Hold'em No Limit - Level II (15/30) - 2024/02/26 16:01:20 CET [2024/02/26 10:01:20 ET]
Table '3721460701 1' 3-max Seat #2 is the button
Seat 1: OreoC14 (590 in chips) 
Seat 2: Mahu2021 (910 in chips) 
Mahu2021: posts small blind 15
OreoC14: posts big blind 30
*** HOLE CARDS ***
Dealt to Mahu2021 [7s 3c]
Mahu2021: folds 
Uncalled bet (15) returned to OreoC14
OreoC14 collected 30 from pot
*** SUMMARY ***
Total pot 30 | Rake 0 
Seat 1: OreoC14 (big blind) collected (30)
Seat 2: Mahu2021 (button) (small blind) folded before Flop



PokerStars Hand #249105195438: Tournament #3721460701, $1.84+$0.16 USD Hold'em No Limit - Level III (20/40) - 2024/02/26 16:01:27 CET [2024/02/26 10:01:27 ET]
Table '3721460701 1' 3-max Seat #1 is the button
Seat 1: OreoC14 (605 in chips) 
Seat 2: Mahu2021 (895 in chips) 
OreoC14: posts small blind 20
Mahu2021: posts big blind 40
*** HOLE CARDS ***
Dealt to Mahu2021 [7d Tc]
OreoC14: calls 20
Mahu2021: checks 
*** FLOP *** [2c 8h 5d]
Mahu2021: checks 
OreoC14: checks 
*** TURN *** [2c 8h 5d] [9h]
Mahu2021: bets 80
OreoC14: calls 80
*** RIVER *** [2c 8h 5d 9h] [3s]
Mahu2021: checks 
OreoC14: checks 
*** SHOW DOWN ***
Mahu2021: shows [7d Tc] (high card Ten)
OreoC14: shows [Jd 8s] (a pair of Eights)
OreoC14 collected 240 from pot
*** SUMMARY ***
Total pot 240 | Rake 0 
Board [2c 8h 5d 9h 3s]
Seat 1: OreoC14 (button) (small blind) showed [Jd 8s] and won (240) with a pair of Eights
Seat 2: Mahu2021 (big blind) showed [7d Tc] and lost with high card Ten



PokerStars Hand #249105199263: Tournament #3721460701, $1.84+$0.16 USD Hold'em No Limit - Level III (20/40) - 2024/02/26 16:01:46 CET [2024/02/26 10:01:46 ET]
Table '3721460701 1' 3-max Seat #2 is the button
Seat 1: OreoC14 (725 in chips) 
Seat 2: Mahu2021 (775 in chips) 
Mahu2021: posts small blind 20
OreoC14: posts big blind 40
*** HOLE CARDS ***
Dealt to Mahu2021 [Qc 3c]
Mahu2021: calls 20
OreoC14: checks 
*** FLOP *** [Jh 7c Ac]
OreoC14: checks 
Mahu2021: bets 80
OreoC14: calls 80
*** TURN *** [Jh 7c Ac] [Ks]
OreoC14: checks 
Mahu2021: checks 
*** RIVER *** [Jh 7c Ac Ks] [4d]
OreoC14: bets 80
Mahu2021: folds 
Uncalled bet (80) returned to OreoC14
OreoC14 collected 240 from pot
*** SUMMARY ***
Total pot 240 | Rake 0 
Board [Jh 7c Ac Ks 4d]
Seat 1: OreoC14 (big blind) collected (240)
Seat 2: Mahu2021 (button) (small blind) folded on the River



PokerStars Hand #249105203790: Tournament #3721460701, $1.84+$0.16 USD Hold'em No Limit - Level III (20/40) - 2024/02/26 16:02:07 CET [2024/02/26 10:02:07 ET]
Table '3721460701 1' 3-max Seat #1 is the button
Seat 1: OreoC14 (845 in chips) 
Seat 2: Mahu2021 (655 in chips) 
OreoC14: posts small blind 20
Mahu2021: posts big blind 40
*** HOLE CARDS ***
Dealt to Mahu2021 [7c 6c]
OreoC14: calls 20
Mahu2021: checks 
*** FLOP *** [5d 5c 8c]
Mahu2021: checks 
OreoC14: checks 
*** TURN *** [5d 5c 8c] [4h]
Mahu2021: checks 
OreoC14: checks 
*** RIVER *** [5d 5c 8c 4h] [7s]
Mahu2021: bets 80
OreoC14: folds 
Uncalled bet (80) returned to Mahu2021
Mahu2021 collected 80 from pot
Mahu2021: doesn't show hand 
*** SUMMARY ***
Total pot 80 | Rake 0 
Board [5d 5c 8c 4h 7s]
Seat 1: OreoC14 (button) (small blind) folded on the River
Seat 2: Mahu2021 (big blind) collected (80)



PokerStars Hand #249105208465: Tournament #3721460701, $1.84+$0.16 USD Hold'em No Limit - Level III (20/40) - 2024/02/26 16:02:29 CET [2024/02/26 10:02:29 ET]
Table '3721460701 1' 3-max Seat #2 is the button
Seat 1: OreoC14 (805 in chips) 
Seat 2: Mahu2021 (695 in chips) 
Mahu2021: posts small blind 20
OreoC14: posts big blind 40
*** HOLE CARDS ***
Dealt to Mahu2021 [8c Td]
Mahu2021: folds 
Uncalled bet (20) returned to OreoC14
OreoC14 collected 40 from pot
*** SUMMARY ***
Total pot 40 | Rake 0 
Seat 1: OreoC14 (big blind) collected (40)
Seat 2: Mahu2021 (button) (small blind) folded before Flop



PokerStars Hand #249105209714: Tournament #3721460701, $1.84+$0.16 USD Hold'em No Limit - Level III (20/40) - 2024/02/26 16:02:34 CET [2024/02/26 10:02:34 ET]
Table '3721460701 1' 3-max Seat #1 is the button
Seat 1: OreoC14 (825 in chips) 
Seat 2: Mahu2021 (675 in chips) 
OreoC14: posts small blind 20
Mahu2021: posts big blind 40
*** HOLE CARDS ***
Dealt to Mahu2021 [7d 8s]
OreoC14: calls 20
Mahu2021: checks 
*** FLOP *** [Ah 7c Jc]
Mahu2021: checks 
OreoC14: checks 
*** TURN *** [Ah 7c Jc] [2s]
Mahu2021: checks 
OreoC14: checks 
*** RIVER *** [Ah 7c Jc 2s] [3c]
Mahu2021: bets 80
OreoC14: folds 
Uncalled bet (80) returned to Mahu2021
Mahu2021 collected 80 from pot
Mahu2021: doesn't show hand 
*** SUMMARY ***
Total pot 80 | Rake 0 
Board [Ah 7c Jc 2s 3c]
Seat 1: OreoC14 (button) (small blind) folded on the River
Seat 2: Mahu2021 (big blind) collected (80)



PokerStars Hand #249105213078: Tournament #3721460701, $1.84+$0.16 USD Hold'em No Limit - Level III (20/40) - 2024/02/26 16:02:50 CET [2024/02/26 10:02:50 ET]
Table '3721460701 1' 3-max Seat #2 is the button
Seat 1: OreoC14 (785 in chips) 
Seat 2: Mahu2021 (715 in chips) 
Mahu2021: posts small blind 20
OreoC14: posts big blind 40
*** HOLE CARDS ***
Dealt to Mahu2021 [2h 2d]
Mahu2021: calls 20
OreoC14: checks 
*** FLOP *** [5c Ac Js]
OreoC14: checks 
Mahu2021: bets 40
OreoC14: calls 40
*** TURN *** [5c Ac Js] [Th]
OreoC14: checks 
Mahu2021: checks 
*** RIVER *** [5c Ac Js Th] [5d]
OreoC14: checks 
Mahu2021: bets 160
OreoC14: raises 160 to 320
Mahu2021: folds 
Uncalled bet (160) returned to OreoC14
OreoC14 collected 480 from pot
*** SUMMARY ***
Total pot 480 | Rake 0 
Board [5c Ac Js Th 5d]
Seat 1: OreoC14 (big blind) collected (480)
Seat 2: Mahu2021 (button) (small blind) folded on the River



PokerStars Hand #249105218689: Tournament #3721460701, $1.84+$0.16 USD Hold'em No Limit - Level III (20/40) - 2024/02/26 16:03:15 CET [2024/02/26 10:03:15 ET]
Table '3721460701 1' 3-max Seat #1 is the button
Seat 1: OreoC14 (1025 in chips) 
Seat 2: Mahu2021 (475 in chips) 
OreoC14: posts small blind 20
Mahu2021: posts big blind 40
*** HOLE CARDS ***
Dealt to Mahu2021 [8h 6s]
OreoC14: calls 20
Mahu2021: checks 
*** FLOP *** [9s Ts 3c]
Mahu2021: checks 
OreoC14: checks 
*** TURN *** [9s Ts 3c] [5d]
Mahu2021: checks 
OreoC14: checks 
*** RIVER *** [9s Ts 3c 5d] [Jc]
Mahu2021: checks 
OreoC14: checks 
*** SHOW DOWN ***
Mahu2021: shows [8h 6s] (high card Jack)
OreoC14: shows [8d Th] (a pair of Tens)
OreoC14 collected 80 from pot
*** SUMMARY ***
Total pot 80 | Rake 0 
Board [9s Ts 3c 5d Jc]
Seat 1: OreoC14 (button) (small blind) showed [8d Th] and won (80) with a pair of Tens
Seat 2: Mahu2021 (big blind) showed [8h 6s] and lost with high card Jack



PokerStars Hand #249105222171: Tournament #3721460701, $1.84+$0.16 USD Hold'em No Limit - Level IV (30/60) - 2024/02/26 16:03:31 CET [2024/02/26 10:03:31 ET]
Table '3721460701 1' 3-max Seat #2 is the button
Seat 1: OreoC14 (1065 in chips) 
Seat 2: Mahu2021 (435 in chips) 
Mahu2021: posts small blind 30
OreoC14: posts big blind 60
*** HOLE CARDS ***
Dealt to Mahu2021 [3d Kd]
Mahu2021: raises 60 to 120
OreoC14: calls 60
*** FLOP *** [Tc 8s 4d]
OreoC14: checks 
Mahu2021: checks 
*** TURN *** [Tc 8s 4d] [Qd]
OreoC14: checks 
Mahu2021: checks 
*** RIVER *** [Tc 8s 4d Qd] [5c]
OreoC14: checks 
Mahu2021: checks 
*** SHOW DOWN ***
OreoC14: shows [Ac 2d] (high card Ace)
Mahu2021: mucks hand 
OreoC14 collected 240 from pot
*** SUMMARY ***
Total pot 240 | Rake 0 
Board [Tc 8s 4d Qd 5c]
Seat 1: OreoC14 (big blind) showed [Ac 2d] and won (240) with high card Ace
Seat 2: Mahu2021 (button) (small blind) mucked [3d Kd]



PokerStars Hand #249105225506: Tournament #3721460701, $1.84+$0.16 USD Hold'em No Limit - Level IV (30/60) - 2024/02/26 16:03:46 CET [2024/02/26 10:03:46 ET]
Table '3721460701 1' 3-max Seat #1 is the button
Seat 1: OreoC14 (1185 in chips) 
Seat 2: Mahu2021 (315 in chips) 
OreoC14: posts small blind 30
Mahu2021: posts big blind 60
*** HOLE CARDS ***
Dealt to Mahu2021 [9h 2h]
OreoC14: calls 30
Mahu2021: checks 
*** FLOP *** [8s 5h 9c]
Mahu2021: bets 255 and is all-in
OreoC14: folds 
Uncalled bet (255) returned to Mahu2021
Mahu2021 collected 120 from pot
Mahu2021: doesn't show hand 
*** SUMMARY ***
Total pot 120 | Rake 0 
Board [8s 5h 9c]
Seat 1: OreoC14 (button) (small blind) folded on the Flop
Seat 2: Mahu2021 (big blind) collected (120)



PokerStars Hand #249105227657: Tournament #3721460701, $1.84+$0.16 USD Hold'em No Limit - Level IV (30/60) - 2024/02/26 16:03:56 CET [2024/02/26 10:03:56 ET]
Table '3721460701 1' 3-max Seat #2 is the button
Seat 1: OreoC14 (1125 in chips) 
Seat 2: Mahu2021 (375 in chips) 
Mahu2021: posts small blind 30
OreoC14: posts big blind 60
*** HOLE CARDS ***
Dealt to Mahu2021 [3c Th]
Mahu2021: folds 
Uncalled bet (30) returned to OreoC14
OreoC14 collected 60 from pot
*** SUMMARY ***
Total pot 60 | Rake 0 
Seat 1: OreoC14 (big blind) collected (60)
Seat 2: Mahu2021 (button) (small blind) folded before Flop



PokerStars Hand #249105228638: Tournament #3721460701, $1.84+$0.16 USD Hold'em No Limit - Level IV (30/60) - 2024/02/26 16:04:01 CET [2024/02/26 10:04:01 ET]
Table '3721460701 1' 3-max Seat #1 is the button
Seat 1: OreoC14 (1155 in chips) 
Seat 2: Mahu2021 (345 in chips) 
OreoC14: posts small blind 30
Mahu2021: posts big blind 60
*** HOLE CARDS ***
Dealt to Mahu2021 [7c 4d]
OreoC14: calls 30
Mahu2021: checks 
*** FLOP *** [5c 2s 9h]
Mahu2021: checks 
OreoC14: checks 
*** TURN *** [5c 2s 9h] [9c]
Mahu2021: checks 
OreoC14: checks 
*** RIVER *** [5c 2s 9h 9c] [3s]
Mahu2021: checks 
OreoC14: checks 
*** SHOW DOWN ***
Mahu2021: shows [7c 4d] (a pair of Nines)
OreoC14: shows [Kh 3h] (two pair, Nines and Threes)
OreoC14 collected 120 from pot
*** SUMMARY ***
Total pot 120 | Rake 0 
Board [5c 2s 9h 9c 3s]
Seat 1: OreoC14 (button) (small blind) showed [Kh 3h] and won (120) with two pair, Nines and Threes
Seat 2: Mahu2021 (big blind) showed [7c 4d] and lost with a pair of Nines



PokerStars Hand #249105231588: Tournament #3721460701, $1.84+$0.16 USD Hold'em No Limit - Level IV (30/60) - 2024/02/26 16:04:14 CET [2024/02/26 10:04:14 ET]
Table '3721460701 1' 3-max Seat #2 is the button
Seat 1: OreoC14 (1215 in chips) 
Seat 2: Mahu2021 (285 in chips) 
Mahu2021: posts small blind 30
OreoC14: posts big blind 60
*** HOLE CARDS ***
Dealt to Mahu2021 [7h Kd]
Mahu2021: raises 225 to 285 and is all-in
OreoC14: folds 
Uncalled bet (225) returned to Mahu2021
Mahu2021 collected 120 from pot
Mahu2021: doesn't show hand 
*** SUMMARY ***
Total pot 120 | Rake 0 
Seat 1: OreoC14 (big blind) folded before Flop
Seat 2: Mahu2021 (button) (small blind) collected (120)



PokerStars Hand #249105233225: Tournament #3721460701, $1.84+$0.16 USD Hold'em No Limit - Level IV (30/60) - 2024/02/26 16:04:21 CET [2024/02/26 10:04:21 ET]
Table '3721460701 1' 3-max Seat #1 is the button
Seat 1: OreoC14 (1155 in chips) 
Seat 2: Mahu2021 (345 in chips) 
OreoC14: posts small blind 30
Mahu2021: posts big blind 60
*** HOLE CARDS ***
Dealt to Mahu2021 [9d 8h]
OreoC14: calls 30
Mahu2021: checks 
*** FLOP *** [7s Ts Qs]
Mahu2021: checks 
OreoC14: checks 
*** TURN *** [7s Ts Qs] [5h]
Mahu2021: checks 
OreoC14: checks 
*** RIVER *** [7s Ts Qs 5h] [7c]
Mahu2021: checks 
OreoC14: bets 60
Mahu2021: folds 
Uncalled bet (60) returned to OreoC14
OreoC14 collected 120 from pot
*** SUMMARY ***
Total pot 120 | Rake 0 
Board [7s Ts Qs 5h 7c]
Seat 1: OreoC14 (button) (small blind) collected (120)
Seat 2: Mahu2021 (big blind) folded on the River



PokerStars Hand #249105236464: Tournament #3721460701, $1.84+$0.16 USD Hold'em No Limit - Level IV (30/60) - 2024/02/26 16:04:36 CET [2024/02/26 10:04:36 ET]
Table '3721460701 1' 3-max Seat #2 is the button
Seat 1: OreoC14 (1215 in chips) 
Seat 2: Mahu2021 (285 in chips) 
Mahu2021: posts small blind 30
OreoC14: posts big blind 60
*** HOLE CARDS ***
Dealt to Mahu2021 [3s 4c]
Mahu2021: folds 
Uncalled bet (30) returned to OreoC14
OreoC14 collected 60 from pot
*** SUMMARY ***
Total pot 60 | Rake 0 
Seat 1: OreoC14 (big blind) collected (60)
Seat 2: Mahu2021 (button) (small blind) folded before Flop



PokerStars Hand #249105237484: Tournament #3721460701, $1.84+$0.16 USD Hold'em No Limit - Level IV (30/60) - 2024/02/26 16:04:41 CET [2024/02/26 10:04:41 ET]
Table '3721460701 1' 3-max Seat #1 is the button
Seat 1: OreoC14 (1245 in chips) 
Seat 2: Mahu2021 (255 in chips) 
OreoC14: posts small blind 30
Mahu2021: posts big blind 60
*** HOLE CARDS ***
Dealt to Mahu2021 [6d Ac]
OreoC14: calls 30
Mahu2021: raises 195 to 255 and is all-in
OreoC14: folds 
Uncalled bet (195) returned to Mahu2021
Mahu2021 collected 120 from pot
Mahu2021: doesn't show hand 
*** SUMMARY ***
Total pot 120 | Rake 0 
Seat 1: OreoC14 (button) (small blind) folded before Flop
Seat 2: Mahu2021 (big blind) collected (120)



PokerStars Hand #249105239141: Tournament #3721460701, $1.84+$0.16 USD Hold'em No Limit - Level IV (30/60) - 2024/02/26 16:04:49 CET [2024/02/26 10:04:49 ET]
Table '3721460701 1' 3-max Seat #2 is the button
Seat 1: OreoC14 (1185 in chips) 
Seat 2: Mahu2021 (315 in chips) 
Mahu2021: posts small blind 30
OreoC14: posts big blind 60
*** HOLE CARDS ***
Dealt to Mahu2021 [2s 3h]
Mahu2021: folds 
Uncalled bet (30) returned to OreoC14
OreoC14 collected 60 from pot
*** SUMMARY ***
Total pot 60 | Rake 0 
Seat 1: OreoC14 (big blind) collected (60)
Seat 2: Mahu2021 (button) (small blind) folded before Flop



PokerStars Hand #249105240176: Tournament #3721460701, $1.84+$0.16 USD Hold'em No Limit - Level IV (30/60) - 2024/02/26 16:04:53 CET [2024/02/26 10:04:53 ET]
Table '3721460701 1' 3-max Seat #1 is the button
Seat 1: OreoC14 (1215 in chips) 
Seat 2: Mahu2021 (285 in chips) 
OreoC14: posts small blind 30
Mahu2021: posts big blind 60
*** HOLE CARDS ***
Dealt to Mahu2021 [4d 6c]
OreoC14: calls 30
Mahu2021: checks 
*** FLOP *** [As Jh Kc]
Mahu2021: checks 
OreoC14: bets 60
Mahu2021: folds 
Uncalled bet (60) returned to OreoC14
OreoC14 collected 120 from pot
*** SUMMARY ***
Total pot 120 | Rake 0 
Board [As Jh Kc]
Seat 1: OreoC14 (button) (small blind) collected (120)
Seat 2: Mahu2021 (big blind) folded on the Flop



PokerStars Hand #249105242441: Tournament #3721460701, $1.84+$0.16 USD Hold'em No Limit - Level IV (30/60) - 2024/02/26 16:05:04 CET [2024/02/26 10:05:04 ET]
Table '3721460701 1' 3-max Seat #2 is the button
Seat 1: OreoC14 (1275 in chips) 
Seat 2: Mahu2021 (225 in chips) 
Mahu2021: posts small blind 30
OreoC14: posts big blind 60
*** HOLE CARDS ***
Dealt to Mahu2021 [8h 4c]
Mahu2021: folds 
Uncalled bet (30) returned to OreoC14
OreoC14 collected 60 from pot
*** SUMMARY ***
Total pot 60 | Rake 0 
Seat 1: OreoC14 (big blind) collected (60)
Seat 2: Mahu2021 (button) (small blind) folded before Flop



PokerStars Hand #249105243481: Tournament #3721460701, $1.84+$0.16 USD Hold'em No Limit - Level IV (30/60) - 2024/02/26 16:05:08 CET [2024/02/26 10:05:08 ET]
Table '3721460701 1' 3-max Seat #1 is the button
Seat 1: OreoC14 (1305 in chips) 
Seat 2: Mahu2021 (195 in chips) 
OreoC14: posts small blind 30
Mahu2021: posts big blind 60
*** HOLE CARDS ***
Dealt to Mahu2021 [Qh 4h]
OreoC14: calls 30
Mahu2021: raises 135 to 195 and is all-in
OreoC14: calls 135
*** FLOP *** [6c 6d 7s]
*** TURN *** [6c 6d 7s] [6h]
*** RIVER *** [6c 6d 7s 6h] [5h]
*** SHOW DOWN ***
Mahu2021: shows [Qh 4h] (three of a kind, Sixes)
OreoC14: shows [8c Td] (three of a kind, Sixes - lower kicker)
Mahu2021 collected 390 from pot
*** SUMMARY ***
Total pot 390 | Rake 0 
Board [6c 6d 7s 6h 5h]
Seat 1: OreoC14 (button) (small blind) showed [8c Td] and lost with three of a kind, Sixes
Seat 2: Mahu2021 (big blind) showed [Qh 4h] and won (390) with three of a kind, Sixes



PokerStars Hand #249105247539: Tournament #3721460701, $1.84+$0.16 USD Hold'em No Limit - Level V (40/80) - 2024/02/26 16:05:26 CET [2024/02/26 10:05:26 ET]
Table '3721460701 1' 3-max Seat #2 is the button
Seat 1: OreoC14 (1110 in chips) 
Seat 2: Mahu2021 (390 in chips) 
Mahu2021: posts small blind 40
OreoC14: posts big blind 80
*** HOLE CARDS ***
Dealt to Mahu2021 [6s As]
Mahu2021: raises 310 to 390 and is all-in
OreoC14: folds 
Uncalled bet (310) returned to Mahu2021
Mahu2021 collected 160 from pot
Mahu2021: doesn't show hand 
*** SUMMARY ***
Total pot 160 | Rake 0 
Seat 1: OreoC14 (big blind) folded before Flop
Seat 2: Mahu2021 (button) (small blind) collected (160)



PokerStars Hand #249105248883: Tournament #3721460701, $1.84+$0.16 USD Hold'em No Limit - Level V (40/80) - 2024/02/26 16:05:33 CET [2024/02/26 10:05:33 ET]
Table '3721460701 1' 3-max Seat #1 is the button
Seat 1: OreoC14 (1030 in chips) 
Seat 2: Mahu2021 (470 in chips) 
OreoC14: posts small blind 40
Mahu2021: posts big blind 80
*** HOLE CARDS ***
Dealt to Mahu2021 [4s 8h]
OreoC14: calls 40
Mahu2021: checks 
*** FLOP *** [3d 2d Ah]
Mahu2021: checks 
OreoC14: checks 
*** TURN *** [3d 2d Ah] [Qs]
Mahu2021: checks 
OreoC14: checks 
*** RIVER *** [3d 2d Ah Qs] [Th]
Mahu2021: checks 
OreoC14: checks 
*** SHOW DOWN ***
Mahu2021: shows [4s 8h] (high card Ace)
OreoC14: shows [Qc 5d] (a pair of Queens)
OreoC14 collected 160 from pot
*** SUMMARY ***
Total pot 160 | Rake 0 
Board [3d 2d Ah Qs Th]
Seat 1: OreoC14 (button) (small blind) showed [Qc 5d] and won (160) with a pair of Queens
Seat 2: Mahu2021 (big blind) showed [4s 8h] and lost with high card Ace



PokerStars Hand #249105251710: Tournament #3721460701, $1.84+$0.16 USD Hold'em No Limit - Level V (40/80) - 2024/02/26 16:05:45 CET [2024/02/26 10:05:45 ET]
Table '3721460701 1' 3-max Seat #2 is the button
Seat 1: OreoC14 (1110 in chips) 
Seat 2: Mahu2021 (390 in chips) 
Mahu2021: posts small blind 40
OreoC14: posts big blind 80
*** HOLE CARDS ***
Dealt to Mahu2021 [2c 6d]
Mahu2021: folds 
Uncalled bet (40) returned to OreoC14
OreoC14 collected 80 from pot
*** SUMMARY ***
Total pot 80 | Rake 0 
Seat 1: OreoC14 (big blind) collected (80)
Seat 2: Mahu2021 (button) (small blind) folded before Flop



PokerStars Hand #249105252825: Tournament #3721460701, $1.84+$0.16 USD Hold'em No Limit - Level V (40/80) - 2024/02/26 16:05:50 CET [2024/02/26 10:05:50 ET]
Table '3721460701 1' 3-max Seat #1 is the button
Seat 1: OreoC14 (1150 in chips) 
Seat 2: Mahu2021 (350 in chips) 
OreoC14: posts small blind 40
Mahu2021: posts big blind 80
*** HOLE CARDS ***
Dealt to Mahu2021 [Td 8h]
OreoC14: calls 40
Mahu2021: checks 
*** FLOP *** [Ad 6s 7d]
Mahu2021: checks 
OreoC14: checks 
*** TURN *** [Ad 6s 7d] [8c]
Mahu2021: bets 80
OreoC14: calls 80
*** RIVER *** [Ad 6s 7d 8c] [Jd]
Mahu2021: checks 
OreoC14: bets 80
Mahu2021: folds 
Uncalled bet (80) returned to OreoC14
OreoC14 collected 320 from pot
*** SUMMARY ***
Total pot 320 | Rake 0 
Board [Ad 6s 7d 8c Jd]
Seat 1: OreoC14 (button) (small blind) collected (320)
Seat 2: Mahu2021 (big blind) folded on the River



PokerStars Hand #249105257137: Tournament #3721460701, $1.84+$0.16 USD Hold'em No Limit - Level V (40/80) - 2024/02/26 16:06:10 CET [2024/02/26 10:06:10 ET]
Table '3721460701 1' 3-max Seat #2 is the button
Seat 1: OreoC14 (1310 in chips) 
Seat 2: Mahu2021 (190 in chips) 
Mahu2021: posts small blind 40
OreoC14: posts big blind 80
*** HOLE CARDS ***
Dealt to Mahu2021 [Td Ts]
Mahu2021: raises 110 to 190 and is all-in
OreoC14: calls 110
*** FLOP *** [Tc 6h 2s]
*** TURN *** [Tc 6h 2s] [3d]
*** RIVER *** [Tc 6h 2s 3d] [6c]
*** SHOW DOWN ***
OreoC14: shows [4d Ad] (a pair of Sixes)
Mahu2021: shows [Td Ts] (a full house, Tens full of Sixes)
Mahu2021 collected 380 from pot
*** SUMMARY ***
Total pot 380 | Rake 0 
Board [Tc 6h 2s 3d 6c]
Seat 1: OreoC14 (big blind) showed [4d Ad] and lost with a pair of Sixes
Seat 2: Mahu2021 (button) (small blind) showed [Td Ts] and won (380) with a full house, Tens full of Sixes



PokerStars Hand #249105259822: Tournament #3721460701, $1.84+$0.16 USD Hold'em No Limit - Level V (40/80) - 2024/02/26 16:06:22 CET [2024/02/26 10:06:22 ET]
Table '3721460701 1' 3-max Seat #1 is the button
Seat 1: OreoC14 (1120 in chips) 
Seat 2: Mahu2021 (380 in chips) 
OreoC14: posts small blind 40
Mahu2021: posts big blind 80
*** HOLE CARDS ***
Dealt to Mahu2021 [Ah 2h]
OreoC14: calls 40
Mahu2021: raises 300 to 380 and is all-in
OreoC14: folds 
Uncalled bet (300) returned to Mahu2021
Mahu2021 collected 160 from pot
Mahu2021: doesn't show hand 
*** SUMMARY ***
Total pot 160 | Rake 0 
Seat 1: OreoC14 (button) (small blind) folded before Flop
Seat 2: Mahu2021 (big blind) collected (160)



PokerStars Hand #249105261503: Tournament #3721460701, $1.84+$0.16 USD Hold'em No Limit - Level V (40/80) - 2024/02/26 16:06:30 CET [2024/02/26 10:06:30 ET]
Table '3721460701 1' 3-max Seat #2 is the button
Seat 1: OreoC14 (1040 in chips) 
Seat 2: Mahu2021 (460 in chips) 
Mahu2021: posts small blind 40
OreoC14: posts big blind 80
*** HOLE CARDS ***
Dealt to Mahu2021 [Th 7c]
Mahu2021: calls 40
OreoC14: checks 
*** FLOP *** [9s Ah Qc]
OreoC14: checks 
Mahu2021: bets 80
OreoC14: folds 
Uncalled bet (80) returned to Mahu2021
Mahu2021 collected 160 from pot
Mahu2021: doesn't show hand 
*** SUMMARY ***
Total pot 160 | Rake 0 
Board [9s Ah Qc]
Seat 1: OreoC14 (big blind) folded on the Flop
Seat 2: Mahu2021 (button) (small blind) collected (160)



PokerStars Hand #249105263956: Tournament #3721460701, $1.84+$0.16 USD Hold'em No Limit - Level V (40/80) - 2024/02/26 16:06:41 CET [2024/02/26 10:06:41 ET]
Table '3721460701 1' 3-max Seat #1 is the button
Seat 1: OreoC14 (960 in chips) 
Seat 2: Mahu2021 (540 in chips) 
OreoC14: posts small blind 40
Mahu2021: posts big blind 80
*** HOLE CARDS ***
Dealt to Mahu2021 [4s 6d]
OreoC14: calls 40
Mahu2021: checks 
*** FLOP *** [Jh Ad 6h]
Mahu2021: checks 
OreoC14: checks 
*** TURN *** [Jh Ad 6h] [7c]
Mahu2021: checks 
OreoC14: checks 
*** RIVER *** [Jh Ad 6h 7c] [Kc]
Mahu2021: checks 
OreoC14: checks 
*** SHOW DOWN ***
Mahu2021: shows [4s 6d] (a pair of Sixes)
OreoC14: mucks hand 
Mahu2021 collected 160 from pot
*** SUMMARY ***
Total pot 160 | Rake 0 
Board [Jh Ad 6h 7c Kc]
Seat 1: OreoC14 (button) (small blind) mucked [4d 8c]
Seat 2: Mahu2021 (big blind) showed [4s 6d] and won (160) with a pair of Sixes



PokerStars Hand #249105267195: Tournament #3721460701, $1.84+$0.16 USD Hold'em No Limit - Level V (40/80) - 2024/02/26 16:06:55 CET [2024/02/26 10:06:55 ET]
Table '3721460701 1' 3-max Seat #2 is the button
Seat 1: OreoC14 (880 in chips) 
Seat 2: Mahu2021 (620 in chips) 
Mahu2021: posts small blind 40
OreoC14: posts big blind 80
*** HOLE CARDS ***
Dealt to Mahu2021 [Ac 9s]
Mahu2021: raises 80 to 160
OreoC14: folds 
Uncalled bet (80) returned to Mahu2021
Mahu2021 collected 160 from pot
Mahu2021: doesn't show hand 
*** SUMMARY ***
Total pot 160 | Rake 0 
Seat 1: OreoC14 (big blind) folded before Flop
Seat 2: Mahu2021 (button) (small blind) collected (160)



PokerStars Hand #249105268978: Tournament #3721460701, $1.84+$0.16 USD Hold'em No Limit - Level V (40/80) - 2024/02/26 16:07:03 CET [2024/02/26 10:07:03 ET]
Table '3721460701 1' 3-max Seat #1 is the button
Seat 1: OreoC14 (800 in chips) 
Seat 2: Mahu2021 (700 in chips) 
OreoC14: posts small blind 40
Mahu2021: posts big blind 80
*** HOLE CARDS ***
Dealt to Mahu2021 [Qs 6s]
OreoC14: calls 40
Mahu2021: checks 
*** FLOP *** [7c 2s 3c]
Mahu2021: checks 
OreoC14: bets 160
Mahu2021: folds 
Uncalled bet (160) returned to OreoC14
OreoC14 collected 160 from pot
*** SUMMARY ***
Total pot 160 | Rake 0 
Board [7c 2s 3c]
Seat 1: OreoC14 (button) (small blind) collected (160)
Seat 2: Mahu2021 (big blind) folded on the Flop



PokerStars Hand #249105271582: Tournament #3721460701, $1.84+$0.16 USD Hold'em No Limit - Level V (40/80) - 2024/02/26 16:07:15 CET [2024/02/26 10:07:15 ET]
Table '3721460701 1' 3-max Seat #2 is the button
Seat 1: OreoC14 (880 in chips) 
Seat 2: Mahu2021 (620 in chips) 
Mahu2021: posts small blind 40
OreoC14: posts big blind 80
*** HOLE CARDS ***
Dealt to Mahu2021 [Qc 3s]
Mahu2021: calls 40
OreoC14: checks 
*** FLOP *** [Jh Qh Kh]
OreoC14: checks 
Mahu2021: bets 80
OreoC14: calls 80
*** TURN *** [Jh Qh Kh] [4d]
OreoC14: checks 
Mahu2021: checks 
*** RIVER *** [Jh Qh Kh 4d] [7s]
OreoC14: checks 
Mahu2021: checks 
*** SHOW DOWN ***
OreoC14: shows [7d Td] (a pair of Sevens)
Mahu2021: shows [Qc 3s] (a pair of Queens)
Mahu2021 collected 320 from pot
*** SUMMARY ***
Total pot 320 | Rake 0 
Board [Jh Qh Kh 4d 7s]
Seat 1: OreoC14 (big blind) showed [7d Td] and lost with a pair of Sevens
Seat 2: Mahu2021 (button) (small blind) showed [Qc 3s] and won (320) with a pair of Queens



PokerStars Hand #249105276302: Tournament #3721460701, $1.84+$0.16 USD Hold'em No Limit - Level VI (50/100) - 2024/02/26 16:07:36 CET [2024/02/26 10:07:36 ET]
Table '3721460701 1' 3-max Seat #1 is the button
Seat 1: OreoC14 (720 in chips) 
Seat 2: Mahu2021 (780 in chips) 
OreoC14: posts small blind 50
Mahu2021: posts big blind 100
*** HOLE CARDS ***
Dealt to Mahu2021 [4s 3d]
OreoC14: folds 
Uncalled bet (50) returned to Mahu2021
Mahu2021 collected 100 from pot
Mahu2021: doesn't show hand 
*** SUMMARY ***
Total pot 100 | Rake 0 
Seat 1: OreoC14 (button) (small blind) folded before Flop
Seat 2: Mahu2021 (big blind) collected (100)



PokerStars Hand #249105277672: Tournament #3721460701, $1.84+$0.16 USD Hold'em No Limit - Level VI (50/100) - 2024/02/26 16:07:42 CET [2024/02/26 10:07:42 ET]
Table '3721460701 1' 3-max Seat #2 is the button
Seat 1: OreoC14 (670 in chips) 
Seat 2: Mahu2021 (830 in chips) 
Mahu2021: posts small blind 50
OreoC14: posts big blind 100
*** HOLE CARDS ***
Dealt to Mahu2021 [5h Ac]
Mahu2021: raises 730 to 830 and is all-in
OreoC14: folds 
Uncalled bet (730) returned to Mahu2021
Mahu2021 collected 200 from pot
Mahu2021: doesn't show hand 
*** SUMMARY ***
Total pot 200 | Rake 0 
Seat 1: OreoC14 (big blind) folded before Flop
Seat 2: Mahu2021 (button) (small blind) collected (200)



PokerStars Hand #249105279553: Tournament #3721460701, $1.84+$0.16 USD Hold'em No Limit - Level VI (50/100) - 2024/02/26 16:07:51 CET [2024/02/26 10:07:51 ET]
Table '3721460701 1' 3-max Seat #1 is the button
Seat 1: OreoC14 (570 in chips) 
Seat 2: Mahu2021 (930 in chips) 
OreoC14: posts small blind 50
Mahu2021: posts big blind 100
*** HOLE CARDS ***
Dealt to Mahu2021 [8c Kd]
OreoC14: calls 50
Mahu2021: checks 
*** FLOP *** [6s 3c Kh]
Mahu2021: checks 
OreoC14: bets 100
Mahu2021: calls 100
*** TURN *** [6s 3c Kh] [3h]
Mahu2021: checks 
OreoC14: checks 
*** RIVER *** [6s 3c Kh 3h] [6h]
Mahu2021: bets 100
OreoC14: folds 
Uncalled bet (100) returned to Mahu2021
Mahu2021 collected 400 from pot
Mahu2021: doesn't show hand 
*** SUMMARY ***
Total pot 400 | Rake 0 
Board [6s 3c Kh 3h 6h]
Seat 1: OreoC14 (button) (small blind) folded on the River
Seat 2: Mahu2021 (big blind) collected (400)



PokerStars Hand #249105282918: Tournament #3721460701, $1.84+$0.16 USD Hold'em No Limit - Level VI (50/100) - 2024/02/26 16:08:06 CET [2024/02/26 10:08:06 ET]
Table '3721460701 1' 3-max Seat #2 is the button
Seat 1: OreoC14 (370 in chips) 
Seat 2: Mahu2021 (1130 in chips) 
Mahu2021: posts small blind 50
OreoC14: posts big blind 100
*** HOLE CARDS ***
Dealt to Mahu2021 [Kh Ts]
Mahu2021: raises 1030 to 1130 and is all-in
OreoC14: calls 270 and is all-in
Uncalled bet (760) returned to Mahu2021
*** FLOP *** [9s Kd 2c]
*** TURN *** [9s Kd 2c] [9h]
*** RIVER *** [9s Kd 2c 9h] [Ac]
*** SHOW DOWN ***
OreoC14: shows [9c 8s] (three of a kind, Nines)
Mahu2021: shows [Kh Ts] (two pair, Kings and Nines)
OreoC14 collected 740 from pot
*** SUMMARY ***
Total pot 740 | Rake 0 
Board [9s Kd 2c 9h Ac]
Seat 1: OreoC14 (big blind) showed [9c 8s] and won (740) with three of a kind, Nines
Seat 2: Mahu2021 (button) (small blind) showed [Kh Ts] and lost with two pair, Kings and Nines



PokerStars Hand #249105285987: Tournament #3721460701, $1.84+$0.16 USD Hold'em No Limit - Level VI (50/100) - 2024/02/26 16:08:20 CET [2024/02/26 10:08:20 ET]
Table '3721460701 1' 3-max Seat #1 is the button
Seat 1: OreoC14 (740 in chips) 
Seat 2: Mahu2021 (760 in chips) 
OreoC14: posts small blind 50
Mahu2021: posts big blind 100
*** HOLE CARDS ***
Dealt to Mahu2021 [5h 2c]
OreoC14: calls 50
Mahu2021: checks 
*** FLOP *** [Ts 3c Kc]
Mahu2021: checks 
OreoC14: checks 
*** TURN *** [Ts 3c Kc] [Qc]
Mahu2021: checks 
OreoC14: checks 
*** RIVER *** [Ts 3c Kc Qc] [Th]
Mahu2021: checks 
OreoC14: checks 
*** SHOW DOWN ***
Mahu2021: shows [5h 2c] (a pair of Tens)
OreoC14: shows [9h Ac] (a pair of Tens - Ace kicker)
OreoC14 collected 200 from pot
*** SUMMARY ***
Total pot 200 | Rake 0 
Board [Ts 3c Kc Qc Th]
Seat 1: OreoC14 (button) (small blind) showed [9h Ac] and won (200) with a pair of Tens
Seat 2: Mahu2021 (big blind) showed [5h 2c] and lost with a pair of Tens



PokerStars Hand #249105288990: Tournament #3721460701, $1.84+$0.16 USD Hold'em No Limit - Level VI (50/100) - 2024/02/26 16:08:34 CET [2024/02/26 10:08:34 ET]
Table '3721460701 1' 3-max Seat #2 is the button
Seat 1: OreoC14 (840 in chips) 
Seat 2: Mahu2021 (660 in chips) 
Mahu2021: posts small blind 50
OreoC14: posts big blind 100
*** HOLE CARDS ***
Dealt to Mahu2021 [6h 5h]
Mahu2021: calls 50
OreoC14: checks 
*** FLOP *** [Qd Qc 9d]
OreoC14: checks 
Mahu2021: checks 
*** TURN *** [Qd Qc 9d] [Jd]
OreoC14: checks 
Mahu2021: checks 
*** RIVER *** [Qd Qc 9d Jd] [9h]
OreoC14: checks 
Mahu2021: bets 100
OreoC14: folds 
Uncalled bet (100) returned to Mahu2021
Mahu2021 collected 200 from pot
Mahu2021: doesn't show hand 
*** SUMMARY ***
Total pot 200 | Rake 0 
Board [Qd Qc 9d Jd 9h]
Seat 1: OreoC14 (big blind) folded on the River
Seat 2: Mahu2021 (button) (small blind) collected (200)



PokerStars Hand #249105292666: Tournament #3721460701, $1.84+$0.16 USD Hold'em No Limit - Level VI (50/100) - 2024/02/26 16:08:51 CET [2024/02/26 10:08:51 ET]
Table '3721460701 1' 3-max Seat #1 is the button
Seat 1: OreoC14 (740 in chips) 
Seat 2: Mahu2021 (760 in chips) 
OreoC14: posts small blind 50
Mahu2021: posts big blind 100
*** HOLE CARDS ***
Dealt to Mahu2021 [8c 2s]
OreoC14: calls 50
Mahu2021: checks 
*** FLOP *** [3c Qd 7c]
Mahu2021: checks 
OreoC14: checks 
*** TURN *** [3c Qd 7c] [7h]
Mahu2021: checks 
OreoC14: checks 
*** RIVER *** [3c Qd 7c 7h] [Ts]
Mahu2021: checks 
OreoC14: bets 100
Mahu2021: folds 
Uncalled bet (100) returned to OreoC14
OreoC14 collected 200 from pot
*** SUMMARY ***
Total pot 200 | Rake 0 
Board [3c Qd 7c 7h Ts]
Seat 1: OreoC14 (button) (small blind) collected (200)
Seat 2: Mahu2021 (big blind) folded on the River



PokerStars Hand #249105295782: Tournament #3721460701, $1.84+$0.16 USD Hold'em No Limit - Level VI (50/100) - 2024/02/26 16:09:05 CET [2024/02/26 10:09:05 ET]
Table '3721460701 1' 3-max Seat #2 is the button
Seat 1: OreoC14 (840 in chips) 
Seat 2: Mahu2021 (660 in chips) 
Mahu2021: posts small blind 50
OreoC14: posts big blind 100
*** HOLE CARDS ***
Dealt to Mahu2021 [4s Tc]
Mahu2021: folds 
Uncalled bet (50) returned to OreoC14
OreoC14 collected 100 from pot
*** SUMMARY ***
Total pot 100 | Rake 0 
Seat 1: OreoC14 (big blind) collected (100)
Seat 2: Mahu2021 (button) (small blind) folded before Flop



PokerStars Hand #249105296815: Tournament #3721460701, $1.84+$0.16 USD Hold'em No Limit - Level VI (50/100) - 2024/02/26 16:09:09 CET [2024/02/26 10:09:09 ET]
Table '3721460701 1' 3-max Seat #1 is the button
Seat 1: OreoC14 (890 in chips) 
Seat 2: Mahu2021 (610 in chips) 
OreoC14: posts small blind 50
Mahu2021: posts big blind 100
*** HOLE CARDS ***
Dealt to Mahu2021 [6h Ks]
OreoC14: calls 50
Mahu2021: raises 510 to 610 and is all-in
OreoC14: folds 
Uncalled bet (510) returned to Mahu2021
Mahu2021 collected 200 from pot
Mahu2021: doesn't show hand 
*** SUMMARY ***
Total pot 200 | Rake 0 
Seat 1: OreoC14 (button) (small blind) folded before Flop
Seat 2: Mahu2021 (big blind) collected (200)



PokerStars Hand #249105298538: Tournament #3721460701, $1.84+$0.16 USD Hold'em No Limit - Level VI (50/100) - 2024/02/26 16:09:17 CET [2024/02/26 10:09:17 ET]
Table '3721460701 1' 3-max Seat #2 is the button
Seat 1: OreoC14 (790 in chips) 
Seat 2: Mahu2021 (710 in chips) 
Mahu2021: posts small blind 50
OreoC14: posts big blind 100
*** HOLE CARDS ***
Dealt to Mahu2021 [4h Qc]
Mahu2021: calls 50
OreoC14: raises 690 to 790 and is all-in
Mahu2021: folds 
Uncalled bet (690) returned to OreoC14
OreoC14 collected 200 from pot
*** SUMMARY ***
Total pot 200 | Rake 0 
Seat 1: OreoC14 (big blind) collected (200)
Seat 2: Mahu2021 (button) (small blind) folded before Flop



PokerStars Hand #249105301136: Tournament #3721460701, $1.84+$0.16 USD Hold'em No Limit - Level VII (60/120) - 2024/02/26 16:09:29 CET [2024/02/26 10:09:29 ET]
Table '3721460701 1' 3-max Seat #1 is the button
Seat 1: OreoC14 (890 in chips) 
Seat 2: Mahu2021 (610 in chips) 
OreoC14: posts small blind 60
Mahu2021: posts big blind 120
*** HOLE CARDS ***
Dealt to Mahu2021 [Ah Td]
OreoC14: folds 
Uncalled bet (60) returned to Mahu2021
Mahu2021 collected 120 from pot
Mahu2021: doesn't show hand 
*** SUMMARY ***
Total pot 120 | Rake 0 
Seat 1: OreoC14 (button) (small blind) folded before Flop
Seat 2: Mahu2021 (big blind) collected (120)



PokerStars Hand #249105302513: Tournament #3721460701, $1.84+$0.16 USD Hold'em No Limit - Level VII (60/120) - 2024/02/26 16:09:36 CET [2024/02/26 10:09:36 ET]
Table '3721460701 1' 3-max Seat #2 is the button
Seat 1: OreoC14 (830 in chips) 
Seat 2: Mahu2021 (670 in chips) 
Mahu2021: posts small blind 60
OreoC14: posts big blind 120
*** HOLE CARDS ***
Dealt to Mahu2021 [Qd 9s]
Mahu2021: raises 550 to 670 and is all-in
OreoC14: folds 
Uncalled bet (550) returned to Mahu2021
Mahu2021 collected 240 from pot
Mahu2021: doesn't show hand 
*** SUMMARY ***
Total pot 240 | Rake 0 
Seat 1: OreoC14 (big blind) folded before Flop
Seat 2: Mahu2021 (button) (small blind) collected (240)



PokerStars Hand #249105303905: Tournament #3721460701, $1.84+$0.16 USD Hold'em No Limit - Level VII (60/120) - 2024/02/26 16:09:42 CET [2024/02/26 10:09:42 ET]
Table '3721460701 1' 3-max Seat #1 is the button
Seat 1: OreoC14 (710 in chips) 
Seat 2: Mahu2021 (790 in chips) 
OreoC14: posts small blind 60
Mahu2021: posts big blind 120
*** HOLE CARDS ***
Dealt to Mahu2021 [4h Ks]
OreoC14: calls 60
Mahu2021: raises 670 to 790 and is all-in
OreoC14: calls 590 and is all-in
Uncalled bet (80) returned to Mahu2021
*** FLOP *** [Th 4c Qd]
*** TURN *** [Th 4c Qd] [3d]
*** RIVER *** [Th 4c Qd 3d] [Jc]
*** SHOW DOWN ***
Mahu2021: shows [4h Ks] (a pair of Fours)
OreoC14: shows [Kc 7d] (high card King)
Mahu2021 collected 1420 from pot
OreoC14 finished the tournament in 2nd place
Mahu2021 wins the tournament and receives $4.00 - congratulations!
*** SUMMARY ***
Total pot 1420 | Rake 0 
Board [Th 4c Qd 3d Jc]
Seat 1: OreoC14 (button) (small blind) showed [Kc 7d] and lost with high card King
Seat 2: Mahu2021 (big blind) showed [4h Ks] and won (1420) with a pair of Fours



