PokerStars Hand #246140173565: Tournament #3649145862, $0.92+$0.08 USD Hold'em No Limit - Level I (10/20) - 2023/09/23 22:58:34 CET [2023/09/23 16:58:34 ET]
Table '3649145862 1' 3-max Seat #1 is the button
Seat 1: Mahu2021 (500 in chips) 
Seat 2: SckiVirus (500 in chips) 
Seat 3: alcirlenesales (500 in chips) 
SckiVirus: posts small blind 10
alcirlenesales: posts big blind 20
*** HOLE CARDS ***
Dealt to Mahu2021 [4c 2c]
Mahu2021: folds 
SckiVirus: calls 10
alcirlenesales: raises 60 to 80
SckiVirus: calls 60
*** FLOP *** [Kd Th 5h]
SckiVirus: bets 40
alcirlenesales: calls 40
*** TURN *** [Kd Th 5h] [Kh]
SckiVirus: checks 
alcirlenesales: checks 
*** RIVER *** [Kd Th 5h Kh] [2h]
SckiVirus: bets 40
alcirlenesales: calls 40
*** SHOW DOWN ***
SckiVirus: shows [Kc 9c] (three of a kind, Kings)
alcirlenesales: shows [9h 6h] (a flush, King high)
alcirlenesales collected 320 from pot
*** SUMMARY ***
Total pot 320 | Rake 0 
Board [Kd Th 5h Kh 2h]
Seat 1: Mahu2021 (button) folded before Flop (didn't bet)
Seat 2: SckiVirus (small blind) showed [Kc 9c] and lost with three of a kind, Kings
Seat 3: alcirlenesales (big blind) showed [9h 6h] and won (320) with a flush, King high



PokerStars Hand #246140181102: Tournament #3649145862, $0.92+$0.08 USD Hold'em No Limit - Level I (10/20) - 2023/09/23 22:59:06 CET [2023/09/23 16:59:06 ET]
Table '3649145862 1' 3-max Seat #2 is the button
Seat 1: Mahu2021 (500 in chips) 
Seat 2: SckiVirus (340 in chips) 
Seat 3: alcirlenesales (660 in chips) 
alcirlenesales: posts small blind 10
Mahu2021: posts big blind 20
*** HOLE CARDS ***
Dealt to Mahu2021 [2h Jc]
SckiVirus: calls 20
alcirlenesales: calls 10
Mahu2021: checks 
*** FLOP *** [6d 2d Ah]
alcirlenesales: checks 
Mahu2021: bets 20
SckiVirus: calls 20
alcirlenesales: calls 20
*** TURN *** [6d 2d Ah] [7c]
alcirlenesales: checks 
Mahu2021: checks 
SckiVirus: checks 
*** RIVER *** [6d 2d Ah 7c] [Td]
alcirlenesales: checks 
Mahu2021: checks 
SckiVirus: checks 
*** SHOW DOWN ***
alcirlenesales: shows [Ts 8d] (a pair of Tens)
Mahu2021: mucks hand 
SckiVirus: mucks hand 
alcirlenesales collected 120 from pot
*** SUMMARY ***
Total pot 120 | Rake 0 
Board [6d 2d Ah 7c Td]
Seat 1: Mahu2021 (big blind) mucked [2h Jc]
Seat 2: SckiVirus (button) mucked [Jd 6h]
Seat 3: alcirlenesales (small blind) showed [Ts 8d] and won (120) with a pair of Tens



PokerStars Hand #246140187172: Tournament #3649145862, $0.92+$0.08 USD Hold'em No Limit - Level I (10/20) - 2023/09/23 22:59:31 CET [2023/09/23 16:59:31 ET]
Table '3649145862 1' 3-max Seat #3 is the button
Seat 1: Mahu2021 (460 in chips) 
Seat 2: SckiVirus (300 in chips) 
Seat 3: alcirlenesales (740 in chips) 
Mahu2021: posts small blind 10
SckiVirus: posts big blind 20
*** HOLE CARDS ***
Dealt to Mahu2021 [Js Th]
alcirlenesales: folds 
Mahu2021: raises 20 to 40
SckiVirus: calls 20
*** FLOP *** [9s 9c 8d]
Mahu2021: bets 80
SckiVirus: folds 
Uncalled bet (80) returned to Mahu2021
Mahu2021 collected 80 from pot
Mahu2021: doesn't show hand 
*** SUMMARY ***
Total pot 80 | Rake 0 
Board [9s 9c 8d]
Seat 1: Mahu2021 (small blind) collected (80)
Seat 2: SckiVirus (big blind) folded on the Flop
Seat 3: alcirlenesales (button) folded before Flop (didn't bet)



PokerStars Hand #246140191679: Tournament #3649145862, $0.92+$0.08 USD Hold'em No Limit - Level I (10/20) - 2023/09/23 22:59:49 CET [2023/09/23 16:59:49 ET]
Table '3649145862 1' 3-max Seat #1 is the button
Seat 1: Mahu2021 (500 in chips) 
Seat 2: SckiVirus (260 in chips) 
Seat 3: alcirlenesales (740 in chips) 
SckiVirus: posts small blind 10
alcirlenesales: posts big blind 20
*** HOLE CARDS ***
Dealt to Mahu2021 [Qc 7c]
Mahu2021: calls 20
SckiVirus: calls 10
alcirlenesales: raises 720 to 740 and is all-in
Mahu2021: folds 
SckiVirus: folds 
Uncalled bet (720) returned to alcirlenesales
alcirlenesales collected 60 from pot
*** SUMMARY ***
Total pot 60 | Rake 0 
Seat 1: Mahu2021 (button) folded before Flop
Seat 2: SckiVirus (small blind) folded before Flop
Seat 3: alcirlenesales (big blind) collected (60)



PokerStars Hand #246140195317: Tournament #3649145862, $0.92+$0.08 USD Hold'em No Limit - Level I (10/20) - 2023/09/23 23:00:04 CET [2023/09/23 17:00:04 ET]
Table '3649145862 1' 3-max Seat #2 is the button
Seat 1: Mahu2021 (480 in chips) 
Seat 2: SckiVirus (240 in chips) 
Seat 3: alcirlenesales (780 in chips) 
alcirlenesales: posts small blind 10
Mahu2021: posts big blind 20
*** HOLE CARDS ***
Dealt to Mahu2021 [5c 5d]
SckiVirus: raises 20 to 40
alcirlenesales: calls 30
Mahu2021: calls 20
*** FLOP *** [9c 6c 2d]
alcirlenesales: bets 60
Mahu2021: folds 
SckiVirus: folds 
Uncalled bet (60) returned to alcirlenesales
alcirlenesales collected 120 from pot
*** SUMMARY ***
Total pot 120 | Rake 0 
Board [9c 6c 2d]
Seat 1: Mahu2021 (big blind) folded on the Flop
Seat 2: SckiVirus (button) folded on the Flop
Seat 3: alcirlenesales (small blind) collected (120)



PokerStars Hand #246140200444: Tournament #3649145862, $0.92+$0.08 USD Hold'em No Limit - Level I (10/20) - 2023/09/23 23:00:25 CET [2023/09/23 17:00:25 ET]
Table '3649145862 1' 3-max Seat #3 is the button
Seat 1: Mahu2021 (440 in chips) 
Seat 2: SckiVirus (200 in chips) 
Seat 3: alcirlenesales (860 in chips) 
Mahu2021: posts small blind 10
SckiVirus: posts big blind 20
*** HOLE CARDS ***
Dealt to Mahu2021 [Qs Jd]
alcirlenesales: folds 
Mahu2021: raises 20 to 40
SckiVirus: raises 20 to 60
Mahu2021: calls 20
*** FLOP *** [Ts 7c Kh]
Mahu2021: bets 380 and is all-in
SckiVirus: calls 140 and is all-in
Uncalled bet (240) returned to Mahu2021
*** TURN *** [Ts 7c Kh] [7h]
*** RIVER *** [Ts 7c Kh 7h] [Qd]
*** SHOW DOWN ***
Mahu2021: shows [Qs Jd] (two pair, Queens and Sevens)
SckiVirus: shows [9h Ks] (two pair, Kings and Sevens)
SckiVirus collected 400 from pot
*** SUMMARY ***
Total pot 400 | Rake 0 
Board [Ts 7c Kh 7h Qd]
Seat 1: Mahu2021 (small blind) showed [Qs Jd] and lost with two pair, Queens and Sevens
Seat 2: SckiVirus (big blind) showed [9h Ks] and won (400) with two pair, Kings and Sevens
Seat 3: alcirlenesales (button) folded before Flop (didn't bet)



PokerStars Hand #246140205705: Tournament #3649145862, $0.92+$0.08 USD Hold'em No Limit - Level II (15/30) - 2023/09/23 23:00:45 CET [2023/09/23 17:00:45 ET]
Table '3649145862 1' 3-max Seat #1 is the button
Seat 1: Mahu2021 (240 in chips) 
Seat 2: SckiVirus (400 in chips) 
Seat 3: alcirlenesales (860 in chips) 
SckiVirus: posts small blind 15
alcirlenesales: posts big blind 30
*** HOLE CARDS ***
Dealt to Mahu2021 [Qd 9c]
Mahu2021: raises 210 to 240 and is all-in
SckiVirus: folds 
alcirlenesales: calls 210
*** FLOP *** [2c 7c Qs]
*** TURN *** [2c 7c Qs] [4d]
*** RIVER *** [2c 7c Qs 4d] [3d]
*** SHOW DOWN ***
alcirlenesales: shows [9h 8h] (high card Queen)
Mahu2021: shows [Qd 9c] (a pair of Queens)
Mahu2021 collected 495 from pot
*** SUMMARY ***
Total pot 495 | Rake 0 
Board [2c 7c Qs 4d 3d]
Seat 1: Mahu2021 (button) showed [Qd 9c] and won (495) with a pair of Queens
Seat 2: SckiVirus (small blind) folded before Flop
Seat 3: alcirlenesales (big blind) showed [9h 8h] and lost with high card Queen



PokerStars Hand #246140210000: Tournament #3649145862, $0.92+$0.08 USD Hold'em No Limit - Level II (15/30) - 2023/09/23 23:01:01 CET [2023/09/23 17:01:01 ET]
Table '3649145862 1' 3-max Seat #2 is the button
Seat 1: Mahu2021 (495 in chips) 
Seat 2: SckiVirus (385 in chips) 
Seat 3: alcirlenesales (620 in chips) 
alcirlenesales: posts small blind 15
Mahu2021: posts big blind 30
*** HOLE CARDS ***
Dealt to Mahu2021 [7c 2s]
SckiVirus: raises 60 to 90
alcirlenesales: folds 
Mahu2021: folds 
Uncalled bet (60) returned to SckiVirus
SckiVirus collected 75 from pot
*** SUMMARY ***
Total pot 75 | Rake 0 
Seat 1: Mahu2021 (big blind) folded before Flop
Seat 2: SckiVirus (button) collected (75)
Seat 3: alcirlenesales (small blind) folded before Flop



PokerStars Hand #246140211900: Tournament #3649145862, $0.92+$0.08 USD Hold'em No Limit - Level II (15/30) - 2023/09/23 23:01:08 CET [2023/09/23 17:01:08 ET]
Table '3649145862 1' 3-max Seat #3 is the button
Seat 1: Mahu2021 (465 in chips) 
Seat 2: SckiVirus (430 in chips) 
Seat 3: alcirlenesales (605 in chips) 
Mahu2021: posts small blind 15
SckiVirus: posts big blind 30
*** HOLE CARDS ***
Dealt to Mahu2021 [4c Ks]
alcirlenesales: raises 30 to 60
Mahu2021: folds 
SckiVirus: raises 370 to 430 and is all-in
alcirlenesales: folds 
Uncalled bet (370) returned to SckiVirus
SckiVirus collected 135 from pot
*** SUMMARY ***
Total pot 135 | Rake 0 
Seat 1: Mahu2021 (small blind) folded before Flop
Seat 2: SckiVirus (big blind) collected (135)
Seat 3: alcirlenesales (button) folded before Flop



PokerStars Hand #246140214870: Tournament #3649145862, $0.92+$0.08 USD Hold'em No Limit - Level II (15/30) - 2023/09/23 23:01:18 CET [2023/09/23 17:01:18 ET]
Table '3649145862 1' 3-max Seat #1 is the button
Seat 1: Mahu2021 (450 in chips) 
Seat 2: SckiVirus (505 in chips) 
Seat 3: alcirlenesales (545 in chips) 
SckiVirus: posts small blind 15
alcirlenesales: posts big blind 30
*** HOLE CARDS ***
Dealt to Mahu2021 [Qs Ac]
Mahu2021: raises 30 to 60
SckiVirus: folds 
alcirlenesales: raises 485 to 545 and is all-in
Mahu2021: calls 390 and is all-in
Uncalled bet (95) returned to alcirlenesales
*** FLOP *** [Jh 5d 2c]
*** TURN *** [Jh 5d 2c] [9s]
*** RIVER *** [Jh 5d 2c 9s] [Ks]
*** SHOW DOWN ***
alcirlenesales: shows [8h Ad] (high card Ace)
Mahu2021: shows [Qs Ac] (high card Ace - King+Queen kicker)
Mahu2021 collected 915 from pot
*** SUMMARY ***
Total pot 915 | Rake 0 
Board [Jh 5d 2c 9s Ks]
Seat 1: Mahu2021 (button) showed [Qs Ac] and won (915) with high card Ace
Seat 2: SckiVirus (small blind) folded before Flop
Seat 3: alcirlenesales (big blind) showed [8h Ad] and lost with high card Ace



PokerStars Hand #246140219561: Tournament #3649145862, $0.92+$0.08 USD Hold'em No Limit - Level II (15/30) - 2023/09/23 23:01:33 CET [2023/09/23 17:01:33 ET]
Table '3649145862 1' 3-max Seat #2 is the button
Seat 1: Mahu2021 (915 in chips) 
Seat 2: SckiVirus (490 in chips) 
Seat 3: alcirlenesales (95 in chips) 
alcirlenesales: posts small blind 15
Mahu2021: posts big blind 30
*** HOLE CARDS ***
Dealt to Mahu2021 [6h 9s]
SckiVirus: calls 30
alcirlenesales: raises 65 to 95 and is all-in
Mahu2021: folds 
SckiVirus: calls 65
*** FLOP *** [7c 9d Tc]
*** TURN *** [7c 9d Tc] [3h]
*** RIVER *** [7c 9d Tc 3h] [5d]
*** SHOW DOWN ***
alcirlenesales: shows [Kd 6d] (high card King)
SckiVirus: shows [9h 8d] (a pair of Nines)
SckiVirus collected 220 from pot
alcirlenesales finished the tournament in 3rd place
*** SUMMARY ***
Total pot 220 | Rake 0 
Board [7c 9d Tc 3h 5d]
Seat 1: Mahu2021 (big blind) folded before Flop
Seat 2: SckiVirus (button) showed [9h 8d] and won (220) with a pair of Nines
Seat 3: alcirlenesales (small blind) showed [Kd 6d] and lost with high card King



PokerStars Hand #246140226300: Tournament #3649145862, $0.92+$0.08 USD Hold'em No Limit - Level II (15/30) - 2023/09/23 23:01:53 CET [2023/09/23 17:01:53 ET]
Table '3649145862 1' 3-max Seat #1 is the button
Seat 1: Mahu2021 (885 in chips) 
Seat 2: SckiVirus (615 in chips) 
Mahu2021: posts small blind 15
SckiVirus: posts big blind 30
*** HOLE CARDS ***
Dealt to Mahu2021 [2s 3d]
Mahu2021: calls 15
SckiVirus: checks 
*** FLOP *** [Tc Qs Qd]
SckiVirus: checks 
Mahu2021: bets 30
SckiVirus: raises 30 to 60
Mahu2021: folds 
Uncalled bet (30) returned to SckiVirus
SckiVirus collected 120 from pot
*** SUMMARY ***
Total pot 120 | Rake 0 
Board [Tc Qs Qd]
Seat 1: Mahu2021 (button) (small blind) folded on the Flop
Seat 2: SckiVirus (big blind) collected (120)



PokerStars Hand #246140230658: Tournament #3649145862, $0.92+$0.08 USD Hold'em No Limit - Level II (15/30) - 2023/09/23 23:02:06 CET [2023/09/23 17:02:06 ET]
Table '3649145862 1' 3-max Seat #2 is the button
Seat 1: Mahu2021 (825 in chips) 
Seat 2: SckiVirus (675 in chips) 
SckiVirus: posts small blind 15
Mahu2021: posts big blind 30
*** HOLE CARDS ***
Dealt to Mahu2021 [Td 8s]
SckiVirus: folds 
Uncalled bet (15) returned to Mahu2021
Mahu2021 collected 30 from pot
Mahu2021: doesn't show hand 
*** SUMMARY ***
Total pot 30 | Rake 0 
Seat 1: Mahu2021 (big blind) collected (30)
Seat 2: SckiVirus (button) (small blind) folded before Flop



PokerStars Hand #246140232240: Tournament #3649145862, $0.92+$0.08 USD Hold'em No Limit - Level II (15/30) - 2023/09/23 23:02:11 CET [2023/09/23 17:02:11 ET]
Table '3649145862 1' 3-max Seat #1 is the button
Seat 1: Mahu2021 (840 in chips) 
Seat 2: SckiVirus (660 in chips) 
Mahu2021: posts small blind 15
SckiVirus: posts big blind 30
*** HOLE CARDS ***
Dealt to Mahu2021 [9s Kd]
Mahu2021: raises 30 to 60
SckiVirus: raises 30 to 90
Mahu2021: calls 30
*** FLOP *** [Ts 6h Jc]
SckiVirus: bets 570 and is all-in
Mahu2021: folds 
Uncalled bet (570) returned to SckiVirus
SckiVirus collected 180 from pot
*** SUMMARY ***
Total pot 180 | Rake 0 
Board [Ts 6h Jc]
Seat 1: Mahu2021 (button) (small blind) folded on the Flop
Seat 2: SckiVirus (big blind) collected (180)



PokerStars Hand #246140237284: Tournament #3649145862, $0.92+$0.08 USD Hold'em No Limit - Level II (15/30) - 2023/09/23 23:02:24 CET [2023/09/23 17:02:24 ET]
Table '3649145862 1' 3-max Seat #2 is the button
Seat 1: Mahu2021 (750 in chips) 
Seat 2: SckiVirus (750 in chips) 
SckiVirus: posts small blind 15
Mahu2021: posts big blind 30
*** HOLE CARDS ***
Dealt to Mahu2021 [5d As]
SckiVirus: calls 15
Mahu2021: checks 
*** FLOP *** [6h 8s 2h]
Mahu2021: checks 
SckiVirus: checks 
*** TURN *** [6h 8s 2h] [Jc]
Mahu2021: checks 
SckiVirus: checks 
*** RIVER *** [6h 8s 2h Jc] [Th]
Mahu2021: checks 
SckiVirus: bets 30
Mahu2021: calls 30
*** SHOW DOWN ***
SckiVirus: shows [Jd 3s] (a pair of Jacks)
Mahu2021: mucks hand 
SckiVirus collected 120 from pot
*** SUMMARY ***
Total pot 120 | Rake 0 
Board [6h 8s 2h Jc Th]
Seat 1: Mahu2021 (big blind) mucked [5d As]
Seat 2: SckiVirus (button) (small blind) showed [Jd 3s] and won (120) with a pair of Jacks



PokerStars Hand #246140243365: Tournament #3649145862, $0.92+$0.08 USD Hold'em No Limit - Level III (20/40) - 2023/09/23 23:02:41 CET [2023/09/23 17:02:41 ET]
Table '3649145862 1' 3-max Seat #1 is the button
Seat 1: Mahu2021 (690 in chips) 
Seat 2: SckiVirus (810 in chips) 
Mahu2021: posts small blind 20
SckiVirus: posts big blind 40
*** HOLE CARDS ***
Dealt to Mahu2021 [6c 3d]
Mahu2021: folds 
Uncalled bet (20) returned to SckiVirus
SckiVirus collected 40 from pot
*** SUMMARY ***
Total pot 40 | Rake 0 
Seat 1: Mahu2021 (button) (small blind) folded before Flop
Seat 2: SckiVirus (big blind) collected (40)



PokerStars Hand #246140244953: Tournament #3649145862, $0.92+$0.08 USD Hold'em No Limit - Level III (20/40) - 2023/09/23 23:02:46 CET [2023/09/23 17:02:46 ET]
Table '3649145862 1' 3-max Seat #2 is the button
Seat 1: Mahu2021 (670 in chips) 
Seat 2: SckiVirus (830 in chips) 
SckiVirus: posts small blind 20
Mahu2021: posts big blind 40
*** HOLE CARDS ***
Dealt to Mahu2021 [Jd 2h]
SckiVirus: calls 20
Mahu2021: checks 
*** FLOP *** [5c 7d Qs]
Mahu2021: checks 
SckiVirus: checks 
*** TURN *** [5c 7d Qs] [4d]
Mahu2021: checks 
SckiVirus: checks 
*** RIVER *** [5c 7d Qs 4d] [8h]
Mahu2021: checks 
SckiVirus: bets 80
Mahu2021: folds 
Uncalled bet (80) returned to SckiVirus
SckiVirus collected 80 from pot
*** SUMMARY ***
Total pot 80 | Rake 0 
Board [5c 7d Qs 4d 8h]
Seat 1: Mahu2021 (big blind) folded on the River
Seat 2: SckiVirus (button) (small blind) collected (80)



PokerStars Hand #246140251132: Tournament #3649145862, $0.92+$0.08 USD Hold'em No Limit - Level III (20/40) - 2023/09/23 23:03:02 CET [2023/09/23 17:03:02 ET]
Table '3649145862 1' 3-max Seat #1 is the button
Seat 1: Mahu2021 (630 in chips) 
Seat 2: SckiVirus (870 in chips) 
Mahu2021: posts small blind 20
SckiVirus: posts big blind 40
*** HOLE CARDS ***
Dealt to Mahu2021 [Jd 5d]
Mahu2021: calls 20
SckiVirus: checks 
*** FLOP *** [8s Ah 9d]
SckiVirus: checks 
Mahu2021: bets 40
SckiVirus: folds 
Uncalled bet (40) returned to Mahu2021
Mahu2021 collected 80 from pot
Mahu2021: doesn't show hand 
*** SUMMARY ***
Total pot 80 | Rake 0 
Board [8s Ah 9d]
Seat 1: Mahu2021 (button) (small blind) collected (80)
Seat 2: SckiVirus (big blind) folded on the Flop



PokerStars Hand #246140254812: Tournament #3649145862, $0.92+$0.08 USD Hold'em No Limit - Level III (20/40) - 2023/09/23 23:03:13 CET [2023/09/23 17:03:13 ET]
Table '3649145862 1' 3-max Seat #2 is the button
Seat 1: Mahu2021 (670 in chips) 
Seat 2: SckiVirus (830 in chips) 
SckiVirus: posts small blind 20
Mahu2021: posts big blind 40
*** HOLE CARDS ***
Dealt to Mahu2021 [Ac Jc]
SckiVirus: folds 
Uncalled bet (20) returned to Mahu2021
Mahu2021 collected 40 from pot
Mahu2021: doesn't show hand 
*** SUMMARY ***
Total pot 40 | Rake 0 
Seat 1: Mahu2021 (big blind) collected (40)
Seat 2: SckiVirus (button) (small blind) folded before Flop



PokerStars Hand #246140256403: Tournament #3649145862, $0.92+$0.08 USD Hold'em No Limit - Level III (20/40) - 2023/09/23 23:03:17 CET [2023/09/23 17:03:17 ET]
Table '3649145862 1' 3-max Seat #1 is the button
Seat 1: Mahu2021 (690 in chips) 
Seat 2: SckiVirus (810 in chips) 
Mahu2021: posts small blind 20
SckiVirus: posts big blind 40
*** HOLE CARDS ***
Dealt to Mahu2021 [Qh Js]
Mahu2021: raises 40 to 80
SckiVirus: calls 40
*** FLOP *** [Ac 8c 9h]
SckiVirus: checks 
Mahu2021: bets 40
SckiVirus: folds 
Uncalled bet (40) returned to Mahu2021
Mahu2021 collected 160 from pot
Mahu2021: doesn't show hand 
*** SUMMARY ***
Total pot 160 | Rake 0 
Board [Ac 8c 9h]
Seat 1: Mahu2021 (button) (small blind) collected (160)
Seat 2: SckiVirus (big blind) folded on the Flop



PokerStars Hand #246140260753: Tournament #3649145862, $0.92+$0.08 USD Hold'em No Limit - Level III (20/40) - 2023/09/23 23:03:29 CET [2023/09/23 17:03:29 ET]
Table '3649145862 1' 3-max Seat #2 is the button
Seat 1: Mahu2021 (770 in chips) 
Seat 2: SckiVirus (730 in chips) 
SckiVirus: posts small blind 20
Mahu2021: posts big blind 40
*** HOLE CARDS ***
Dealt to Mahu2021 [Jh Qs]
SckiVirus: folds 
Uncalled bet (20) returned to Mahu2021
Mahu2021 collected 40 from pot
Mahu2021: doesn't show hand 
*** SUMMARY ***
Total pot 40 | Rake 0 
Seat 1: Mahu2021 (big blind) collected (40)
Seat 2: SckiVirus (button) (small blind) folded before Flop



PokerStars Hand #246140262303: Tournament #3649145862, $0.92+$0.08 USD Hold'em No Limit - Level III (20/40) - 2023/09/23 23:03:33 CET [2023/09/23 17:03:33 ET]
Table '3649145862 1' 3-max Seat #1 is the button
Seat 1: Mahu2021 (790 in chips) 
Seat 2: SckiVirus (710 in chips) 
Mahu2021: posts small blind 20
SckiVirus: posts big blind 40
*** HOLE CARDS ***
Dealt to Mahu2021 [Tc Ac]
Mahu2021: raises 40 to 80
SckiVirus: calls 40
*** FLOP *** [4s Jc 4c]
SckiVirus: checks 
Mahu2021: bets 160
SckiVirus: folds 
Uncalled bet (160) returned to Mahu2021
Mahu2021 collected 160 from pot
Mahu2021: doesn't show hand 
*** SUMMARY ***
Total pot 160 | Rake 0 
Board [4s Jc 4c]
Seat 1: Mahu2021 (button) (small blind) collected (160)
Seat 2: SckiVirus (big blind) folded on the Flop



PokerStars Hand #246140266918: Tournament #3649145862, $0.92+$0.08 USD Hold'em No Limit - Level III (20/40) - 2023/09/23 23:03:46 CET [2023/09/23 17:03:46 ET]
Table '3649145862 1' 3-max Seat #2 is the button
Seat 1: Mahu2021 (870 in chips) 
Seat 2: SckiVirus (630 in chips) 
SckiVirus: posts small blind 20
Mahu2021: posts big blind 40
*** HOLE CARDS ***
Dealt to Mahu2021 [7c 9s]
SckiVirus: raises 40 to 80
Mahu2021: calls 40
*** FLOP *** [8d 5h 3s]
Mahu2021: checks 
SckiVirus: bets 80
Mahu2021: folds 
Uncalled bet (80) returned to SckiVirus
SckiVirus collected 160 from pot
*** SUMMARY ***
Total pot 160 | Rake 0 
Board [8d 5h 3s]
Seat 1: Mahu2021 (big blind) folded on the Flop
Seat 2: SckiVirus (button) (small blind) collected (160)



PokerStars Hand #246140273966: Tournament #3649145862, $0.92+$0.08 USD Hold'em No Limit - Level III (20/40) - 2023/09/23 23:04:05 CET [2023/09/23 17:04:05 ET]
Table '3649145862 1' 3-max Seat #1 is the button
Seat 1: Mahu2021 (790 in chips) 
Seat 2: SckiVirus (710 in chips) 
Mahu2021: posts small blind 20
SckiVirus: posts big blind 40
*** HOLE CARDS ***
Dealt to Mahu2021 [4c 6h]
Mahu2021: calls 20
SckiVirus: checks 
*** FLOP *** [Js Kh 6s]
SckiVirus: bets 40
Mahu2021: calls 40
*** TURN *** [Js Kh 6s] [2s]
SckiVirus: bets 40
Mahu2021: calls 40
*** RIVER *** [Js Kh 6s 2s] [Kc]
SckiVirus: bets 40
Mahu2021: calls 40
*** SHOW DOWN ***
SckiVirus: shows [Qs 6c] (two pair, Kings and Sixes)
Mahu2021: mucks hand 
SckiVirus collected 320 from pot
*** SUMMARY ***
Total pot 320 | Rake 0 
Board [Js Kh 6s 2s Kc]
Seat 1: Mahu2021 (button) (small blind) mucked [4c 6h]
Seat 2: SckiVirus (big blind) showed [Qs 6c] and won (320) with two pair, Kings and Sixes



PokerStars Hand #246140280066: Tournament #3649145862, $0.92+$0.08 USD Hold'em No Limit - Level III (20/40) - 2023/09/23 23:04:22 CET [2023/09/23 17:04:22 ET]
Table '3649145862 1' 3-max Seat #2 is the button
Seat 1: Mahu2021 (630 in chips) 
Seat 2: SckiVirus (870 in chips) 
SckiVirus: posts small blind 20
Mahu2021: posts big blind 40
*** HOLE CARDS ***
Dealt to Mahu2021 [Kd 7h]
SckiVirus: folds 
Uncalled bet (20) returned to Mahu2021
Mahu2021 collected 40 from pot
Mahu2021: doesn't show hand 
*** SUMMARY ***
Total pot 40 | Rake 0 
Seat 1: Mahu2021 (big blind) collected (40)
Seat 2: SckiVirus (button) (small blind) folded before Flop



PokerStars Hand #246140281588: Tournament #3649145862, $0.92+$0.08 USD Hold'em No Limit - Level III (20/40) - 2023/09/23 23:04:26 CET [2023/09/23 17:04:26 ET]
Table '3649145862 1' 3-max Seat #1 is the button
Seat 1: Mahu2021 (650 in chips) 
Seat 2: SckiVirus (850 in chips) 
Mahu2021: posts small blind 20
SckiVirus: posts big blind 40
*** HOLE CARDS ***
Dealt to Mahu2021 [4d 6c]
Mahu2021: calls 20
SckiVirus: raises 40 to 80
Mahu2021: calls 40
*** FLOP *** [Jd 9h Kc]
SckiVirus: checks 
Mahu2021: checks 
*** TURN *** [Jd 9h Kc] [2s]
SckiVirus: bets 40
Mahu2021: folds 
Uncalled bet (40) returned to SckiVirus
SckiVirus collected 160 from pot
*** SUMMARY ***
Total pot 160 | Rake 0 
Board [Jd 9h Kc 2s]
Seat 1: Mahu2021 (button) (small blind) folded on the Turn
Seat 2: SckiVirus (big blind) collected (160)



PokerStars Hand #246140288927: Tournament #3649145862, $0.92+$0.08 USD Hold'em No Limit - Level IV (30/60) - 2023/09/23 23:04:46 CET [2023/09/23 17:04:46 ET]
Table '3649145862 1' 3-max Seat #2 is the button
Seat 1: Mahu2021 (570 in chips) 
Seat 2: SckiVirus (930 in chips) 
SckiVirus: posts small blind 30
Mahu2021: posts big blind 60
*** HOLE CARDS ***
Dealt to Mahu2021 [Jh 8c]
SckiVirus: calls 30
Mahu2021: checks 
*** FLOP *** [2s Kc 4d]
Mahu2021: checks 
SckiVirus: checks 
*** TURN *** [2s Kc 4d] [3d]
Mahu2021: checks 
SckiVirus: checks 
*** RIVER *** [2s Kc 4d 3d] [Ad]
Mahu2021: bets 60
SckiVirus: folds 
Uncalled bet (60) returned to Mahu2021
Mahu2021 collected 120 from pot
Mahu2021: doesn't show hand 
*** SUMMARY ***
Total pot 120 | Rake 0 
Board [2s Kc 4d 3d Ad]
Seat 1: Mahu2021 (big blind) collected (120)
Seat 2: SckiVirus (button) (small blind) folded on the River



PokerStars Hand #246140293638: Tournament #3649145862, $0.92+$0.08 USD Hold'em No Limit - Level IV (30/60) - 2023/09/23 23:04:59 CET [2023/09/23 17:04:59 ET]
Table '3649145862 1' 3-max Seat #1 is the button
Seat 1: Mahu2021 (630 in chips) 
Seat 2: SckiVirus (870 in chips) 
Mahu2021: posts small blind 30
SckiVirus: posts big blind 60
*** HOLE CARDS ***
Dealt to Mahu2021 [Qs 6h]
Mahu2021: calls 30
SckiVirus: raises 60 to 120
Mahu2021: folds 
Uncalled bet (60) returned to SckiVirus
SckiVirus collected 120 from pot
*** SUMMARY ***
Total pot 120 | Rake 0 
Seat 1: Mahu2021 (button) (small blind) folded before Flop
Seat 2: SckiVirus (big blind) collected (120)



PokerStars Hand #246140296876: Tournament #3649145862, $0.92+$0.08 USD Hold'em No Limit - Level IV (30/60) - 2023/09/23 23:05:08 CET [2023/09/23 17:05:08 ET]
Table '3649145862 1' 3-max Seat #2 is the button
Seat 1: Mahu2021 (570 in chips) 
Seat 2: SckiVirus (930 in chips) 
SckiVirus: posts small blind 30
Mahu2021: posts big blind 60
*** HOLE CARDS ***
Dealt to Mahu2021 [8h 7d]
SckiVirus: calls 30
Mahu2021: checks 
*** FLOP *** [4d As 2h]
Mahu2021: checks 
SckiVirus: checks 
*** TURN *** [4d As 2h] [Qs]
Mahu2021: checks 
SckiVirus: checks 
*** RIVER *** [4d As 2h Qs] [8c]
Mahu2021: checks 
SckiVirus: checks 
*** SHOW DOWN ***
Mahu2021: shows [8h 7d] (a pair of Eights)
SckiVirus: mucks hand 
Mahu2021 collected 120 from pot
*** SUMMARY ***
Total pot 120 | Rake 0 
Board [4d As 2h Qs 8c]
Seat 1: Mahu2021 (big blind) showed [8h 7d] and won (120) with a pair of Eights
Seat 2: SckiVirus (button) (small blind) mucked [6s 7h]



PokerStars Hand #246140302130: Tournament #3649145862, $0.92+$0.08 USD Hold'em No Limit - Level IV (30/60) - 2023/09/23 23:05:22 CET [2023/09/23 17:05:22 ET]
Table '3649145862 1' 3-max Seat #1 is the button
Seat 1: Mahu2021 (630 in chips) 
Seat 2: SckiVirus (870 in chips) 
Mahu2021: posts small blind 30
SckiVirus: posts big blind 60
*** HOLE CARDS ***
Dealt to Mahu2021 [Qh 6h]
Mahu2021: calls 30
SckiVirus: checks 
*** FLOP *** [2h Kh 3c]
SckiVirus: checks 
Mahu2021: bets 60
SckiVirus: folds 
Uncalled bet (60) returned to Mahu2021
Mahu2021 collected 120 from pot
Mahu2021: doesn't show hand 
*** SUMMARY ***
Total pot 120 | Rake 0 
Board [2h Kh 3c]
Seat 1: Mahu2021 (button) (small blind) collected (120)
Seat 2: SckiVirus (big blind) folded on the Flop



PokerStars Hand #246140306930: Tournament #3649145862, $0.92+$0.08 USD Hold'em No Limit - Level IV (30/60) - 2023/09/23 23:05:35 CET [2023/09/23 17:05:35 ET]
Table '3649145862 1' 3-max Seat #2 is the button
Seat 1: Mahu2021 (690 in chips) 
Seat 2: SckiVirus (810 in chips) 
SckiVirus: posts small blind 30
Mahu2021: posts big blind 60
*** HOLE CARDS ***
Dealt to Mahu2021 [Kc 9c]
SckiVirus: raises 60 to 120
Mahu2021: raises 570 to 690 and is all-in
SckiVirus: folds 
Uncalled bet (570) returned to Mahu2021
Mahu2021 collected 240 from pot
Mahu2021: doesn't show hand 
*** SUMMARY ***
Total pot 240 | Rake 0 
Seat 1: Mahu2021 (big blind) collected (240)
Seat 2: SckiVirus (button) (small blind) folded before Flop



PokerStars Hand #246140310460: Tournament #3649145862, $0.92+$0.08 USD Hold'em No Limit - Level IV (30/60) - 2023/09/23 23:05:45 CET [2023/09/23 17:05:45 ET]
Table '3649145862 1' 3-max Seat #1 is the button
Seat 1: Mahu2021 (810 in chips) 
Seat 2: SckiVirus (690 in chips) 
Mahu2021: posts small blind 30
SckiVirus: posts big blind 60
*** HOLE CARDS ***
Dealt to Mahu2021 [5d 9s]
Mahu2021: folds 
Uncalled bet (30) returned to SckiVirus
SckiVirus collected 60 from pot
*** SUMMARY ***
Total pot 60 | Rake 0 
Seat 1: Mahu2021 (button) (small blind) folded before Flop
Seat 2: SckiVirus (big blind) collected (60)



PokerStars Hand #246140312165: Tournament #3649145862, $0.92+$0.08 USD Hold'em No Limit - Level IV (30/60) - 2023/09/23 23:05:50 CET [2023/09/23 17:05:50 ET]
Table '3649145862 1' 3-max Seat #2 is the button
Seat 1: Mahu2021 (780 in chips) 
Seat 2: SckiVirus (720 in chips) 
SckiVirus: posts small blind 30
Mahu2021: posts big blind 60
*** HOLE CARDS ***
Dealt to Mahu2021 [6s 6c]
SckiVirus: raises 60 to 120
Mahu2021: raises 660 to 780 and is all-in
SckiVirus: calls 600 and is all-in
Uncalled bet (60) returned to Mahu2021
*** FLOP *** [Qd 9d Kd]
*** TURN *** [Qd 9d Kd] [3d]
*** RIVER *** [Qd 9d Kd 3d] [7s]
*** SHOW DOWN ***
Mahu2021: shows [6s 6c] (a pair of Sixes)
SckiVirus: shows [5d Ad] (a flush, Ace high)
SckiVirus collected 1440 from pot
*** SUMMARY ***
Total pot 1440 | Rake 0 
Board [Qd 9d Kd 3d 7s]
Seat 1: Mahu2021 (big blind) showed [6s 6c] and lost with a pair of Sixes
Seat 2: SckiVirus (button) (small blind) showed [5d Ad] and won (1440) with a flush, Ace high



PokerStars Hand #246140317177: Tournament #3649145862, $0.92+$0.08 USD Hold'em No Limit - Level IV (30/60) - 2023/09/23 23:06:03 CET [2023/09/23 17:06:03 ET]
Table '3649145862 1' 3-max Seat #1 is the button
Seat 1: Mahu2021 (60 in chips) 
Seat 2: SckiVirus (1440 in chips) 
Mahu2021: posts small blind 30
SckiVirus: posts big blind 60
*** HOLE CARDS ***
Dealt to Mahu2021 [9h 4d]
Mahu2021: calls 30 and is all-in
*** FLOP *** [Kc 9d Tc]
*** TURN *** [Kc 9d Tc] [Qc]
*** RIVER *** [Kc 9d Tc Qc] [Qh]
*** SHOW DOWN ***
SckiVirus: shows [Kd 6d] (two pair, Kings and Queens)
Mahu2021: shows [9h 4d] (two pair, Queens and Nines)
SckiVirus collected 120 from pot
Mahu2021 finished the tournament in 2nd place
SckiVirus wins the tournament and receives $2.00 - congratulations!
*** SUMMARY ***
Total pot 120 | Rake 0 
Board [Kc 9d Tc Qc Qh]
Seat 1: Mahu2021 (button) (small blind) showed [9h 4d] and lost with two pair, Queens and Nines
Seat 2: SckiVirus (big blind) showed [Kd 6d] and won (120) with two pair, Kings and Queens



