PokerStars Hand #244551082925: Tournament #3610928194, $0.92+$0.08 USD Hold'em No Limit - Level I (10/20) - 2023/06/30 21:55:36 CET [2023/06/30 15:55:36 ET]
Table '3610928194 1' 3-max Seat #1 is the button
Seat 1: Sona-mes0217 (500 in chips) 
Seat 2: Mahu2021 (500 in chips) 
Seat 3: luizmat (500 in chips) 
Mahu2021: posts small blind 10
luizmat: posts big blind 20
*** HOLE CARDS ***
Dealt to Mahu2021 [Kh 5h]
Sona-mes0217: calls 20
Mahu2021: calls 10
luizmat: checks 
*** FLOP *** [Qh 8h 9s]
Mahu2021: bets 40
luizmat: calls 40
Sona-mes0217: folds 
*** TURN *** [Qh 8h 9s] [Ah]
Mahu2021: bets 40
luizmat: calls 40
*** RIVER *** [Qh 8h 9s Ah] [Jh]
Mahu2021: bets 400 and is all-in
luizmat: folds 
Uncalled bet (400) returned to Mahu2021
Mahu2021 collected 220 from pot
Mahu2021: doesn't show hand 
*** SUMMARY ***
Total pot 220 | Rake 0 
Board [Qh 8h 9s Ah Jh]
Seat 1: Sona-mes0217 (button) folded on the Flop
Seat 2: Mahu2021 (small blind) collected (220)
Seat 3: luizmat (big blind) folded on the River



PokerStars Hand #244551090588: Tournament #3610928194, $0.92+$0.08 USD Hold'em No Limit - Level I (10/20) - 2023/06/30 21:56:08 CET [2023/06/30 15:56:08 ET]
Table '3610928194 1' 3-max Seat #2 is the button
Seat 1: Sona-mes0217 (480 in chips) 
Seat 2: Mahu2021 (620 in chips) 
Seat 3: luizmat (400 in chips) 
luizmat: posts small blind 10
Sona-mes0217: posts big blind 20
*** HOLE CARDS ***
Dealt to Mahu2021 [7d 6s]
Mahu2021: folds 
luizmat: folds 
Uncalled bet (10) returned to Sona-mes0217
Sona-mes0217 collected 20 from pot
*** SUMMARY ***
Total pot 20 | Rake 0 
Seat 1: Sona-mes0217 (big blind) collected (20)
Seat 2: Mahu2021 (button) folded before Flop (didn't bet)
Seat 3: luizmat (small blind) folded before Flop



PokerStars Hand #244551091753: Tournament #3610928194, $0.92+$0.08 USD Hold'em No Limit - Level I (10/20) - 2023/06/30 21:56:13 CET [2023/06/30 15:56:13 ET]
Table '3610928194 1' 3-max Seat #3 is the button
Seat 1: Sona-mes0217 (490 in chips) 
Seat 2: Mahu2021 (620 in chips) 
Seat 3: luizmat (390 in chips) 
Sona-mes0217: posts small blind 10
Mahu2021: posts big blind 20
*** HOLE CARDS ***
Dealt to Mahu2021 [5s Ah]
luizmat: folds 
Sona-mes0217: calls 10
Mahu2021: checks 
*** FLOP *** [9c Ad Kh]
Sona-mes0217: checks 
Mahu2021: bets 40
Sona-mes0217: folds 
Uncalled bet (40) returned to Mahu2021
Mahu2021 collected 40 from pot
Mahu2021: doesn't show hand 
*** SUMMARY ***
Total pot 40 | Rake 0 
Board [9c Ad Kh]
Seat 1: Sona-mes0217 (small blind) folded on the Flop
Seat 2: Mahu2021 (big blind) collected (40)
Seat 3: luizmat (button) folded before Flop (didn't bet)



PokerStars Hand #244551098035: Tournament #3610928194, $0.92+$0.08 USD Hold'em No Limit - Level I (10/20) - 2023/06/30 21:56:39 CET [2023/06/30 15:56:39 ET]
Table '3610928194 1' 3-max Seat #1 is the button
Seat 1: Sona-mes0217 (470 in chips) 
Seat 2: Mahu2021 (640 in chips) 
Seat 3: luizmat (390 in chips) 
Mahu2021: posts small blind 10
luizmat: posts big blind 20
*** HOLE CARDS ***
Dealt to Mahu2021 [4c 9c]
Sona-mes0217: calls 20
Mahu2021: folds 
luizmat: checks 
*** FLOP *** [4d 5c 6c]
luizmat: bets 20
Sona-mes0217: calls 20
*** TURN *** [4d 5c 6c] [Tc]
luizmat: bets 20
Sona-mes0217: folds 
Uncalled bet (20) returned to luizmat
luizmat collected 90 from pot
*** SUMMARY ***
Total pot 90 | Rake 0 
Board [4d 5c 6c Tc]
Seat 1: Sona-mes0217 (button) folded on the Turn
Seat 2: Mahu2021 (small blind) folded before Flop
Seat 3: luizmat (big blind) collected (90)



PokerStars Hand #244551103454: Tournament #3610928194, $0.92+$0.08 USD Hold'em No Limit - Level I (10/20) - 2023/06/30 21:57:01 CET [2023/06/30 15:57:01 ET]
Table '3610928194 1' 3-max Seat #2 is the button
Seat 1: Sona-mes0217 (430 in chips) 
Seat 2: Mahu2021 (630 in chips) 
Seat 3: luizmat (440 in chips) 
luizmat: posts small blind 10
Sona-mes0217: posts big blind 20
*** HOLE CARDS ***
Dealt to Mahu2021 [4c 7d]
Mahu2021: folds 
luizmat: raises 40 to 60
Sona-mes0217: folds 
Uncalled bet (40) returned to luizmat
luizmat collected 40 from pot
*** SUMMARY ***
Total pot 40 | Rake 0 
Seat 1: Sona-mes0217 (big blind) folded before Flop
Seat 2: Mahu2021 (button) folded before Flop (didn't bet)
Seat 3: luizmat (small blind) collected (40)



PokerStars Hand #244551105328: Tournament #3610928194, $0.92+$0.08 USD Hold'em No Limit - Level I (10/20) - 2023/06/30 21:57:09 CET [2023/06/30 15:57:09 ET]
Table '3610928194 1' 3-max Seat #3 is the button
Seat 1: Sona-mes0217 (410 in chips) 
Seat 2: Mahu2021 (630 in chips) 
Seat 3: luizmat (460 in chips) 
Sona-mes0217: posts small blind 10
Mahu2021: posts big blind 20
*** HOLE CARDS ***
Dealt to Mahu2021 [Qc Th]
luizmat: folds 
Sona-mes0217: calls 10
Mahu2021: checks 
*** FLOP *** [3c Jh 8c]
Sona-mes0217: checks 
Mahu2021: bets 40
Sona-mes0217: folds 
Uncalled bet (40) returned to Mahu2021
Mahu2021 collected 40 from pot
Mahu2021: doesn't show hand 
*** SUMMARY ***
Total pot 40 | Rake 0 
Board [3c Jh 8c]
Seat 1: Sona-mes0217 (small blind) folded on the Flop
Seat 2: Mahu2021 (big blind) collected (40)
Seat 3: luizmat (button) folded before Flop (didn't bet)



PokerStars Hand #244551108599: Tournament #3610928194, $0.92+$0.08 USD Hold'em No Limit - Level I (10/20) - 2023/06/30 21:57:23 CET [2023/06/30 15:57:23 ET]
Table '3610928194 1' 3-max Seat #1 is the button
Seat 1: Sona-mes0217 (390 in chips) 
Seat 2: Mahu2021 (650 in chips) 
Seat 3: luizmat (460 in chips) 
Mahu2021: posts small blind 10
luizmat: posts big blind 20
*** HOLE CARDS ***
Dealt to Mahu2021 [2d Js]
Sona-mes0217: calls 20
Mahu2021: folds 
luizmat: raises 40 to 60
Sona-mes0217: calls 40
*** FLOP *** [3s Jc 6c]
luizmat: checks 
Sona-mes0217: bets 20
luizmat: calls 20
*** TURN *** [3s Jc 6c] [5h]
luizmat: checks 
Sona-mes0217: checks 
*** RIVER *** [3s Jc 6c 5h] [6h]
luizmat: bets 85
Sona-mes0217: folds 
Uncalled bet (85) returned to luizmat
luizmat collected 170 from pot
*** SUMMARY ***
Total pot 170 | Rake 0 
Board [3s Jc 6c 5h 6h]
Seat 1: Sona-mes0217 (button) folded on the River
Seat 2: Mahu2021 (small blind) folded before Flop
Seat 3: luizmat (big blind) collected (170)



PokerStars Hand #244551117893: Tournament #3610928194, $0.92+$0.08 USD Hold'em No Limit - Level I (10/20) - 2023/06/30 21:58:01 CET [2023/06/30 15:58:01 ET]
Table '3610928194 1' 3-max Seat #2 is the button
Seat 1: Sona-mes0217 (310 in chips) 
Seat 2: Mahu2021 (640 in chips) 
Seat 3: luizmat (550 in chips) 
luizmat: posts small blind 10
Sona-mes0217: posts big blind 20
*** HOLE CARDS ***
Dealt to Mahu2021 [Qc Kh]
Mahu2021: raises 20 to 40
luizmat: calls 30
Sona-mes0217: calls 20
*** FLOP *** [2c Tc 5d]
luizmat: checks 
Sona-mes0217: checks 
Mahu2021: checks 
*** TURN *** [2c Tc 5d] [3d]
luizmat: bets 60
Sona-mes0217: folds 
Mahu2021: folds 
Uncalled bet (60) returned to luizmat
luizmat collected 120 from pot
*** SUMMARY ***
Total pot 120 | Rake 0 
Board [2c Tc 5d 3d]
Seat 1: Sona-mes0217 (big blind) folded on the Turn
Seat 2: Mahu2021 (button) folded on the Turn
Seat 3: luizmat (small blind) collected (120)



PokerStars Hand #244551123263: Tournament #3610928194, $0.92+$0.08 USD Hold'em No Limit - Level I (10/20) - 2023/06/30 21:58:23 CET [2023/06/30 15:58:23 ET]
Table '3610928194 1' 3-max Seat #3 is the button
Seat 1: Sona-mes0217 (270 in chips) 
Seat 2: Mahu2021 (600 in chips) 
Seat 3: luizmat (630 in chips) 
Sona-mes0217: posts small blind 10
Mahu2021: posts big blind 20
*** HOLE CARDS ***
Dealt to Mahu2021 [6c Th]
luizmat: folds 
Sona-mes0217: calls 10
Mahu2021: checks 
*** FLOP *** [3h 9h 5d]
Sona-mes0217: checks 
Mahu2021: checks 
*** TURN *** [3h 9h 5d] [Jc]
Sona-mes0217: checks 
Mahu2021: checks 
*** RIVER *** [3h 9h 5d Jc] [Qs]
Sona-mes0217: bets 40
Mahu2021: folds 
Uncalled bet (40) returned to Sona-mes0217
Sona-mes0217 collected 40 from pot
*** SUMMARY ***
Total pot 40 | Rake 0 
Board [3h 9h 5d Jc Qs]
Seat 1: Sona-mes0217 (small blind) collected (40)
Seat 2: Mahu2021 (big blind) folded on the River
Seat 3: luizmat (button) folded before Flop (didn't bet)



PokerStars Hand #244551128923: Tournament #3610928194, $0.92+$0.08 USD Hold'em No Limit - Level II (15/30) - 2023/06/30 21:58:47 CET [2023/06/30 15:58:47 ET]
Table '3610928194 1' 3-max Seat #1 is the button
Seat 1: Sona-mes0217 (290 in chips) 
Seat 2: Mahu2021 (580 in chips) 
Seat 3: luizmat (630 in chips) 
Mahu2021: posts small blind 15
luizmat: posts big blind 30
*** HOLE CARDS ***
Dealt to Mahu2021 [Qc 9d]
Sona-mes0217: calls 30
Mahu2021: calls 15
luizmat: checks 
*** FLOP *** [Kd 2d 9h]
Mahu2021: bets 30
luizmat: calls 30
Sona-mes0217: folds 
*** TURN *** [Kd 2d 9h] [4d]
Mahu2021: bets 30
luizmat: raises 105 to 135
Mahu2021: raises 105 to 240
luizmat: calls 105
*** RIVER *** [Kd 2d 9h 4d] [Jd]
Mahu2021: bets 280 and is all-in
luizmat: calls 280
*** SHOW DOWN ***
Mahu2021: shows [Qc 9d] (a flush, King high)
luizmat: shows [Ks Td] (a flush, King high - Ten higher)
luizmat collected 1190 from pot
Mahu2021 finished the tournament in 3rd place
*** SUMMARY ***
Total pot 1190 | Rake 0 
Board [Kd 2d 9h 4d Jd]
Seat 1: Sona-mes0217 (button) folded on the Flop
Seat 2: Mahu2021 (small blind) showed [Qc 9d] and lost with a flush, King high
Seat 3: luizmat (big blind) showed [Ks Td] and won (1190) with a flush, King high



