PokerStars Hand #249088770857: Tournament #3721115112, $1.84+$0.16 USD Hold'em No Limit - Level I (10/20) - 2024/02/25 19:15:47 CET [2024/02/25 13:15:47 ET]
Table '3721115112 1' 3-max Seat #1 is the button
Seat 1: biggy318 (500 in chips) 
Seat 2: jethro161 (500 in chips) 
Seat 3: Mahu2021 (500 in chips) 
jethro161: posts small blind 10
Mahu2021: posts big blind 20
*** HOLE CARDS ***
Dealt to Mahu2021 [9c 6h]
biggy318 has timed out
biggy318: folds 
biggy318 is sitting out
jethro161: calls 10
Mahu2021: checks 
*** FLOP *** [4c As Qs]
jethro161: checks 
Mahu2021: checks 
*** TURN *** [4c As Qs] [Qh]
biggy318 has returned
jethro161: checks 
Mahu2021: checks 
*** RIVER *** [4c As Qs Qh] [Ad]
jethro161: checks 
Mahu2021: checks 
*** SHOW DOWN ***
jethro161: shows [9d Js] (two pair, Aces and Queens)
Mahu2021: mucks hand 
jethro161 collected 40 from pot
*** SUMMARY ***
Total pot 40 | Rake 0 
Board [4c As Qs Qh Ad]
Seat 1: biggy318 (button) folded before Flop (didn't bet)
Seat 2: jethro161 (small blind) showed [9d Js] and won (40) with two pair, Aces and Queens
Seat 3: Mahu2021 (big blind) mucked [9c 6h]



PokerStars Hand #249088781989: Tournament #3721115112, $1.84+$0.16 USD Hold'em No Limit - Level I (10/20) - 2024/02/25 19:16:16 CET [2024/02/25 13:16:16 ET]
Table '3721115112 1' 3-max Seat #2 is the button
Seat 1: biggy318 (500 in chips) 
Seat 2: jethro161 (520 in chips) 
Seat 3: Mahu2021 (480 in chips) 
Mahu2021: posts small blind 10
biggy318: posts big blind 20
*** HOLE CARDS ***
Dealt to Mahu2021 [Ks 3d]
jethro161: folds 
Mahu2021: folds 
Uncalled bet (10) returned to biggy318
biggy318 collected 20 from pot
biggy318: doesn't show hand 
*** SUMMARY ***
Total pot 20 | Rake 0 
Seat 1: biggy318 (big blind) collected (20)
Seat 2: jethro161 (button) folded before Flop (didn't bet)
Seat 3: Mahu2021 (small blind) folded before Flop



PokerStars Hand #249088784661: Tournament #3721115112, $1.84+$0.16 USD Hold'em No Limit - Level I (10/20) - 2024/02/25 19:16:23 CET [2024/02/25 13:16:23 ET]
Table '3721115112 1' 3-max Seat #3 is the button
Seat 1: biggy318 (510 in chips) 
Seat 2: jethro161 (520 in chips) 
Seat 3: Mahu2021 (470 in chips) 
biggy318: posts small blind 10
jethro161: posts big blind 20
*** HOLE CARDS ***
Dealt to Mahu2021 [3d 8s]
Mahu2021: folds 
biggy318: raises 20 to 40
jethro161: calls 20
*** FLOP *** [Th Qc 8h]
biggy318: bets 40
jethro161: folds 
Uncalled bet (40) returned to biggy318
biggy318 collected 80 from pot
biggy318: doesn't show hand 
*** SUMMARY ***
Total pot 80 | Rake 0 
Board [Th Qc 8h]
Seat 1: biggy318 (small blind) collected (80)
Seat 2: jethro161 (big blind) folded on the Flop
Seat 3: Mahu2021 (button) folded before Flop (didn't bet)



PokerStars Hand #249088791732: Tournament #3721115112, $1.84+$0.16 USD Hold'em No Limit - Level I (10/20) - 2024/02/25 19:16:41 CET [2024/02/25 13:16:41 ET]
Table '3721115112 1' 3-max Seat #1 is the button
Seat 1: biggy318 (550 in chips) 
Seat 2: jethro161 (480 in chips) 
Seat 3: Mahu2021 (470 in chips) 
jethro161: posts small blind 10
Mahu2021: posts big blind 20
*** HOLE CARDS ***
Dealt to Mahu2021 [9d 7s]
biggy318: folds 
jethro161: calls 10
Mahu2021: checks 
*** FLOP *** [Kd Td Ks]
jethro161: checks 
Mahu2021: bets 20
jethro161: folds 
Uncalled bet (20) returned to Mahu2021
Mahu2021 collected 40 from pot
Mahu2021: doesn't show hand 
*** SUMMARY ***
Total pot 40 | Rake 0 
Board [Kd Td Ks]
Seat 1: biggy318 (button) folded before Flop (didn't bet)
Seat 2: jethro161 (small blind) folded on the Flop
Seat 3: Mahu2021 (big blind) collected (40)



PokerStars Hand #249088797072: Tournament #3721115112, $1.84+$0.16 USD Hold'em No Limit - Level I (10/20) - 2024/02/25 19:16:55 CET [2024/02/25 13:16:55 ET]
Table '3721115112 1' 3-max Seat #2 is the button
Seat 1: biggy318 (550 in chips) 
Seat 2: jethro161 (460 in chips) 
Seat 3: Mahu2021 (490 in chips) 
Mahu2021: posts small blind 10
biggy318: posts big blind 20
*** HOLE CARDS ***
Dealt to Mahu2021 [4s As]
jethro161: raises 20 to 40
Mahu2021: calls 30
biggy318: calls 20
*** FLOP *** [Js 2s 2c]
Mahu2021: checks 
biggy318: checks 
jethro161: bets 60
Mahu2021: calls 60
biggy318: folds 
*** TURN *** [Js 2s 2c] [7d]
Mahu2021: checks 
jethro161: checks 
*** RIVER *** [Js 2s 2c 7d] [Kd]
Mahu2021: bets 80
jethro161: raises 80 to 160
Mahu2021: folds 
Uncalled bet (80) returned to jethro161
jethro161 collected 400 from pot
jethro161: doesn't show hand 
*** SUMMARY ***
Total pot 400 | Rake 0 
Board [Js 2s 2c 7d Kd]
Seat 1: biggy318 (big blind) folded on the Flop
Seat 2: jethro161 (button) collected (400)
Seat 3: Mahu2021 (small blind) folded on the River



PokerStars Hand #249088817114: Tournament #3721115112, $1.84+$0.16 USD Hold'em No Limit - Level I (10/20) - 2024/02/25 19:17:47 CET [2024/02/25 13:17:47 ET]
Table '3721115112 1' 3-max Seat #3 is the button
Seat 1: biggy318 (510 in chips) 
Seat 2: jethro161 (680 in chips) 
Seat 3: Mahu2021 (310 in chips) 
biggy318: posts small blind 10
jethro161: posts big blind 20
*** HOLE CARDS ***
Dealt to Mahu2021 [9d Kd]
Mahu2021: raises 20 to 40
biggy318: folds 
jethro161: raises 260 to 300
Mahu2021: folds 
Uncalled bet (260) returned to jethro161
jethro161 collected 90 from pot
jethro161: doesn't show hand 
*** SUMMARY ***
Total pot 90 | Rake 0 
Seat 1: biggy318 (small blind) folded before Flop
Seat 2: jethro161 (big blind) collected (90)
Seat 3: Mahu2021 (button) folded before Flop



PokerStars Hand #249088825226: Tournament #3721115112, $1.84+$0.16 USD Hold'em No Limit - Level II (15/30) - 2024/02/25 19:18:08 CET [2024/02/25 13:18:08 ET]
Table '3721115112 1' 3-max Seat #1 is the button
Seat 1: biggy318 (500 in chips) 
Seat 2: jethro161 (730 in chips) 
Seat 3: Mahu2021 (270 in chips) 
jethro161: posts small blind 15
Mahu2021: posts big blind 30
*** HOLE CARDS ***
Dealt to Mahu2021 [3d 6d]
biggy318: folds 
jethro161: calls 15
Mahu2021: raises 240 to 270 and is all-in
jethro161: calls 240
*** FLOP *** [6s 7s 2s]
*** TURN *** [6s 7s 2s] [Js]
*** RIVER *** [6s 7s 2s Js] [Ac]
*** SHOW DOWN ***
jethro161: shows [9d 9c] (a pair of Nines)
Mahu2021: shows [3d 6d] (a pair of Sixes)
jethro161 collected 540 from pot
Mahu2021 finished the tournament in 3rd place
*** SUMMARY ***
Total pot 540 | Rake 0 
Board [6s 7s 2s Js Ac]
Seat 1: biggy318 (button) folded before Flop (didn't bet)
Seat 2: jethro161 (small blind) showed [9d 9c] and won (540) with a pair of Nines
Seat 3: Mahu2021 (big blind) showed [3d 6d] and lost with a pair of Sixes



