PokerStars Hand #243225224997: Tournament #3580586270, $0.92+$0.08 USD Hold'em No Limit - Level I (10/20) - 2023/04/21 14:14:46 CET [2023/04/21 8:14:46 ET]
Table '3580586270 1' 3-max Seat #1 is the button
Seat 1: Mahu2021 (500 in chips) 
Seat 2: piistoon (500 in chips) 
Seat 3: san4D (500 in chips) 
piistoon: posts small blind 10
san4D: posts big blind 20
*** HOLE CARDS ***
Dealt to Mahu2021 [4s Ah]
Mahu2021: folds 
piistoon: calls 10
san4D: checks 
*** FLOP *** [8s Qd 6s]
piistoon: bets 20
san4D: folds 
Uncalled bet (20) returned to piistoon
piistoon collected 40 from pot
*** SUMMARY ***
Total pot 40 | Rake 0 
Board [8s Qd 6s]
Seat 1: Mahu2021 (button) folded before Flop (didn't bet)
Seat 2: piistoon (small blind) collected (40)
Seat 3: san4D (big blind) folded on the Flop



PokerStars Hand #243225227693: Tournament #3580586270, $0.92+$0.08 USD Hold'em No Limit - Level I (10/20) - 2023/04/21 14:15:00 CET [2023/04/21 8:15:00 ET]
Table '3580586270 1' 3-max Seat #2 is the button
Seat 1: Mahu2021 (500 in chips) 
Seat 2: piistoon (520 in chips) 
Seat 3: san4D (480 in chips) 
san4D: posts small blind 10
Mahu2021: posts big blind 20
*** HOLE CARDS ***
Dealt to Mahu2021 [Jc 5d]
piistoon: folds 
san4D: raises 20 to 40
Mahu2021: folds 
Uncalled bet (20) returned to san4D
san4D collected 40 from pot
san4D: doesn't show hand 
*** SUMMARY ***
Total pot 40 | Rake 0 
Seat 1: Mahu2021 (big blind) folded before Flop
Seat 2: piistoon (button) folded before Flop (didn't bet)
Seat 3: san4D (small blind) collected (40)



PokerStars Hand #243225229160: Tournament #3580586270, $0.92+$0.08 USD Hold'em No Limit - Level I (10/20) - 2023/04/21 14:15:08 CET [2023/04/21 8:15:08 ET]
Table '3580586270 1' 3-max Seat #3 is the button
Seat 1: Mahu2021 (480 in chips) 
Seat 2: piistoon (520 in chips) 
Seat 3: san4D (500 in chips) 
Mahu2021: posts small blind 10
piistoon: posts big blind 20
*** HOLE CARDS ***
Dealt to Mahu2021 [Kc 8h]
san4D: folds 
Mahu2021: raises 20 to 40
piistoon: folds 
Uncalled bet (20) returned to Mahu2021
Mahu2021 collected 40 from pot
Mahu2021: doesn't show hand 
*** SUMMARY ***
Total pot 40 | Rake 0 
Seat 1: Mahu2021 (small blind) collected (40)
Seat 2: piistoon (big blind) folded before Flop
Seat 3: san4D (button) folded before Flop (didn't bet)



PokerStars Hand #243225231303: Tournament #3580586270, $0.92+$0.08 USD Hold'em No Limit - Level I (10/20) - 2023/04/21 14:15:19 CET [2023/04/21 8:15:19 ET]
Table '3580586270 1' 3-max Seat #1 is the button
Seat 1: Mahu2021 (500 in chips) 
Seat 2: piistoon (500 in chips) 
Seat 3: san4D (500 in chips) 
piistoon: posts small blind 10
san4D: posts big blind 20
*** HOLE CARDS ***
Dealt to Mahu2021 [7h 2d]
Mahu2021: folds 
piistoon: folds 
Uncalled bet (10) returned to san4D
san4D collected 20 from pot
san4D: doesn't show hand 
*** SUMMARY ***
Total pot 20 | Rake 0 
Seat 1: Mahu2021 (button) folded before Flop (didn't bet)
Seat 2: piistoon (small blind) folded before Flop
Seat 3: san4D (big blind) collected (20)



PokerStars Hand #243225232424: Tournament #3580586270, $0.92+$0.08 USD Hold'em No Limit - Level I (10/20) - 2023/04/21 14:15:24 CET [2023/04/21 8:15:24 ET]
Table '3580586270 1' 3-max Seat #2 is the button
Seat 1: Mahu2021 (500 in chips) 
Seat 2: piistoon (490 in chips) 
Seat 3: san4D (510 in chips) 
san4D: posts small blind 10
Mahu2021: posts big blind 20
*** HOLE CARDS ***
Dealt to Mahu2021 [3s 6c]
piistoon: raises 20 to 40
san4D: calls 30
Mahu2021: folds 
*** FLOP *** [Ks 5s 4c]
san4D: checks 
piistoon: bets 50
san4D: folds 
Uncalled bet (50) returned to piistoon
piistoon collected 100 from pot
*** SUMMARY ***
Total pot 100 | Rake 0 
Board [Ks 5s 4c]
Seat 1: Mahu2021 (big blind) folded before Flop
Seat 2: piistoon (button) collected (100)
Seat 3: san4D (small blind) folded on the Flop



PokerStars Hand #243225235212: Tournament #3580586270, $0.92+$0.08 USD Hold'em No Limit - Level I (10/20) - 2023/04/21 14:15:38 CET [2023/04/21 8:15:38 ET]
Table '3580586270 1' 3-max Seat #3 is the button
Seat 1: Mahu2021 (480 in chips) 
Seat 2: piistoon (550 in chips) 
Seat 3: san4D (470 in chips) 
Mahu2021: posts small blind 10
piistoon: posts big blind 20
*** HOLE CARDS ***
Dealt to Mahu2021 [5h 5s]
san4D: folds 
Mahu2021: raises 460 to 480 and is all-in
piistoon: folds 
Uncalled bet (460) returned to Mahu2021
Mahu2021 collected 40 from pot
Mahu2021: doesn't show hand 
*** SUMMARY ***
Total pot 40 | Rake 0 
Seat 1: Mahu2021 (small blind) collected (40)
Seat 2: piistoon (big blind) folded before Flop
Seat 3: san4D (button) folded before Flop (didn't bet)



PokerStars Hand #243225236952: Tournament #3580586270, $0.92+$0.08 USD Hold'em No Limit - Level I (10/20) - 2023/04/21 14:15:48 CET [2023/04/21 8:15:48 ET]
Table '3580586270 1' 3-max Seat #1 is the button
Seat 1: Mahu2021 (500 in chips) 
Seat 2: piistoon (530 in chips) 
Seat 3: san4D (470 in chips) 
piistoon: posts small blind 10
san4D: posts big blind 20
*** HOLE CARDS ***
Dealt to Mahu2021 [Jh 6h]
Mahu2021: folds 
piistoon: folds 
Uncalled bet (10) returned to san4D
san4D collected 20 from pot
san4D: doesn't show hand 
*** SUMMARY ***
Total pot 20 | Rake 0 
Seat 1: Mahu2021 (button) folded before Flop (didn't bet)
Seat 2: piistoon (small blind) folded before Flop
Seat 3: san4D (big blind) collected (20)



PokerStars Hand #243225238183: Tournament #3580586270, $0.92+$0.08 USD Hold'em No Limit - Level I (10/20) - 2023/04/21 14:15:54 CET [2023/04/21 8:15:54 ET]
Table '3580586270 1' 3-max Seat #2 is the button
Seat 1: Mahu2021 (500 in chips) 
Seat 2: piistoon (520 in chips) 
Seat 3: san4D (480 in chips) 
san4D: posts small blind 10
Mahu2021: posts big blind 20
*** HOLE CARDS ***
Dealt to Mahu2021 [8d 2s]
piistoon: folds 
san4D: calls 10
Mahu2021: checks 
*** FLOP *** [Jh 5c Td]
san4D: checks 
Mahu2021: checks 
*** TURN *** [Jh 5c Td] [Ks]
san4D: checks 
Mahu2021: bets 20
san4D: calls 20
*** RIVER *** [Jh 5c Td Ks] [2h]
san4D: checks 
Mahu2021: bets 80
san4D: folds 
Uncalled bet (80) returned to Mahu2021
Mahu2021 collected 80 from pot
Mahu2021: doesn't show hand 
*** SUMMARY ***
Total pot 80 | Rake 0 
Board [Jh 5c Td Ks 2h]
Seat 1: Mahu2021 (big blind) collected (80)
Seat 2: piistoon (button) folded before Flop (didn't bet)
Seat 3: san4D (small blind) folded on the River



PokerStars Hand #243225243143: Tournament #3580586270, $0.92+$0.08 USD Hold'em No Limit - Level I (10/20) - 2023/04/21 14:16:19 CET [2023/04/21 8:16:19 ET]
Table '3580586270 1' 3-max Seat #3 is the button
Seat 1: Mahu2021 (540 in chips) 
Seat 2: piistoon (520 in chips) 
Seat 3: san4D (440 in chips) 
Mahu2021: posts small blind 10
piistoon: posts big blind 20
*** HOLE CARDS ***
Dealt to Mahu2021 [2s 4d]
san4D: folds 
Mahu2021: folds 
Uncalled bet (10) returned to piistoon
piistoon collected 20 from pot
*** SUMMARY ***
Total pot 20 | Rake 0 
Seat 1: Mahu2021 (small blind) folded before Flop
Seat 2: piistoon (big blind) collected (20)
Seat 3: san4D (button) folded before Flop (didn't bet)



PokerStars Hand #243225244662: Tournament #3580586270, $0.92+$0.08 USD Hold'em No Limit - Level I (10/20) - 2023/04/21 14:16:27 CET [2023/04/21 8:16:27 ET]
Table '3580586270 1' 3-max Seat #1 is the button
Seat 1: Mahu2021 (530 in chips) 
Seat 2: piistoon (530 in chips) 
Seat 3: san4D (440 in chips) 
piistoon: posts small blind 10
san4D: posts big blind 20
*** HOLE CARDS ***
Dealt to Mahu2021 [9d 9c]
Mahu2021: raises 40 to 60
piistoon: folds 
san4D: calls 40
*** FLOP *** [Kd Ks 8d]
san4D: checks 
Mahu2021: bets 130
san4D: folds 
Uncalled bet (130) returned to Mahu2021
Mahu2021 collected 130 from pot
Mahu2021: doesn't show hand 
*** SUMMARY ***
Total pot 130 | Rake 0 
Board [Kd Ks 8d]
Seat 1: Mahu2021 (button) collected (130)
Seat 2: piistoon (small blind) folded before Flop
Seat 3: san4D (big blind) folded on the Flop



PokerStars Hand #243225247419: Tournament #3580586270, $0.92+$0.08 USD Hold'em No Limit - Level I (10/20) - 2023/04/21 14:16:41 CET [2023/04/21 8:16:41 ET]
Table '3580586270 1' 3-max Seat #2 is the button
Seat 1: Mahu2021 (600 in chips) 
Seat 2: piistoon (520 in chips) 
Seat 3: san4D (380 in chips) 
san4D: posts small blind 10
Mahu2021: posts big blind 20
*** HOLE CARDS ***
Dealt to Mahu2021 [7h As]
piistoon: raises 20 to 40
san4D: calls 30
Mahu2021: calls 20
*** FLOP *** [6h 5s 4d]
san4D: bets 120
Mahu2021: calls 120
piistoon: folds 
*** TURN *** [6h 5s 4d] [Ts]
san4D: bets 220 and is all-in
Mahu2021: calls 220
*** RIVER *** [6h 5s 4d Ts] [4s]
*** SHOW DOWN ***
san4D: shows [3s 2s] (a flush, Ten high)
Mahu2021: shows [7h As] (a pair of Fours)
san4D collected 800 from pot
*** SUMMARY ***
Total pot 800 | Rake 0 
Board [6h 5s 4d Ts 4s]
Seat 1: Mahu2021 (big blind) showed [7h As] and lost with a pair of Fours
Seat 2: piistoon (button) folded on the Flop
Seat 3: san4D (small blind) showed [3s 2s] and won (800) with a flush, Ten high



PokerStars Hand #243225251342: Tournament #3580586270, $0.92+$0.08 USD Hold'em No Limit - Level I (10/20) - 2023/04/21 14:17:02 CET [2023/04/21 8:17:02 ET]
Table '3580586270 1' 3-max Seat #3 is the button
Seat 1: Mahu2021 (220 in chips) 
Seat 2: piistoon (480 in chips) 
Seat 3: san4D (800 in chips) 
Mahu2021: posts small blind 10
piistoon: posts big blind 20
*** HOLE CARDS ***
Dealt to Mahu2021 [7d 8d]
san4D: raises 20 to 40
Mahu2021: calls 30
piistoon: folds 
*** FLOP *** [7s Qh Qd]
Mahu2021: bets 180 and is all-in
san4D: calls 180
*** TURN *** [7s Qh Qd] [5c]
*** RIVER *** [7s Qh Qd 5c] [Ts]
*** SHOW DOWN ***
Mahu2021: shows [7d 8d] (two pair, Queens and Sevens)
san4D: shows [Jc Qs] (three of a kind, Queens)
san4D collected 460 from pot
Mahu2021 finished the tournament in 3rd place
*** SUMMARY ***
Total pot 460 | Rake 0 
Board [7s Qh Qd 5c Ts]
Seat 1: Mahu2021 (small blind) showed [7d 8d] and lost with two pair, Queens and Sevens
Seat 2: piistoon (big blind) folded before Flop
Seat 3: san4D (button) showed [Jc Qs] and won (460) with three of a kind, Queens



