PokerStars Hand #246703281760: Tournament #3662965792, $0.92+$0.08 USD Hold'em No Limit - Level I (10/20) - 2023/10/23 21:11:59 CET [2023/10/23 15:11:59 ET]
Table '3662965792 1' 3-max Seat #1 is the button
Seat 1: Allien79PL (500 in chips) 
Seat 2: LStar6464 (500 in chips) 
Seat 3: Mahu2021 (500 in chips) 
LStar6464: posts small blind 10
Mahu2021: posts big blind 20
*** HOLE CARDS ***
Dealt to Mahu2021 [8h 9d]
Allien79PL: folds 
LStar6464: calls 10
Mahu2021: checks 
*** FLOP *** [7s 4d 2h]
LStar6464: checks 
Mahu2021: checks 
*** TURN *** [7s 4d 2h] [Qd]
LStar6464: bets 20
Mahu2021: folds 
Uncalled bet (20) returned to LStar6464
LStar6464 collected 40 from pot
*** SUMMARY ***
Total pot 40 | Rake 0 
Board [7s 4d 2h Qd]
Seat 1: Allien79PL (button) folded before Flop (didn't bet)
Seat 2: LStar6464 (small blind) collected (40)
Seat 3: Mahu2021 (big blind) folded on the Turn



PokerStars Hand #246703287420: Tournament #3662965792, $0.92+$0.08 USD Hold'em No Limit - Level I (10/20) - 2023/10/23 21:12:14 CET [2023/10/23 15:12:14 ET]
Table '3662965792 1' 3-max Seat #2 is the button
Seat 1: Allien79PL (500 in chips) 
Seat 2: LStar6464 (520 in chips) 
Seat 3: Mahu2021 (480 in chips) 
Mahu2021: posts small blind 10
Allien79PL: posts big blind 20
*** HOLE CARDS ***
Dealt to Mahu2021 [Qd Jc]
LStar6464: calls 20
Mahu2021: calls 10
Allien79PL: checks 
*** FLOP *** [Qc 8h 4h]
Mahu2021: bets 20
Allien79PL: calls 20
LStar6464: calls 20
*** TURN *** [Qc 8h 4h] [Ac]
Mahu2021: checks 
Allien79PL: checks 
LStar6464: checks 
*** RIVER *** [Qc 8h 4h Ac] [7c]
Mahu2021: checks 
Allien79PL: checks 
LStar6464: checks 
*** SHOW DOWN ***
Mahu2021: shows [Qd Jc] (a pair of Queens)
Allien79PL: mucks hand 
LStar6464: mucks hand 
Mahu2021 collected 120 from pot
*** SUMMARY ***
Total pot 120 | Rake 0 
Board [Qc 8h 4h Ac 7c]
Seat 1: Allien79PL (big blind) mucked [8s Ts]
Seat 2: LStar6464 (button) mucked [5h 5c]
Seat 3: Mahu2021 (small blind) showed [Qd Jc] and won (120) with a pair of Queens



PokerStars Hand #246703295135: Tournament #3662965792, $0.92+$0.08 USD Hold'em No Limit - Level I (10/20) - 2023/10/23 21:12:35 CET [2023/10/23 15:12:35 ET]
Table '3662965792 1' 3-max Seat #3 is the button
Seat 1: Allien79PL (460 in chips) 
Seat 2: LStar6464 (480 in chips) 
Seat 3: Mahu2021 (560 in chips) 
Allien79PL: posts small blind 10
LStar6464: posts big blind 20
*** HOLE CARDS ***
Dealt to Mahu2021 [6d 2d]
Mahu2021: folds 
Allien79PL: folds 
Uncalled bet (10) returned to LStar6464
LStar6464 collected 20 from pot
*** SUMMARY ***
Total pot 20 | Rake 0 
Seat 1: Allien79PL (small blind) folded before Flop
Seat 2: LStar6464 (big blind) collected (20)
Seat 3: Mahu2021 (button) folded before Flop (didn't bet)



PokerStars Hand #246703297011: Tournament #3662965792, $0.92+$0.08 USD Hold'em No Limit - Level I (10/20) - 2023/10/23 21:12:41 CET [2023/10/23 15:12:41 ET]
Table '3662965792 1' 3-max Seat #1 is the button
Seat 1: Allien79PL (450 in chips) 
Seat 2: LStar6464 (490 in chips) 
Seat 3: Mahu2021 (560 in chips) 
LStar6464: posts small blind 10
Mahu2021: posts big blind 20
*** HOLE CARDS ***
Dealt to Mahu2021 [9d Qd]
Allien79PL: raises 20 to 40
LStar6464: calls 30
Mahu2021: calls 20
*** FLOP *** [2d 7h 8d]
LStar6464: checks 
Mahu2021: checks 
Allien79PL: checks 
*** TURN *** [2d 7h 8d] [6d]
LStar6464: checks 
Mahu2021: checks 
Allien79PL: bets 20
LStar6464: calls 20
Mahu2021: raises 60 to 80
Allien79PL: calls 60
LStar6464: folds 
*** RIVER *** [2d 7h 8d 6d] [Ac]
Mahu2021: bets 440 and is all-in
Allien79PL: folds 
Uncalled bet (440) returned to Mahu2021
Mahu2021 collected 300 from pot
Mahu2021: doesn't show hand 
*** SUMMARY ***
Total pot 300 | Rake 0 
Board [2d 7h 8d 6d Ac]
Seat 1: Allien79PL (button) folded on the River
Seat 2: LStar6464 (small blind) folded on the Turn
Seat 3: Mahu2021 (big blind) collected (300)



PokerStars Hand #246703307548: Tournament #3662965792, $0.92+$0.08 USD Hold'em No Limit - Level I (10/20) - 2023/10/23 21:13:08 CET [2023/10/23 15:13:08 ET]
Table '3662965792 1' 3-max Seat #2 is the button
Seat 1: Allien79PL (330 in chips) 
Seat 2: LStar6464 (430 in chips) 
Seat 3: Mahu2021 (740 in chips) 
Mahu2021: posts small blind 10
Allien79PL: posts big blind 20
*** HOLE CARDS ***
Dealt to Mahu2021 [2s 5s]
LStar6464: calls 20
Mahu2021: calls 10
Allien79PL: checks 
*** FLOP *** [7h Th 9d]
Mahu2021: checks 
Allien79PL: checks 
LStar6464: bets 20
Mahu2021: folds 
Allien79PL: folds 
Uncalled bet (20) returned to LStar6464
LStar6464 collected 60 from pot
*** SUMMARY ***
Total pot 60 | Rake 0 
Board [7h Th 9d]
Seat 1: Allien79PL (big blind) folded on the Flop
Seat 2: LStar6464 (button) collected (60)
Seat 3: Mahu2021 (small blind) folded on the Flop



PokerStars Hand #246703314176: Tournament #3662965792, $0.92+$0.08 USD Hold'em No Limit - Level I (10/20) - 2023/10/23 21:13:26 CET [2023/10/23 15:13:26 ET]
Table '3662965792 1' 3-max Seat #3 is the button
Seat 1: Allien79PL (310 in chips) 
Seat 2: LStar6464 (470 in chips) 
Seat 3: Mahu2021 (720 in chips) 
Allien79PL: posts small blind 10
LStar6464: posts big blind 20
*** HOLE CARDS ***
Dealt to Mahu2021 [Qd 7h]
Mahu2021: folds 
Allien79PL: raises 40 to 60
LStar6464: folds 
Uncalled bet (40) returned to Allien79PL
Allien79PL collected 40 from pot
Allien79PL: doesn't show hand 
*** SUMMARY ***
Total pot 40 | Rake 0 
Seat 1: Allien79PL (small blind) collected (40)
Seat 2: LStar6464 (big blind) folded before Flop
Seat 3: Mahu2021 (button) folded before Flop (didn't bet)



PokerStars Hand #246703317318: Tournament #3662965792, $0.92+$0.08 USD Hold'em No Limit - Level I (10/20) - 2023/10/23 21:13:35 CET [2023/10/23 15:13:35 ET]
Table '3662965792 1' 3-max Seat #1 is the button
Seat 1: Allien79PL (330 in chips) 
Seat 2: LStar6464 (450 in chips) 
Seat 3: Mahu2021 (720 in chips) 
LStar6464: posts small blind 10
Mahu2021: posts big blind 20
*** HOLE CARDS ***
Dealt to Mahu2021 [7d As]
Allien79PL: folds 
LStar6464: folds 
Uncalled bet (10) returned to Mahu2021
Mahu2021 collected 20 from pot
Mahu2021: doesn't show hand 
*** SUMMARY ***
Total pot 20 | Rake 0 
Seat 1: Allien79PL (button) folded before Flop (didn't bet)
Seat 2: LStar6464 (small blind) folded before Flop
Seat 3: Mahu2021 (big blind) collected (20)



PokerStars Hand #246703319302: Tournament #3662965792, $0.92+$0.08 USD Hold'em No Limit - Level I (10/20) - 2023/10/23 21:13:40 CET [2023/10/23 15:13:40 ET]
Table '3662965792 1' 3-max Seat #2 is the button
Seat 1: Allien79PL (330 in chips) 
Seat 2: LStar6464 (440 in chips) 
Seat 3: Mahu2021 (730 in chips) 
Mahu2021: posts small blind 10
Allien79PL: posts big blind 20
*** HOLE CARDS ***
Dealt to Mahu2021 [Th Kc]
LStar6464: calls 20
Mahu2021: calls 10
Allien79PL: checks 
*** FLOP *** [8d 6d 3h]
Mahu2021: checks 
Allien79PL: bets 30
LStar6464: calls 30
Mahu2021: folds 
*** TURN *** [8d 6d 3h] [Qd]
Allien79PL: checks 
LStar6464: checks 
*** RIVER *** [8d 6d 3h Qd] [4c]
Allien79PL: bets 60
LStar6464: folds 
Uncalled bet (60) returned to Allien79PL
Allien79PL collected 120 from pot
Allien79PL: doesn't show hand 
*** SUMMARY ***
Total pot 120 | Rake 0 
Board [8d 6d 3h Qd 4c]
Seat 1: Allien79PL (big blind) collected (120)
Seat 2: LStar6464 (button) folded on the River
Seat 3: Mahu2021 (small blind) folded on the Flop



PokerStars Hand #246703331701: Tournament #3662965792, $0.92+$0.08 USD Hold'em No Limit - Level I (10/20) - 2023/10/23 21:14:13 CET [2023/10/23 15:14:13 ET]
Table '3662965792 1' 3-max Seat #3 is the button
Seat 1: Allien79PL (400 in chips) 
Seat 2: LStar6464 (390 in chips) 
Seat 3: Mahu2021 (710 in chips) 
Allien79PL: posts small blind 10
LStar6464: posts big blind 20
*** HOLE CARDS ***
Dealt to Mahu2021 [7c 2c]
Mahu2021: folds 
Allien79PL: folds 
Uncalled bet (10) returned to LStar6464
LStar6464 collected 20 from pot
*** SUMMARY ***
Total pot 20 | Rake 0 
Seat 1: Allien79PL (small blind) folded before Flop
Seat 2: LStar6464 (big blind) collected (20)
Seat 3: Mahu2021 (button) folded before Flop (didn't bet)



PokerStars Hand #246703333879: Tournament #3662965792, $0.92+$0.08 USD Hold'em No Limit - Level I (10/20) - 2023/10/23 21:14:19 CET [2023/10/23 15:14:19 ET]
Table '3662965792 1' 3-max Seat #1 is the button
Seat 1: Allien79PL (390 in chips) 
Seat 2: LStar6464 (400 in chips) 
Seat 3: Mahu2021 (710 in chips) 
LStar6464: posts small blind 10
Mahu2021: posts big blind 20
*** HOLE CARDS ***
Dealt to Mahu2021 [8d 6c]
Allien79PL: calls 20
LStar6464: calls 10
Mahu2021: checks 
*** FLOP *** [Tc Ks Jh]
LStar6464: checks 
Mahu2021: checks 
Allien79PL: checks 
*** TURN *** [Tc Ks Jh] [Qd]
LStar6464: checks 
Mahu2021: checks 
Allien79PL: checks 
*** RIVER *** [Tc Ks Jh Qd] [2c]
LStar6464: checks 
Mahu2021: checks 
Allien79PL: checks 
*** SHOW DOWN ***
LStar6464: shows [6d 4s] (high card King)
Mahu2021: shows [8d 6c] (high card King - Queen+Jack+Ten+Eight kicker)
Allien79PL: shows [Kc 8c] (a pair of Kings)
Allien79PL collected 60 from pot
*** SUMMARY ***
Total pot 60 | Rake 0 
Board [Tc Ks Jh Qd 2c]
Seat 1: Allien79PL (button) showed [Kc 8c] and won (60) with a pair of Kings
Seat 2: LStar6464 (small blind) showed [6d 4s] and lost with high card King
Seat 3: Mahu2021 (big blind) showed [8d 6c] and lost with high card King



PokerStars Hand #246703341905: Tournament #3662965792, $0.92+$0.08 USD Hold'em No Limit - Level I (10/20) - 2023/10/23 21:14:40 CET [2023/10/23 15:14:40 ET]
Table '3662965792 1' 3-max Seat #2 is the button
Seat 1: Allien79PL (430 in chips) 
Seat 2: LStar6464 (380 in chips) 
Seat 3: Mahu2021 (690 in chips) 
Mahu2021: posts small blind 10
Allien79PL: posts big blind 20
*** HOLE CARDS ***
Dealt to Mahu2021 [9d As]
LStar6464: folds 
Mahu2021: raises 20 to 40
Allien79PL: calls 20
*** FLOP *** [7d Qd Jc]
Mahu2021: checks 
Allien79PL: checks 
*** TURN *** [7d Qd Jc] [Ad]
Mahu2021: checks 
Allien79PL: checks 
*** RIVER *** [7d Qd Jc Ad] [Jd]
Mahu2021: bets 80
Allien79PL: folds 
Uncalled bet (80) returned to Mahu2021
Mahu2021 collected 80 from pot
Mahu2021: doesn't show hand 
*** SUMMARY ***
Total pot 80 | Rake 0 
Board [7d Qd Jc Ad Jd]
Seat 1: Allien79PL (big blind) folded on the River
Seat 2: LStar6464 (button) folded before Flop (didn't bet)
Seat 3: Mahu2021 (small blind) collected (80)



PokerStars Hand #246703351858: Tournament #3662965792, $0.92+$0.08 USD Hold'em No Limit - Level II (15/30) - 2023/10/23 21:15:07 CET [2023/10/23 15:15:07 ET]
Table '3662965792 1' 3-max Seat #3 is the button
Seat 1: Allien79PL (390 in chips) 
Seat 2: LStar6464 (380 in chips) 
Seat 3: Mahu2021 (730 in chips) 
Allien79PL: posts small blind 15
LStar6464: posts big blind 30
*** HOLE CARDS ***
Dealt to Mahu2021 [Jd Th]
Mahu2021: raises 30 to 60
Allien79PL: calls 45
LStar6464: calls 30
*** FLOP *** [7h 4h 8h]
Allien79PL: checks 
LStar6464: checks 
Mahu2021: checks 
*** TURN *** [7h 4h 8h] [9c]
Allien79PL: checks 
LStar6464: bets 60
Mahu2021: raises 610 to 670 and is all-in
Allien79PL: folds 
LStar6464: calls 260 and is all-in
Uncalled bet (350) returned to Mahu2021
*** RIVER *** [7h 4h 8h 9c] [4c]
*** SHOW DOWN ***
LStar6464: shows [Ah 9s] (two pair, Nines and Fours)
Mahu2021: shows [Jd Th] (a straight, Seven to Jack)
Mahu2021 collected 820 from pot
LStar6464 finished the tournament in 3rd place
*** SUMMARY ***
Total pot 820 | Rake 0 
Board [7h 4h 8h 9c 4c]
Seat 1: Allien79PL (small blind) folded on the Turn
Seat 2: LStar6464 (big blind) showed [Ah 9s] and lost with two pair, Nines and Fours
Seat 3: Mahu2021 (button) showed [Jd Th] and won (820) with a straight, Seven to Jack



PokerStars Hand #246703363860: Tournament #3662965792, $0.92+$0.08 USD Hold'em No Limit - Level II (15/30) - 2023/10/23 21:15:39 CET [2023/10/23 15:15:39 ET]
Table '3662965792 1' 3-max Seat #1 is the button
Seat 1: Allien79PL (330 in chips) 
Seat 3: Mahu2021 (1170 in chips) 
Allien79PL: posts small blind 15
Mahu2021: posts big blind 30
*** HOLE CARDS ***
Dealt to Mahu2021 [Kc Ts]
Allien79PL: raises 60 to 90
Mahu2021: calls 60
*** FLOP *** [4d 3d As]
Mahu2021: checks 
Allien79PL: checks 
*** TURN *** [4d 3d As] [3s]
Mahu2021: bets 120
Allien79PL: raises 120 to 240 and is all-in
Mahu2021: folds 
Uncalled bet (120) returned to Allien79PL
Allien79PL collected 420 from pot
Allien79PL: doesn't show hand 
*** SUMMARY ***
Total pot 420 | Rake 0 
Board [4d 3d As 3s]
Seat 1: Allien79PL (button) (small blind) collected (420)
Seat 3: Mahu2021 (big blind) folded on the Turn



PokerStars Hand #246703372012: Tournament #3662965792, $0.92+$0.08 USD Hold'em No Limit - Level II (15/30) - 2023/10/23 21:16:01 CET [2023/10/23 15:16:01 ET]
Table '3662965792 1' 3-max Seat #3 is the button
Seat 1: Allien79PL (540 in chips) 
Seat 3: Mahu2021 (960 in chips) 
Mahu2021: posts small blind 15
Allien79PL: posts big blind 30
*** HOLE CARDS ***
Dealt to Mahu2021 [8c 3s]
Mahu2021: folds 
Uncalled bet (15) returned to Allien79PL
Allien79PL collected 30 from pot
Allien79PL: doesn't show hand 
*** SUMMARY ***
Total pot 30 | Rake 0 
Seat 1: Allien79PL (big blind) collected (30)
Seat 3: Mahu2021 (button) (small blind) folded before Flop



PokerStars Hand #246703373637: Tournament #3662965792, $0.92+$0.08 USD Hold'em No Limit - Level II (15/30) - 2023/10/23 21:16:05 CET [2023/10/23 15:16:05 ET]
Table '3662965792 1' 3-max Seat #1 is the button
Seat 1: Allien79PL (555 in chips) 
Seat 3: Mahu2021 (945 in chips) 
Allien79PL: posts small blind 15
Mahu2021: posts big blind 30
*** HOLE CARDS ***
Dealt to Mahu2021 [Ks Ac]
Allien79PL: calls 15
Mahu2021: raises 60 to 90
Allien79PL: calls 60
*** FLOP *** [As 7h 6h]
Mahu2021: bets 90
Allien79PL: folds 
Uncalled bet (90) returned to Mahu2021
Mahu2021 collected 180 from pot
Mahu2021: doesn't show hand 
*** SUMMARY ***
Total pot 180 | Rake 0 
Board [As 7h 6h]
Seat 1: Allien79PL (button) (small blind) folded on the Flop
Seat 3: Mahu2021 (big blind) collected (180)



PokerStars Hand #246703379599: Tournament #3662965792, $0.92+$0.08 USD Hold'em No Limit - Level II (15/30) - 2023/10/23 21:16:21 CET [2023/10/23 15:16:21 ET]
Table '3662965792 1' 3-max Seat #3 is the button
Seat 1: Allien79PL (465 in chips) 
Seat 3: Mahu2021 (1035 in chips) 
Mahu2021: posts small blind 15
Allien79PL: posts big blind 30
*** HOLE CARDS ***
Dealt to Mahu2021 [5h 3c]
Mahu2021: calls 15
Allien79PL: checks 
*** FLOP *** [Ks 9s 9h]
Allien79PL: checks 
Mahu2021: bets 30
Allien79PL: folds 
Uncalled bet (30) returned to Mahu2021
Mahu2021 collected 60 from pot
Mahu2021: doesn't show hand 
*** SUMMARY ***
Total pot 60 | Rake 0 
Board [Ks 9s 9h]
Seat 1: Allien79PL (big blind) folded on the Flop
Seat 3: Mahu2021 (button) (small blind) collected (60)



PokerStars Hand #246703384370: Tournament #3662965792, $0.92+$0.08 USD Hold'em No Limit - Level II (15/30) - 2023/10/23 21:16:34 CET [2023/10/23 15:16:34 ET]
Table '3662965792 1' 3-max Seat #1 is the button
Seat 1: Allien79PL (435 in chips) 
Seat 3: Mahu2021 (1065 in chips) 
Allien79PL: posts small blind 15
Mahu2021: posts big blind 30
*** HOLE CARDS ***
Dealt to Mahu2021 [6s 4c]
Allien79PL: calls 15
Mahu2021: checks 
*** FLOP *** [2c 5h Td]
Mahu2021: checks 
Allien79PL: checks 
*** TURN *** [2c 5h Td] [5d]
Mahu2021: checks 
Allien79PL: bets 60
Mahu2021: folds 
Uncalled bet (60) returned to Allien79PL
Allien79PL collected 60 from pot
Allien79PL: doesn't show hand 
*** SUMMARY ***
Total pot 60 | Rake 0 
Board [2c 5h Td 5d]
Seat 1: Allien79PL (button) (small blind) collected (60)
Seat 3: Mahu2021 (big blind) folded on the Turn



PokerStars Hand #246703389277: Tournament #3662965792, $0.92+$0.08 USD Hold'em No Limit - Level II (15/30) - 2023/10/23 21:16:47 CET [2023/10/23 15:16:47 ET]
Table '3662965792 1' 3-max Seat #3 is the button
Seat 1: Allien79PL (465 in chips) 
Seat 3: Mahu2021 (1035 in chips) 
Mahu2021: posts small blind 15
Allien79PL: posts big blind 30
*** HOLE CARDS ***
Dealt to Mahu2021 [Qd 4h]
Mahu2021: calls 15
Allien79PL: checks 
*** FLOP *** [8h 2d 6c]
Allien79PL: bets 30
Mahu2021: folds 
Uncalled bet (30) returned to Allien79PL
Allien79PL collected 60 from pot
*** SUMMARY ***
Total pot 60 | Rake 0 
Board [8h 2d 6c]
Seat 1: Allien79PL (big blind) collected (60)
Seat 3: Mahu2021 (button) (small blind) folded on the Flop



PokerStars Hand #246703392305: Tournament #3662965792, $0.92+$0.08 USD Hold'em No Limit - Level II (15/30) - 2023/10/23 21:16:55 CET [2023/10/23 15:16:55 ET]
Table '3662965792 1' 3-max Seat #1 is the button
Seat 1: Allien79PL (495 in chips) 
Seat 3: Mahu2021 (1005 in chips) 
Allien79PL: posts small blind 15
Mahu2021: posts big blind 30
*** HOLE CARDS ***
Dealt to Mahu2021 [Ah Qs]
Allien79PL: folds 
Uncalled bet (15) returned to Mahu2021
Mahu2021 collected 30 from pot
Mahu2021: doesn't show hand 
*** SUMMARY ***
Total pot 30 | Rake 0 
Seat 1: Allien79PL (button) (small blind) folded before Flop
Seat 3: Mahu2021 (big blind) collected (30)



PokerStars Hand #246703394060: Tournament #3662965792, $0.92+$0.08 USD Hold'em No Limit - Level II (15/30) - 2023/10/23 21:17:00 CET [2023/10/23 15:17:00 ET]
Table '3662965792 1' 3-max Seat #3 is the button
Seat 1: Allien79PL (480 in chips) 
Seat 3: Mahu2021 (1020 in chips) 
Mahu2021: posts small blind 15
Allien79PL: posts big blind 30
*** HOLE CARDS ***
Dealt to Mahu2021 [Ah 4d]
Mahu2021: raises 30 to 60
Allien79PL: folds 
Uncalled bet (30) returned to Mahu2021
Mahu2021 collected 60 from pot
Mahu2021: doesn't show hand 
*** SUMMARY ***
Total pot 60 | Rake 0 
Seat 1: Allien79PL (big blind) folded before Flop
Seat 3: Mahu2021 (button) (small blind) collected (60)



PokerStars Hand #246703395871: Tournament #3662965792, $0.92+$0.08 USD Hold'em No Limit - Level II (15/30) - 2023/10/23 21:17:05 CET [2023/10/23 15:17:05 ET]
Table '3662965792 1' 3-max Seat #1 is the button
Seat 1: Allien79PL (450 in chips) 
Seat 3: Mahu2021 (1050 in chips) 
Allien79PL: posts small blind 15
Mahu2021: posts big blind 30
*** HOLE CARDS ***
Dealt to Mahu2021 [8d 4c]
Allien79PL: calls 15
Mahu2021: checks 
*** FLOP *** [Kc 7h Jh]
Mahu2021: checks 
Allien79PL: checks 
*** TURN *** [Kc 7h Jh] [Qh]
Mahu2021: bets 30
Allien79PL: folds 
Uncalled bet (30) returned to Mahu2021
Mahu2021 collected 60 from pot
Mahu2021: doesn't show hand 
*** SUMMARY ***
Total pot 60 | Rake 0 
Board [Kc 7h Jh Qh]
Seat 1: Allien79PL (button) (small blind) folded on the Turn
Seat 3: Mahu2021 (big blind) collected (60)



PokerStars Hand #246703400475: Tournament #3662965792, $0.92+$0.08 USD Hold'em No Limit - Level II (15/30) - 2023/10/23 21:17:17 CET [2023/10/23 15:17:17 ET]
Table '3662965792 1' 3-max Seat #3 is the button
Seat 1: Allien79PL (420 in chips) 
Seat 3: Mahu2021 (1080 in chips) 
Mahu2021: posts small blind 15
Allien79PL: posts big blind 30
*** HOLE CARDS ***
Dealt to Mahu2021 [Ac 5d]
Mahu2021: raises 30 to 60
Allien79PL: folds 
Uncalled bet (30) returned to Mahu2021
Mahu2021 collected 60 from pot
Mahu2021: doesn't show hand 
*** SUMMARY ***
Total pot 60 | Rake 0 
Seat 1: Allien79PL (big blind) folded before Flop
Seat 3: Mahu2021 (button) (small blind) collected (60)



PokerStars Hand #246703402206: Tournament #3662965792, $0.92+$0.08 USD Hold'em No Limit - Level II (15/30) - 2023/10/23 21:17:22 CET [2023/10/23 15:17:22 ET]
Table '3662965792 1' 3-max Seat #1 is the button
Seat 1: Allien79PL (390 in chips) 
Seat 3: Mahu2021 (1110 in chips) 
Allien79PL: posts small blind 15
Mahu2021: posts big blind 30
*** HOLE CARDS ***
Dealt to Mahu2021 [Ac 3s]
Allien79PL: raises 30 to 60
Mahu2021: raises 1050 to 1110 and is all-in
Allien79PL: calls 330 and is all-in
Uncalled bet (720) returned to Mahu2021
*** FLOP *** [6s 4c 3d]
*** TURN *** [6s 4c 3d] [2c]
*** RIVER *** [6s 4c 3d 2c] [Qs]
*** SHOW DOWN ***
Mahu2021: shows [Ac 3s] (a pair of Threes)
Allien79PL: shows [Jd 8d] (high card Queen)
Mahu2021 collected 780 from pot
Allien79PL finished the tournament in 2nd place
Mahu2021 wins the tournament and receives $3.00 - congratulations!
*** SUMMARY ***
Total pot 780 | Rake 0 
Board [6s 4c 3d 2c Qs]
Seat 1: Allien79PL (button) (small blind) showed [Jd 8d] and lost with high card Queen
Seat 3: Mahu2021 (big blind) showed [Ac 3s] and won (780) with a pair of Threes



