PokerStars Zoom Hand #254797182317:  Hold'em No Limit ($0.05/$0.10) - 2025/02/10 10:28:41 CET [2025/02/10 4:28:41 ET]
Table 'Aludra' 6-max Seat #1 is the button
Seat 1: MasterK0830 ($10.46 in chips) 
Seat 2: ciceron86 ($13.04 in chips) 
Seat 3: Mahu2021 ($10 in chips) 
Seat 4: Ritter00 ($8.01 in chips) 
Seat 5: sigrivas ($16.40 in chips) 
Seat 6: lolb0t ($10 in chips) 
ciceron86: posts small blind $0.05
Mahu2021: posts big blind $0.10
*** HOLE CARDS ***
Dealt to Mahu2021 [Ad Qc]
Ritter00: folds 
sigrivas: folds 
lolb0t: raises $0.20 to $0.30
MasterK0830: folds 
ciceron86: raises $0.90 to $1.20
Mahu2021: folds 
lolb0t: folds 
Uncalled bet ($0.90) returned to ciceron86
ciceron86 collected $0.70 from pot
ciceron86: doesn't show hand 
*** SUMMARY ***
Total pot $0.70 | Rake $0 
Seat 1: MasterK0830 (button) folded before Flop (didn't bet)
Seat 2: ciceron86 (small blind) collected ($0.70)
Seat 3: Mahu2021 (big blind) folded before Flop
Seat 4: Ritter00 folded before Flop (didn't bet)
Seat 5: sigrivas folded before Flop (didn't bet)
Seat 6: lolb0t folded before Flop



PokerStars Zoom Hand #254797183360:  Hold'em No Limit ($0.05/$0.10) - 2025/02/10 10:28:53 CET [2025/02/10 4:28:53 ET]
Table 'Aludra' 6-max Seat #1 is the button
Seat 1: SkyBoy23 ($10.15 in chips) 
Seat 2: Mahu2021 ($9.90 in chips) 
Seat 3: Ridcully-1 ($8.53 in chips) 
Seat 4: cris_civil ($13.91 in chips) 
Seat 5: AdryTwelve ($7.85 in chips) 
Seat 6: JilKaGen ($12.64 in chips) 
Mahu2021: posts small blind $0.05
Ridcully-1: posts big blind $0.10
*** HOLE CARDS ***
Dealt to Mahu2021 [2d 5s]
cris_civil: folds 
AdryTwelve: folds 
JilKaGen: raises $0.13 to $0.23
SkyBoy23: folds 
Mahu2021: folds 
Ridcully-1: folds 
Uncalled bet ($0.13) returned to JilKaGen
JilKaGen collected $0.25 from pot
JilKaGen: doesn't show hand 
*** SUMMARY ***
Total pot $0.25 | Rake $0 
Seat 1: SkyBoy23 (button) folded before Flop (didn't bet)
Seat 2: Mahu2021 (small blind) folded before Flop
Seat 3: Ridcully-1 (big blind) folded before Flop
Seat 4: cris_civil folded before Flop (didn't bet)
Seat 5: AdryTwelve folded before Flop (didn't bet)
Seat 6: JilKaGen collected ($0.25)



PokerStars Zoom Hand #254797184450:  Hold'em No Limit ($0.05/$0.10) - 2025/02/10 10:29:05 CET [2025/02/10 4:29:05 ET]
Table 'Aludra' 6-max Seat #1 is the button
Seat 1: Mahu2021 ($9.85 in chips) 
Seat 2: Gutte ($5.01 in chips) 
Seat 3: takusun ($10 in chips) 
Seat 4: Ritter00 ($6.71 in chips) 
Seat 5: kiks220272 ($16.22 in chips) 
Seat 6: SkyBoy23 ($10 in chips) 
Gutte: posts small blind $0.05
takusun: posts big blind $0.10
*** HOLE CARDS ***
Dealt to Mahu2021 [8d 8s]
Ritter00: raises $0.12 to $0.22
kiks220272: folds 
SkyBoy23: folds 
Mahu2021: calls $0.22
Gutte: folds 
takusun: folds 
*** FLOP *** [Jh Qc 4s]
Ritter00: checks 
Mahu2021: checks 
*** TURN *** [Jh Qc 4s] [5d]
Ritter00: checks 
Mahu2021: bets $0.40
Ritter00: calls $0.40
*** RIVER *** [Jh Qc 4s 5d] [9h]
Ritter00: checks 
Mahu2021: checks 
*** SHOW DOWN ***
Ritter00: shows [Ad 2d] (high card Ace)
Mahu2021: shows [8d 8s] (a pair of Eights)
Mahu2021 collected $1.33 from pot
*** SUMMARY ***
Total pot $1.39 | Rake $0.06 
Board [Jh Qc 4s 5d 9h]
Seat 1: Mahu2021 (button) showed [8d 8s] and won ($1.33) with a pair of Eights
Seat 2: Gutte (small blind) folded before Flop
Seat 3: takusun (big blind) folded before Flop
Seat 4: Ritter00 showed [Ad 2d] and lost with high card Ace
Seat 5: kiks220272 folded before Flop (didn't bet)
Seat 6: SkyBoy23 folded before Flop (didn't bet)



PokerStars Zoom Hand #254797186762:  Hold'em No Limit ($0.05/$0.10) - 2025/02/10 10:29:32 CET [2025/02/10 4:29:32 ET]
Table 'Aludra' 6-max Seat #1 is the button
Seat 1: SkyBoy23 ($10 in chips) 
Seat 2: ciceron86 ($13.65 in chips) 
Seat 3: Clicker89 ($10 in chips) 
Seat 4: wobbysnobby404 ($7.80 in chips) 
Seat 5: Mahu2021 ($10.56 in chips) 
Seat 6: ALEKC6 ($11.20 in chips) 
ciceron86: posts small blind $0.05
Clicker89: posts big blind $0.10
*** HOLE CARDS ***
Dealt to Mahu2021 [Kh Td]
wobbysnobby404: raises $0.20 to $0.30
Mahu2021: calls $0.30
ALEKC6: folds 
SkyBoy23: folds 
ciceron86: folds 
Clicker89: folds 
*** FLOP *** [7c 7h 8h]
wobbysnobby404: bets $0.40
Mahu2021: folds 
Uncalled bet ($0.40) returned to wobbysnobby404
wobbysnobby404 collected $0.72 from pot
wobbysnobby404: doesn't show hand 
*** SUMMARY ***
Total pot $0.75 | Rake $0.03 
Board [7c 7h 8h]
Seat 1: SkyBoy23 (button) folded before Flop (didn't bet)
Seat 2: ciceron86 (small blind) folded before Flop
Seat 3: Clicker89 (big blind) folded before Flop
Seat 4: wobbysnobby404 collected ($0.72)
Seat 5: Mahu2021 folded on the Flop
Seat 6: ALEKC6 folded before Flop (didn't bet)



PokerStars Zoom Hand #254797189795:  Hold'em No Limit ($0.05/$0.10) - 2025/02/10 10:30:06 CET [2025/02/10 4:30:06 ET]
Table 'Aludra' 6-max Seat #1 is the button
Seat 1: Ritter00 ($8.39 in chips) 
Seat 2: cris_civil ($12.86 in chips) 
Seat 3: Ridcully-1 ($7.83 in chips) 
Seat 4: Jinzoo1 ($19.99 in chips) 
Seat 5: flippinghand ($10.61 in chips) 
Seat 6: Mahu2021 ($10.26 in chips) 
cris_civil: posts small blind $0.05
Ridcully-1: posts big blind $0.10
*** HOLE CARDS ***
Dealt to Mahu2021 [Ts 2d]
Jinzoo1: folds 
flippinghand: folds 
Mahu2021: folds 
Ritter00: folds 
cris_civil: folds 
Uncalled bet ($0.05) returned to Ridcully-1
Ridcully-1 collected $0.10 from pot
Ridcully-1: doesn't show hand 
*** SUMMARY ***
Total pot $0.10 | Rake $0 
Seat 1: Ritter00 (button) folded before Flop (didn't bet)
Seat 2: cris_civil (small blind) folded before Flop
Seat 3: Ridcully-1 (big blind) collected ($0.10)
Seat 4: Jinzoo1 folded before Flop (didn't bet)
Seat 5: flippinghand folded before Flop (didn't bet)
Seat 6: Mahu2021 folded before Flop (didn't bet)



PokerStars Zoom Hand #254797190195:  Hold'em No Limit ($0.05/$0.10) - 2025/02/10 10:30:11 CET [2025/02/10 4:30:11 ET]
Table 'Aludra' 6-max Seat #1 is the button
Seat 1: Mahu2021 ($10.26 in chips) 
Seat 2: bimbabamba ($20.97 in chips) 
Seat 3: Jinzoo1 ($19.99 in chips) 
Seat 4: Ritter00 ($8.39 in chips) 
Seat 5: kiks220272 ($19.33 in chips) 
Seat 6: flippinghand ($10.61 in chips) 
bimbabamba: posts small blind $0.05
Jinzoo1: posts big blind $0.10
*** HOLE CARDS ***
Dealt to Mahu2021 [9d 8h]
Ritter00: folds 
kiks220272: folds 
flippinghand: folds 
Mahu2021: folds 
bimbabamba: folds 
Uncalled bet ($0.05) returned to Jinzoo1
Jinzoo1 collected $0.10 from pot
Jinzoo1: doesn't show hand 
*** SUMMARY ***
Total pot $0.10 | Rake $0 
Seat 1: Mahu2021 (button) folded before Flop (didn't bet)
Seat 2: bimbabamba (small blind) folded before Flop
Seat 3: Jinzoo1 (big blind) collected ($0.10)
Seat 4: Ritter00 folded before Flop (didn't bet)
Seat 5: kiks220272 folded before Flop (didn't bet)
Seat 6: flippinghand folded before Flop (didn't bet)



PokerStars Zoom Hand #254797190574:  Hold'em No Limit ($0.05/$0.10) - 2025/02/10 10:30:15 CET [2025/02/10 4:30:15 ET]
Table 'Aludra' 6-max Seat #1 is the button
Seat 1: Ridcully-1 ($7.88 in chips) 
Seat 2: gunnerwin555 ($8.83 in chips) 
Seat 3: Mahu2021 ($10.26 in chips) 
Seat 4: flippinghand ($10.61 in chips) 
Seat 5: Gutte ($4.16 in chips) 
Seat 6: cris_civil ($12.81 in chips) 
gunnerwin555: posts small blind $0.05
Mahu2021: posts big blind $0.10
*** HOLE CARDS ***
Dealt to Mahu2021 [Tc 2h]
flippinghand: raises $0.20 to $0.30
Gutte: folds 
cris_civil: folds 
Ridcully-1: folds 
gunnerwin555: folds 
Mahu2021: folds 
Uncalled bet ($0.20) returned to flippinghand
flippinghand collected $0.25 from pot
flippinghand: doesn't show hand 
*** SUMMARY ***
Total pot $0.25 | Rake $0 
Seat 1: Ridcully-1 (button) folded before Flop (didn't bet)
Seat 2: gunnerwin555 (small blind) folded before Flop
Seat 3: Mahu2021 (big blind) folded before Flop
Seat 4: flippinghand collected ($0.25)
Seat 5: Gutte folded before Flop (didn't bet)
Seat 6: cris_civil folded before Flop (didn't bet)



PokerStars Zoom Hand #254797190941:  Hold'em No Limit ($0.05/$0.10) - 2025/02/10 10:30:19 CET [2025/02/10 4:30:19 ET]
Table 'Aludra' 6-max Seat #1 is the button
Seat 1: roo198 ($20.25 in chips) 
Seat 2: Mahu2021 ($10.16 in chips) 
Seat 3: kiks220272 ($16.72 in chips) 
Seat 4: ALEKC6 ($21.70 in chips) 
Seat 5: bimbabamba ($20.92 in chips) 
Seat 6: gunnerwin555 ($8.78 in chips) 
Mahu2021: posts small blind $0.05
kiks220272: posts big blind $0.10
*** HOLE CARDS ***
Dealt to Mahu2021 [Ts Jd]
ALEKC6: raises $0.13 to $0.23
bimbabamba: folds 
gunnerwin555: folds 
roo198: folds 
Mahu2021: calls $0.18
kiks220272: folds 
*** FLOP *** [3s 7d 2c]
Mahu2021: checks 
ALEKC6: bets $0.74
Mahu2021: folds 
Uncalled bet ($0.74) returned to ALEKC6
ALEKC6 collected $0.53 from pot
ALEKC6: doesn't show hand 
*** SUMMARY ***
Total pot $0.56 | Rake $0.03 
Board [3s 7d 2c]
Seat 1: roo198 (button) folded before Flop (didn't bet)
Seat 2: Mahu2021 (small blind) folded on the Flop
Seat 3: kiks220272 (big blind) folded before Flop
Seat 4: ALEKC6 collected ($0.53)
Seat 5: bimbabamba folded before Flop (didn't bet)
Seat 6: gunnerwin555 folded before Flop (didn't bet)



PokerStars Zoom Hand #254797192407:  Hold'em No Limit ($0.05/$0.10) - 2025/02/10 10:30:36 CET [2025/02/10 4:30:36 ET]
Table 'Aludra' 6-max Seat #1 is the button
Seat 1: lolb0t ($10.25 in chips) 
Seat 2: cris_civil ($13.66 in chips) 
Seat 3: Clicker89 ($10.23 in chips) 
Seat 4: Mahu2021 ($9.93 in chips) 
Seat 5: ciceron86 ($22.01 in chips) 
Seat 6: Roache9999 ($9.83 in chips) 
cris_civil: posts small blind $0.05
Clicker89: posts big blind $0.10
*** HOLE CARDS ***
Dealt to Mahu2021 [Jc 3c]
Mahu2021: folds 
ciceron86: folds 
Roache9999: raises $0.25 to $0.35
lolb0t: folds 
cris_civil: folds 
Clicker89: folds 
Uncalled bet ($0.25) returned to Roache9999
Roache9999 collected $0.25 from pot
Roache9999: doesn't show hand 
*** SUMMARY ***
Total pot $0.25 | Rake $0 
Seat 1: lolb0t (button) folded before Flop (didn't bet)
Seat 2: cris_civil (small blind) folded before Flop
Seat 3: Clicker89 (big blind) folded before Flop
Seat 4: Mahu2021 folded before Flop (didn't bet)
Seat 5: ciceron86 folded before Flop (didn't bet)
Seat 6: Roache9999 collected ($0.25)



PokerStars Zoom Hand #254797192899:  Hold'em No Limit ($0.05/$0.10) - 2025/02/10 10:30:41 CET [2025/02/10 4:30:41 ET]
Table 'Aludra' 6-max Seat #1 is the button
Seat 1: lolb0t ($15.60 in chips) 
Seat 2: sigrivas ($16.08 in chips) 
Seat 3: ciceron86 ($22.01 in chips) 
Seat 4: gunnerwin555 ($8.93 in chips) 
Seat 5: JilKaGen ($11.93 in chips) 
Seat 6: Mahu2021 ($9.93 in chips) 
sigrivas: posts small blind $0.05
ciceron86: posts big blind $0.10
*** HOLE CARDS ***
Dealt to Mahu2021 [Ks Td]
gunnerwin555: folds 
JilKaGen: folds 
Mahu2021: raises $0.20 to $0.30
lolb0t: folds 
sigrivas: folds 
ciceron86: folds 
Uncalled bet ($0.20) returned to Mahu2021
Mahu2021 collected $0.25 from pot
Mahu2021: doesn't show hand 
*** SUMMARY ***
Total pot $0.25 | Rake $0 
Seat 1: lolb0t (button) folded before Flop (didn't bet)
Seat 2: sigrivas (small blind) folded before Flop
Seat 3: ciceron86 (big blind) folded before Flop
Seat 4: gunnerwin555 folded before Flop (didn't bet)
Seat 5: JilKaGen folded before Flop (didn't bet)
Seat 6: Mahu2021 collected ($0.25)



PokerStars Zoom Hand #254797194164:  Hold'em No Limit ($0.05/$0.10) - 2025/02/10 10:30:56 CET [2025/02/10 4:30:56 ET]
Table 'Aludra' 6-max Seat #1 is the button
Seat 1: wwill998 ($12.29 in chips) 
Seat 2: lolb0t ($12.78 in chips) 
Seat 3: bimbabamba ($21.02 in chips) 
Seat 4: Clicker89 ($10.10 in chips) 
Seat 5: Mahu2021 ($10.08 in chips) 
Seat 6: bogata111 ($6.27 in chips) 
lolb0t: posts small blind $0.05
bimbabamba: posts big blind $0.10
*** HOLE CARDS ***
Dealt to Mahu2021 [6s 5s]
Clicker89: folds 
Mahu2021: raises $0.14 to $0.24
bogata111: calls $0.24
wwill998: raises $0.74 to $0.98
lolb0t: folds 
bimbabamba: folds 
Mahu2021: folds 
bogata111: folds 
Uncalled bet ($0.74) returned to wwill998
wwill998 collected $0.87 from pot
wwill998: doesn't show hand 
*** SUMMARY ***
Total pot $0.87 | Rake $0 
Seat 1: wwill998 (button) collected ($0.87)
Seat 2: lolb0t (small blind) folded before Flop
Seat 3: bimbabamba (big blind) folded before Flop
Seat 4: Clicker89 folded before Flop (didn't bet)
Seat 5: Mahu2021 folded before Flop
Seat 6: bogata111 folded before Flop



PokerStars Zoom Hand #254797198238:  Hold'em No Limit ($0.05/$0.10) - 2025/02/10 10:31:40 CET [2025/02/10 4:31:40 ET]
Table 'Aludra' 6-max Seat #1 is the button
Seat 1: Tozsy17 ($10 in chips) 
Seat 2: wobbysnobby404 ($10.71 in chips) 
Seat 3: kiks220272 ($19.49 in chips) 
Seat 4: Mahu2021 ($9.74 in chips) 
Seat 5: ALEKC6 ($22 in chips) 
Seat 6: ciceron86 ($15.63 in chips) 
wobbysnobby404: posts small blind $0.05
kiks220272: posts big blind $0.10
*** HOLE CARDS ***
Dealt to Mahu2021 [7s 2c]
Mahu2021: folds 
ALEKC6: folds 
ciceron86: folds 
Tozsy17: folds 
wobbysnobby404: raises $0.20 to $0.30
kiks220272: folds 
Uncalled bet ($0.20) returned to wobbysnobby404
wobbysnobby404 collected $0.20 from pot
wobbysnobby404: doesn't show hand 
*** SUMMARY ***
Total pot $0.20 | Rake $0 
Seat 1: Tozsy17 (button) folded before Flop (didn't bet)
Seat 2: wobbysnobby404 (small blind) collected ($0.20)
Seat 3: kiks220272 (big blind) folded before Flop
Seat 4: Mahu2021 folded before Flop (didn't bet)
Seat 5: ALEKC6 folded before Flop (didn't bet)
Seat 6: ciceron86 folded before Flop (didn't bet)



PokerStars Zoom Hand #254797196541:  Hold'em No Limit ($0.05/$0.10) - 2025/02/10 10:31:22 CET [2025/02/10 4:31:22 ET]
Table 'Aludra' 6-max Seat #1 is the button
Seat 1: Mahu2021 ($9.84 in chips) 
Seat 2: TANEV78 ($13.74 in chips) 
Seat 3: acebob999 ($9.95 in chips) 
Seat 4: ALEKC6 ($10.89 in chips) 
Seat 5: Clicker89 ($11.16 in chips) 
Seat 6: Ridcully-1 ($7.63 in chips) 
TANEV78: posts small blind $0.05
acebob999: posts big blind $0.10
*** HOLE CARDS ***
Dealt to Mahu2021 [7h 5d]
ALEKC6: raises $0.13 to $0.23
Clicker89: folds 
Ridcully-1: folds 
Mahu2021: folds 
TANEV78: calls $0.18
acebob999: raises $0.69 to $0.92
ALEKC6: calls $0.69
TANEV78: folds 
*** FLOP *** [7d Jc 2d]
acebob999: checks 
ALEKC6: bets $0.50
acebob999: calls $0.50
*** TURN *** [7d Jc 2d] [Qs]
acebob999: checks 
ALEKC6: checks 
*** RIVER *** [7d Jc 2d Qs] [4d]
acebob999: checks 
ALEKC6: bets $9.47 and is all-in
acebob999: folds 
Uncalled bet ($9.47) returned to ALEKC6
ALEKC6 collected $2.93 from pot
ALEKC6: doesn't show hand 
*** SUMMARY ***
Total pot $3.07 | Rake $0.14 
Board [7d Jc 2d Qs 4d]
Seat 1: Mahu2021 (button) folded before Flop (didn't bet)
Seat 2: TANEV78 (small blind) folded before Flop
Seat 3: acebob999 (big blind) folded on the River
Seat 4: ALEKC6 collected ($2.93)
Seat 5: Clicker89 folded before Flop (didn't bet)
Seat 6: Ridcully-1 folded before Flop (didn't bet)



PokerStars Zoom Hand #254797196982:  Hold'em No Limit ($0.05/$0.10) - 2025/02/10 10:31:27 CET [2025/02/10 4:31:27 ET]
Table 'Aludra' 6-max Seat #1 is the button
Seat 1: lolb0t ($12.62 in chips) 
Seat 2: Ridcully-1 ($7.63 in chips) 
Seat 3: Mahu2021 ($9.84 in chips) 
Seat 4: NoSweat666 ($13.68 in chips) 
Seat 5: SkyBoy23 ($15.99 in chips) 
Seat 6: Clicker89 ($11.16 in chips) 
Ridcully-1: posts small blind $0.05
Mahu2021: posts big blind $0.10
*** HOLE CARDS ***
Dealt to Mahu2021 [4c 8s]
NoSweat666: raises $0.16 to $0.26
SkyBoy23: folds 
Clicker89: folds 
lolb0t: raises $0.67 to $0.93
Ridcully-1: folds 
Mahu2021: folds 
NoSweat666: calls $0.67
*** FLOP *** [Jh Td 2d]
NoSweat666: checks 
lolb0t: bets $0.96
NoSweat666: calls $0.96
*** TURN *** [Jh Td 2d] [Qd]
NoSweat666: checks 
lolb0t: bets $1.88
NoSweat666: calls $1.88
*** RIVER *** [Jh Td 2d Qd] [6c]
NoSweat666: bets $9.91 and is all-in
lolb0t: calls $8.85 and is all-in
Uncalled bet ($1.06) returned to NoSweat666
*** SHOW DOWN ***
NoSweat666: shows [8c 9c] (a straight, Eight to Queen)
lolb0t: shows [As Kh] (a straight, Ten to Ace)
lolb0t collected $24.25 from pot
*** SUMMARY ***
Total pot $25.39 | Rake $1.14 
Board [Jh Td 2d Qd 6c]
Seat 1: lolb0t (button) showed [As Kh] and won ($24.25) with a straight, Ten to Ace
Seat 2: Ridcully-1 (small blind) folded before Flop
Seat 3: Mahu2021 (big blind) folded before Flop
Seat 4: NoSweat666 showed [8c 9c] and lost with a straight, Eight to Queen
Seat 5: SkyBoy23 folded before Flop (didn't bet)
Seat 6: Clicker89 folded before Flop (didn't bet)



PokerStars Zoom Hand #254797198565:  Hold'em No Limit ($0.05/$0.10) - 2025/02/10 10:31:44 CET [2025/02/10 4:31:44 ET]
Table 'Aludra' 6-max Seat #1 is the button
Seat 1: Tozsy17 ($10 in chips) 
Seat 2: Mahu2021 ($9.74 in chips) 
Seat 3: Clicker89 ($10 in chips) 
Seat 4: ALEKC6 ($11.79 in chips) 
Seat 5: lolb0t ($15.45 in chips) 
Seat 6: kdog1307 ($4.61 in chips) 
Mahu2021: posts small blind $0.05
Clicker89: posts big blind $0.10
*** HOLE CARDS ***
Dealt to Mahu2021 [Th Js]
ALEKC6: folds 
lolb0t: folds 
kdog1307: folds 
Tozsy17: raises $0.11 to $0.21
Mahu2021: calls $0.16
Clicker89: calls $0.11
*** FLOP *** [8s 5h Tc]
Mahu2021: checks 
Clicker89: checks 
Tozsy17: bets $0.72
Mahu2021: calls $0.72
Clicker89: folds 
*** TURN *** [8s 5h Tc] [4c]
Mahu2021: checks 
Tozsy17: checks 
*** RIVER *** [8s 5h Tc 4c] [3d]
Mahu2021: checks 
Tozsy17: checks 
*** SHOW DOWN ***
Mahu2021: shows [Th Js] (a pair of Tens)
Tozsy17: mucks hand 
Mahu2021 collected $1.98 from pot
*** SUMMARY ***
Total pot $2.07 | Rake $0.09 
Board [8s 5h Tc 4c 3d]
Seat 1: Tozsy17 (button) mucked [7h 9h]
Seat 2: Mahu2021 (small blind) showed [Th Js] and won ($1.98) with a pair of Tens
Seat 3: Clicker89 (big blind) folded on the Flop
Seat 4: ALEKC6 folded before Flop (didn't bet)
Seat 5: lolb0t folded before Flop (didn't bet)
Seat 6: kdog1307 folded before Flop (didn't bet)



PokerStars Zoom Hand #254797202335:  Hold'em No Limit ($0.05/$0.10) - 2025/02/10 10:32:26 CET [2025/02/10 4:32:26 ET]
Table 'Aludra' 6-max Seat #1 is the button
Seat 1: ALEKC6 ($21.85 in chips) 
Seat 2: lolb0t ($24.25 in chips) 
Seat 3: mynutsmakemoney ($10.26 in chips) 
Seat 4: sigrivas ($20.98 in chips) 
Seat 5: bogata111 ($5.78 in chips) 
Seat 6: Mahu2021 ($10.79 in chips) 
lolb0t: posts small blind $0.05
mynutsmakemoney: posts big blind $0.10
*** HOLE CARDS ***
Dealt to Mahu2021 [Kc 5d]
sigrivas: raises $0.20 to $0.30
bogata111: folds 
Mahu2021: folds 
ALEKC6: folds 
lolb0t: folds 
mynutsmakemoney: calls $0.20
*** FLOP *** [Td 9s Qs]
mynutsmakemoney: checks 
sigrivas: bets $0.31
mynutsmakemoney: folds 
Uncalled bet ($0.31) returned to sigrivas
sigrivas collected $0.62 from pot
sigrivas: doesn't show hand 
*** SUMMARY ***
Total pot $0.65 | Rake $0.03 
Board [Td 9s Qs]
Seat 1: ALEKC6 (button) folded before Flop (didn't bet)
Seat 2: lolb0t (small blind) folded before Flop
Seat 3: mynutsmakemoney (big blind) folded on the Flop
Seat 4: sigrivas collected ($0.62)
Seat 5: bogata111 folded before Flop (didn't bet)
Seat 6: Mahu2021 folded before Flop (didn't bet)



PokerStars Zoom Hand #254797202911:  Hold'em No Limit ($0.05/$0.10) - 2025/02/10 10:32:32 CET [2025/02/10 4:32:32 ET]
Table 'Aludra' 6-max Seat #1 is the button
Seat 1: Clicker89 ($10.89 in chips) 
Seat 2: TANEV78 ($21.89 in chips) 
Seat 3: takusun ($10 in chips) 
Seat 4: cris_civil ($13.06 in chips) 
Seat 5: Mahu2021 ($10.79 in chips) 
Seat 6: Gutte ($3.86 in chips) 
TANEV78: posts small blind $0.05
takusun: posts big blind $0.10
*** HOLE CARDS ***
Dealt to Mahu2021 [2h Tc]
cris_civil: folds 
Mahu2021: folds 
Gutte: folds 
Clicker89: raises $0.15 to $0.25
TANEV78: raises $0.55 to $0.80
takusun: folds 
Clicker89: folds 
Uncalled bet ($0.55) returned to TANEV78
TANEV78 collected $0.60 from pot
TANEV78: doesn't show hand 
*** SUMMARY ***
Total pot $0.60 | Rake $0 
Seat 1: Clicker89 (button) folded before Flop
Seat 2: TANEV78 (small blind) collected ($0.60)
Seat 3: takusun (big blind) folded before Flop
Seat 4: cris_civil folded before Flop (didn't bet)
Seat 5: Mahu2021 folded before Flop (didn't bet)
Seat 6: Gutte folded before Flop (didn't bet)



PokerStars Zoom Hand #254797204093:  Hold'em No Limit ($0.05/$0.10) - 2025/02/10 10:32:45 CET [2025/02/10 4:32:45 ET]
Table 'Aludra' 6-max Seat #1 is the button
Seat 1: d11dozer ($3.27 in chips) 
Seat 2: SkyBoy23 ($10.45 in chips) 
Seat 3: Mahu2021 ($10.79 in chips) 
Seat 4: Ridcully-1 ($6.88 in chips) 
Seat 5: Botan815 ($10 in chips) 
Seat 6: kdog1307 ($4.36 in chips) 
SkyBoy23: posts small blind $0.05
Mahu2021: posts big blind $0.10
*** HOLE CARDS ***
Dealt to Mahu2021 [2s 7d]
Ridcully-1: folds 
Botan815: raises $0.15 to $0.25
kdog1307: folds 
d11dozer: folds 
SkyBoy23: folds 
Mahu2021: folds 
Uncalled bet ($0.15) returned to Botan815
Botan815 collected $0.25 from pot
Botan815: doesn't show hand 
*** SUMMARY ***
Total pot $0.25 | Rake $0 
Seat 1: d11dozer (button) folded before Flop (didn't bet)
Seat 2: SkyBoy23 (small blind) folded before Flop
Seat 3: Mahu2021 (big blind) folded before Flop
Seat 4: Ridcully-1 folded before Flop (didn't bet)
Seat 5: Botan815 collected ($0.25)
Seat 6: kdog1307 folded before Flop (didn't bet)



PokerStars Zoom Hand #254797204895:  Hold'em No Limit ($0.05/$0.10) - 2025/02/10 10:32:54 CET [2025/02/10 4:32:54 ET]
Table 'Aludra' 6-max Seat #1 is the button
Seat 1: cris_civil ($10.15 in chips) 
Seat 2: sigrivas ($21.30 in chips) 
Seat 3: imnotamaniac ($10 in chips) 
Seat 4: Mahu2021 ($10.69 in chips) 
Seat 5: JilKaGen ($12.73 in chips) 
Seat 6: muchokuzzan ($10.11 in chips) 
sigrivas: posts small blind $0.05
imnotamaniac: posts big blind $0.10
*** HOLE CARDS ***
Dealt to Mahu2021 [8d 4s]
Mahu2021: folds 
JilKaGen: folds 
muchokuzzan: folds 
cris_civil: folds 
sigrivas: folds 
Uncalled bet ($0.05) returned to imnotamaniac
imnotamaniac collected $0.10 from pot
imnotamaniac: doesn't show hand 
*** SUMMARY ***
Total pot $0.10 | Rake $0 
Seat 1: cris_civil (button) folded before Flop (didn't bet)
Seat 2: sigrivas (small blind) folded before Flop
Seat 3: imnotamaniac (big blind) collected ($0.10)
Seat 4: Mahu2021 folded before Flop (didn't bet)
Seat 5: JilKaGen folded before Flop (didn't bet)
Seat 6: muchokuzzan folded before Flop (didn't bet)



PokerStars Zoom Hand #254797205520:  Hold'em No Limit ($0.05/$0.10) - 2025/02/10 10:33:01 CET [2025/02/10 4:33:01 ET]
Table 'Aludra' 6-max Seat #1 is the button
Seat 1: gunnerwin555 ($11.18 in chips) 
Seat 2: Mahu2021 ($10.69 in chips) 
Seat 3: SkyBoy23 ($10.40 in chips) 
Seat 4: cris_civil ($10.15 in chips) 
Seat 5: Gutte ($3.81 in chips) 
Seat 6: lolb0t ($24.10 in chips) 
Mahu2021: posts small blind $0.05
SkyBoy23: posts big blind $0.10
*** HOLE CARDS ***
Dealt to Mahu2021 [9s 7d]
cris_civil: folds 
Gutte: folds 
lolb0t: folds 
gunnerwin555: folds 
Mahu2021: folds 
Uncalled bet ($0.05) returned to SkyBoy23
SkyBoy23 collected $0.10 from pot
SkyBoy23: doesn't show hand 
*** SUMMARY ***
Total pot $0.10 | Rake $0 
Seat 1: gunnerwin555 (button) folded before Flop (didn't bet)
Seat 2: Mahu2021 (small blind) folded before Flop
Seat 3: SkyBoy23 (big blind) collected ($0.10)
Seat 4: cris_civil folded before Flop (didn't bet)
Seat 5: Gutte folded before Flop (didn't bet)
Seat 6: lolb0t folded before Flop (didn't bet)



PokerStars Zoom Hand #254797206239:  Hold'em No Limit ($0.05/$0.10) - 2025/02/10 10:33:09 CET [2025/02/10 4:33:09 ET]
Table 'Aludra' 6-max Seat #1 is the button
Seat 1: sigrivas ($21.25 in chips) 
Seat 2: themotans ($8.82 in chips) 
Seat 3: wwill998 ($15.42 in chips) 
Seat 4: ALEKC6 ($13.82 in chips) 
Seat 5: Mahu2021 ($10.64 in chips) 
Seat 6: cris_civil ($10.15 in chips) 
themotans: posts small blind $0.05
wwill998: posts big blind $0.10
*** HOLE CARDS ***
Dealt to Mahu2021 [9s 4d]
ALEKC6: folds 
Mahu2021: folds 
cris_civil: folds 
sigrivas: raises $0.40 to $0.50
themotans: folds 
wwill998: folds 
Uncalled bet ($0.40) returned to sigrivas
sigrivas collected $0.25 from pot
sigrivas: doesn't show hand 
*** SUMMARY ***
Total pot $0.25 | Rake $0 
Seat 1: sigrivas (button) collected ($0.25)
Seat 2: themotans (small blind) folded before Flop
Seat 3: wwill998 (big blind) folded before Flop
Seat 4: ALEKC6 folded before Flop (didn't bet)
Seat 5: Mahu2021 folded before Flop (didn't bet)
Seat 6: cris_civil folded before Flop (didn't bet)



PokerStars Zoom Hand #254797207535:  Hold'em No Limit ($0.05/$0.10) - 2025/02/10 10:33:23 CET [2025/02/10 4:33:23 ET]
Table 'Aludra' 6-max Seat #1 is the button
Seat 1: Jinzoo1 ($18.44 in chips) 
Seat 2: Roache9999 ($10.19 in chips) 
Seat 3: SkyBoy23 ($10.71 in chips) 
Seat 4: Tozsy17 ($19.85 in chips) 
Seat 5: imnotamaniac ($10.35 in chips) 
Seat 6: Mahu2021 ($10.54 in chips) 
Roache9999: posts small blind $0.05
SkyBoy23: posts big blind $0.10
*** HOLE CARDS ***
Dealt to Mahu2021 [9d 4d]
Tozsy17: folds 
imnotamaniac: folds 
Mahu2021: folds 
Jinzoo1: folds 
Roache9999: folds 
Uncalled bet ($0.05) returned to SkyBoy23
SkyBoy23 collected $0.10 from pot
SkyBoy23: doesn't show hand 
*** SUMMARY ***
Total pot $0.10 | Rake $0 
Seat 1: Jinzoo1 (button) folded before Flop (didn't bet)
Seat 2: Roache9999 (small blind) folded before Flop
Seat 3: SkyBoy23 (big blind) collected ($0.10)
Seat 4: Tozsy17 folded before Flop (didn't bet)
Seat 5: imnotamaniac folded before Flop (didn't bet)
Seat 6: Mahu2021 folded before Flop (didn't bet)



PokerStars Zoom Hand #254797207192:  Hold'em No Limit ($0.05/$0.10) - 2025/02/10 10:33:19 CET [2025/02/10 4:33:19 ET]
Table 'Aludra' 6-max Seat #1 is the button
Seat 1: Mahu2021 ($10.54 in chips) 
Seat 2: SkyBoy23 ($14.16 in chips) 
Seat 3: takusun ($10.32 in chips) 
Seat 4: Jinzoo1 ($18.44 in chips) 
Seat 5: Clicker89 ($9.95 in chips) 
Seat 6: ooaza ($9.23 in chips) 
SkyBoy23: posts small blind $0.05
takusun: posts big blind $0.10
*** HOLE CARDS ***
Dealt to Mahu2021 [4d Qs]
Jinzoo1: folds 
Clicker89: folds 
ooaza: folds 
Mahu2021: folds 
SkyBoy23: folds 
Uncalled bet ($0.05) returned to takusun
takusun collected $0.10 from pot
takusun: doesn't show hand 
*** SUMMARY ***
Total pot $0.10 | Rake $0 
Seat 1: Mahu2021 (button) folded before Flop (didn't bet)
Seat 2: SkyBoy23 (small blind) folded before Flop
Seat 3: takusun (big blind) collected ($0.10)
Seat 4: Jinzoo1 folded before Flop (didn't bet)
Seat 5: Clicker89 folded before Flop (didn't bet)
Seat 6: ooaza folded before Flop (didn't bet)



PokerStars Zoom Hand #254797206557:  Hold'em No Limit ($0.05/$0.10) - 2025/02/10 10:33:13 CET [2025/02/10 4:33:13 ET]
Table 'Aludra' 6-max Seat #1 is the button
Seat 1: themotans ($8.77 in chips) 
Seat 2: SkyBoy23 ($14.21 in chips) 
Seat 3: Mahu2021 ($10.64 in chips) 
Seat 4: gunnerwin555 ($11.13 in chips) 
Seat 5: mynutsmakemoney ($10 in chips) 
Seat 6: imnotamaniac ($10.05 in chips) 
SkyBoy23: posts small blind $0.05
Mahu2021: posts big blind $0.10
*** HOLE CARDS ***
Dealt to Mahu2021 [6d 4s]
gunnerwin555: raises $0.10 to $0.20
mynutsmakemoney: raises $0.40 to $0.60
imnotamaniac: folds 
themotans: folds 
SkyBoy23: folds 
Mahu2021: folds 
gunnerwin555: calls $0.40
*** FLOP *** [2d 8h 8s]
gunnerwin555: checks 
mynutsmakemoney: checks 
*** TURN *** [2d 8h 8s] [2h]
gunnerwin555: checks 
mynutsmakemoney: checks 
*** RIVER *** [2d 8h 8s 2h] [Js]
gunnerwin555: checks 
mynutsmakemoney: bets $1.27
gunnerwin555: calls $1.27
*** SHOW DOWN ***
mynutsmakemoney: shows [Qs Kd] (two pair, Eights and Deuces)
gunnerwin555: shows [Jc Qc] (two pair, Jacks and Eights)
gunnerwin555 collected $3.71 from pot
*** SUMMARY ***
Total pot $3.89 | Rake $0.18 
Board [2d 8h 8s 2h Js]
Seat 1: themotans (button) folded before Flop (didn't bet)
Seat 2: SkyBoy23 (small blind) folded before Flop
Seat 3: Mahu2021 (big blind) folded before Flop
Seat 4: gunnerwin555 showed [Jc Qc] and won ($3.71) with two pair, Jacks and Eights
Seat 5: mynutsmakemoney showed [Qs Kd] and lost with two pair, Eights and Deuces
Seat 6: imnotamaniac folded before Flop (didn't bet)



PokerStars Zoom Hand #254797203206:  Hold'em No Limit ($0.05/$0.10) - 2025/02/10 10:32:36 CET [2025/02/10 4:32:36 ET]
Table 'Aludra' 6-max Seat #1 is the button
Seat 1: Mahu2021 ($10.79 in chips) 
Seat 2: kiks220272 ($19.54 in chips) 
Seat 3: bogata111 ($5.78 in chips) 
Seat 4: themotans ($9.12 in chips) 
Seat 5: lolb0t ($24.20 in chips) 
Seat 6: JilKaGen ($26.12 in chips) 
kiks220272: posts small blind $0.05
bogata111: posts big blind $0.10
*** HOLE CARDS ***
Dealt to Mahu2021 [Ah 7s]
themotans: folds 
lolb0t: folds 
JilKaGen: raises $0.13 to $0.23
Mahu2021: folds 
kiks220272: folds 
bogata111: calls $0.13
*** FLOP *** [2s Qh 3d]
bogata111: checks 
JilKaGen: bets $0.15
bogata111: calls $0.15
*** TURN *** [2s Qh 3d] [Td]
bogata111: checks 
JilKaGen: bets $0.60
bogata111: calls $0.60
*** RIVER *** [2s Qh 3d Td] [6s]
bogata111: checks 
JilKaGen: checks 
*** SHOW DOWN ***
bogata111: shows [Tc Ad] (a pair of Tens)
JilKaGen: mucks hand 
bogata111 collected $1.92 from pot
*** SUMMARY ***
Total pot $2.01 | Rake $0.09 
Board [2s Qh 3d Td 6s]
Seat 1: Mahu2021 (button) folded before Flop (didn't bet)
Seat 2: kiks220272 (small blind) folded before Flop
Seat 3: bogata111 (big blind) showed [Tc Ad] and won ($1.92) with a pair of Tens
Seat 4: themotans folded before Flop (didn't bet)
Seat 5: lolb0t folded before Flop (didn't bet)
Seat 6: JilKaGen mucked [Kd 5d]



PokerStars Zoom Hand #254797207826:  Hold'em No Limit ($0.05/$0.10) - 2025/02/10 10:33:27 CET [2025/02/10 4:33:27 ET]
Table 'Aludra' 6-max Seat #1 is the button
Seat 1: JilKaGen ($12.24 in chips) 
Seat 2: Mahu2021 ($10.54 in chips) 
Seat 3: lolb0t ($13.93 in chips) 
Seat 4: Jinzoo1 ($18.44 in chips) 
Seat 5: kiks220272 ($19.39 in chips) 
Seat 6: NoSweat666 ($2.02 in chips) 
Mahu2021: posts small blind $0.05
lolb0t: posts big blind $0.10
*** HOLE CARDS ***
Dealt to Mahu2021 [Kc Td]
Jinzoo1: folds 
kiks220272: folds 
NoSweat666: folds 
JilKaGen: raises $0.15 to $0.25
Mahu2021: calls $0.20
lolb0t: folds 
*** FLOP *** [2d Jd 8d]
Mahu2021: checks 
JilKaGen: checks 
*** TURN *** [2d Jd 8d] [Ac]
Mahu2021: checks 
JilKaGen: bets $0.11
Mahu2021: calls $0.11
*** RIVER *** [2d Jd 8d Ac] [7s]
Mahu2021: checks 
JilKaGen: bets $1.01
Mahu2021: folds 
Uncalled bet ($1.01) returned to JilKaGen
JilKaGen collected $0.78 from pot
JilKaGen: doesn't show hand 
*** SUMMARY ***
Total pot $0.82 | Rake $0.04 
Board [2d Jd 8d Ac 7s]
Seat 1: JilKaGen (button) collected ($0.78)
Seat 2: Mahu2021 (small blind) folded on the River
Seat 3: lolb0t (big blind) folded before Flop
Seat 4: Jinzoo1 folded before Flop (didn't bet)
Seat 5: kiks220272 folded before Flop (didn't bet)
Seat 6: NoSweat666 folded before Flop (didn't bet)



PokerStars Zoom Hand #254797211503:  Hold'em No Limit ($0.05/$0.10) - 2025/02/10 10:34:08 CET [2025/02/10 4:34:08 ET]
Table 'Aludra' 6-max Seat #1 is the button
Seat 1: muchokuzzan ($10.11 in chips) 
Seat 2: lolb0t ($24.80 in chips) 
Seat 3: Clicker89 ($10.29 in chips) 
Seat 4: Mahu2021 ($10.18 in chips) 
Seat 5: Tozsy17 ($10 in chips) 
Seat 6: Jinzoo1 ($18.59 in chips) 
lolb0t: posts small blind $0.05
Clicker89: posts big blind $0.10
*** HOLE CARDS ***
Dealt to Mahu2021 [Qd Js]
Mahu2021: raises $0.14 to $0.24
Tozsy17: folds 
Jinzoo1: folds 
muchokuzzan: folds 
lolb0t: folds 
Clicker89: calls $0.14
*** FLOP *** [2d 9s 5s]
Clicker89: checks 
Mahu2021: checks 
*** TURN *** [2d 9s 5s] [Ad]
Clicker89: bets $0.32
Mahu2021: folds 
Uncalled bet ($0.32) returned to Clicker89
Clicker89 collected $0.51 from pot
Clicker89: doesn't show hand 
*** SUMMARY ***
Total pot $0.53 | Rake $0.02 
Board [2d 9s 5s Ad]
Seat 1: muchokuzzan (button) folded before Flop (didn't bet)
Seat 2: lolb0t (small blind) folded before Flop
Seat 3: Clicker89 (big blind) collected ($0.51)
Seat 4: Mahu2021 folded on the Turn
Seat 5: Tozsy17 folded before Flop (didn't bet)
Seat 6: Jinzoo1 folded before Flop (didn't bet)



PokerStars Zoom Hand #254797217166:  Hold'em No Limit ($0.05/$0.10) - 2025/02/10 10:35:11 CET [2025/02/10 4:35:11 ET]
Table 'Aludra' 6-max Seat #1 is the button
Seat 1: Botan815 ($10.05 in chips) 
Seat 2: themotans ($10 in chips) 
Seat 3: Mahu2021 ($9.94 in chips) 
Seat 4: lolb0t ($10 in chips) 
Seat 5: TANEV78 ($21.52 in chips) 
Seat 6: Ridcully-1 ($6.88 in chips) 
themotans: posts small blind $0.05
Mahu2021: posts big blind $0.10
*** HOLE CARDS ***
Dealt to Mahu2021 [Jd 7c]
lolb0t: folds 
TANEV78: folds 
Ridcully-1: folds 
Botan815: folds 
themotans: folds 
Uncalled bet ($0.05) returned to Mahu2021
Mahu2021 collected $0.10 from pot
Mahu2021: doesn't show hand 
*** SUMMARY ***
Total pot $0.10 | Rake $0 
Seat 1: Botan815 (button) folded before Flop (didn't bet)
Seat 2: themotans (small blind) folded before Flop
Seat 3: Mahu2021 (big blind) collected ($0.10)
Seat 4: lolb0t folded before Flop (didn't bet)
Seat 5: TANEV78 folded before Flop (didn't bet)
Seat 6: Ridcully-1 folded before Flop (didn't bet)



PokerStars Zoom Hand #254797217877:  Hold'em No Limit ($0.05/$0.10) - 2025/02/10 10:35:19 CET [2025/02/10 4:35:19 ET]
Table 'Aludra' 6-max Seat #1 is the button
Seat 1: wwill998 ($14.87 in chips) 
Seat 2: 00O-2Z ($10.28 in chips) 
Seat 3: SkyBoy23 ($10.71 in chips) 
Seat 4: cris_civil ($10 in chips) 
Seat 5: lolb0t ($10 in chips) 
Seat 6: Mahu2021 ($9.99 in chips) 
00O-2Z: posts small blind $0.05
SkyBoy23: posts big blind $0.10
*** HOLE CARDS ***
Dealt to Mahu2021 [9c 8c]
cris_civil: raises $0.15 to $0.25
lolb0t: folds 
Mahu2021: calls $0.25
wwill998: folds 
00O-2Z: folds 
SkyBoy23: folds 
*** FLOP *** [7s 4h Qh]
cris_civil: checks 
Mahu2021: checks 
*** TURN *** [7s 4h Qh] [3h]
cris_civil: checks 
Mahu2021: checks 
*** RIVER *** [7s 4h Qh 3h] [7d]
cris_civil: checks 
Mahu2021: checks 
*** SHOW DOWN ***
cris_civil: shows [As Js] (a pair of Sevens)
Mahu2021: mucks hand 
cris_civil collected $0.62 from pot
*** SUMMARY ***
Total pot $0.65 | Rake $0.03 
Board [7s 4h Qh 3h 7d]
Seat 1: wwill998 (button) folded before Flop (didn't bet)
Seat 2: 00O-2Z (small blind) folded before Flop
Seat 3: SkyBoy23 (big blind) folded before Flop
Seat 4: cris_civil showed [As Js] and won ($0.62) with a pair of Sevens
Seat 5: lolb0t folded before Flop (didn't bet)
Seat 6: Mahu2021 mucked [9c 8c]



PokerStars Zoom Hand #254797221218:  Hold'em No Limit ($0.05/$0.10) - 2025/02/10 10:35:54 CET [2025/02/10 4:35:54 ET]
Table 'Aludra' 6-max Seat #1 is the button
Seat 1: sigrivas ($21.45 in chips) 
Seat 2: Mahu2021 ($9.74 in chips) 
Seat 3: Wolvie 66 ($14.08 in chips) 
Seat 4: lolb0t ($23.94 in chips) 
Seat 5: gunnerwin555 ($10.40 in chips) 
Seat 6: alanindublin ($10.30 in chips) 
Mahu2021: posts small blind $0.05
Wolvie 66: posts big blind $0.10
*** HOLE CARDS ***
Dealt to Mahu2021 [8c 9s]
lolb0t: folds 
gunnerwin555: folds 
alanindublin: folds 
sigrivas: raises $0.20 to $0.30
Mahu2021: calls $0.25
Wolvie 66: folds 
*** FLOP *** [Kd Th 4c]
Mahu2021: checks 
sigrivas: bets $0.34
Mahu2021: folds 
Uncalled bet ($0.34) returned to sigrivas
sigrivas collected $0.67 from pot
sigrivas: doesn't show hand 
*** SUMMARY ***
Total pot $0.70 | Rake $0.03 
Board [Kd Th 4c]
Seat 1: sigrivas (button) collected ($0.67)
Seat 2: Mahu2021 (small blind) folded on the Flop
Seat 3: Wolvie 66 (big blind) folded before Flop
Seat 4: lolb0t folded before Flop (didn't bet)
Seat 5: gunnerwin555 folded before Flop (didn't bet)
Seat 6: alanindublin folded before Flop (didn't bet)



PokerStars Zoom Hand #254797223045:  Hold'em No Limit ($0.05/$0.10) - 2025/02/10 10:36:14 CET [2025/02/10 4:36:14 ET]
Table 'Aludra' 6-max Seat #1 is the button
Seat 1: cris_civil ($13.78 in chips) 
Seat 2: Botan815 ($10 in chips) 
Seat 3: ciceron86 ($13.45 in chips) 
Seat 4: bimbabamba ($22.24 in chips) 
Seat 5: lolb0t ($23.99 in chips) 
Seat 6: Mahu2021 ($9.44 in chips) 
Botan815: posts small blind $0.05
ciceron86: posts big blind $0.10
*** HOLE CARDS ***
Dealt to Mahu2021 [8d As]
bimbabamba: folds 
lolb0t: folds 
Mahu2021: folds 
cris_civil: folds 
Botan815: folds 
Uncalled bet ($0.05) returned to ciceron86
ciceron86 collected $0.10 from pot
ciceron86: doesn't show hand 
*** SUMMARY ***
Total pot $0.10 | Rake $0 
Seat 1: cris_civil (button) folded before Flop (didn't bet)
Seat 2: Botan815 (small blind) folded before Flop
Seat 3: ciceron86 (big blind) collected ($0.10)
Seat 4: bimbabamba folded before Flop (didn't bet)
Seat 5: lolb0t folded before Flop (didn't bet)
Seat 6: Mahu2021 folded before Flop (didn't bet)



PokerStars Zoom Hand #254797222700:  Hold'em No Limit ($0.05/$0.10) - 2025/02/10 10:36:10 CET [2025/02/10 4:36:10 ET]
Table 'Aludra' 6-max Seat #1 is the button
Seat 1: Ridcully-1 ($6.87 in chips) 
Seat 2: imnotamaniac ($10 in chips) 
Seat 3: Clicker89 ($10 in chips) 
Seat 4: citizen6e ($10.42 in chips) 
Seat 5: Mahu2021 ($9.44 in chips) 
Seat 6: kiks220272 ($14.42 in chips) 
imnotamaniac: posts small blind $0.05
Clicker89: posts big blind $0.10
*** HOLE CARDS ***
Dealt to Mahu2021 [4s 9s]
citizen6e: folds 
Mahu2021: folds 
kiks220272: folds 
Ridcully-1: raises $0.10 to $0.20
imnotamaniac: folds 
Clicker89: folds 
Uncalled bet ($0.10) returned to Ridcully-1
Ridcully-1 collected $0.25 from pot
Ridcully-1: doesn't show hand 
*** SUMMARY ***
Total pot $0.25 | Rake $0 
Seat 1: Ridcully-1 (button) collected ($0.25)
Seat 2: imnotamaniac (small blind) folded before Flop
Seat 3: Clicker89 (big blind) folded before Flop
Seat 4: citizen6e folded before Flop (didn't bet)
Seat 5: Mahu2021 folded before Flop (didn't bet)
Seat 6: kiks220272 folded before Flop (didn't bet)



PokerStars Zoom Hand #254797220814:  Hold'em No Limit ($0.05/$0.10) - 2025/02/10 10:35:50 CET [2025/02/10 4:35:50 ET]
Table 'Aludra' 6-max Seat #1 is the button
Seat 1: Mahu2021 ($9.74 in chips) 
Seat 2: ciceron86 ($15.15 in chips) 
Seat 3: cris_civil ($10.37 in chips) 
Seat 4: Gutte ($3.31 in chips) 
Seat 5: TANEV78 ($18.11 in chips) 
Seat 6: kamikaze0604 ($10.95 in chips) 
ciceron86: posts small blind $0.05
cris_civil: posts big blind $0.10
*** HOLE CARDS ***
Dealt to Mahu2021 [2h 8d]
Gutte has timed out
Gutte: folds 
TANEV78: folds 
kamikaze0604: folds 
Mahu2021: folds 
ciceron86: raises $0.20 to $0.30
cris_civil: calls $0.20
*** FLOP *** [8s 4s 7d]
ciceron86: bets $0.38
cris_civil: calls $0.38
*** TURN *** [8s 4s 7d] [9s]
ciceron86: checks 
cris_civil: checks 
*** RIVER *** [8s 4s 7d 9s] [4h]
ciceron86: checks 
cris_civil: bets $0.43
ciceron86: calls $0.43
*** SHOW DOWN ***
cris_civil: shows [9d Jc] (two pair, Nines and Fours)
ciceron86: mucks hand 
cris_civil collected $2.12 from pot
*** SUMMARY ***
Total pot $2.22 | Rake $0.10 
Board [8s 4s 7d 9s 4h]
Seat 1: Mahu2021 (button) folded before Flop (didn't bet)
Seat 2: ciceron86 (small blind) mucked [As 8h]
Seat 3: cris_civil (big blind) showed [9d Jc] and won ($2.12) with two pair, Nines and Fours
Seat 4: Gutte folded before Flop (didn't bet)
Seat 5: TANEV78 folded before Flop (didn't bet)
Seat 6: kamikaze0604 folded before Flop (didn't bet)



PokerStars Zoom Hand #254797223693:  Hold'em No Limit ($0.05/$0.10) - 2025/02/10 10:36:21 CET [2025/02/10 4:36:21 ET]
Table 'Aludra' 6-max Seat #1 is the button
Seat 1: Botan815 ($10 in chips) 
Seat 2: JilKaGen ($12.46 in chips) 
Seat 3: TANEV78 ($18.06 in chips) 
Seat 4: Roache9999 ($9.69 in chips) 
Seat 5: Mahu2021 ($9.44 in chips) 
Seat 6: fery_a_szabo ($4.55 in chips) 
JilKaGen: posts small blind $0.05
TANEV78: posts big blind $0.10
*** HOLE CARDS ***
Dealt to Mahu2021 [4s 8s]
Roache9999: folds 
Mahu2021: folds 
fery_a_szabo: raises $0.20 to $0.30
Botan815: folds 
JilKaGen: folds 
TANEV78: folds 
Uncalled bet ($0.20) returned to fery_a_szabo
fery_a_szabo collected $0.25 from pot
fery_a_szabo: doesn't show hand 
*** SUMMARY ***
Total pot $0.25 | Rake $0 
Seat 1: Botan815 (button) folded before Flop (didn't bet)
Seat 2: JilKaGen (small blind) folded before Flop
Seat 3: TANEV78 (big blind) folded before Flop
Seat 4: Roache9999 folded before Flop (didn't bet)
Seat 5: Mahu2021 folded before Flop (didn't bet)
Seat 6: fery_a_szabo collected ($0.25)



PokerStars Zoom Hand #254797224727:  Hold'em No Limit ($0.05/$0.10) - 2025/02/10 10:36:32 CET [2025/02/10 4:36:32 ET]
Table 'Aludra' 6-max Seat #1 is the button
Seat 1: TANEV78 ($13.75 in chips) 
Seat 2: kiks220272 ($14.32 in chips) 
Seat 3: Mahu2021 ($9.44 in chips) 
Seat 4: Clicker89 ($10.15 in chips) 
Seat 5: Botan815 ($10 in chips) 
Seat 6: lolb0t ($13.68 in chips) 
kiks220272: posts small blind $0.05
Mahu2021: posts big blind $0.10
*** HOLE CARDS ***
Dealt to Mahu2021 [7h 5c]
Clicker89: folds 
Botan815: raises $0.15 to $0.25
lolb0t: folds 
TANEV78: folds 
kiks220272: folds 
Mahu2021: folds 
Uncalled bet ($0.15) returned to Botan815
Botan815 collected $0.25 from pot
Botan815: doesn't show hand 
*** SUMMARY ***
Total pot $0.25 | Rake $0 
Seat 1: TANEV78 (button) folded before Flop (didn't bet)
Seat 2: kiks220272 (small blind) folded before Flop
Seat 3: Mahu2021 (big blind) folded before Flop
Seat 4: Clicker89 folded before Flop (didn't bet)
Seat 5: Botan815 collected ($0.25)
Seat 6: lolb0t folded before Flop (didn't bet)



PokerStars Zoom Hand #254797223962:  Hold'em No Limit ($0.05/$0.10) - 2025/02/10 10:36:24 CET [2025/02/10 4:36:24 ET]
Table 'Aludra' 6-max Seat #1 is the button
Seat 1: Mahu2021 ($9.44 in chips) 
Seat 2: cris_civil ($13.78 in chips) 
Seat 3: muchokuzzan ($11.01 in chips) 
Seat 4: imnotamaniac ($10 in chips) 
Seat 5: Wolvie 66 ($13.93 in chips) 
Seat 6: Clicker89 ($10 in chips) 
cris_civil: posts small blind $0.05
muchokuzzan: posts big blind $0.10
*** HOLE CARDS ***
Dealt to Mahu2021 [2c 8h]
imnotamaniac: folds 
Wolvie 66: raises $0.20 to $0.30
Clicker89: folds 
Mahu2021: folds 
cris_civil: folds 
muchokuzzan: folds 
Uncalled bet ($0.20) returned to Wolvie 66
Wolvie 66 collected $0.25 from pot
Wolvie 66: doesn't show hand 
*** SUMMARY ***
Total pot $0.25 | Rake $0 
Seat 1: Mahu2021 (button) folded before Flop (didn't bet)
Seat 2: cris_civil (small blind) folded before Flop
Seat 3: muchokuzzan (big blind) folded before Flop
Seat 4: imnotamaniac folded before Flop (didn't bet)
Seat 5: Wolvie 66 collected ($0.25)
Seat 6: Clicker89 folded before Flop (didn't bet)



PokerStars Zoom Hand #254797224349:  Hold'em No Limit ($0.05/$0.10) - 2025/02/10 10:36:28 CET [2025/02/10 4:36:28 ET]
Table 'Aludra' 6-max Seat #1 is the button
Seat 1: lolb0t ($13.68 in chips) 
Seat 2: ciceron86 ($13.50 in chips) 
Seat 3: JilKaGen ($27.71 in chips) 
Seat 4: Mahu2021 ($9.44 in chips) 
Seat 5: kamikaze0604 ($11.10 in chips) 
Seat 6: Roache9999 ($9.69 in chips) 
ciceron86: posts small blind $0.05
JilKaGen: posts big blind $0.10
*** HOLE CARDS ***
Dealt to Mahu2021 [9c 4h]
Mahu2021: folds 
kamikaze0604: raises $0.13 to $0.23
Roache9999: folds 
lolb0t: folds 
ciceron86: folds 
JilKaGen: folds 
Uncalled bet ($0.13) returned to kamikaze0604
kamikaze0604 collected $0.25 from pot
kamikaze0604: doesn't show hand 
*** SUMMARY ***
Total pot $0.25 | Rake $0 
Seat 1: lolb0t (button) folded before Flop (didn't bet)
Seat 2: ciceron86 (small blind) folded before Flop
Seat 3: JilKaGen (big blind) folded before Flop
Seat 4: Mahu2021 folded before Flop (didn't bet)
Seat 5: kamikaze0604 collected ($0.25)
Seat 6: Roache9999 folded before Flop (didn't bet)



PokerStars Zoom Hand #254797225906:  Hold'em No Limit ($0.05/$0.10) - 2025/02/10 10:36:44 CET [2025/02/10 4:36:44 ET]
Table 'Aludra' 6-max Seat #1 is the button
Seat 1: ciceron86 ($13.45 in chips) 
Seat 2: Mahu2021 ($9.34 in chips) 
Seat 3: imnotamaniac ($10.05 in chips) 
Seat 4: Ridcully-1 ($6.97 in chips) 
Seat 5: lolb0t ($10 in chips) 
Seat 6: SkyBoy23 ($10.56 in chips) 
Mahu2021: posts small blind $0.05
imnotamaniac: posts big blind $0.10
*** HOLE CARDS ***
Dealt to Mahu2021 [Ac 4s]
Ridcully-1: folds 
lolb0t: folds 
SkyBoy23: folds 
ciceron86: folds 
Mahu2021: raises $0.20 to $0.30
imnotamaniac: folds 
Uncalled bet ($0.20) returned to Mahu2021
Mahu2021 collected $0.20 from pot
Mahu2021: doesn't show hand 
*** SUMMARY ***
Total pot $0.20 | Rake $0 
Seat 1: ciceron86 (button) folded before Flop (didn't bet)
Seat 2: Mahu2021 (small blind) collected ($0.20)
Seat 3: imnotamaniac (big blind) folded before Flop
Seat 4: Ridcully-1 folded before Flop (didn't bet)
Seat 5: lolb0t folded before Flop (didn't bet)
Seat 6: SkyBoy23 folded before Flop (didn't bet)



PokerStars Zoom Hand #254797228258:  Hold'em No Limit ($0.05/$0.10) - 2025/02/10 10:37:09 CET [2025/02/10 4:37:09 ET]
Table 'Aludra' 6-max Seat #1 is the button
Seat 1: imnotamaniac ($10 in chips) 
Seat 2: wobbysnobby404 ($16.31 in chips) 
Seat 3: Ninestar99 ($8.56 in chips) 
Seat 4: Mahu2021 ($9.44 in chips) 
Seat 5: wwill998 ($10.15 in chips) 
Seat 6: SkyBoy23 ($20.48 in chips) 
wobbysnobby404: posts small blind $0.05
Ninestar99: posts big blind $0.10
*** HOLE CARDS ***
Dealt to Mahu2021 [Jc 9c]
Mahu2021: folds 
wwill998: folds 
SkyBoy23: folds 
imnotamaniac: folds 
wobbysnobby404: folds 
Uncalled bet ($0.05) returned to Ninestar99
Ninestar99 collected $0.10 from pot
Ninestar99: doesn't show hand 
*** SUMMARY ***
Total pot $0.10 | Rake $0 
Seat 1: imnotamaniac (button) folded before Flop (didn't bet)
Seat 2: wobbysnobby404 (small blind) folded before Flop
Seat 3: Ninestar99 (big blind) collected ($0.10)
Seat 4: Mahu2021 folded before Flop (didn't bet)
Seat 5: wwill998 folded before Flop (didn't bet)
Seat 6: SkyBoy23 folded before Flop (didn't bet)



PokerStars Zoom Hand #254797228554:  Hold'em No Limit ($0.05/$0.10) - 2025/02/10 10:37:12 CET [2025/02/10 4:37:12 ET]
Table 'Aludra' 6-max Seat #1 is the button
Seat 1: ciceron86 ($16.53 in chips) 
Seat 2: Tozsy17 ($12.89 in chips) 
Seat 3: lolb0t ($23.79 in chips) 
Seat 4: SkyBoy23 ($20.48 in chips) 
Seat 5: Yeetboy123 ($16.90 in chips) 
Seat 6: Mahu2021 ($9.44 in chips) 
Tozsy17: posts small blind $0.05
lolb0t: posts big blind $0.10
*** HOLE CARDS ***
Dealt to Mahu2021 [5d 9s]
SkyBoy23: folds 
Yeetboy123: folds 
Mahu2021: folds 
ciceron86: folds 
Tozsy17: raises $0.25 to $0.35
lolb0t: calls $0.25
*** FLOP *** [Kd Qd 8s]
Tozsy17: bets $0.48
lolb0t: calls $0.48
*** TURN *** [Kd Qd 8s] [7h]
Tozsy17: checks 
lolb0t: bets $0.80
Tozsy17: calls $0.80
*** RIVER *** [Kd Qd 8s 7h] [Kc]
Tozsy17: checks 
lolb0t: checks 
*** SHOW DOWN ***
Tozsy17: shows [6d 8d] (two pair, Kings and Eights)
lolb0t: shows [Qs Ac] (two pair, Kings and Queens)
lolb0t collected $3.11 from pot
*** SUMMARY ***
Total pot $3.26 | Rake $0.15 
Board [Kd Qd 8s 7h Kc]
Seat 1: ciceron86 (button) folded before Flop (didn't bet)
Seat 2: Tozsy17 (small blind) showed [6d 8d] and lost with two pair, Kings and Eights
Seat 3: lolb0t (big blind) showed [Qs Ac] and won ($3.11) with two pair, Kings and Queens
Seat 4: SkyBoy23 folded before Flop (didn't bet)
Seat 5: Yeetboy123 folded before Flop (didn't bet)
Seat 6: Mahu2021 folded before Flop (didn't bet)



PokerStars Zoom Hand #254797228926:  Hold'em No Limit ($0.05/$0.10) - 2025/02/10 10:37:16 CET [2025/02/10 4:37:16 ET]
Table 'Aludra' 6-max Seat #1 is the button
Seat 1: Mahu2021 ($9.44 in chips) 
Seat 2: SkyBoy23 ($20.48 in chips) 
Seat 3: cris_civil ($11.79 in chips) 
Seat 4: Yeetboy123 ($16.90 in chips) 
Seat 5: fery_a_szabo ($4.70 in chips) 
Seat 6: kiks220272 ($19.10 in chips) 
SkyBoy23: posts small blind $0.05
cris_civil: posts big blind $0.10
*** HOLE CARDS ***
Dealt to Mahu2021 [Ah Qd]
Yeetboy123: folds 
fery_a_szabo: raises $0.20 to $0.30
kiks220272: folds 
Mahu2021: calls $0.30
SkyBoy23: folds 
cris_civil: folds 
*** FLOP *** [5d 9s 9d]
fery_a_szabo: bets $0.36
Mahu2021: calls $0.36
*** TURN *** [5d 9s 9d] [3d]
fery_a_szabo: checks 
Mahu2021: checks 
*** RIVER *** [5d 9s 9d 3d] [9h]
fery_a_szabo: checks 
Mahu2021: checks 
*** SHOW DOWN ***
fery_a_szabo: shows [Qs Js] (three of a kind, Nines)
Mahu2021: shows [Ah Qd] (three of a kind, Nines - Ace kicker)
Mahu2021 collected $1.40 from pot
*** SUMMARY ***
Total pot $1.47 | Rake $0.07 
Board [5d 9s 9d 3d 9h]
Seat 1: Mahu2021 (button) showed [Ah Qd] and won ($1.40) with three of a kind, Nines
Seat 2: SkyBoy23 (small blind) folded before Flop
Seat 3: cris_civil (big blind) folded before Flop
Seat 4: Yeetboy123 folded before Flop (didn't bet)
Seat 5: fery_a_szabo showed [Qs Js] and lost with three of a kind, Nines
Seat 6: kiks220272 folded before Flop (didn't bet)



PokerStars Zoom Hand #254797231486:  Hold'em No Limit ($0.05/$0.10) - 2025/02/10 10:37:42 CET [2025/02/10 4:37:42 ET]
Table 'Aludra' 6-max Seat #1 is the button
Seat 1: muchokuzzan ($10.46 in chips) 
Seat 2: citizen6e ($10 in chips) 
Seat 3: Mahu2021 ($10.18 in chips) 
Seat 4: bogata111 ($9.56 in chips) 
Seat 5: Jinzoo1 ($19.99 in chips) 
Seat 6: SkyBoy23 ($20.73 in chips) 
citizen6e: posts small blind $0.05
Mahu2021: posts big blind $0.10
*** HOLE CARDS ***
Dealt to Mahu2021 [5s 4h]
bogata111: folds 
Jinzoo1: folds 
SkyBoy23: folds 
muchokuzzan: folds 
citizen6e: raises $0.20 to $0.30
Mahu2021: calls $0.20
*** FLOP *** [6s Td Qs]
citizen6e: bets $0.19
Mahu2021: folds 
Uncalled bet ($0.19) returned to citizen6e
citizen6e collected $0.57 from pot
citizen6e: doesn't show hand 
*** SUMMARY ***
Total pot $0.60 | Rake $0.03 
Board [6s Td Qs]
Seat 1: muchokuzzan (button) folded before Flop (didn't bet)
Seat 2: citizen6e (small blind) collected ($0.57)
Seat 3: Mahu2021 (big blind) folded on the Flop
Seat 4: bogata111 folded before Flop (didn't bet)
Seat 5: Jinzoo1 folded before Flop (didn't bet)
Seat 6: SkyBoy23 folded before Flop (didn't bet)



PokerStars Zoom Hand #254797233203:  Hold'em No Limit ($0.05/$0.10) - 2025/02/10 10:38:01 CET [2025/02/10 4:38:01 ET]
Table 'Aludra' 6-max Seat #1 is the button
Seat 1: citizen6e ($10.27 in chips) 
Seat 2: TANEV78 ($20.90 in chips) 
Seat 3: roo198 ($10 in chips) 
Seat 4: joki6969 ($1.41 in chips) 
Seat 5: Mahu2021 ($9.88 in chips) 
Seat 6: lolb0t ($13.33 in chips) 
TANEV78: posts small blind $0.05
roo198: posts big blind $0.10
*** HOLE CARDS ***
Dealt to Mahu2021 [6h Ah]
joki6969: raises $0.25 to $0.35
Mahu2021: calls $0.35
lolb0t: folds 
citizen6e: folds 
TANEV78: folds 
roo198: folds 
*** FLOP *** [Jd 9d Kh]
joki6969: bets $0.41
Mahu2021: folds 
Uncalled bet ($0.41) returned to joki6969
joki6969 collected $0.81 from pot
joki6969: doesn't show hand 
*** SUMMARY ***
Total pot $0.85 | Rake $0.04 
Board [Jd 9d Kh]
Seat 1: citizen6e (button) folded before Flop (didn't bet)
Seat 2: TANEV78 (small blind) folded before Flop
Seat 3: roo198 (big blind) folded before Flop
Seat 4: joki6969 collected ($0.81)
Seat 5: Mahu2021 folded on the Flop
Seat 6: lolb0t folded before Flop (didn't bet)



PokerStars Zoom Hand #254797236409:  Hold'em No Limit ($0.05/$0.10) - 2025/02/10 10:38:35 CET [2025/02/10 4:38:35 ET]
Table 'Aludra' 6-max Seat #1 is the button
Seat 1: KmsKms73 ($17.91 in chips) 
Seat 2: Clicker89 ($10 in chips) 
Seat 3: themotans ($8.54 in chips) 
Seat 4: imnotamaniac ($10.10 in chips) 
Seat 5: Mahu2021 ($9.43 in chips) 
Seat 6: TANEV78 ($13.95 in chips) 
Clicker89: posts small blind $0.05
themotans: posts big blind $0.10
*** HOLE CARDS ***
Dealt to Mahu2021 [4d Qh]
imnotamaniac: folds 
Mahu2021: folds 
TANEV78: folds 
KmsKms73: folds 
Clicker89: folds 
Uncalled bet ($0.05) returned to themotans
themotans collected $0.10 from pot
themotans: doesn't show hand 
*** SUMMARY ***
Total pot $0.10 | Rake $0 
Seat 1: KmsKms73 (button) folded before Flop (didn't bet)
Seat 2: Clicker89 (small blind) folded before Flop
Seat 3: themotans (big blind) collected ($0.10)
Seat 4: imnotamaniac folded before Flop (didn't bet)
Seat 5: Mahu2021 folded before Flop (didn't bet)
Seat 6: TANEV78 folded before Flop (didn't bet)



PokerStars Zoom Hand #254797234575:  Hold'em No Limit ($0.05/$0.10) - 2025/02/10 10:38:15 CET [2025/02/10 4:38:15 ET]
Table 'Aludra' 6-max Seat #1 is the button
Seat 1: Tozsy17 ($11.54 in chips) 
Seat 2: Mahu2021 ($9.53 in chips) 
Seat 3: acebob999 ($13.51 in chips) 
Seat 4: joorup ($10.25 in chips) 
Seat 5: alanindublin ($11.05 in chips) 
Seat 6: DJC1922 ($8.24 in chips) 
Mahu2021: posts small blind $0.05
acebob999: posts big blind $0.10
*** HOLE CARDS ***
Dealt to Mahu2021 [Qc Ah]
joorup: folds 
alanindublin: folds 
DJC1922: calls $0.10
Tozsy17: folds 
Mahu2021: calls $0.05
acebob999: checks 
*** FLOP *** [8c 8h 2s]
Mahu2021: checks 
acebob999: checks 
DJC1922: bets $0.29
Mahu2021: folds 
acebob999: calls $0.29
*** TURN *** [8c 8h 2s] [Ts]
acebob999: checks 
DJC1922: bets $0.42
acebob999: calls $0.42
*** RIVER *** [8c 8h 2s Ts] [9d]
acebob999: checks 
DJC1922: bets $0.82
acebob999: calls $0.82
*** SHOW DOWN ***
DJC1922: shows [Qh Qs] (two pair, Queens and Eights)
acebob999: shows [8d 5d] (three of a kind, Eights)
acebob999 collected $3.21 from pot
*** SUMMARY ***
Total pot $3.36 | Rake $0.15 
Board [8c 8h 2s Ts 9d]
Seat 1: Tozsy17 (button) folded before Flop (didn't bet)
Seat 2: Mahu2021 (small blind) folded on the Flop
Seat 3: acebob999 (big blind) showed [8d 5d] and won ($3.21) with three of a kind, Eights
Seat 4: joorup folded before Flop (didn't bet)
Seat 5: alanindublin folded before Flop (didn't bet)
Seat 6: DJC1922 showed [Qh Qs] and lost with two pair, Queens and Eights



PokerStars Zoom Hand #254797237372:  Hold'em No Limit ($0.05/$0.10) - 2025/02/10 10:38:45 CET [2025/02/10 4:38:45 ET]
Table 'Aludra' 6-max Seat #1 is the button
Seat 1: wwill998 ($10.05 in chips) 
Seat 2: joorup ($10.15 in chips) 
Seat 3: Mahu2021 ($9.43 in chips) 
Seat 4: Clicker89 ($10 in chips) 
Seat 5: imnotamaniac ($10.09 in chips) 
Seat 6: cris_civil ($13.91 in chips) 
joorup: posts small blind $0.05
Mahu2021: posts big blind $0.10
*** HOLE CARDS ***
Dealt to Mahu2021 [4h Kd]
Clicker89: folds 
imnotamaniac: folds 
cris_civil: raises $0.20 to $0.30
wwill998: folds 
joorup: folds 
Mahu2021: folds 
Uncalled bet ($0.20) returned to cris_civil
cris_civil collected $0.25 from pot
cris_civil: doesn't show hand 
*** SUMMARY ***
Total pot $0.25 | Rake $0 
Seat 1: wwill998 (button) folded before Flop (didn't bet)
Seat 2: joorup (small blind) folded before Flop
Seat 3: Mahu2021 (big blind) folded before Flop
Seat 4: Clicker89 folded before Flop (didn't bet)
Seat 5: imnotamaniac folded before Flop (didn't bet)
Seat 6: cris_civil collected ($0.25)



PokerStars Zoom Hand #254797236812:  Hold'em No Limit ($0.05/$0.10) - 2025/02/10 10:38:39 CET [2025/02/10 4:38:39 ET]
Table 'Aludra' 6-max Seat #1 is the button
Seat 1: Mahu2021 ($9.43 in chips) 
Seat 2: SkyBoy23 ($12.98 in chips) 
Seat 3: KmsKms73 ($17.91 in chips) 
Seat 4: gunnerwin555 ($10.10 in chips) 
Seat 5: TANEV78 ($13.95 in chips) 
Seat 6: ciceron86 ($17.99 in chips) 
SkyBoy23: posts small blind $0.05
KmsKms73: posts big blind $0.10
*** HOLE CARDS ***
Dealt to Mahu2021 [5h 3s]
gunnerwin555: folds 
TANEV78: raises $0.15 to $0.25
ciceron86: folds 
Mahu2021: folds 
SkyBoy23: folds 
KmsKms73: calls $0.15
*** FLOP *** [2d 9c Ac]
KmsKms73: checks 
TANEV78: bets $0.36
KmsKms73: calls $0.36
*** TURN *** [2d 9c Ac] [9d]
KmsKms73: checks 
TANEV78: bets $0.41
KmsKms73: folds 
Uncalled bet ($0.41) returned to TANEV78
TANEV78 collected $1.21 from pot
TANEV78: doesn't show hand 
*** SUMMARY ***
Total pot $1.27 | Rake $0.06 
Board [2d 9c Ac 9d]
Seat 1: Mahu2021 (button) folded before Flop (didn't bet)
Seat 2: SkyBoy23 (small blind) folded before Flop
Seat 3: KmsKms73 (big blind) folded on the Turn
Seat 4: gunnerwin555 folded before Flop (didn't bet)
Seat 5: TANEV78 collected ($1.21)
Seat 6: ciceron86 folded before Flop (didn't bet)



PokerStars Zoom Hand #254797238905:  Hold'em No Limit ($0.05/$0.10) - 2025/02/10 10:39:01 CET [2025/02/10 4:39:01 ET]
Table 'Aludra' 6-max Seat #1 is the button
Seat 1: Mahu2021 ($9.33 in chips) 
Seat 2: takusun ($15.61 in chips) 
Seat 3: wwill998 ($14.20 in chips) 
Seat 4: SkyBoy23 ($11.61 in chips) 
Seat 5: lolb0t ($25.07 in chips) 
Seat 6: kiks220272 ($19.10 in chips) 
takusun: posts small blind $0.05
wwill998: posts big blind $0.10
*** HOLE CARDS ***
Dealt to Mahu2021 [3h 3s]
SkyBoy23: folds 
lolb0t: folds 
kiks220272: folds 
Mahu2021: raises $0.20 to $0.30
takusun: raises $0.80 to $1.10
wwill998: folds 
Mahu2021: folds 
Uncalled bet ($0.80) returned to takusun
takusun collected $0.70 from pot
takusun: doesn't show hand 
*** SUMMARY ***
Total pot $0.70 | Rake $0 
Seat 1: Mahu2021 (button) folded before Flop
Seat 2: takusun (small blind) collected ($0.70)
Seat 3: wwill998 (big blind) folded before Flop
Seat 4: SkyBoy23 folded before Flop (didn't bet)
Seat 5: lolb0t folded before Flop (didn't bet)
Seat 6: kiks220272 folded before Flop (didn't bet)



PokerStars Zoom Hand #254797238524:  Hold'em No Limit ($0.05/$0.10) - 2025/02/10 10:38:58 CET [2025/02/10 4:38:58 ET]
Table 'Aludra' 6-max Seat #1 is the button
Seat 1: Tozsy17 ($10.61 in chips) 
Seat 2: ciceron86 ($16.82 in chips) 
Seat 3: lolb0t ($10 in chips) 
Seat 4: Mahu2021 ($9.33 in chips) 
Seat 5: muchokuzzan ($10.74 in chips) 
Seat 6: stanke_d ($11.66 in chips) 
ciceron86: posts small blind $0.05
lolb0t: posts big blind $0.10
*** HOLE CARDS ***
Dealt to Mahu2021 [4c 8c]
Mahu2021: folds 
muchokuzzan: raises $0.15 to $0.25
stanke_d: calls $0.25
Tozsy17: calls $0.25
ciceron86: folds 
lolb0t: folds 
*** FLOP *** [5d 7c 6c]
muchokuzzan: checks 
stanke_d: checks 
Tozsy17: bets $1.01
muchokuzzan: folds 
stanke_d: folds 
Uncalled bet ($1.01) returned to Tozsy17
Tozsy17 collected $0.86 from pot
Tozsy17: doesn't show hand 
*** SUMMARY ***
Total pot $0.90 | Rake $0.04 
Board [5d 7c 6c]
Seat 1: Tozsy17 (button) collected ($0.86)
Seat 2: ciceron86 (small blind) folded before Flop
Seat 3: lolb0t (big blind) folded before Flop
Seat 4: Mahu2021 folded before Flop (didn't bet)
Seat 5: muchokuzzan folded on the Flop
Seat 6: stanke_d folded on the Flop



PokerStars Zoom Hand #254797238223:  Hold'em No Limit ($0.05/$0.10) - 2025/02/10 10:38:54 CET [2025/02/10 4:38:54 ET]
Table 'Aludra' 6-max Seat #1 is the button
Seat 1: themotans ($8.54 in chips) 
Seat 2: lolb0t ($25.12 in chips) 
Seat 3: DJC1922 ($6.61 in chips) 
Seat 4: takusun ($15.61 in chips) 
Seat 5: acebob999 ($15.09 in chips) 
Seat 6: Mahu2021 ($9.33 in chips) 
lolb0t: posts small blind $0.05
DJC1922: posts big blind $0.10
*** HOLE CARDS ***
Dealt to Mahu2021 [Jd 3d]
takusun: folds 
acebob999: folds 
Mahu2021: folds 
themotans: raises $0.15 to $0.25
lolb0t: folds 
DJC1922 has timed out
DJC1922: folds 
Uncalled bet ($0.15) returned to themotans
themotans collected $0.25 from pot
themotans: doesn't show hand 
*** SUMMARY ***
Total pot $0.25 | Rake $0 
Seat 1: themotans (button) collected ($0.25)
Seat 2: lolb0t (small blind) folded before Flop
Seat 3: DJC1922 (big blind) folded before Flop
Seat 4: takusun folded before Flop (didn't bet)
Seat 5: acebob999 folded before Flop (didn't bet)
Seat 6: Mahu2021 folded before Flop (didn't bet)



PokerStars Zoom Hand #254797240616:  Hold'em No Limit ($0.05/$0.10) - 2025/02/10 10:39:20 CET [2025/02/10 4:39:20 ET]
Table 'Aludra' 6-max Seat #1 is the button
Seat 1: SkyBoy23 ($12.83 in chips) 
Seat 2: Mahu2021 ($9.03 in chips) 
Seat 3: wwill998 ($10 in chips) 
Seat 4: Adam<3Coffee ($14.23 in chips) 
Seat 5: Clicker89 ($9.97 in chips) 
Seat 6: ciceron86 ($12.75 in chips) 
Mahu2021: posts small blind $0.05
wwill998: posts big blind $0.10
*** HOLE CARDS ***
Dealt to Mahu2021 [Td Ah]
Adam<3Coffee: folds 
Clicker89: raises $0.12 to $0.22
ciceron86: folds 
SkyBoy23: folds 
Mahu2021: calls $0.17
wwill998: folds 
*** FLOP *** [Qc 3c 8s]
Mahu2021: checks 
Clicker89: bets $0.17
Mahu2021: calls $0.17
*** TURN *** [Qc 3c 8s] [Ac]
Mahu2021: checks 
Clicker89: checks 
*** RIVER *** [Qc 3c 8s Ac] [3h]
Mahu2021: checks 
Clicker89: checks 
*** SHOW DOWN ***
Mahu2021: shows [Td Ah] (two pair, Aces and Threes)
Clicker89: mucks hand 
Mahu2021 collected $0.84 from pot
*** SUMMARY ***
Total pot $0.88 | Rake $0.04 
Board [Qc 3c 8s Ac 3h]
Seat 1: SkyBoy23 (button) folded before Flop (didn't bet)
Seat 2: Mahu2021 (small blind) showed [Td Ah] and won ($0.84) with two pair, Aces and Threes
Seat 3: wwill998 (big blind) folded before Flop
Seat 4: Adam<3Coffee folded before Flop (didn't bet)
Seat 5: Clicker89 mucked [9s 9c]
Seat 6: ciceron86 folded before Flop (didn't bet)



PokerStars Zoom Hand #254797245115:  Hold'em No Limit ($0.05/$0.10) - 2025/02/10 10:40:07 CET [2025/02/10 4:40:07 ET]
Table 'Aludra' 6-max Seat #1 is the button
Seat 1: SkyBoy23 ($12.83 in chips) 
Seat 2: lolb0t ($17.44 in chips) 
Seat 3: TANEV78 ($14.40 in chips) 
Seat 4: Clicker89 ($10 in chips) 
Seat 5: ciceron86 ($17.79 in chips) 
Seat 6: Mahu2021 ($9.48 in chips) 
lolb0t: posts small blind $0.05
TANEV78: posts big blind $0.10
*** HOLE CARDS ***
Dealt to Mahu2021 [Kd 8d]
Clicker89: folds 
ciceron86: folds 
Mahu2021: raises $0.14 to $0.24
SkyBoy23: raises $0.51 to $0.75
lolb0t: folds 
TANEV78: folds 
Mahu2021: calls $0.51
*** FLOP *** [Qc Qd Tc]
Mahu2021: checks 
SkyBoy23: checks 
*** TURN *** [Qc Qd Tc] [Ts]
Mahu2021: checks 
SkyBoy23: bets $0.52
Mahu2021: raises $1.88 to $2.40
SkyBoy23: calls $1.88
*** RIVER *** [Qc Qd Tc Ts] [Ah]
Mahu2021: bets $6.33 and is all-in
SkyBoy23: calls $6.33
*** SHOW DOWN ***
Mahu2021: shows [Kd 8d] (two pair, Queens and Tens)
SkyBoy23: shows [Th 8h] (a full house, Tens full of Queens)
SkyBoy23 collected $18.25 from pot
*** SUMMARY ***
Total pot $19.11 | Rake $0.86 
Board [Qc Qd Tc Ts Ah]
Seat 1: SkyBoy23 (button) showed [Th 8h] and won ($18.25) with a full house, Tens full of Queens
Seat 2: lolb0t (small blind) folded before Flop
Seat 3: TANEV78 (big blind) folded before Flop
Seat 4: Clicker89 folded before Flop (didn't bet)
Seat 5: ciceron86 folded before Flop (didn't bet)
Seat 6: Mahu2021 showed [Kd 8d] and lost with two pair, Queens and Tens



PokerStars Zoom Hand #254797253316:  Hold'em No Limit ($0.05/$0.10) - 2025/02/10 10:41:32 CET [2025/02/10 4:41:32 ET]
Table 'Aludra' 6-max Seat #1 is the button
Seat 1: alanindublin ($12.34 in chips) 
Seat 2: Yeetboy123 ($15.82 in chips) 
Seat 3: lolb0t ($16.22 in chips) 
Seat 4: SkyBoy23 ($21.60 in chips) 
Seat 5: Mahu2021 ($10 in chips) 
Seat 6: ciceron86 ($13.81 in chips) 
Yeetboy123: posts small blind $0.05
lolb0t: posts big blind $0.10
*** HOLE CARDS ***
Dealt to Mahu2021 [4d Qc]
SkyBoy23: folds 
Mahu2021: folds 
ciceron86: folds 
alanindublin: raises $0.15 to $0.25
Yeetboy123: calls $0.20
lolb0t: folds 
*** FLOP *** [9d 3d Kd]
Yeetboy123: checks 
alanindublin: checks 
*** TURN *** [9d 3d Kd] [2d]
Yeetboy123: checks 
alanindublin: checks 
*** RIVER *** [9d 3d Kd 2d] [Th]
Yeetboy123: bets $0.57
alanindublin: calls $0.57
*** SHOW DOWN ***
Yeetboy123: shows [Ts 8d] (a flush, King high)
alanindublin: mucks hand 
Yeetboy123 collected $1.66 from pot
*** SUMMARY ***
Total pot $1.74 | Rake $0.08 
Board [9d 3d Kd 2d Th]
Seat 1: alanindublin (button) mucked [Jh Qs]
Seat 2: Yeetboy123 (small blind) showed [Ts 8d] and won ($1.66) with a flush, King high
Seat 3: lolb0t (big blind) folded before Flop
Seat 4: SkyBoy23 folded before Flop (didn't bet)
Seat 5: Mahu2021 folded before Flop (didn't bet)
Seat 6: ciceron86 folded before Flop (didn't bet)



PokerStars Zoom Hand #254797253717:  Hold'em No Limit ($0.05/$0.10) - 2025/02/10 10:41:36 CET [2025/02/10 4:41:36 ET]
Table 'Aludra' 6-max Seat #1 is the button
Seat 1: TANEV78 ($20.96 in chips) 
Seat 2: Tozsy17 ($12 in chips) 
Seat 3: ciceron86 ($17.43 in chips) 
Seat 4: Mahu2021 ($10 in chips) 
Seat 5: JilKaGen ($10 in chips) 
Seat 6: brezibea ($4.90 in chips) 
Tozsy17: posts small blind $0.05
ciceron86: posts big blind $0.10
*** HOLE CARDS ***
Dealt to Mahu2021 [9h 2h]
Mahu2021 has timed out
Mahu2021: folds 
JilKaGen: folds 
brezibea: calls $0.10
TANEV78: folds 
Tozsy17: raises $0.35 to $0.45
ciceron86: folds 
brezibea: folds 
Uncalled bet ($0.35) returned to Tozsy17
Tozsy17 collected $0.30 from pot
Tozsy17: doesn't show hand 
*** SUMMARY ***
Total pot $0.30 | Rake $0 
Seat 1: TANEV78 (button) folded before Flop (didn't bet)
Seat 2: Tozsy17 (small blind) collected ($0.30)
Seat 3: ciceron86 (big blind) folded before Flop
Seat 4: Mahu2021 folded before Flop (didn't bet)
Seat 5: JilKaGen folded before Flop (didn't bet)
Seat 6: brezibea folded before Flop



PokerStars Zoom Hand #254797255078:  Hold'em No Limit ($0.05/$0.10) - 2025/02/10 10:41:50 CET [2025/02/10 4:41:50 ET]
Table 'Aludra' 6-max Seat #1 is the button
Seat 1: wwill998 ($14.78 in chips) 
Seat 2: roo198 ($10 in chips) 
Seat 3: Mahu2021 ($10 in chips) 
Seat 4: ciceron86 ($17.44 in chips) 
Seat 5: TANEV78 ($20.46 in chips) 
Seat 6: Gutte ($5.65 in chips) 
roo198: posts small blind $0.05
Mahu2021: posts big blind $0.10
*** HOLE CARDS ***
Dealt to Mahu2021 [9s 3h]
ciceron86: folds 
TANEV78: folds 
Gutte: folds 
wwill998: raises $0.15 to $0.25
roo198: folds 
Mahu2021: folds 
Uncalled bet ($0.15) returned to wwill998
wwill998 collected $0.25 from pot
wwill998: doesn't show hand 
*** SUMMARY ***
Total pot $0.25 | Rake $0 
Seat 1: wwill998 (button) collected ($0.25)
Seat 2: roo198 (small blind) folded before Flop
Seat 3: Mahu2021 (big blind) folded before Flop
Seat 4: ciceron86 folded before Flop (didn't bet)
Seat 5: TANEV78 folded before Flop (didn't bet)
Seat 6: Gutte folded before Flop (didn't bet)



PokerStars Zoom Hand #254797256516:  Hold'em No Limit ($0.05/$0.10) - 2025/02/10 10:42:05 CET [2025/02/10 4:42:05 ET]
Table 'Aludra' 6-max Seat #1 is the button
Seat 1: Clicker89 ($9.95 in chips) 
Seat 2: Mahu2021 ($9.90 in chips) 
Seat 3: wwill998 ($14.93 in chips) 
Seat 4: skc784 ($10 in chips) 
Seat 5: kiks220272 ($19 in chips) 
Seat 6: JilKaGen ($25.35 in chips) 
Mahu2021: posts small blind $0.05
wwill998: posts big blind $0.10
*** HOLE CARDS ***
Dealt to Mahu2021 [8c Td]
skc784: raises $0.15 to $0.25
kiks220272: folds 
JilKaGen: folds 
Clicker89: folds 
Mahu2021: folds 
wwill998: folds 
Uncalled bet ($0.15) returned to skc784
skc784 collected $0.25 from pot
skc784: doesn't show hand 
*** SUMMARY ***
Total pot $0.25 | Rake $0 
Seat 1: Clicker89 (button) folded before Flop (didn't bet)
Seat 2: Mahu2021 (small blind) folded before Flop
Seat 3: wwill998 (big blind) folded before Flop
Seat 4: skc784 collected ($0.25)
Seat 5: kiks220272 folded before Flop (didn't bet)
Seat 6: JilKaGen folded before Flop (didn't bet)



PokerStars Zoom Hand #254797256971:  Hold'em No Limit ($0.05/$0.10) - 2025/02/10 10:42:10 CET [2025/02/10 4:42:10 ET]
Table 'Aludra' 6-max Seat #1 is the button
Seat 1: NoMoreAOF ($10.15 in chips) 
Seat 2: SkyBoy23 ($21.30 in chips) 
Seat 3: themotans ($7.44 in chips) 
Seat 4: Mahu2021 ($9.85 in chips) 
Seat 5: JilKaGen ($25.35 in chips) 
Seat 6: Botan815 ($13.28 in chips) 
SkyBoy23: posts small blind $0.05
themotans: posts big blind $0.10
*** HOLE CARDS ***
Dealt to Mahu2021 [Qh Js]
Mahu2021: raises $0.14 to $0.24
JilKaGen: raises $0.51 to $0.75
Botan815: folds 
NoMoreAOF: folds 
SkyBoy23: folds 
themotans: folds 
Mahu2021: calls $0.51
*** FLOP *** [Jh Ks 6c]
Mahu2021: checks 
JilKaGen: bets $0.50
Mahu2021: calls $0.50
*** TURN *** [Jh Ks 6c] [Qd]
Mahu2021: checks 
JilKaGen: checks 
*** RIVER *** [Jh Ks 6c Qd] [As]
Mahu2021: bets $2.53
JilKaGen: calls $2.53
*** SHOW DOWN ***
Mahu2021: shows [Qh Js] (two pair, Queens and Jacks)
JilKaGen: shows [Ad Ah] (three of a kind, Aces)
JilKaGen collected $7.36 from pot
*** SUMMARY ***
Total pot $7.71 | Rake $0.35 
Board [Jh Ks 6c Qd As]
Seat 1: NoMoreAOF (button) folded before Flop (didn't bet)
Seat 2: SkyBoy23 (small blind) folded before Flop
Seat 3: themotans (big blind) folded before Flop
Seat 4: Mahu2021 showed [Qh Js] and lost with two pair, Queens and Jacks
Seat 5: JilKaGen showed [Ad Ah] and won ($7.36) with three of a kind, Aces
Seat 6: Botan815 folded before Flop (didn't bet)



PokerStars Zoom Hand #254797262850:  Hold'em No Limit ($0.05/$0.10) - 2025/02/10 10:43:10 CET [2025/02/10 4:43:10 ET]
Table 'Aludra' 6-max Seat #1 is the button
Seat 1: muchokuzzan ($10.46 in chips) 
Seat 2: JilKaGen ($28.93 in chips) 
Seat 3: lolb0t ($26.25 in chips) 
Seat 4: DJC1922 ($6.02 in chips) 
Seat 5: TANEV78 ($20.19 in chips) 
Seat 6: Mahu2021 ($6.07 in chips) 
JilKaGen: posts small blind $0.05
lolb0t: posts big blind $0.10
*** HOLE CARDS ***
Dealt to Mahu2021 [5c 7s]
DJC1922: folds 
TANEV78: folds 
Mahu2021: folds 
muchokuzzan: folds 
JilKaGen: folds 
Uncalled bet ($0.05) returned to lolb0t
lolb0t collected $0.10 from pot
lolb0t: doesn't show hand 
*** SUMMARY ***
Total pot $0.10 | Rake $0 
Seat 1: muchokuzzan (button) folded before Flop (didn't bet)
Seat 2: JilKaGen (small blind) folded before Flop
Seat 3: lolb0t (big blind) collected ($0.10)
Seat 4: DJC1922 folded before Flop (didn't bet)
Seat 5: TANEV78 folded before Flop (didn't bet)
Seat 6: Mahu2021 folded before Flop (didn't bet)



PokerStars Zoom Hand #254797263429:  Hold'em No Limit ($0.05/$0.10) - 2025/02/10 10:43:16 CET [2025/02/10 4:43:16 ET]
Table 'Aludra' 6-max Seat #1 is the button
Seat 1: Vadim91_blr ($10 in chips) 
Seat 2: Mahu2021 ($6.07 in chips) 
Seat 3: NoMoreAOF ($10 in chips) 
Seat 4: MasterK0830 ($14.75 in chips) 
Seat 5: cris_civil ($12.13 in chips) 
Seat 6: Clicker89 ($10.27 in chips) 
Mahu2021: posts small blind $0.05
NoMoreAOF: posts big blind $0.10
*** HOLE CARDS ***
Dealt to Mahu2021 [Jh 9d]
MasterK0830: folds 
cris_civil: folds 
Clicker89: folds 
Vadim91_blr: folds 
Mahu2021: folds 
Uncalled bet ($0.05) returned to NoMoreAOF
NoMoreAOF collected $0.10 from pot
NoMoreAOF: doesn't show hand 
*** SUMMARY ***
Total pot $0.10 | Rake $0 
Seat 1: Vadim91_blr (button) folded before Flop (didn't bet)
Seat 2: Mahu2021 (small blind) folded before Flop
Seat 3: NoMoreAOF (big blind) collected ($0.10)
Seat 4: MasterK0830 folded before Flop (didn't bet)
Seat 5: cris_civil folded before Flop (didn't bet)
Seat 6: Clicker89 folded before Flop (didn't bet)



PokerStars Zoom Hand #254797263940:  Hold'em No Limit ($0.05/$0.10) - 2025/02/10 10:43:21 CET [2025/02/10 4:43:21 ET]
Table 'Aludra' 6-max Seat #1 is the button
Seat 1: Adam<3Coffee ($10 in chips) 
Seat 2: muchokuzzan ($10.46 in chips) 
Seat 3: Mahu2021 ($6.02 in chips) 
Seat 4: cris_civil ($12.13 in chips) 
Seat 5: MasterK0830 ($14.75 in chips) 
Seat 6: Jinzoo1 ($19.18 in chips) 
muchokuzzan: posts small blind $0.05
Mahu2021: posts big blind $0.10
*** HOLE CARDS ***
Dealt to Mahu2021 [9d 8c]
cris_civil: folds 
MasterK0830: folds 
Jinzoo1: folds 
Adam<3Coffee: raises $0.12 to $0.22
muchokuzzan: folds 
Mahu2021: calls $0.12
*** FLOP *** [Td 3c Ac]
Mahu2021: checks 
Adam<3Coffee: checks 
*** TURN *** [Td 3c Ac] [2s]
Mahu2021: checks 
Adam<3Coffee: checks 
*** RIVER *** [Td 3c Ac 2s] [4h]
Mahu2021: bets $0.90
Adam<3Coffee: calls $0.90
*** SHOW DOWN ***
Mahu2021: shows [9d 8c] (high card Ace)
Adam<3Coffee: shows [Jd Tc] (a pair of Tens)
Adam<3Coffee collected $2.19 from pot
*** SUMMARY ***
Total pot $2.29 | Rake $0.10 
Board [Td 3c Ac 2s 4h]
Seat 1: Adam<3Coffee (button) showed [Jd Tc] and won ($2.19) with a pair of Tens
Seat 2: muchokuzzan (small blind) folded before Flop
Seat 3: Mahu2021 (big blind) showed [9d 8c] and lost with high card Ace
Seat 4: cris_civil folded before Flop (didn't bet)
Seat 5: MasterK0830 folded before Flop (didn't bet)
Seat 6: Jinzoo1 folded before Flop (didn't bet)



