PokerStars Hand #248472842596: Tournament #3706254912, $1.84+$0.16 USD Hold'em No Limit - Level I (10/20) - 2024/01/24 21:04:00 CET [2024/01/24 15:04:00 ET]
Table '3706254912 1' 3-max Seat #1 is the button
Seat 1: xristinala (500 in chips) 
Seat 2: Mahu2021 (500 in chips) 
Seat 3: Chelsea240444 (500 in chips) 
Mahu2021: posts small blind 10
Chelsea240444: posts big blind 20
*** HOLE CARDS ***
Dealt to Mahu2021 [8h 2c]
xristinala: folds 
Mahu2021: folds 
Uncalled bet (10) returned to Chelsea240444
Chelsea240444 collected 20 from pot
*** SUMMARY ***
Total pot 20 | Rake 0 
Seat 1: xristinala (button) folded before Flop (didn't bet)
Seat 2: Mahu2021 (small blind) folded before Flop
Seat 3: Chelsea240444 (big blind) collected (20)



PokerStars Hand #248472844206: Tournament #3706254912, $1.84+$0.16 USD Hold'em No Limit - Level I (10/20) - 2024/01/24 21:04:04 CET [2024/01/24 15:04:04 ET]
Table '3706254912 1' 3-max Seat #2 is the button
Seat 1: xristinala (500 in chips) 
Seat 2: Mahu2021 (490 in chips) 
Seat 3: Chelsea240444 (510 in chips) 
Chelsea240444: posts small blind 10
xristinala: posts big blind 20
*** HOLE CARDS ***
Dealt to Mahu2021 [6s Ah]
Mahu2021: calls 20
Chelsea240444: calls 10
xristinala: raises 40 to 60
Mahu2021: folds 
Chelsea240444: calls 40
*** FLOP *** [6h 3d 4h]
Chelsea240444: checks 
xristinala: bets 70
Chelsea240444: calls 70
*** TURN *** [6h 3d 4h] [2s]
Chelsea240444: checks 
xristinala: checks 
*** RIVER *** [6h 3d 4h 2s] [Ac]
Chelsea240444: checks 
xristinala: bets 100
Chelsea240444: folds 
Uncalled bet (100) returned to xristinala
xristinala collected 280 from pot
xristinala: doesn't show hand 
*** SUMMARY ***
Total pot 280 | Rake 0 
Board [6h 3d 4h 2s Ac]
Seat 1: xristinala (big blind) collected (280)
Seat 2: Mahu2021 (button) folded before Flop
Seat 3: Chelsea240444 (small blind) folded on the River



PokerStars Hand #248472855516: Tournament #3706254912, $1.84+$0.16 USD Hold'em No Limit - Level I (10/20) - 2024/01/24 21:04:37 CET [2024/01/24 15:04:37 ET]
Table '3706254912 1' 3-max Seat #3 is the button
Seat 1: xristinala (650 in chips) 
Seat 2: Mahu2021 (470 in chips) 
Seat 3: Chelsea240444 (380 in chips) 
xristinala: posts small blind 10
Mahu2021: posts big blind 20
*** HOLE CARDS ***
Dealt to Mahu2021 [7h 3c]
Chelsea240444: calls 20
xristinala: calls 10
Mahu2021: checks 
*** FLOP *** [Jh Ac Jc]
xristinala: checks 
Mahu2021: checks 
Chelsea240444: bets 60
xristinala: folds 
Mahu2021: folds 
Uncalled bet (60) returned to Chelsea240444
Chelsea240444 collected 60 from pot
*** SUMMARY ***
Total pot 60 | Rake 0 
Board [Jh Ac Jc]
Seat 1: xristinala (small blind) folded on the Flop
Seat 2: Mahu2021 (big blind) folded on the Flop
Seat 3: Chelsea240444 (button) collected (60)



PokerStars Hand #248472860403: Tournament #3706254912, $1.84+$0.16 USD Hold'em No Limit - Level I (10/20) - 2024/01/24 21:04:51 CET [2024/01/24 15:04:51 ET]
Table '3706254912 1' 3-max Seat #1 is the button
Seat 1: xristinala (630 in chips) 
Seat 2: Mahu2021 (450 in chips) 
Seat 3: Chelsea240444 (420 in chips) 
Mahu2021: posts small blind 10
Chelsea240444: posts big blind 20
*** HOLE CARDS ***
Dealt to Mahu2021 [Kd 4h]
xristinala: folds 
Mahu2021: raises 40 to 60
Chelsea240444: raises 40 to 100
Mahu2021: calls 40
*** FLOP *** [7c 9h 2s]
Mahu2021: checks 
Chelsea240444: checks 
*** TURN *** [7c 9h 2s] [Jc]
Mahu2021: checks 
Chelsea240444: checks 
*** RIVER *** [7c 9h 2s Jc] [8h]
Mahu2021: checks 
Chelsea240444: bets 100
Mahu2021: folds 
Uncalled bet (100) returned to Chelsea240444
Chelsea240444 collected 200 from pot
*** SUMMARY ***
Total pot 200 | Rake 0 
Board [7c 9h 2s Jc 8h]
Seat 1: xristinala (button) folded before Flop (didn't bet)
Seat 2: Mahu2021 (small blind) folded on the River
Seat 3: Chelsea240444 (big blind) collected (200)



PokerStars Hand #248472869410: Tournament #3706254912, $1.84+$0.16 USD Hold'em No Limit - Level I (10/20) - 2024/01/24 21:05:15 CET [2024/01/24 15:05:15 ET]
Table '3706254912 1' 3-max Seat #2 is the button
Seat 1: xristinala (630 in chips) 
Seat 2: Mahu2021 (350 in chips) 
Seat 3: Chelsea240444 (520 in chips) 
Chelsea240444: posts small blind 10
xristinala: posts big blind 20
*** HOLE CARDS ***
Dealt to Mahu2021 [Qh 7s]
Mahu2021: folds 
Chelsea240444: raises 20 to 40
xristinala: calls 20
*** FLOP *** [Kc Qs 3c]
Chelsea240444: bets 40
xristinala: folds 
Uncalled bet (40) returned to Chelsea240444
Chelsea240444 collected 80 from pot
*** SUMMARY ***
Total pot 80 | Rake 0 
Board [Kc Qs 3c]
Seat 1: xristinala (big blind) folded on the Flop
Seat 2: Mahu2021 (button) folded before Flop (didn't bet)
Seat 3: Chelsea240444 (small blind) collected (80)



PokerStars Hand #248472873914: Tournament #3706254912, $1.84+$0.16 USD Hold'em No Limit - Level I (10/20) - 2024/01/24 21:05:28 CET [2024/01/24 15:05:28 ET]
Table '3706254912 1' 3-max Seat #3 is the button
Seat 1: xristinala (590 in chips) 
Seat 2: Mahu2021 (350 in chips) 
Seat 3: Chelsea240444 (560 in chips) 
xristinala: posts small blind 10
Mahu2021: posts big blind 20
*** HOLE CARDS ***
Dealt to Mahu2021 [2s 8s]
Chelsea240444: raises 20 to 40
xristinala: calls 30
Mahu2021: folds 
*** FLOP *** [9h Kd Jh]
xristinala: checks 
Chelsea240444: checks 
*** TURN *** [9h Kd Jh] [2d]
xristinala: checks 
Chelsea240444: checks 
*** RIVER *** [9h Kd Jh 2d] [8h]
xristinala: checks 
Chelsea240444: checks 
*** SHOW DOWN ***
xristinala: shows [Td Ad] (high card Ace)
Chelsea240444: shows [8d As] (a pair of Eights)
Chelsea240444 collected 100 from pot
*** SUMMARY ***
Total pot 100 | Rake 0 
Board [9h Kd Jh 2d 8h]
Seat 1: xristinala (small blind) showed [Td Ad] and lost with high card Ace
Seat 2: Mahu2021 (big blind) folded before Flop
Seat 3: Chelsea240444 (button) showed [8d As] and won (100) with a pair of Eights



PokerStars Hand #248472879556: Tournament #3706254912, $1.84+$0.16 USD Hold'em No Limit - Level I (10/20) - 2024/01/24 21:05:43 CET [2024/01/24 15:05:43 ET]
Table '3706254912 1' 3-max Seat #1 is the button
Seat 1: xristinala (550 in chips) 
Seat 2: Mahu2021 (330 in chips) 
Seat 3: Chelsea240444 (620 in chips) 
Mahu2021: posts small blind 10
Chelsea240444: posts big blind 20
*** HOLE CARDS ***
Dealt to Mahu2021 [Td 8h]
xristinala: calls 20
Mahu2021: calls 10
Chelsea240444: checks 
*** FLOP *** [Ks 9c 9h]
Mahu2021: checks 
Chelsea240444: checks 
xristinala: checks 
*** TURN *** [Ks 9c 9h] [8s]
Mahu2021: bets 20
Chelsea240444: folds 
xristinala: folds 
Uncalled bet (20) returned to Mahu2021
Mahu2021 collected 60 from pot
Mahu2021: doesn't show hand 
*** SUMMARY ***
Total pot 60 | Rake 0 
Board [Ks 9c 9h 8s]
Seat 1: xristinala (button) folded on the Turn
Seat 2: Mahu2021 (small blind) collected (60)
Seat 3: Chelsea240444 (big blind) folded on the Turn



PokerStars Hand #248472885552: Tournament #3706254912, $1.84+$0.16 USD Hold'em No Limit - Level I (10/20) - 2024/01/24 21:06:00 CET [2024/01/24 15:06:00 ET]
Table '3706254912 1' 3-max Seat #2 is the button
Seat 1: xristinala (530 in chips) 
Seat 2: Mahu2021 (370 in chips) 
Seat 3: Chelsea240444 (600 in chips) 
Chelsea240444: posts small blind 10
xristinala: posts big blind 20
*** HOLE CARDS ***
Dealt to Mahu2021 [7c Qs]
Mahu2021: folds 
Chelsea240444: calls 10
xristinala: raises 20 to 40
Chelsea240444: calls 20
*** FLOP *** [Ad 3h Td]
Chelsea240444: checks 
xristinala: checks 
*** TURN *** [Ad 3h Td] [5s]
Chelsea240444: checks 
xristinala: checks 
*** RIVER *** [Ad 3h Td 5s] [Kh]
Chelsea240444: checks 
xristinala: checks 
*** SHOW DOWN ***
Chelsea240444: shows [Tc 7d] (a pair of Tens)
xristinala: shows [Th 9h] (a pair of Tens - Ace+King+Nine kicker)
xristinala collected 80 from pot
*** SUMMARY ***
Total pot 80 | Rake 0 
Board [Ad 3h Td 5s Kh]
Seat 1: xristinala (big blind) showed [Th 9h] and won (80) with a pair of Tens
Seat 2: Mahu2021 (button) folded before Flop (didn't bet)
Seat 3: Chelsea240444 (small blind) showed [Tc 7d] and lost with a pair of Tens



PokerStars Hand #248472894210: Tournament #3706254912, $1.84+$0.16 USD Hold'em No Limit - Level II (15/30) - 2024/01/24 21:06:24 CET [2024/01/24 15:06:24 ET]
Table '3706254912 1' 3-max Seat #3 is the button
Seat 1: xristinala (570 in chips) 
Seat 2: Mahu2021 (370 in chips) 
Seat 3: Chelsea240444 (560 in chips) 
xristinala: posts small blind 15
Mahu2021: posts big blind 30
*** HOLE CARDS ***
Dealt to Mahu2021 [Tc 7d]
Chelsea240444: raises 30 to 60
xristinala: folds 
Mahu2021: folds 
Uncalled bet (30) returned to Chelsea240444
Chelsea240444 collected 75 from pot
*** SUMMARY ***
Total pot 75 | Rake 0 
Seat 1: xristinala (small blind) folded before Flop
Seat 2: Mahu2021 (big blind) folded before Flop
Seat 3: Chelsea240444 (button) collected (75)



PokerStars Hand #248472898873: Tournament #3706254912, $1.84+$0.16 USD Hold'em No Limit - Level II (15/30) - 2024/01/24 21:06:37 CET [2024/01/24 15:06:37 ET]
Table '3706254912 1' 3-max Seat #1 is the button
Seat 1: xristinala (555 in chips) 
Seat 2: Mahu2021 (340 in chips) 
Seat 3: Chelsea240444 (605 in chips) 
Mahu2021: posts small blind 15
Chelsea240444: posts big blind 30
*** HOLE CARDS ***
Dealt to Mahu2021 [8h 9h]
xristinala: folds 
Mahu2021: raises 60 to 90
Chelsea240444: calls 60
*** FLOP *** [4d 7s 2c]
Mahu2021: bets 250 and is all-in
Chelsea240444: folds 
Uncalled bet (250) returned to Mahu2021
Mahu2021 collected 180 from pot
Mahu2021: doesn't show hand 
*** SUMMARY ***
Total pot 180 | Rake 0 
Board [4d 7s 2c]
Seat 1: xristinala (button) folded before Flop (didn't bet)
Seat 2: Mahu2021 (small blind) collected (180)
Seat 3: Chelsea240444 (big blind) folded on the Flop



PokerStars Hand #248472903953: Tournament #3706254912, $1.84+$0.16 USD Hold'em No Limit - Level II (15/30) - 2024/01/24 21:06:51 CET [2024/01/24 15:06:51 ET]
Table '3706254912 1' 3-max Seat #2 is the button
Seat 1: xristinala (555 in chips) 
Seat 2: Mahu2021 (430 in chips) 
Seat 3: Chelsea240444 (515 in chips) 
Chelsea240444: posts small blind 15
xristinala: posts big blind 30
*** HOLE CARDS ***
Dealt to Mahu2021 [Qs Kc]
Mahu2021: raises 60 to 90
Chelsea240444: calls 75
xristinala: folds 
*** FLOP *** [Qh 5d 8s]
Chelsea240444: checks 
Mahu2021: bets 210
Chelsea240444: folds 
Uncalled bet (210) returned to Mahu2021
Mahu2021 collected 210 from pot
Mahu2021: doesn't show hand 
*** SUMMARY ***
Total pot 210 | Rake 0 
Board [Qh 5d 8s]
Seat 1: xristinala (big blind) folded before Flop
Seat 2: Mahu2021 (button) collected (210)
Seat 3: Chelsea240444 (small blind) folded on the Flop



PokerStars Hand #248472909579: Tournament #3706254912, $1.84+$0.16 USD Hold'em No Limit - Level II (15/30) - 2024/01/24 21:07:06 CET [2024/01/24 15:07:06 ET]
Table '3706254912 1' 3-max Seat #3 is the button
Seat 1: xristinala (525 in chips) 
Seat 2: Mahu2021 (550 in chips) 
Seat 3: Chelsea240444 (425 in chips) 
xristinala: posts small blind 15
Mahu2021: posts big blind 30
*** HOLE CARDS ***
Dealt to Mahu2021 [3h Th]
Chelsea240444: raises 30 to 60
xristinala: folds 
Mahu2021: folds 
Uncalled bet (30) returned to Chelsea240444
Chelsea240444 collected 75 from pot
*** SUMMARY ***
Total pot 75 | Rake 0 
Seat 1: xristinala (small blind) folded before Flop
Seat 2: Mahu2021 (big blind) folded before Flop
Seat 3: Chelsea240444 (button) collected (75)



PokerStars Hand #248472912297: Tournament #3706254912, $1.84+$0.16 USD Hold'em No Limit - Level II (15/30) - 2024/01/24 21:07:14 CET [2024/01/24 15:07:14 ET]
Table '3706254912 1' 3-max Seat #1 is the button
Seat 1: xristinala (510 in chips) 
Seat 2: Mahu2021 (520 in chips) 
Seat 3: Chelsea240444 (470 in chips) 
Mahu2021: posts small blind 15
Chelsea240444: posts big blind 30
*** HOLE CARDS ***
Dealt to Mahu2021 [Th Qs]
xristinala: folds 
Mahu2021: calls 15
Chelsea240444: checks 
*** FLOP *** [Qd Ah 6d]
Mahu2021: checks 
Chelsea240444: checks 
*** TURN *** [Qd Ah 6d] [Qc]
Mahu2021: checks 
Chelsea240444: checks 
*** RIVER *** [Qd Ah 6d Qc] [Td]
Mahu2021: bets 90
Chelsea240444: folds 
Uncalled bet (90) returned to Mahu2021
Mahu2021 collected 60 from pot
Mahu2021: doesn't show hand 
*** SUMMARY ***
Total pot 60 | Rake 0 
Board [Qd Ah 6d Qc Td]
Seat 1: xristinala (button) folded before Flop (didn't bet)
Seat 2: Mahu2021 (small blind) collected (60)
Seat 3: Chelsea240444 (big blind) folded on the River



PokerStars Hand #248472919237: Tournament #3706254912, $1.84+$0.16 USD Hold'em No Limit - Level II (15/30) - 2024/01/24 21:07:33 CET [2024/01/24 15:07:33 ET]
Table '3706254912 1' 3-max Seat #2 is the button
Seat 1: xristinala (510 in chips) 
Seat 2: Mahu2021 (550 in chips) 
Seat 3: Chelsea240444 (440 in chips) 
Chelsea240444: posts small blind 15
xristinala: posts big blind 30
*** HOLE CARDS ***
Dealt to Mahu2021 [2h 3h]
Mahu2021: calls 30
Chelsea240444: calls 15
xristinala: checks 
*** FLOP *** [9s 9d 8c]
Chelsea240444: bets 30
xristinala: folds 
Mahu2021: folds 
Uncalled bet (30) returned to Chelsea240444
Chelsea240444 collected 90 from pot
*** SUMMARY ***
Total pot 90 | Rake 0 
Board [9s 9d 8c]
Seat 1: xristinala (big blind) folded on the Flop
Seat 2: Mahu2021 (button) folded on the Flop
Seat 3: Chelsea240444 (small blind) collected (90)



PokerStars Hand #248472924305: Tournament #3706254912, $1.84+$0.16 USD Hold'em No Limit - Level II (15/30) - 2024/01/24 21:07:46 CET [2024/01/24 15:07:46 ET]
Table '3706254912 1' 3-max Seat #3 is the button
Seat 1: xristinala (480 in chips) 
Seat 2: Mahu2021 (520 in chips) 
Seat 3: Chelsea240444 (500 in chips) 
xristinala: posts small blind 15
Mahu2021: posts big blind 30
*** HOLE CARDS ***
Dealt to Mahu2021 [5s Tc]
Chelsea240444: calls 30
xristinala: calls 15
Mahu2021: checks 
*** FLOP *** [2c 9s 3s]
xristinala: checks 
Mahu2021: checks 
Chelsea240444: checks 
*** TURN *** [2c 9s 3s] [9c]
xristinala: checks 
Mahu2021: checks 
Chelsea240444: checks 
*** RIVER *** [2c 9s 3s 9c] [Ts]
xristinala: checks 
Mahu2021: bets 90
Chelsea240444: folds 
xristinala: folds 
Uncalled bet (90) returned to Mahu2021
Mahu2021 collected 90 from pot
Mahu2021: doesn't show hand 
*** SUMMARY ***
Total pot 90 | Rake 0 
Board [2c 9s 3s 9c Ts]
Seat 1: xristinala (small blind) folded on the River
Seat 2: Mahu2021 (big blind) collected (90)
Seat 3: Chelsea240444 (button) folded on the River



PokerStars Hand #248472933727: Tournament #3706254912, $1.84+$0.16 USD Hold'em No Limit - Level III (20/40) - 2024/01/24 21:08:13 CET [2024/01/24 15:08:13 ET]
Table '3706254912 1' 3-max Seat #1 is the button
Seat 1: xristinala (450 in chips) 
Seat 2: Mahu2021 (580 in chips) 
Seat 3: Chelsea240444 (470 in chips) 
Mahu2021: posts small blind 20
Chelsea240444: posts big blind 40
*** HOLE CARDS ***
Dealt to Mahu2021 [2d 5d]
xristinala: calls 40
Mahu2021: folds 
Chelsea240444: checks 
*** FLOP *** [6d 7c 6h]
Chelsea240444: checks 
xristinala: checks 
*** TURN *** [6d 7c 6h] [Kd]
Chelsea240444: checks 
xristinala: checks 
*** RIVER *** [6d 7c 6h Kd] [Jd]
Chelsea240444: checks 
xristinala: checks 
*** SHOW DOWN ***
Chelsea240444: shows [9c 3c] (a pair of Sixes)
xristinala: shows [4c Ad] (a pair of Sixes - Ace kicker)
xristinala collected 100 from pot
*** SUMMARY ***
Total pot 100 | Rake 0 
Board [6d 7c 6h Kd Jd]
Seat 1: xristinala (button) showed [4c Ad] and won (100) with a pair of Sixes
Seat 2: Mahu2021 (small blind) folded before Flop
Seat 3: Chelsea240444 (big blind) showed [9c 3c] and lost with a pair of Sixes



PokerStars Hand #248472941285: Tournament #3706254912, $1.84+$0.16 USD Hold'em No Limit - Level III (20/40) - 2024/01/24 21:08:33 CET [2024/01/24 15:08:33 ET]
Table '3706254912 1' 3-max Seat #2 is the button
Seat 1: xristinala (510 in chips) 
Seat 2: Mahu2021 (560 in chips) 
Seat 3: Chelsea240444 (430 in chips) 
Chelsea240444: posts small blind 20
xristinala: posts big blind 40
*** HOLE CARDS ***
Dealt to Mahu2021 [8s 6c]
Mahu2021: folds 
Chelsea240444: folds 
Uncalled bet (20) returned to xristinala
xristinala collected 40 from pot
xristinala: doesn't show hand 
*** SUMMARY ***
Total pot 40 | Rake 0 
Seat 1: xristinala (big blind) collected (40)
Seat 2: Mahu2021 (button) folded before Flop (didn't bet)
Seat 3: Chelsea240444 (small blind) folded before Flop



PokerStars Hand #248472944709: Tournament #3706254912, $1.84+$0.16 USD Hold'em No Limit - Level III (20/40) - 2024/01/24 21:08:42 CET [2024/01/24 15:08:42 ET]
Table '3706254912 1' 3-max Seat #3 is the button
Seat 1: xristinala (530 in chips) 
Seat 2: Mahu2021 (560 in chips) 
Seat 3: Chelsea240444 (410 in chips) 
xristinala: posts small blind 20
Mahu2021: posts big blind 40
*** HOLE CARDS ***
Dealt to Mahu2021 [2d 8s]
Chelsea240444: folds 
xristinala: raises 40 to 80
Mahu2021: folds 
Uncalled bet (40) returned to xristinala
xristinala collected 80 from pot
xristinala: doesn't show hand 
*** SUMMARY ***
Total pot 80 | Rake 0 
Seat 1: xristinala (small blind) collected (80)
Seat 2: Mahu2021 (big blind) folded before Flop
Seat 3: Chelsea240444 (button) folded before Flop (didn't bet)



PokerStars Hand #248472947786: Tournament #3706254912, $1.84+$0.16 USD Hold'em No Limit - Level III (20/40) - 2024/01/24 21:08:51 CET [2024/01/24 15:08:51 ET]
Table '3706254912 1' 3-max Seat #1 is the button
Seat 1: xristinala (570 in chips) 
Seat 2: Mahu2021 (520 in chips) 
Seat 3: Chelsea240444 (410 in chips) 
Mahu2021: posts small blind 20
Chelsea240444: posts big blind 40
*** HOLE CARDS ***
Dealt to Mahu2021 [4s Kd]
xristinala: calls 40
Mahu2021: calls 20
Chelsea240444: raises 40 to 80
xristinala: calls 40
Mahu2021: calls 40
*** FLOP *** [Td Jd Qh]
Mahu2021: checks 
Chelsea240444: checks 
xristinala: checks 
*** TURN *** [Td Jd Qh] [7s]
Mahu2021: checks 
Chelsea240444: checks 
xristinala: checks 
*** RIVER *** [Td Jd Qh 7s] [Js]
Mahu2021: checks 
Chelsea240444: checks 
xristinala: checks 
*** SHOW DOWN ***
Mahu2021: shows [4s Kd] (a pair of Jacks)
Chelsea240444: shows [3h Ah] (a pair of Jacks - Ace kicker)
xristinala: shows [9s Tc] (two pair, Jacks and Tens)
xristinala collected 240 from pot
*** SUMMARY ***
Total pot 240 | Rake 0 
Board [Td Jd Qh 7s Js]
Seat 1: xristinala (button) showed [9s Tc] and won (240) with two pair, Jacks and Tens
Seat 2: Mahu2021 (small blind) showed [4s Kd] and lost with a pair of Jacks
Seat 3: Chelsea240444 (big blind) showed [3h Ah] and lost with a pair of Jacks



PokerStars Hand #248472956132: Tournament #3706254912, $1.84+$0.16 USD Hold'em No Limit - Level III (20/40) - 2024/01/24 21:09:14 CET [2024/01/24 15:09:14 ET]
Table '3706254912 1' 3-max Seat #2 is the button
Seat 1: xristinala (730 in chips) 
Seat 2: Mahu2021 (440 in chips) 
Seat 3: Chelsea240444 (330 in chips) 
Chelsea240444: posts small blind 20
xristinala: posts big blind 40
*** HOLE CARDS ***
Dealt to Mahu2021 [7h Ts]
Mahu2021: folds 
Chelsea240444: calls 20
xristinala: checks 
*** FLOP *** [8d Qd 7s]
Chelsea240444: checks 
xristinala: checks 
*** TURN *** [8d Qd 7s] [Ah]
Chelsea240444: bets 40
xristinala: folds 
Uncalled bet (40) returned to Chelsea240444
Chelsea240444 collected 80 from pot
*** SUMMARY ***
Total pot 80 | Rake 0 
Board [8d Qd 7s Ah]
Seat 1: xristinala (big blind) folded on the Turn
Seat 2: Mahu2021 (button) folded before Flop (didn't bet)
Seat 3: Chelsea240444 (small blind) collected (80)



PokerStars Hand #248472961894: Tournament #3706254912, $1.84+$0.16 USD Hold'em No Limit - Level III (20/40) - 2024/01/24 21:09:29 CET [2024/01/24 15:09:29 ET]
Table '3706254912 1' 3-max Seat #3 is the button
Seat 1: xristinala (690 in chips) 
Seat 2: Mahu2021 (440 in chips) 
Seat 3: Chelsea240444 (370 in chips) 
xristinala: posts small blind 20
Mahu2021: posts big blind 40
*** HOLE CARDS ***
Dealt to Mahu2021 [2s 3c]
Chelsea240444: raises 40 to 80
xristinala: calls 60
Mahu2021: folds 
*** FLOP *** [7c Kd 3s]
xristinala: checks 
Chelsea240444: bets 290 and is all-in
xristinala: folds 
Uncalled bet (290) returned to Chelsea240444
Chelsea240444 collected 200 from pot
*** SUMMARY ***
Total pot 200 | Rake 0 
Board [7c Kd 3s]
Seat 1: xristinala (small blind) folded on the Flop
Seat 2: Mahu2021 (big blind) folded before Flop
Seat 3: Chelsea240444 (button) collected (200)



PokerStars Hand #248472967581: Tournament #3706254912, $1.84+$0.16 USD Hold'em No Limit - Level III (20/40) - 2024/01/24 21:09:45 CET [2024/01/24 15:09:45 ET]
Table '3706254912 1' 3-max Seat #1 is the button
Seat 1: xristinala (610 in chips) 
Seat 2: Mahu2021 (400 in chips) 
Seat 3: Chelsea240444 (490 in chips) 
Mahu2021: posts small blind 20
Chelsea240444: posts big blind 40
*** HOLE CARDS ***
Dealt to Mahu2021 [Tc Kh]
xristinala: folds 
Mahu2021: raises 80 to 120
Chelsea240444: calls 80
*** FLOP *** [Ac Jc Ts]
Mahu2021: bets 280 and is all-in
Chelsea240444: calls 280
*** TURN *** [Ac Jc Ts] [3d]
*** RIVER *** [Ac Jc Ts 3d] [Js]
*** SHOW DOWN ***
Mahu2021: shows [Tc Kh] (two pair, Jacks and Tens)
Chelsea240444: shows [Td 6d] (two pair, Jacks and Tens)
Mahu2021 collected 400 from pot
Chelsea240444 collected 400 from pot
*** SUMMARY ***
Total pot 800 | Rake 0 
Board [Ac Jc Ts 3d Js]
Seat 1: xristinala (button) folded before Flop (didn't bet)
Seat 2: Mahu2021 (small blind) showed [Tc Kh] and won (400) with two pair, Jacks and Tens
Seat 3: Chelsea240444 (big blind) showed [Td 6d] and won (400) with two pair, Jacks and Tens



PokerStars Hand #248472975566: Tournament #3706254912, $1.84+$0.16 USD Hold'em No Limit - Level IV (30/60) - 2024/01/24 21:10:06 CET [2024/01/24 15:10:06 ET]
Table '3706254912 1' 3-max Seat #2 is the button
Seat 1: xristinala (610 in chips) 
Seat 2: Mahu2021 (400 in chips) 
Seat 3: Chelsea240444 (490 in chips) 
Chelsea240444: posts small blind 30
xristinala: posts big blind 60
*** HOLE CARDS ***
Dealt to Mahu2021 [5c Jh]
Mahu2021: folds 
Chelsea240444: calls 30
xristinala: checks 
*** FLOP *** [Js 6h Qd]
Chelsea240444: checks 
xristinala: checks 
*** TURN *** [Js 6h Qd] [Ts]
Chelsea240444: bets 60
xristinala: folds 
Uncalled bet (60) returned to Chelsea240444
Chelsea240444 collected 120 from pot
*** SUMMARY ***
Total pot 120 | Rake 0 
Board [Js 6h Qd Ts]
Seat 1: xristinala (big blind) folded on the Turn
Seat 2: Mahu2021 (button) folded before Flop (didn't bet)
Seat 3: Chelsea240444 (small blind) collected (120)



PokerStars Hand #248472982952: Tournament #3706254912, $1.84+$0.16 USD Hold'em No Limit - Level IV (30/60) - 2024/01/24 21:10:27 CET [2024/01/24 15:10:27 ET]
Table '3706254912 1' 3-max Seat #3 is the button
Seat 1: xristinala (550 in chips) 
Seat 2: Mahu2021 (400 in chips) 
Seat 3: Chelsea240444 (550 in chips) 
xristinala: posts small blind 30
Mahu2021: posts big blind 60
*** HOLE CARDS ***
Dealt to Mahu2021 [2c Ad]
Chelsea240444: raises 60 to 120
xristinala: folds 
Mahu2021: folds 
Uncalled bet (60) returned to Chelsea240444
Chelsea240444 collected 150 from pot
*** SUMMARY ***
Total pot 150 | Rake 0 
Seat 1: xristinala (small blind) folded before Flop
Seat 2: Mahu2021 (big blind) folded before Flop
Seat 3: Chelsea240444 (button) collected (150)



PokerStars Hand #248472985899: Tournament #3706254912, $1.84+$0.16 USD Hold'em No Limit - Level IV (30/60) - 2024/01/24 21:10:35 CET [2024/01/24 15:10:35 ET]
Table '3706254912 1' 3-max Seat #1 is the button
Seat 1: xristinala (520 in chips) 
Seat 2: Mahu2021 (340 in chips) 
Seat 3: Chelsea240444 (640 in chips) 
Mahu2021: posts small blind 30
Chelsea240444: posts big blind 60
*** HOLE CARDS ***
Dealt to Mahu2021 [2s 8d]
xristinala: calls 60
Mahu2021: folds 
Chelsea240444: checks 
*** FLOP *** [3d 7h 5h]
Chelsea240444: checks 
xristinala: checks 
*** TURN *** [3d 7h 5h] [4d]
Chelsea240444: bets 150
xristinala: folds 
Uncalled bet (150) returned to Chelsea240444
Chelsea240444 collected 150 from pot
*** SUMMARY ***
Total pot 150 | Rake 0 
Board [3d 7h 5h 4d]
Seat 1: xristinala (button) folded on the Turn
Seat 2: Mahu2021 (small blind) folded before Flop
Seat 3: Chelsea240444 (big blind) collected (150)



PokerStars Hand #248472991265: Tournament #3706254912, $1.84+$0.16 USD Hold'em No Limit - Level IV (30/60) - 2024/01/24 21:10:49 CET [2024/01/24 15:10:49 ET]
Table '3706254912 1' 3-max Seat #2 is the button
Seat 1: xristinala (460 in chips) 
Seat 2: Mahu2021 (310 in chips) 
Seat 3: Chelsea240444 (730 in chips) 
Chelsea240444: posts small blind 30
xristinala: posts big blind 60
*** HOLE CARDS ***
Dealt to Mahu2021 [Tc 2d]
Mahu2021: folds 
Chelsea240444: calls 30
xristinala: raises 400 to 460 and is all-in
Chelsea240444: folds 
Uncalled bet (400) returned to xristinala
xristinala collected 120 from pot
xristinala: doesn't show hand 
*** SUMMARY ***
Total pot 120 | Rake 0 
Seat 1: xristinala (big blind) collected (120)
Seat 2: Mahu2021 (button) folded before Flop (didn't bet)
Seat 3: Chelsea240444 (small blind) folded before Flop



PokerStars Hand #248472995287: Tournament #3706254912, $1.84+$0.16 USD Hold'em No Limit - Level IV (30/60) - 2024/01/24 21:11:00 CET [2024/01/24 15:11:00 ET]
Table '3706254912 1' 3-max Seat #3 is the button
Seat 1: xristinala (520 in chips) 
Seat 2: Mahu2021 (310 in chips) 
Seat 3: Chelsea240444 (670 in chips) 
xristinala: posts small blind 30
Mahu2021: posts big blind 60
*** HOLE CARDS ***
Dealt to Mahu2021 [2c Jd]
Chelsea240444: raises 60 to 120
xristinala: folds 
Mahu2021: folds 
Uncalled bet (60) returned to Chelsea240444
Chelsea240444 collected 150 from pot
*** SUMMARY ***
Total pot 150 | Rake 0 
Seat 1: xristinala (small blind) folded before Flop
Seat 2: Mahu2021 (big blind) folded before Flop
Seat 3: Chelsea240444 (button) collected (150)



PokerStars Hand #248472997603: Tournament #3706254912, $1.84+$0.16 USD Hold'em No Limit - Level IV (30/60) - 2024/01/24 21:11:06 CET [2024/01/24 15:11:06 ET]
Table '3706254912 1' 3-max Seat #1 is the button
Seat 1: xristinala (490 in chips) 
Seat 2: Mahu2021 (250 in chips) 
Seat 3: Chelsea240444 (760 in chips) 
Mahu2021: posts small blind 30
Chelsea240444: posts big blind 60
*** HOLE CARDS ***
Dealt to Mahu2021 [Kd 4d]
xristinala: folds 
Mahu2021: raises 190 to 250 and is all-in
Chelsea240444: calls 190
*** FLOP *** [9d Ah 2c]
*** TURN *** [9d Ah 2c] [Tc]
*** RIVER *** [9d Ah 2c Tc] [8h]
*** SHOW DOWN ***
Mahu2021: shows [Kd 4d] (high card Ace)
Chelsea240444: shows [4h 8c] (a pair of Eights)
Chelsea240444 collected 500 from pot
Mahu2021 finished the tournament in 3rd place
*** SUMMARY ***
Total pot 500 | Rake 0 
Board [9d Ah 2c Tc 8h]
Seat 1: xristinala (button) folded before Flop (didn't bet)
Seat 2: Mahu2021 (small blind) showed [Kd 4d] and lost with high card Ace
Seat 3: Chelsea240444 (big blind) showed [4h 8c] and won (500) with a pair of Eights



