PokerStars Hand #249885202801: Tournament #3739746078, $1.84+$0.16 USD Hold'em No Limit - Level I (10/20) - 2024/04/09 19:50:03 CET [2024/04/09 13:50:03 ET]
Table '3739746078 1' 3-max Seat #1 is the button
Seat 1: lookin2011 (500 in chips) 
Seat 2: Mahu2021 (500 in chips) 
Seat 3: goomes (500 in chips) 
Mahu2021: posts small blind 10
goomes: posts big blind 20
*** HOLE CARDS ***
Dealt to Mahu2021 [9h 5s]
lookin2011: calls 20
Mahu2021: calls 10
goomes: checks 
*** FLOP *** [6c Kc 4h]
Mahu2021: checks 
goomes: checks 
lookin2011: checks 
*** TURN *** [6c Kc 4h] [Tc]
Mahu2021: checks 
goomes: bets 20
lookin2011: raises 20 to 40
Mahu2021: folds 
goomes: calls 20
*** RIVER *** [6c Kc 4h Tc] [4s]
goomes: checks 
lookin2011: bets 140
goomes: folds 
Uncalled bet (140) returned to lookin2011
lookin2011 collected 140 from pot
*** SUMMARY ***
Total pot 140 | Rake 0 
Board [6c Kc 4h Tc 4s]
Seat 1: lookin2011 (button) collected (140)
Seat 2: Mahu2021 (small blind) folded on the Turn
Seat 3: goomes (big blind) folded on the River



PokerStars Hand #249885217397: Tournament #3739746078, $1.84+$0.16 USD Hold'em No Limit - Level I (10/20) - 2024/04/09 19:50:54 CET [2024/04/09 13:50:54 ET]
Table '3739746078 1' 3-max Seat #2 is the button
Seat 1: lookin2011 (580 in chips) 
Seat 2: Mahu2021 (480 in chips) 
Seat 3: goomes (440 in chips) 
goomes: posts small blind 10
lookin2011: posts big blind 20
*** HOLE CARDS ***
Dealt to Mahu2021 [3s 3h]
Mahu2021: raises 20 to 40
goomes: folds 
lookin2011: calls 20
*** FLOP *** [9h Qs 9c]
lookin2011: checks 
Mahu2021: bets 40
lookin2011: folds 
Uncalled bet (40) returned to Mahu2021
Mahu2021 collected 90 from pot
Mahu2021: doesn't show hand 
*** SUMMARY ***
Total pot 90 | Rake 0 
Board [9h Qs 9c]
Seat 1: lookin2011 (big blind) folded on the Flop
Seat 2: Mahu2021 (button) collected (90)
Seat 3: goomes (small blind) folded before Flop



PokerStars Hand #249885222928: Tournament #3739746078, $1.84+$0.16 USD Hold'em No Limit - Level I (10/20) - 2024/04/09 19:51:14 CET [2024/04/09 13:51:14 ET]
Table '3739746078 1' 3-max Seat #3 is the button
Seat 1: lookin2011 (540 in chips) 
Seat 2: Mahu2021 (530 in chips) 
Seat 3: goomes (430 in chips) 
lookin2011: posts small blind 10
Mahu2021: posts big blind 20
*** HOLE CARDS ***
Dealt to Mahu2021 [Qc 6s]
goomes: folds 
lookin2011: calls 10
Mahu2021: checks 
*** FLOP *** [Td 7d 4d]
lookin2011: bets 20
Mahu2021: folds 
Uncalled bet (20) returned to lookin2011
lookin2011 collected 40 from pot
*** SUMMARY ***
Total pot 40 | Rake 0 
Board [Td 7d 4d]
Seat 1: lookin2011 (small blind) collected (40)
Seat 2: Mahu2021 (big blind) folded on the Flop
Seat 3: goomes (button) folded before Flop (didn't bet)



PokerStars Hand #249885226274: Tournament #3739746078, $1.84+$0.16 USD Hold'em No Limit - Level I (10/20) - 2024/04/09 19:51:26 CET [2024/04/09 13:51:26 ET]
Table '3739746078 1' 3-max Seat #1 is the button
Seat 1: lookin2011 (560 in chips) 
Seat 2: Mahu2021 (510 in chips) 
Seat 3: goomes (430 in chips) 
Mahu2021: posts small blind 10
goomes: posts big blind 20
*** HOLE CARDS ***
Dealt to Mahu2021 [6s 7h]
lookin2011: raises 20 to 40
Mahu2021: calls 30
goomes: calls 20
*** FLOP *** [Ac 6c 2h]
Mahu2021: checks 
goomes: checks 
lookin2011: bets 120
Mahu2021: folds 
goomes: folds 
Uncalled bet (120) returned to lookin2011
lookin2011 collected 120 from pot
*** SUMMARY ***
Total pot 120 | Rake 0 
Board [Ac 6c 2h]
Seat 1: lookin2011 (button) collected (120)
Seat 2: Mahu2021 (small blind) folded on the Flop
Seat 3: goomes (big blind) folded on the Flop



PokerStars Hand #249885235758: Tournament #3739746078, $1.84+$0.16 USD Hold'em No Limit - Level I (10/20) - 2024/04/09 19:51:58 CET [2024/04/09 13:51:58 ET]
Table '3739746078 1' 3-max Seat #2 is the button
Seat 1: lookin2011 (640 in chips) 
Seat 2: Mahu2021 (470 in chips) 
Seat 3: goomes (390 in chips) 
goomes: posts small blind 10
lookin2011: posts big blind 20
*** HOLE CARDS ***
Dealt to Mahu2021 [7d Ac]
Mahu2021: calls 20
goomes: calls 10
lookin2011: checks 
*** FLOP *** [Jh Th 3h]
goomes: checks 
lookin2011: bets 20
Mahu2021: folds 
goomes: folds 
Uncalled bet (20) returned to lookin2011
lookin2011 collected 60 from pot
*** SUMMARY ***
Total pot 60 | Rake 0 
Board [Jh Th 3h]
Seat 1: lookin2011 (big blind) collected (60)
Seat 2: Mahu2021 (button) folded on the Flop
Seat 3: goomes (small blind) folded on the Flop



PokerStars Hand #249885241019: Tournament #3739746078, $1.84+$0.16 USD Hold'em No Limit - Level I (10/20) - 2024/04/09 19:52:17 CET [2024/04/09 13:52:17 ET]
Table '3739746078 1' 3-max Seat #3 is the button
Seat 1: lookin2011 (680 in chips) 
Seat 2: Mahu2021 (450 in chips) 
Seat 3: goomes (370 in chips) 
lookin2011: posts small blind 10
Mahu2021: posts big blind 20
*** HOLE CARDS ***
Dealt to Mahu2021 [Ac Th]
goomes: folds 
lookin2011: calls 10
Mahu2021: raises 60 to 80
lookin2011: folds 
Uncalled bet (60) returned to Mahu2021
Mahu2021 collected 40 from pot
Mahu2021: doesn't show hand 
*** SUMMARY ***
Total pot 40 | Rake 0 
Seat 1: lookin2011 (small blind) folded before Flop
Seat 2: Mahu2021 (big blind) collected (40)
Seat 3: goomes (button) folded before Flop (didn't bet)



PokerStars Hand #249885244503: Tournament #3739746078, $1.84+$0.16 USD Hold'em No Limit - Level I (10/20) - 2024/04/09 19:52:29 CET [2024/04/09 13:52:29 ET]
Table '3739746078 1' 3-max Seat #1 is the button
Seat 1: lookin2011 (660 in chips) 
Seat 2: Mahu2021 (470 in chips) 
Seat 3: goomes (370 in chips) 
Mahu2021: posts small blind 10
goomes: posts big blind 20
*** HOLE CARDS ***
Dealt to Mahu2021 [Jd 9d]
lookin2011: folds 
Mahu2021: raises 20 to 40
goomes: calls 20
*** FLOP *** [7s 2d Jh]
Mahu2021: bets 80
goomes: folds 
Uncalled bet (80) returned to Mahu2021
Mahu2021 collected 80 from pot
Mahu2021: doesn't show hand 
*** SUMMARY ***
Total pot 80 | Rake 0 
Board [7s 2d Jh]
Seat 1: lookin2011 (button) folded before Flop (didn't bet)
Seat 2: Mahu2021 (small blind) collected (80)
Seat 3: goomes (big blind) folded on the Flop



PokerStars Hand #249885248606: Tournament #3739746078, $1.84+$0.16 USD Hold'em No Limit - Level I (10/20) - 2024/04/09 19:52:43 CET [2024/04/09 13:52:43 ET]
Table '3739746078 1' 3-max Seat #2 is the button
Seat 1: lookin2011 (660 in chips) 
Seat 2: Mahu2021 (510 in chips) 
Seat 3: goomes (330 in chips) 
goomes: posts small blind 10
lookin2011: posts big blind 20
*** HOLE CARDS ***
Dealt to Mahu2021 [7c Ks]
Mahu2021: calls 20
goomes: calls 10
lookin2011: checks 
*** FLOP *** [3d Ad 4h]
goomes: checks 
lookin2011: checks 
Mahu2021: bets 20
goomes: calls 20
lookin2011: calls 20
*** TURN *** [3d Ad 4h] [8c]
goomes: checks 
lookin2011: checks 
Mahu2021: checks 
*** RIVER *** [3d Ad 4h 8c] [8s]
goomes: checks 
lookin2011: checks 
Mahu2021: checks 
*** SHOW DOWN ***
goomes: shows [9d Jd] (a pair of Eights)
lookin2011: shows [4d 7s] (two pair, Eights and Fours)
Mahu2021: mucks hand 
lookin2011 collected 120 from pot
*** SUMMARY ***
Total pot 120 | Rake 0 
Board [3d Ad 4h 8c 8s]
Seat 1: lookin2011 (big blind) showed [4d 7s] and won (120) with two pair, Eights and Fours
Seat 2: Mahu2021 (button) mucked [7c Ks]
Seat 3: goomes (small blind) showed [9d Jd] and lost with a pair of Eights



PokerStars Hand #249885258123: Tournament #3739746078, $1.84+$0.16 USD Hold'em No Limit - Level II (15/30) - 2024/04/09 19:53:17 CET [2024/04/09 13:53:17 ET]
Table '3739746078 1' 3-max Seat #3 is the button
Seat 1: lookin2011 (740 in chips) 
Seat 2: Mahu2021 (470 in chips) 
Seat 3: goomes (290 in chips) 
lookin2011: posts small blind 15
Mahu2021: posts big blind 30
*** HOLE CARDS ***
Dealt to Mahu2021 [9c 3s]
goomes: folds 
lookin2011: calls 15
Mahu2021: checks 
*** FLOP *** [8h 9h 8c]
lookin2011: checks 
Mahu2021: bets 60
lookin2011: folds 
Uncalled bet (60) returned to Mahu2021
Mahu2021 collected 60 from pot
Mahu2021: doesn't show hand 
*** SUMMARY ***
Total pot 60 | Rake 0 
Board [8h 9h 8c]
Seat 1: lookin2011 (small blind) folded on the Flop
Seat 2: Mahu2021 (big blind) collected (60)
Seat 3: goomes (button) folded before Flop (didn't bet)



PokerStars Hand #249885262232: Tournament #3739746078, $1.84+$0.16 USD Hold'em No Limit - Level II (15/30) - 2024/04/09 19:53:32 CET [2024/04/09 13:53:32 ET]
Table '3739746078 1' 3-max Seat #1 is the button
Seat 1: lookin2011 (710 in chips) 
Seat 2: Mahu2021 (500 in chips) 
Seat 3: goomes (290 in chips) 
Mahu2021: posts small blind 15
goomes: posts big blind 30
*** HOLE CARDS ***
Dealt to Mahu2021 [5s 4d]
lookin2011: raises 30 to 60
Mahu2021: calls 45
goomes: calls 30
*** FLOP *** [7d Ah Ad]
Mahu2021: checks 
goomes: checks 
lookin2011: bets 30
Mahu2021: folds 
goomes: raises 200 to 230 and is all-in
lookin2011: calls 200
*** TURN *** [7d Ah Ad] [Kc]
*** RIVER *** [7d Ah Ad Kc] [Kd]
*** SHOW DOWN ***
goomes: shows [5h 7h] (two pair, Aces and Kings)
lookin2011: shows [Ac Ks] (a full house, Aces full of Kings)
lookin2011 collected 640 from pot
goomes finished the tournament in 3rd place
*** SUMMARY ***
Total pot 640 | Rake 0 
Board [7d Ah Ad Kc Kd]
Seat 1: lookin2011 (button) showed [Ac Ks] and won (640) with a full house, Aces full of Kings
Seat 2: Mahu2021 (small blind) folded on the Flop
Seat 3: goomes (big blind) showed [5h 7h] and lost with two pair, Aces and Kings



PokerStars Hand #249885274451: Tournament #3739746078, $1.84+$0.16 USD Hold'em No Limit - Level II (15/30) - 2024/04/09 19:54:14 CET [2024/04/09 13:54:14 ET]
Table '3739746078 1' 3-max Seat #2 is the button
Seat 1: lookin2011 (1060 in chips) 
Seat 2: Mahu2021 (440 in chips) 
Mahu2021: posts small blind 15
lookin2011: posts big blind 30
*** HOLE CARDS ***
Dealt to Mahu2021 [5s 4c]
Mahu2021: calls 15
lookin2011: raises 30 to 60
Mahu2021: calls 30
*** FLOP *** [Js Ad 3h]
lookin2011: bets 30
Mahu2021: calls 30
*** TURN *** [Js Ad 3h] [Tc]
lookin2011: bets 30
Mahu2021: calls 30
*** RIVER *** [Js Ad 3h Tc] [Ac]
lookin2011: bets 240
Mahu2021: folds 
Uncalled bet (240) returned to lookin2011
lookin2011 collected 240 from pot
*** SUMMARY ***
Total pot 240 | Rake 0 
Board [Js Ad 3h Tc Ac]
Seat 1: lookin2011 (big blind) collected (240)
Seat 2: Mahu2021 (button) (small blind) folded on the River



PokerStars Hand #249885279966: Tournament #3739746078, $1.84+$0.16 USD Hold'em No Limit - Level II (15/30) - 2024/04/09 19:54:34 CET [2024/04/09 13:54:34 ET]
Table '3739746078 1' 3-max Seat #1 is the button
Seat 1: lookin2011 (1180 in chips) 
Seat 2: Mahu2021 (320 in chips) 
lookin2011: posts small blind 15
Mahu2021: posts big blind 30
*** HOLE CARDS ***
Dealt to Mahu2021 [Ac Ad]
lookin2011: calls 15
Mahu2021: raises 60 to 90
lookin2011: folds 
Uncalled bet (60) returned to Mahu2021
Mahu2021 collected 60 from pot
Mahu2021: doesn't show hand 
*** SUMMARY ***
Total pot 60 | Rake 0 
Seat 1: lookin2011 (button) (small blind) folded before Flop
Seat 2: Mahu2021 (big blind) collected (60)



PokerStars Hand #249885282466: Tournament #3739746078, $1.84+$0.16 USD Hold'em No Limit - Level II (15/30) - 2024/04/09 19:54:42 CET [2024/04/09 13:54:42 ET]
Table '3739746078 1' 3-max Seat #2 is the button
Seat 1: lookin2011 (1150 in chips) 
Seat 2: Mahu2021 (350 in chips) 
Mahu2021: posts small blind 15
lookin2011: posts big blind 30
*** HOLE CARDS ***
Dealt to Mahu2021 [7h As]
Mahu2021: raises 30 to 60
lookin2011: calls 30
*** FLOP *** [8d Tc 5d]
lookin2011: checks 
Mahu2021: bets 290 and is all-in
lookin2011: folds 
Uncalled bet (290) returned to Mahu2021
Mahu2021 collected 120 from pot
Mahu2021: doesn't show hand 
*** SUMMARY ***
Total pot 120 | Rake 0 
Board [8d Tc 5d]
Seat 1: lookin2011 (big blind) folded on the Flop
Seat 2: Mahu2021 (button) (small blind) collected (120)



PokerStars Hand #249885285846: Tournament #3739746078, $1.84+$0.16 USD Hold'em No Limit - Level II (15/30) - 2024/04/09 19:54:54 CET [2024/04/09 13:54:54 ET]
Table '3739746078 1' 3-max Seat #1 is the button
Seat 1: lookin2011 (1090 in chips) 
Seat 2: Mahu2021 (410 in chips) 
lookin2011: posts small blind 15
Mahu2021: posts big blind 30
*** HOLE CARDS ***
Dealt to Mahu2021 [6d 5h]
lookin2011: calls 15
Mahu2021: checks 
*** FLOP *** [Kc 6s Jc]
Mahu2021: checks 
lookin2011: checks 
*** TURN *** [Kc 6s Jc] [Kh]
Mahu2021: bets 30
lookin2011: folds 
Uncalled bet (30) returned to Mahu2021
Mahu2021 collected 60 from pot
Mahu2021: doesn't show hand 
*** SUMMARY ***
Total pot 60 | Rake 0 
Board [Kc 6s Jc Kh]
Seat 1: lookin2011 (button) (small blind) folded on the Turn
Seat 2: Mahu2021 (big blind) collected (60)



PokerStars Hand #249885289384: Tournament #3739746078, $1.84+$0.16 USD Hold'em No Limit - Level II (15/30) - 2024/04/09 19:55:06 CET [2024/04/09 13:55:06 ET]
Table '3739746078 1' 3-max Seat #2 is the button
Seat 1: lookin2011 (1060 in chips) 
Seat 2: Mahu2021 (440 in chips) 
Mahu2021: posts small blind 15
lookin2011: posts big blind 30
*** HOLE CARDS ***
Dealt to Mahu2021 [Qc Qs]
Mahu2021: raises 120 to 150
lookin2011: raises 120 to 270
Mahu2021: raises 170 to 440 and is all-in
lookin2011: calls 170
*** FLOP *** [6c 8h Jd]
*** TURN *** [6c 8h Jd] [5h]
*** RIVER *** [6c 8h Jd 5h] [Kd]
*** SHOW DOWN ***
lookin2011: shows [As Kh] (a pair of Kings)
Mahu2021: shows [Qc Qs] (a pair of Queens)
lookin2011 collected 880 from pot
Mahu2021 finished the tournament in 2nd place
lookin2011 wins the tournament and receives $6.00 - congratulations!
*** SUMMARY ***
Total pot 880 | Rake 0 
Board [6c 8h Jd 5h Kd]
Seat 1: lookin2011 (big blind) showed [As Kh] and won (880) with a pair of Kings
Seat 2: Mahu2021 (button) (small blind) showed [Qc Qs] and lost with a pair of Queens



