PokerStars Hand #244509563352: Tournament #3609951932, $0.92+$0.08 USD Hold'em No Limit - Level I (10/20) - 2023/06/28 15:19:48 CET [2023/06/28 9:19:48 ET]
Table '3609951932 1' 3-max Seat #1 is the button
Seat 1: Mahu2021 (500 in chips) 
Seat 2: orlo123 (500 in chips) 
Seat 3: gnoras (500 in chips) 
orlo123: posts small blind 10
gnoras: posts big blind 20
*** HOLE CARDS ***
Dealt to Mahu2021 [Kd 7d]
Mahu2021: raises 20 to 40
orlo123: folds 
gnoras: calls 20
*** FLOP *** [Th 6s 2c]
gnoras: checks 
Mahu2021: checks 
*** TURN *** [Th 6s 2c] [7c]
gnoras: checks 
Mahu2021: bets 40
gnoras: folds 
Uncalled bet (40) returned to Mahu2021
Mahu2021 collected 90 from pot
Mahu2021: doesn't show hand 
*** SUMMARY ***
Total pot 90 | Rake 0 
Board [Th 6s 2c 7c]
Seat 1: Mahu2021 (button) collected (90)
Seat 2: orlo123 (small blind) folded before Flop
Seat 3: gnoras (big blind) folded on the Turn



PokerStars Hand #244509566725: Tournament #3609951932, $0.92+$0.08 USD Hold'em No Limit - Level I (10/20) - 2023/06/28 15:20:06 CET [2023/06/28 9:20:06 ET]
Table '3609951932 1' 3-max Seat #2 is the button
Seat 1: Mahu2021 (550 in chips) 
Seat 2: orlo123 (490 in chips) 
Seat 3: gnoras (460 in chips) 
gnoras: posts small blind 10
Mahu2021: posts big blind 20
*** HOLE CARDS ***
Dealt to Mahu2021 [6h 2h]
orlo123: calls 20
gnoras: folds 
Mahu2021: checks 
*** FLOP *** [7c 2c 3c]
Mahu2021: checks 
orlo123: bets 20
Mahu2021: calls 20
*** TURN *** [7c 2c 3c] [5s]
Mahu2021: checks 
orlo123: bets 20
Mahu2021: calls 20
*** RIVER *** [7c 2c 3c 5s] [Qd]
Mahu2021: checks 
orlo123: bets 20
Mahu2021: folds 
Uncalled bet (20) returned to orlo123
orlo123 collected 130 from pot
*** SUMMARY ***
Total pot 130 | Rake 0 
Board [7c 2c 3c 5s Qd]
Seat 1: Mahu2021 (big blind) folded on the River
Seat 2: orlo123 (button) collected (130)
Seat 3: gnoras (small blind) folded before Flop



PokerStars Hand #244509572797: Tournament #3609951932, $0.92+$0.08 USD Hold'em No Limit - Level I (10/20) - 2023/06/28 15:20:40 CET [2023/06/28 9:20:40 ET]
Table '3609951932 1' 3-max Seat #3 is the button
Seat 1: Mahu2021 (490 in chips) 
Seat 2: orlo123 (560 in chips) 
Seat 3: gnoras (450 in chips) 
Mahu2021: posts small blind 10
orlo123: posts big blind 20
*** HOLE CARDS ***
Dealt to Mahu2021 [9s 3c]
gnoras: calls 20
Mahu2021: folds 
orlo123: checks 
*** FLOP *** [Kc 3h 3d]
orlo123: checks 
gnoras: checks 
*** TURN *** [Kc 3h 3d] [4d]
orlo123: checks 
gnoras: checks 
*** RIVER *** [Kc 3h 3d 4d] [4s]
orlo123: checks 
gnoras: checks 
*** SHOW DOWN ***
orlo123: shows [9d 7c] (two pair, Fours and Threes)
gnoras: shows [9h Js] (two pair, Fours and Threes)
orlo123 collected 25 from pot
gnoras collected 25 from pot
*** SUMMARY ***
Total pot 50 | Rake 0 
Board [Kc 3h 3d 4d 4s]
Seat 1: Mahu2021 (small blind) folded before Flop
Seat 2: orlo123 (big blind) showed [9d 7c] and won (25) with two pair, Fours and Threes
Seat 3: gnoras (button) showed [9h Js] and won (25) with two pair, Fours and Threes



PokerStars Hand #244509577002: Tournament #3609951932, $0.92+$0.08 USD Hold'em No Limit - Level I (10/20) - 2023/06/28 15:21:03 CET [2023/06/28 9:21:03 ET]
Table '3609951932 1' 3-max Seat #1 is the button
Seat 1: Mahu2021 (480 in chips) 
Seat 2: orlo123 (565 in chips) 
Seat 3: gnoras (455 in chips) 
orlo123: posts small blind 10
gnoras: posts big blind 20
*** HOLE CARDS ***
Dealt to Mahu2021 [6h 2c]
Mahu2021: folds 
orlo123: folds 
Uncalled bet (10) returned to gnoras
gnoras collected 20 from pot
*** SUMMARY ***
Total pot 20 | Rake 0 
Seat 1: Mahu2021 (button) folded before Flop (didn't bet)
Seat 2: orlo123 (small blind) folded before Flop
Seat 3: gnoras (big blind) collected (20)



PokerStars Hand #244509578172: Tournament #3609951932, $0.92+$0.08 USD Hold'em No Limit - Level I (10/20) - 2023/06/28 15:21:10 CET [2023/06/28 9:21:10 ET]
Table '3609951932 1' 3-max Seat #2 is the button
Seat 1: Mahu2021 (480 in chips) 
Seat 2: orlo123 (555 in chips) 
Seat 3: gnoras (465 in chips) 
gnoras: posts small blind 10
Mahu2021: posts big blind 20
*** HOLE CARDS ***
Dealt to Mahu2021 [Ac 8d]
orlo123: calls 20
gnoras: calls 10
Mahu2021: checks 
*** FLOP *** [3s Ah 5c]
gnoras: checks 
Mahu2021: bets 20
orlo123: folds 
gnoras: calls 20
*** TURN *** [3s Ah 5c] [7s]
gnoras: checks 
Mahu2021: bets 20
gnoras: raises 60 to 80
Mahu2021: folds 
Uncalled bet (60) returned to gnoras
gnoras collected 140 from pot
*** SUMMARY ***
Total pot 140 | Rake 0 
Board [3s Ah 5c 7s]
Seat 1: Mahu2021 (big blind) folded on the Turn
Seat 2: orlo123 (button) folded on the Flop
Seat 3: gnoras (small blind) collected (140)



PokerStars Hand #244509584450: Tournament #3609951932, $0.92+$0.08 USD Hold'em No Limit - Level I (10/20) - 2023/06/28 15:21:44 CET [2023/06/28 9:21:44 ET]
Table '3609951932 1' 3-max Seat #3 is the button
Seat 1: Mahu2021 (420 in chips) 
Seat 2: orlo123 (535 in chips) 
Seat 3: gnoras (545 in chips) 
Mahu2021: posts small blind 10
orlo123: posts big blind 20
*** HOLE CARDS ***
Dealt to Mahu2021 [7c 3d]
gnoras: calls 20
Mahu2021: folds 
orlo123: checks 
*** FLOP *** [Kh 9c 8h]
orlo123: bets 20
gnoras: calls 20
*** TURN *** [Kh 9c 8h] [7d]
orlo123: bets 20
gnoras: calls 20
*** RIVER *** [Kh 9c 8h 7d] [4h]
orlo123: checks 
gnoras: bets 60
orlo123: calls 60
*** SHOW DOWN ***
gnoras: shows [7s Qs] (a pair of Sevens)
orlo123: shows [8d Jd] (a pair of Eights)
orlo123 collected 250 from pot
*** SUMMARY ***
Total pot 250 | Rake 0 
Board [Kh 9c 8h 7d 4h]
Seat 1: Mahu2021 (small blind) folded before Flop
Seat 2: orlo123 (big blind) showed [8d Jd] and won (250) with a pair of Eights
Seat 3: gnoras (button) showed [7s Qs] and lost with a pair of Sevens



PokerStars Hand #244509593154: Tournament #3609951932, $0.92+$0.08 USD Hold'em No Limit - Level I (10/20) - 2023/06/28 15:22:32 CET [2023/06/28 9:22:32 ET]
Table '3609951932 1' 3-max Seat #1 is the button
Seat 1: Mahu2021 (410 in chips) 
Seat 2: orlo123 (665 in chips) 
Seat 3: gnoras (425 in chips) 
orlo123: posts small blind 10
gnoras: posts big blind 20
*** HOLE CARDS ***
Dealt to Mahu2021 [3h Jh]
Mahu2021: calls 20
orlo123: calls 10
gnoras: raises 405 to 425 and is all-in
Mahu2021: folds 
orlo123: folds 
Uncalled bet (405) returned to gnoras
gnoras collected 60 from pot
*** SUMMARY ***
Total pot 60 | Rake 0 
Seat 1: Mahu2021 (button) folded before Flop
Seat 2: orlo123 (small blind) folded before Flop
Seat 3: gnoras (big blind) collected (60)



PokerStars Hand #244509595260: Tournament #3609951932, $0.92+$0.08 USD Hold'em No Limit - Level I (10/20) - 2023/06/28 15:22:43 CET [2023/06/28 9:22:43 ET]
Table '3609951932 1' 3-max Seat #2 is the button
Seat 1: Mahu2021 (390 in chips) 
Seat 2: orlo123 (645 in chips) 
Seat 3: gnoras (465 in chips) 
gnoras: posts small blind 10
Mahu2021: posts big blind 20
*** HOLE CARDS ***
Dealt to Mahu2021 [8c 8s]
orlo123: calls 20
gnoras: calls 10
Mahu2021: raises 370 to 390 and is all-in
orlo123: folds 
gnoras: folds 
Uncalled bet (370) returned to Mahu2021
Mahu2021 collected 60 from pot
Mahu2021: doesn't show hand 
*** SUMMARY ***
Total pot 60 | Rake 0 
Seat 1: Mahu2021 (big blind) collected (60)
Seat 2: orlo123 (button) folded before Flop
Seat 3: gnoras (small blind) folded before Flop



PokerStars Hand #244509599294: Tournament #3609951932, $0.92+$0.08 USD Hold'em No Limit - Level II (15/30) - 2023/06/28 15:23:05 CET [2023/06/28 9:23:05 ET]
Table '3609951932 1' 3-max Seat #3 is the button
Seat 1: Mahu2021 (430 in chips) 
Seat 2: orlo123 (625 in chips) 
Seat 3: gnoras (445 in chips) 
Mahu2021: posts small blind 15
orlo123: posts big blind 30
*** HOLE CARDS ***
Dealt to Mahu2021 [6s Qc]
gnoras: folds 
Mahu2021: folds 
Uncalled bet (15) returned to orlo123
orlo123 collected 30 from pot
*** SUMMARY ***
Total pot 30 | Rake 0 
Seat 1: Mahu2021 (small blind) folded before Flop
Seat 2: orlo123 (big blind) collected (30)
Seat 3: gnoras (button) folded before Flop (didn't bet)



PokerStars Hand #244509600449: Tournament #3609951932, $0.92+$0.08 USD Hold'em No Limit - Level II (15/30) - 2023/06/28 15:23:11 CET [2023/06/28 9:23:11 ET]
Table '3609951932 1' 3-max Seat #1 is the button
Seat 1: Mahu2021 (415 in chips) 
Seat 2: orlo123 (640 in chips) 
Seat 3: gnoras (445 in chips) 
orlo123: posts small blind 15
gnoras: posts big blind 30
*** HOLE CARDS ***
Dealt to Mahu2021 [4c 5h]
Mahu2021: folds 
orlo123: calls 15
gnoras: checks 
*** FLOP *** [As Jc 6s]
orlo123: checks 
gnoras: checks 
*** TURN *** [As Jc 6s] [Kd]
orlo123: checks 
gnoras: bets 30
orlo123: folds 
Uncalled bet (30) returned to gnoras
gnoras collected 60 from pot
*** SUMMARY ***
Total pot 60 | Rake 0 
Board [As Jc 6s Kd]
Seat 1: Mahu2021 (button) folded before Flop (didn't bet)
Seat 2: orlo123 (small blind) folded on the Turn
Seat 3: gnoras (big blind) collected (60)



PokerStars Hand #244509604673: Tournament #3609951932, $0.92+$0.08 USD Hold'em No Limit - Level II (15/30) - 2023/06/28 15:23:33 CET [2023/06/28 9:23:33 ET]
Table '3609951932 1' 3-max Seat #2 is the button
Seat 1: Mahu2021 (415 in chips) 
Seat 2: orlo123 (610 in chips) 
Seat 3: gnoras (475 in chips) 
gnoras: posts small blind 15
Mahu2021: posts big blind 30
*** HOLE CARDS ***
Dealt to Mahu2021 [Ts 3s]
orlo123: folds 
gnoras: folds 
Uncalled bet (15) returned to Mahu2021
Mahu2021 collected 30 from pot
Mahu2021: doesn't show hand 
*** SUMMARY ***
Total pot 30 | Rake 0 
Seat 1: Mahu2021 (big blind) collected (30)
Seat 2: orlo123 (button) folded before Flop (didn't bet)
Seat 3: gnoras (small blind) folded before Flop



PokerStars Hand #244509606866: Tournament #3609951932, $0.92+$0.08 USD Hold'em No Limit - Level II (15/30) - 2023/06/28 15:23:45 CET [2023/06/28 9:23:45 ET]
Table '3609951932 1' 3-max Seat #3 is the button
Seat 1: Mahu2021 (430 in chips) 
Seat 2: orlo123 (610 in chips) 
Seat 3: gnoras (460 in chips) 
Mahu2021: posts small blind 15
orlo123: posts big blind 30
*** HOLE CARDS ***
Dealt to Mahu2021 [Ts Qh]
gnoras: folds 
Mahu2021: raises 30 to 60
orlo123: raises 550 to 610 and is all-in
Mahu2021: folds 
Uncalled bet (550) returned to orlo123
orlo123 collected 120 from pot
*** SUMMARY ***
Total pot 120 | Rake 0 
Seat 1: Mahu2021 (small blind) folded before Flop
Seat 2: orlo123 (big blind) collected (120)
Seat 3: gnoras (button) folded before Flop (didn't bet)



PokerStars Hand #244509610066: Tournament #3609951932, $0.92+$0.08 USD Hold'em No Limit - Level II (15/30) - 2023/06/28 15:24:02 CET [2023/06/28 9:24:02 ET]
Table '3609951932 1' 3-max Seat #1 is the button
Seat 1: Mahu2021 (370 in chips) 
Seat 2: orlo123 (670 in chips) 
Seat 3: gnoras (460 in chips) 
orlo123: posts small blind 15
gnoras: posts big blind 30
*** HOLE CARDS ***
Dealt to Mahu2021 [2h Tc]
Mahu2021: folds 
orlo123: calls 15
gnoras: raises 430 to 460 and is all-in
orlo123: folds 
Uncalled bet (430) returned to gnoras
gnoras collected 60 from pot
*** SUMMARY ***
Total pot 60 | Rake 0 
Seat 1: Mahu2021 (button) folded before Flop (didn't bet)
Seat 2: orlo123 (small blind) folded before Flop
Seat 3: gnoras (big blind) collected (60)



PokerStars Hand #244509613373: Tournament #3609951932, $0.92+$0.08 USD Hold'em No Limit - Level II (15/30) - 2023/06/28 15:24:21 CET [2023/06/28 9:24:21 ET]
Table '3609951932 1' 3-max Seat #2 is the button
Seat 1: Mahu2021 (370 in chips) 
Seat 2: orlo123 (640 in chips) 
Seat 3: gnoras (490 in chips) 
gnoras: posts small blind 15
Mahu2021: posts big blind 30
*** HOLE CARDS ***
Dealt to Mahu2021 [Td 9c]
orlo123: raises 30 to 60
gnoras: folds 
Mahu2021: calls 30
*** FLOP *** [5c 3h Qh]
Mahu2021: checks 
orlo123: bets 30
Mahu2021: folds 
Uncalled bet (30) returned to orlo123
orlo123 collected 135 from pot
*** SUMMARY ***
Total pot 135 | Rake 0 
Board [5c 3h Qh]
Seat 1: Mahu2021 (big blind) folded on the Flop
Seat 2: orlo123 (button) collected (135)
Seat 3: gnoras (small blind) folded before Flop



PokerStars Hand #244509617449: Tournament #3609951932, $0.92+$0.08 USD Hold'em No Limit - Level II (15/30) - 2023/06/28 15:24:43 CET [2023/06/28 9:24:43 ET]
Table '3609951932 1' 3-max Seat #3 is the button
Seat 1: Mahu2021 (310 in chips) 
Seat 2: orlo123 (715 in chips) 
Seat 3: gnoras (475 in chips) 
Mahu2021: posts small blind 15
orlo123: posts big blind 30
*** HOLE CARDS ***
Dealt to Mahu2021 [Qc 4s]
gnoras: raises 30 to 60
Mahu2021: folds 
orlo123: folds 
Uncalled bet (30) returned to gnoras
gnoras collected 75 from pot
*** SUMMARY ***
Total pot 75 | Rake 0 
Seat 1: Mahu2021 (small blind) folded before Flop
Seat 2: orlo123 (big blind) folded before Flop
Seat 3: gnoras (button) collected (75)



PokerStars Hand #244509620598: Tournament #3609951932, $0.92+$0.08 USD Hold'em No Limit - Level II (15/30) - 2023/06/28 15:25:00 CET [2023/06/28 9:25:00 ET]
Table '3609951932 1' 3-max Seat #1 is the button
Seat 1: Mahu2021 (295 in chips) 
Seat 2: orlo123 (685 in chips) 
Seat 3: gnoras (520 in chips) 
orlo123: posts small blind 15
gnoras: posts big blind 30
*** HOLE CARDS ***
Dealt to Mahu2021 [9s 5h]
Mahu2021: folds 
orlo123: folds 
Uncalled bet (15) returned to gnoras
gnoras collected 30 from pot
*** SUMMARY ***
Total pot 30 | Rake 0 
Seat 1: Mahu2021 (button) folded before Flop (didn't bet)
Seat 2: orlo123 (small blind) folded before Flop
Seat 3: gnoras (big blind) collected (30)



PokerStars Hand #244509621854: Tournament #3609951932, $0.92+$0.08 USD Hold'em No Limit - Level II (15/30) - 2023/06/28 15:25:06 CET [2023/06/28 9:25:06 ET]
Table '3609951932 1' 3-max Seat #2 is the button
Seat 1: Mahu2021 (295 in chips) 
Seat 2: orlo123 (670 in chips) 
Seat 3: gnoras (535 in chips) 
gnoras: posts small blind 15
Mahu2021: posts big blind 30
*** HOLE CARDS ***
Dealt to Mahu2021 [5s Tc]
orlo123: folds 
gnoras: raises 30 to 60
Mahu2021: folds 
Uncalled bet (30) returned to gnoras
gnoras collected 60 from pot
*** SUMMARY ***
Total pot 60 | Rake 0 
Seat 1: Mahu2021 (big blind) folded before Flop
Seat 2: orlo123 (button) folded before Flop (didn't bet)
Seat 3: gnoras (small blind) collected (60)



PokerStars Hand #244509623544: Tournament #3609951932, $0.92+$0.08 USD Hold'em No Limit - Level II (15/30) - 2023/06/28 15:25:16 CET [2023/06/28 9:25:16 ET]
Table '3609951932 1' 3-max Seat #3 is the button
Seat 1: Mahu2021 (265 in chips) 
Seat 2: orlo123 (670 in chips) 
Seat 3: gnoras (565 in chips) 
Mahu2021: posts small blind 15
orlo123: posts big blind 30
*** HOLE CARDS ***
Dealt to Mahu2021 [4d 9c]
gnoras: folds 
Mahu2021: folds 
Uncalled bet (15) returned to orlo123
orlo123 collected 30 from pot
*** SUMMARY ***
Total pot 30 | Rake 0 
Seat 1: Mahu2021 (small blind) folded before Flop
Seat 2: orlo123 (big blind) collected (30)
Seat 3: gnoras (button) folded before Flop (didn't bet)



PokerStars Hand #244509624557: Tournament #3609951932, $0.92+$0.08 USD Hold'em No Limit - Level II (15/30) - 2023/06/28 15:25:21 CET [2023/06/28 9:25:21 ET]
Table '3609951932 1' 3-max Seat #1 is the button
Seat 1: Mahu2021 (250 in chips) 
Seat 2: orlo123 (685 in chips) 
Seat 3: gnoras (565 in chips) 
orlo123: posts small blind 15
gnoras: posts big blind 30
*** HOLE CARDS ***
Dealt to Mahu2021 [Ts Ks]
Mahu2021: raises 30 to 60
orlo123: folds 
gnoras: calls 30
*** FLOP *** [Qs 9s 8s]
gnoras: checks 
Mahu2021: checks 
*** TURN *** [Qs 9s 8s] [4h]
gnoras: bets 30
Mahu2021: calls 30
*** RIVER *** [Qs 9s 8s 4h] [8h]
gnoras: bets 90
Mahu2021: raises 70 to 160 and is all-in
gnoras: folds 
Uncalled bet (70) returned to Mahu2021
Mahu2021 collected 375 from pot
Mahu2021: doesn't show hand 
*** SUMMARY ***
Total pot 375 | Rake 0 
Board [Qs 9s 8s 4h 8h]
Seat 1: Mahu2021 (button) collected (375)
Seat 2: orlo123 (small blind) folded before Flop
Seat 3: gnoras (big blind) folded on the River



PokerStars Hand #244509630860: Tournament #3609951932, $0.92+$0.08 USD Hold'em No Limit - Level III (20/40) - 2023/06/28 15:25:56 CET [2023/06/28 9:25:56 ET]
Table '3609951932 1' 3-max Seat #2 is the button
Seat 1: Mahu2021 (445 in chips) 
Seat 2: orlo123 (670 in chips) 
Seat 3: gnoras (385 in chips) 
gnoras: posts small blind 20
Mahu2021: posts big blind 40
*** HOLE CARDS ***
Dealt to Mahu2021 [As 3s]
orlo123: calls 40
gnoras: folds 
Mahu2021: checks 
*** FLOP *** [2h Kc Jd]
Mahu2021: checks 
orlo123: bets 40
Mahu2021: folds 
Uncalled bet (40) returned to orlo123
orlo123 collected 100 from pot
*** SUMMARY ***
Total pot 100 | Rake 0 
Board [2h Kc Jd]
Seat 1: Mahu2021 (big blind) folded on the Flop
Seat 2: orlo123 (button) collected (100)
Seat 3: gnoras (small blind) folded before Flop



PokerStars Hand #244509632954: Tournament #3609951932, $0.92+$0.08 USD Hold'em No Limit - Level III (20/40) - 2023/06/28 15:26:07 CET [2023/06/28 9:26:07 ET]
Table '3609951932 1' 3-max Seat #3 is the button
Seat 1: Mahu2021 (405 in chips) 
Seat 2: orlo123 (730 in chips) 
Seat 3: gnoras (365 in chips) 
Mahu2021: posts small blind 20
orlo123: posts big blind 40
*** HOLE CARDS ***
Dealt to Mahu2021 [Qc Tc]
gnoras: folds 
Mahu2021: raises 40 to 80
orlo123: folds 
Uncalled bet (40) returned to Mahu2021
Mahu2021 collected 80 from pot
Mahu2021: doesn't show hand 
*** SUMMARY ***
Total pot 80 | Rake 0 
Seat 1: Mahu2021 (small blind) collected (80)
Seat 2: orlo123 (big blind) folded before Flop
Seat 3: gnoras (button) folded before Flop (didn't bet)



PokerStars Hand #244509634662: Tournament #3609951932, $0.92+$0.08 USD Hold'em No Limit - Level III (20/40) - 2023/06/28 15:26:16 CET [2023/06/28 9:26:16 ET]
Table '3609951932 1' 3-max Seat #1 is the button
Seat 1: Mahu2021 (445 in chips) 
Seat 2: orlo123 (690 in chips) 
Seat 3: gnoras (365 in chips) 
orlo123: posts small blind 20
gnoras: posts big blind 40
*** HOLE CARDS ***
Dealt to Mahu2021 [Jh 3d]
Mahu2021: folds 
orlo123: folds 
Uncalled bet (20) returned to gnoras
gnoras collected 40 from pot
*** SUMMARY ***
Total pot 40 | Rake 0 
Seat 1: Mahu2021 (button) folded before Flop (didn't bet)
Seat 2: orlo123 (small blind) folded before Flop
Seat 3: gnoras (big blind) collected (40)



PokerStars Hand #244509635664: Tournament #3609951932, $0.92+$0.08 USD Hold'em No Limit - Level III (20/40) - 2023/06/28 15:26:22 CET [2023/06/28 9:26:22 ET]
Table '3609951932 1' 3-max Seat #2 is the button
Seat 1: Mahu2021 (445 in chips) 
Seat 2: orlo123 (670 in chips) 
Seat 3: gnoras (385 in chips) 
gnoras: posts small blind 20
Mahu2021: posts big blind 40
*** HOLE CARDS ***
Dealt to Mahu2021 [4s Ks]
orlo123: folds 
gnoras: raises 345 to 385 and is all-in
Mahu2021: folds 
Uncalled bet (345) returned to gnoras
gnoras collected 80 from pot
*** SUMMARY ***
Total pot 80 | Rake 0 
Seat 1: Mahu2021 (big blind) folded before Flop
Seat 2: orlo123 (button) folded before Flop (didn't bet)
Seat 3: gnoras (small blind) collected (80)



PokerStars Hand #244509637696: Tournament #3609951932, $0.92+$0.08 USD Hold'em No Limit - Level III (20/40) - 2023/06/28 15:26:33 CET [2023/06/28 9:26:33 ET]
Table '3609951932 1' 3-max Seat #3 is the button
Seat 1: Mahu2021 (405 in chips) 
Seat 2: orlo123 (670 in chips) 
Seat 3: gnoras (425 in chips) 
Mahu2021: posts small blind 20
orlo123: posts big blind 40
*** HOLE CARDS ***
Dealt to Mahu2021 [Ac 5s]
gnoras: folds 
Mahu2021: raises 40 to 80
orlo123: calls 40
*** FLOP *** [7h Ah Ts]
Mahu2021: bets 325 and is all-in
orlo123: calls 325
*** TURN *** [7h Ah Ts] [Qs]
*** RIVER *** [7h Ah Ts Qs] [9c]
*** SHOW DOWN ***
Mahu2021: shows [Ac 5s] (a pair of Aces)
orlo123: shows [Js Th] (a pair of Tens)
Mahu2021 collected 810 from pot
*** SUMMARY ***
Total pot 810 | Rake 0 
Board [7h Ah Ts Qs 9c]
Seat 1: Mahu2021 (small blind) showed [Ac 5s] and won (810) with a pair of Aces
Seat 2: orlo123 (big blind) showed [Js Th] and lost with a pair of Tens
Seat 3: gnoras (button) folded before Flop (didn't bet)



PokerStars Hand #244509641077: Tournament #3609951932, $0.92+$0.08 USD Hold'em No Limit - Level III (20/40) - 2023/06/28 15:26:51 CET [2023/06/28 9:26:51 ET]
Table '3609951932 1' 3-max Seat #1 is the button
Seat 1: Mahu2021 (810 in chips) 
Seat 2: orlo123 (265 in chips) 
Seat 3: gnoras (425 in chips) 
orlo123: posts small blind 20
gnoras: posts big blind 40
*** HOLE CARDS ***
Dealt to Mahu2021 [6s Jd]
Mahu2021: folds 
orlo123: raises 225 to 265 and is all-in
gnoras: calls 225
*** FLOP *** [4d 7d 6h]
*** TURN *** [4d 7d 6h] [Jc]
*** RIVER *** [4d 7d 6h Jc] [Tc]
*** SHOW DOWN ***
orlo123: shows [Th 8c] (a pair of Tens)
gnoras: shows [Qc Ad] (high card Ace)
orlo123 collected 530 from pot
*** SUMMARY ***
Total pot 530 | Rake 0 
Board [4d 7d 6h Jc Tc]
Seat 1: Mahu2021 (button) folded before Flop (didn't bet)
Seat 2: orlo123 (small blind) showed [Th 8c] and won (530) with a pair of Tens
Seat 3: gnoras (big blind) showed [Qc Ad] and lost with high card Ace



PokerStars Hand #244509643926: Tournament #3609951932, $0.92+$0.08 USD Hold'em No Limit - Level III (20/40) - 2023/06/28 15:27:06 CET [2023/06/28 9:27:06 ET]
Table '3609951932 1' 3-max Seat #2 is the button
Seat 1: Mahu2021 (810 in chips) 
Seat 2: orlo123 (530 in chips) 
Seat 3: gnoras (160 in chips) 
gnoras: posts small blind 20
Mahu2021: posts big blind 40
*** HOLE CARDS ***
Dealt to Mahu2021 [Qc 4s]
orlo123: calls 40
gnoras: folds 
Mahu2021: checks 
*** FLOP *** [7h 5c Jh]
Mahu2021: checks 
orlo123: bets 40
Mahu2021: folds 
Uncalled bet (40) returned to orlo123
orlo123 collected 100 from pot
*** SUMMARY ***
Total pot 100 | Rake 0 
Board [7h 5c Jh]
Seat 1: Mahu2021 (big blind) folded on the Flop
Seat 2: orlo123 (button) collected (100)
Seat 3: gnoras (small blind) folded before Flop



PokerStars Hand #244509646525: Tournament #3609951932, $0.92+$0.08 USD Hold'em No Limit - Level III (20/40) - 2023/06/28 15:27:20 CET [2023/06/28 9:27:20 ET]
Table '3609951932 1' 3-max Seat #3 is the button
Seat 1: Mahu2021 (770 in chips) 
Seat 2: orlo123 (590 in chips) 
Seat 3: gnoras (140 in chips) 
Mahu2021: posts small blind 20
orlo123: posts big blind 40
*** HOLE CARDS ***
Dealt to Mahu2021 [2d Jh]
gnoras: raises 100 to 140 and is all-in
Mahu2021: folds 
orlo123: calls 100
*** FLOP *** [3d Th Jd]
*** TURN *** [3d Th Jd] [6s]
*** RIVER *** [3d Th Jd 6s] [8c]
*** SHOW DOWN ***
orlo123: shows [3s Ah] (a pair of Threes)
gnoras: shows [Ad 9d] (high card Ace)
orlo123 collected 300 from pot
gnoras finished the tournament in 3rd place
*** SUMMARY ***
Total pot 300 | Rake 0 
Board [3d Th Jd 6s 8c]
Seat 1: Mahu2021 (small blind) folded before Flop
Seat 2: orlo123 (big blind) showed [3s Ah] and won (300) with a pair of Threes
Seat 3: gnoras (button) showed [Ad 9d] and lost with high card Ace



PokerStars Hand #244509649963: Tournament #3609951932, $0.92+$0.08 USD Hold'em No Limit - Level III (20/40) - 2023/06/28 15:27:39 CET [2023/06/28 9:27:39 ET]
Table '3609951932 1' 3-max Seat #2 is the button
Seat 1: Mahu2021 (750 in chips) 
Seat 2: orlo123 (750 in chips) 
orlo123: posts small blind 20
Mahu2021: posts big blind 40
*** HOLE CARDS ***
Dealt to Mahu2021 [8h Kd]
orlo123: calls 20
Mahu2021: checks 
*** FLOP *** [2s 9d Tc]
Mahu2021: checks 
orlo123: bets 40
Mahu2021: calls 40
*** TURN *** [2s 9d Tc] [5s]
Mahu2021: checks 
orlo123: bets 40
Mahu2021: calls 40
*** RIVER *** [2s 9d Tc 5s] [Qd]
Mahu2021: checks 
orlo123: bets 80
Mahu2021: folds 
Uncalled bet (80) returned to orlo123
orlo123 collected 240 from pot
*** SUMMARY ***
Total pot 240 | Rake 0 
Board [2s 9d Tc 5s Qd]
Seat 1: Mahu2021 (big blind) folded on the River
Seat 2: orlo123 (button) (small blind) collected (240)



PokerStars Hand #244509653467: Tournament #3609951932, $0.92+$0.08 USD Hold'em No Limit - Level III (20/40) - 2023/06/28 15:27:58 CET [2023/06/28 9:27:58 ET]
Table '3609951932 1' 3-max Seat #1 is the button
Seat 1: Mahu2021 (630 in chips) 
Seat 2: orlo123 (870 in chips) 
Mahu2021: posts small blind 20
orlo123: posts big blind 40
*** HOLE CARDS ***
Dealt to Mahu2021 [Qd 4h]
Mahu2021: calls 20
orlo123: checks 
*** FLOP *** [2s 6d 3h]
orlo123: bets 40
Mahu2021: calls 40
*** TURN *** [2s 6d 3h] [8s]
orlo123: checks 
Mahu2021: checks 
*** RIVER *** [2s 6d 3h 8s] [7c]
orlo123: checks 
Mahu2021: bets 120
orlo123: folds 
Uncalled bet (120) returned to Mahu2021
Mahu2021 collected 160 from pot
Mahu2021: doesn't show hand 
*** SUMMARY ***
Total pot 160 | Rake 0 
Board [2s 6d 3h 8s 7c]
Seat 1: Mahu2021 (button) (small blind) collected (160)
Seat 2: orlo123 (big blind) folded on the River



PokerStars Hand #244509657230: Tournament #3609951932, $0.92+$0.08 USD Hold'em No Limit - Level III (20/40) - 2023/06/28 15:28:18 CET [2023/06/28 9:28:18 ET]
Table '3609951932 1' 3-max Seat #2 is the button
Seat 1: Mahu2021 (710 in chips) 
Seat 2: orlo123 (790 in chips) 
orlo123: posts small blind 20
Mahu2021: posts big blind 40
*** HOLE CARDS ***
Dealt to Mahu2021 [9h Ah]
orlo123: calls 20
Mahu2021: checks 
*** FLOP *** [4s Ac Kc]
Mahu2021: checks 
orlo123: bets 40
Mahu2021: calls 40
*** TURN *** [4s Ac Kc] [3c]
Mahu2021: checks 
orlo123: checks 
*** RIVER *** [4s Ac Kc 3c] [4c]
Mahu2021: checks 
orlo123: checks 
*** SHOW DOWN ***
Mahu2021: shows [9h Ah] (two pair, Aces and Fours)
orlo123: mucks hand 
Mahu2021 collected 160 from pot
*** SUMMARY ***
Total pot 160 | Rake 0 
Board [4s Ac Kc 3c 4c]
Seat 1: Mahu2021 (big blind) showed [9h Ah] and won (160) with two pair, Aces and Fours
Seat 2: orlo123 (button) (small blind) mucked [6s 5d]



PokerStars Hand #244509660804: Tournament #3609951932, $0.92+$0.08 USD Hold'em No Limit - Level III (20/40) - 2023/06/28 15:28:37 CET [2023/06/28 9:28:37 ET]
Table '3609951932 1' 3-max Seat #1 is the button
Seat 1: Mahu2021 (790 in chips) 
Seat 2: orlo123 (710 in chips) 
Mahu2021: posts small blind 20
orlo123: posts big blind 40
*** HOLE CARDS ***
Dealt to Mahu2021 [Qs Kc]
Mahu2021: raises 40 to 80
orlo123: folds 
Uncalled bet (40) returned to Mahu2021
Mahu2021 collected 80 from pot
Mahu2021: doesn't show hand 
*** SUMMARY ***
Total pot 80 | Rake 0 
Seat 1: Mahu2021 (button) (small blind) collected (80)
Seat 2: orlo123 (big blind) folded before Flop



PokerStars Hand #244509662330: Tournament #3609951932, $0.92+$0.08 USD Hold'em No Limit - Level III (20/40) - 2023/06/28 15:28:46 CET [2023/06/28 9:28:46 ET]
Table '3609951932 1' 3-max Seat #2 is the button
Seat 1: Mahu2021 (830 in chips) 
Seat 2: orlo123 (670 in chips) 
orlo123: posts small blind 20
Mahu2021: posts big blind 40
*** HOLE CARDS ***
Dealt to Mahu2021 [Ks 8h]
orlo123: raises 630 to 670 and is all-in
Mahu2021: folds 
Uncalled bet (630) returned to orlo123
orlo123 collected 80 from pot
*** SUMMARY ***
Total pot 80 | Rake 0 
Seat 1: Mahu2021 (big blind) folded before Flop
Seat 2: orlo123 (button) (small blind) collected (80)



PokerStars Hand #244509664098: Tournament #3609951932, $0.92+$0.08 USD Hold'em No Limit - Level IV (30/60) - 2023/06/28 15:28:55 CET [2023/06/28 9:28:55 ET]
Table '3609951932 1' 3-max Seat #1 is the button
Seat 1: Mahu2021 (790 in chips) 
Seat 2: orlo123 (710 in chips) 
Mahu2021: posts small blind 30
orlo123: posts big blind 60
*** HOLE CARDS ***
Dealt to Mahu2021 [Js 5h]
Mahu2021: calls 30
orlo123: raises 650 to 710 and is all-in
Mahu2021: folds 
Uncalled bet (650) returned to orlo123
orlo123 collected 120 from pot
*** SUMMARY ***
Total pot 120 | Rake 0 
Seat 1: Mahu2021 (button) (small blind) folded before Flop
Seat 2: orlo123 (big blind) collected (120)



PokerStars Hand #244509665814: Tournament #3609951932, $0.92+$0.08 USD Hold'em No Limit - Level IV (30/60) - 2023/06/28 15:29:04 CET [2023/06/28 9:29:04 ET]
Table '3609951932 1' 3-max Seat #2 is the button
Seat 1: Mahu2021 (730 in chips) 
Seat 2: orlo123 (770 in chips) 
orlo123: posts small blind 30
Mahu2021: posts big blind 60
*** HOLE CARDS ***
Dealt to Mahu2021 [2h Kc]
orlo123: raises 710 to 770 and is all-in
Mahu2021: folds 
Uncalled bet (710) returned to orlo123
orlo123 collected 120 from pot
*** SUMMARY ***
Total pot 120 | Rake 0 
Seat 1: Mahu2021 (big blind) folded before Flop
Seat 2: orlo123 (button) (small blind) collected (120)



PokerStars Hand #244509667247: Tournament #3609951932, $0.92+$0.08 USD Hold'em No Limit - Level IV (30/60) - 2023/06/28 15:29:12 CET [2023/06/28 9:29:12 ET]
Table '3609951932 1' 3-max Seat #1 is the button
Seat 1: Mahu2021 (670 in chips) 
Seat 2: orlo123 (830 in chips) 
Mahu2021: posts small blind 30
orlo123: posts big blind 60
*** HOLE CARDS ***
Dealt to Mahu2021 [Ah Jh]
Mahu2021: calls 30
orlo123: checks 
*** FLOP *** [Kd 2c Qc]
orlo123: checks 
Mahu2021: bets 60
orlo123: calls 60
*** TURN *** [Kd 2c Qc] [5d]
orlo123: checks 
Mahu2021: checks 
*** RIVER *** [Kd 2c Qc 5d] [8d]
orlo123: bets 60
Mahu2021: folds 
Uncalled bet (60) returned to orlo123
orlo123 collected 240 from pot
*** SUMMARY ***
Total pot 240 | Rake 0 
Board [Kd 2c Qc 5d 8d]
Seat 1: Mahu2021 (button) (small blind) folded on the River
Seat 2: orlo123 (big blind) collected (240)



PokerStars Hand #244509670710: Tournament #3609951932, $0.92+$0.08 USD Hold'em No Limit - Level IV (30/60) - 2023/06/28 15:29:30 CET [2023/06/28 9:29:30 ET]
Table '3609951932 1' 3-max Seat #2 is the button
Seat 1: Mahu2021 (550 in chips) 
Seat 2: orlo123 (950 in chips) 
orlo123: posts small blind 30
Mahu2021: posts big blind 60
*** HOLE CARDS ***
Dealt to Mahu2021 [8h 2s]
orlo123: calls 30
Mahu2021: checks 
*** FLOP *** [5s 2h 4h]
Mahu2021: checks 
orlo123: bets 60
Mahu2021: calls 60
*** TURN *** [5s 2h 4h] [6h]
Mahu2021: checks 
orlo123: checks 
*** RIVER *** [5s 2h 4h 6h] [Tc]
Mahu2021: bets 240
orlo123: folds 
Uncalled bet (240) returned to Mahu2021
Mahu2021 collected 240 from pot
Mahu2021: doesn't show hand 
*** SUMMARY ***
Total pot 240 | Rake 0 
Board [5s 2h 4h 6h Tc]
Seat 1: Mahu2021 (big blind) collected (240)
Seat 2: orlo123 (button) (small blind) folded on the River



PokerStars Hand #244509674245: Tournament #3609951932, $0.92+$0.08 USD Hold'em No Limit - Level IV (30/60) - 2023/06/28 15:29:49 CET [2023/06/28 9:29:49 ET]
Table '3609951932 1' 3-max Seat #1 is the button
Seat 1: Mahu2021 (670 in chips) 
Seat 2: orlo123 (830 in chips) 
Mahu2021: posts small blind 30
orlo123: posts big blind 60
*** HOLE CARDS ***
Dealt to Mahu2021 [6d 3d]
Mahu2021: calls 30
orlo123: checks 
*** FLOP *** [Qh 9h Jc]
orlo123: bets 60
Mahu2021: raises 120 to 180
orlo123: folds 
Uncalled bet (120) returned to Mahu2021
Mahu2021 collected 240 from pot
Mahu2021: doesn't show hand 
*** SUMMARY ***
Total pot 240 | Rake 0 
Board [Qh 9h Jc]
Seat 1: Mahu2021 (button) (small blind) collected (240)
Seat 2: orlo123 (big blind) folded on the Flop



PokerStars Hand #244509676958: Tournament #3609951932, $0.92+$0.08 USD Hold'em No Limit - Level IV (30/60) - 2023/06/28 15:30:04 CET [2023/06/28 9:30:04 ET]
Table '3609951932 1' 3-max Seat #2 is the button
Seat 1: Mahu2021 (790 in chips) 
Seat 2: orlo123 (710 in chips) 
orlo123: posts small blind 30
Mahu2021: posts big blind 60
*** HOLE CARDS ***
Dealt to Mahu2021 [7d 9h]
orlo123: folds 
Uncalled bet (30) returned to Mahu2021
Mahu2021 collected 60 from pot
Mahu2021: doesn't show hand 
*** SUMMARY ***
Total pot 60 | Rake 0 
Seat 1: Mahu2021 (big blind) collected (60)
Seat 2: orlo123 (button) (small blind) folded before Flop



PokerStars Hand #244509678061: Tournament #3609951932, $0.92+$0.08 USD Hold'em No Limit - Level IV (30/60) - 2023/06/28 15:30:08 CET [2023/06/28 9:30:08 ET]
Table '3609951932 1' 3-max Seat #1 is the button
Seat 1: Mahu2021 (820 in chips) 
Seat 2: orlo123 (680 in chips) 
Mahu2021: posts small blind 30
orlo123: posts big blind 60
*** HOLE CARDS ***
Dealt to Mahu2021 [Kc 3d]
Mahu2021: calls 30
orlo123: raises 620 to 680 and is all-in
Mahu2021: folds 
Uncalled bet (620) returned to orlo123
orlo123 collected 120 from pot
*** SUMMARY ***
Total pot 120 | Rake 0 
Seat 1: Mahu2021 (button) (small blind) folded before Flop
Seat 2: orlo123 (big blind) collected (120)



PokerStars Hand #244509679769: Tournament #3609951932, $0.92+$0.08 USD Hold'em No Limit - Level IV (30/60) - 2023/06/28 15:30:18 CET [2023/06/28 9:30:18 ET]
Table '3609951932 1' 3-max Seat #2 is the button
Seat 1: Mahu2021 (760 in chips) 
Seat 2: orlo123 (740 in chips) 
orlo123: posts small blind 30
Mahu2021: posts big blind 60
*** HOLE CARDS ***
Dealt to Mahu2021 [5c Ah]
orlo123: calls 30
Mahu2021: checks 
*** FLOP *** [9h 6s Ad]
Mahu2021: checks 
orlo123: bets 60
Mahu2021: calls 60
*** TURN *** [9h 6s Ad] [2h]
Mahu2021: checks 
orlo123: bets 60
Mahu2021: calls 60
*** RIVER *** [9h 6s Ad 2h] [4c]
Mahu2021: checks 
orlo123: bets 60
Mahu2021: calls 60
*** SHOW DOWN ***
orlo123: shows [9d Jc] (a pair of Nines)
Mahu2021: shows [5c Ah] (a pair of Aces)
Mahu2021 collected 480 from pot
*** SUMMARY ***
Total pot 480 | Rake 0 
Board [9h 6s Ad 2h 4c]
Seat 1: Mahu2021 (big blind) showed [5c Ah] and won (480) with a pair of Aces
Seat 2: orlo123 (button) (small blind) showed [9d Jc] and lost with a pair of Nines



PokerStars Hand #244509683270: Tournament #3609951932, $0.92+$0.08 USD Hold'em No Limit - Level IV (30/60) - 2023/06/28 15:30:36 CET [2023/06/28 9:30:36 ET]
Table '3609951932 1' 3-max Seat #1 is the button
Seat 1: Mahu2021 (1000 in chips) 
Seat 2: orlo123 (500 in chips) 
Mahu2021: posts small blind 30
orlo123: posts big blind 60
*** HOLE CARDS ***
Dealt to Mahu2021 [Tc 6h]
Mahu2021: calls 30
orlo123: checks 
*** FLOP *** [6d 3d Qc]
orlo123: bets 60
Mahu2021: calls 60
*** TURN *** [6d 3d Qc] [3h]
orlo123: bets 60
Mahu2021: calls 60
*** RIVER *** [6d 3d Qc 3h] [4s]
orlo123: bets 60
Mahu2021: calls 60
*** SHOW DOWN ***
orlo123: shows [8h 6s] (two pair, Sixes and Threes)
Mahu2021: shows [Tc 6h] (two pair, Sixes and Threes)
orlo123 collected 240 from pot
Mahu2021 collected 240 from pot
*** SUMMARY ***
Total pot 480 | Rake 0 
Board [6d 3d Qc 3h 4s]
Seat 1: Mahu2021 (button) (small blind) showed [Tc 6h] and won (240) with two pair, Sixes and Threes
Seat 2: orlo123 (big blind) showed [8h 6s] and won (240) with two pair, Sixes and Threes



PokerStars Hand #244509688121: Tournament #3609951932, $0.92+$0.08 USD Hold'em No Limit - Level IV (30/60) - 2023/06/28 15:31:02 CET [2023/06/28 9:31:02 ET]
Table '3609951932 1' 3-max Seat #2 is the button
Seat 1: Mahu2021 (1000 in chips) 
Seat 2: orlo123 (500 in chips) 
orlo123: posts small blind 30
Mahu2021: posts big blind 60
*** HOLE CARDS ***
Dealt to Mahu2021 [Jc 9d]
orlo123: raises 440 to 500 and is all-in
Mahu2021: folds 
Uncalled bet (440) returned to orlo123
orlo123 collected 120 from pot
*** SUMMARY ***
Total pot 120 | Rake 0 
Seat 1: Mahu2021 (big blind) folded before Flop
Seat 2: orlo123 (button) (small blind) collected (120)



PokerStars Hand #244509690336: Tournament #3609951932, $0.92+$0.08 USD Hold'em No Limit - Level IV (30/60) - 2023/06/28 15:31:14 CET [2023/06/28 9:31:14 ET]
Table '3609951932 1' 3-max Seat #1 is the button
Seat 1: Mahu2021 (940 in chips) 
Seat 2: orlo123 (560 in chips) 
Mahu2021: posts small blind 30
orlo123: posts big blind 60
*** HOLE CARDS ***
Dealt to Mahu2021 [3s 6d]
Mahu2021: calls 30
orlo123: checks 
*** FLOP *** [9h 9c Th]
orlo123: checks 
Mahu2021: bets 60
orlo123: folds 
Uncalled bet (60) returned to Mahu2021
Mahu2021 collected 120 from pot
Mahu2021: doesn't show hand 
*** SUMMARY ***
Total pot 120 | Rake 0 
Board [9h 9c Th]
Seat 1: Mahu2021 (button) (small blind) collected (120)
Seat 2: orlo123 (big blind) folded on the Flop



PokerStars Hand #244509692669: Tournament #3609951932, $0.92+$0.08 USD Hold'em No Limit - Level IV (30/60) - 2023/06/28 15:31:26 CET [2023/06/28 9:31:26 ET]
Table '3609951932 1' 3-max Seat #2 is the button
Seat 1: Mahu2021 (1000 in chips) 
Seat 2: orlo123 (500 in chips) 
orlo123: posts small blind 30
Mahu2021: posts big blind 60
*** HOLE CARDS ***
Dealt to Mahu2021 [Ad 9s]
orlo123: calls 30
Mahu2021: checks 
*** FLOP *** [7s 6d 4d]
Mahu2021: checks 
orlo123: bets 60
Mahu2021: folds 
Uncalled bet (60) returned to orlo123
orlo123 collected 120 from pot
*** SUMMARY ***
Total pot 120 | Rake 0 
Board [7s 6d 4d]
Seat 1: Mahu2021 (big blind) folded on the Flop
Seat 2: orlo123 (button) (small blind) collected (120)



PokerStars Hand #244509695482: Tournament #3609951932, $0.92+$0.08 USD Hold'em No Limit - Level IV (30/60) - 2023/06/28 15:31:41 CET [2023/06/28 9:31:41 ET]
Table '3609951932 1' 3-max Seat #1 is the button
Seat 1: Mahu2021 (940 in chips) 
Seat 2: orlo123 (560 in chips) 
Mahu2021: posts small blind 30
orlo123: posts big blind 60
*** HOLE CARDS ***
Dealt to Mahu2021 [6c Tc]
Mahu2021: calls 30
orlo123: checks 
*** FLOP *** [7h 7d Jd]
orlo123: checks 
Mahu2021: bets 60
orlo123: folds 
Uncalled bet (60) returned to Mahu2021
Mahu2021 collected 120 from pot
Mahu2021: doesn't show hand 
*** SUMMARY ***
Total pot 120 | Rake 0 
Board [7h 7d Jd]
Seat 1: Mahu2021 (button) (small blind) collected (120)
Seat 2: orlo123 (big blind) folded on the Flop



PokerStars Hand #244509698244: Tournament #3609951932, $0.92+$0.08 USD Hold'em No Limit - Level V (40/80) - 2023/06/28 15:31:56 CET [2023/06/28 9:31:56 ET]
Table '3609951932 1' 3-max Seat #2 is the button
Seat 1: Mahu2021 (1000 in chips) 
Seat 2: orlo123 (500 in chips) 
orlo123: posts small blind 40
Mahu2021: posts big blind 80
*** HOLE CARDS ***
Dealt to Mahu2021 [2h 5h]
orlo123: calls 40
Mahu2021: checks 
*** FLOP *** [Js Qd 7c]
Mahu2021: checks 
orlo123: bets 80
Mahu2021: folds 
Uncalled bet (80) returned to orlo123
orlo123 collected 160 from pot
*** SUMMARY ***
Total pot 160 | Rake 0 
Board [Js Qd 7c]
Seat 1: Mahu2021 (big blind) folded on the Flop
Seat 2: orlo123 (button) (small blind) collected (160)



PokerStars Hand #244509700998: Tournament #3609951932, $0.92+$0.08 USD Hold'em No Limit - Level V (40/80) - 2023/06/28 15:32:10 CET [2023/06/28 9:32:10 ET]
Table '3609951932 1' 3-max Seat #1 is the button
Seat 1: Mahu2021 (920 in chips) 
Seat 2: orlo123 (580 in chips) 
Mahu2021: posts small blind 40
orlo123: posts big blind 80
*** HOLE CARDS ***
Dealt to Mahu2021 [2h 2d]
Mahu2021: raises 840 to 920 and is all-in
orlo123: calls 500 and is all-in
Uncalled bet (340) returned to Mahu2021
*** FLOP *** [2s Jh 8d]
*** TURN *** [2s Jh 8d] [5h]
*** RIVER *** [2s Jh 8d 5h] [7s]
*** SHOW DOWN ***
orlo123: shows [Js Ts] (a pair of Jacks)
Mahu2021: shows [2h 2d] (three of a kind, Deuces)
Mahu2021 collected 1160 from pot
orlo123 finished the tournament in 2nd place
Mahu2021 wins the tournament and receives $3.00 - congratulations!
*** SUMMARY ***
Total pot 1160 | Rake 0 
Board [2s Jh 8d 5h 7s]
Seat 1: Mahu2021 (button) (small blind) showed [2h 2d] and won (1160) with three of a kind, Deuces
Seat 2: orlo123 (big blind) showed [Js Ts] and lost with a pair of Jacks



