PokerStars Hand #247670742376: Tournament #3686710526, $1.84+$0.16 USD Hold'em No Limit - Level I (10/20) - 2023/12/15 12:42:58 CET [2023/12/15 6:42:58 ET]
Table '3686710526 1' 3-max Seat #1 is the button
Seat 1: pwsurfer (500 in chips) 
Seat 2: bena25 (500 in chips) 
Seat 3: Mahu2021 (500 in chips) 
bena25: posts small blind 10
Mahu2021: posts big blind 20
*** HOLE CARDS ***
Dealt to Mahu2021 [As 2c]
pwsurfer: raises 50 to 70
bena25: folds 
Mahu2021: folds 
Uncalled bet (50) returned to pwsurfer
pwsurfer collected 50 from pot
*** SUMMARY ***
Total pot 50 | Rake 0 
Seat 1: pwsurfer (button) collected (50)
Seat 2: bena25 (small blind) folded before Flop
Seat 3: Mahu2021 (big blind) folded before Flop



PokerStars Hand #247670743971: Tournament #3686710526, $1.84+$0.16 USD Hold'em No Limit - Level I (10/20) - 2023/12/15 12:43:08 CET [2023/12/15 6:43:08 ET]
Table '3686710526 1' 3-max Seat #2 is the button
Seat 1: pwsurfer (530 in chips) 
Seat 2: bena25 (490 in chips) 
Seat 3: Mahu2021 (480 in chips) 
Mahu2021: posts small blind 10
pwsurfer: posts big blind 20
*** HOLE CARDS ***
Dealt to Mahu2021 [6c 2s]
bena25: folds 
Mahu2021: folds 
Uncalled bet (10) returned to pwsurfer
pwsurfer collected 20 from pot
*** SUMMARY ***
Total pot 20 | Rake 0 
Seat 1: pwsurfer (big blind) collected (20)
Seat 2: bena25 (button) folded before Flop (didn't bet)
Seat 3: Mahu2021 (small blind) folded before Flop



PokerStars Hand #247670744739: Tournament #3686710526, $1.84+$0.16 USD Hold'em No Limit - Level I (10/20) - 2023/12/15 12:43:13 CET [2023/12/15 6:43:13 ET]
Table '3686710526 1' 3-max Seat #3 is the button
Seat 1: pwsurfer (540 in chips) 
Seat 2: bena25 (490 in chips) 
Seat 3: Mahu2021 (470 in chips) 
pwsurfer: posts small blind 10
bena25: posts big blind 20
*** HOLE CARDS ***
Dealt to Mahu2021 [6d 4d]
Mahu2021: folds 
pwsurfer: calls 10
bena25: checks 
*** FLOP *** [9d Js 4h]
pwsurfer: checks 
bena25: checks 
*** TURN *** [9d Js 4h] [9c]
pwsurfer: bets 40
bena25: folds 
Uncalled bet (40) returned to pwsurfer
pwsurfer collected 40 from pot
*** SUMMARY ***
Total pot 40 | Rake 0 
Board [9d Js 4h 9c]
Seat 1: pwsurfer (small blind) collected (40)
Seat 2: bena25 (big blind) folded on the Turn
Seat 3: Mahu2021 (button) folded before Flop (didn't bet)



PokerStars Hand #247670748218: Tournament #3686710526, $1.84+$0.16 USD Hold'em No Limit - Level I (10/20) - 2023/12/15 12:43:35 CET [2023/12/15 6:43:35 ET]
Table '3686710526 1' 3-max Seat #1 is the button
Seat 1: pwsurfer (560 in chips) 
Seat 2: bena25 (470 in chips) 
Seat 3: Mahu2021 (470 in chips) 
bena25: posts small blind 10
Mahu2021: posts big blind 20
*** HOLE CARDS ***
Dealt to Mahu2021 [Ad 2d]
pwsurfer: folds 
bena25: folds 
Uncalled bet (10) returned to Mahu2021
Mahu2021 collected 20 from pot
Mahu2021: doesn't show hand 
*** SUMMARY ***
Total pot 20 | Rake 0 
Seat 1: pwsurfer (button) folded before Flop (didn't bet)
Seat 2: bena25 (small blind) folded before Flop
Seat 3: Mahu2021 (big blind) collected (20)



PokerStars Hand #247670749031: Tournament #3686710526, $1.84+$0.16 USD Hold'em No Limit - Level I (10/20) - 2023/12/15 12:43:40 CET [2023/12/15 6:43:40 ET]
Table '3686710526 1' 3-max Seat #2 is the button
Seat 1: pwsurfer (560 in chips) 
Seat 2: bena25 (460 in chips) 
Seat 3: Mahu2021 (480 in chips) 
Mahu2021: posts small blind 10
pwsurfer: posts big blind 20
*** HOLE CARDS ***
Dealt to Mahu2021 [Jd 2h]
bena25: raises 20 to 40
Mahu2021: folds 
pwsurfer: folds 
Uncalled bet (20) returned to bena25
bena25 collected 50 from pot
bena25: doesn't show hand 
*** SUMMARY ***
Total pot 50 | Rake 0 
Seat 1: pwsurfer (big blind) folded before Flop
Seat 2: bena25 (button) collected (50)
Seat 3: Mahu2021 (small blind) folded before Flop



PokerStars Hand #247670750196: Tournament #3686710526, $1.84+$0.16 USD Hold'em No Limit - Level I (10/20) - 2023/12/15 12:43:47 CET [2023/12/15 6:43:47 ET]
Table '3686710526 1' 3-max Seat #3 is the button
Seat 1: pwsurfer (540 in chips) 
Seat 2: bena25 (490 in chips) 
Seat 3: Mahu2021 (470 in chips) 
pwsurfer: posts small blind 10
bena25: posts big blind 20
*** HOLE CARDS ***
Dealt to Mahu2021 [Kc Jd]
Mahu2021: raises 20 to 40
pwsurfer: calls 30
bena25: folds 
*** FLOP *** [As Qd 4d]
pwsurfer: checks 
Mahu2021: checks 
*** TURN *** [As Qd 4d] [Jh]
pwsurfer: checks 
Mahu2021: checks 
*** RIVER *** [As Qd 4d Jh] [4s]
pwsurfer: checks 
Mahu2021: checks 
*** SHOW DOWN ***
pwsurfer: shows [Js Kd] (two pair, Jacks and Fours)
Mahu2021: shows [Kc Jd] (two pair, Jacks and Fours)
pwsurfer collected 50 from pot
Mahu2021 collected 50 from pot
*** SUMMARY ***
Total pot 100 | Rake 0 
Board [As Qd 4d Jh 4s]
Seat 1: pwsurfer (small blind) showed [Js Kd] and won (50) with two pair, Jacks and Fours
Seat 2: bena25 (big blind) folded before Flop
Seat 3: Mahu2021 (button) showed [Kc Jd] and won (50) with two pair, Jacks and Fours



PokerStars Hand #247670753124: Tournament #3686710526, $1.84+$0.16 USD Hold'em No Limit - Level I (10/20) - 2023/12/15 12:44:06 CET [2023/12/15 6:44:06 ET]
Table '3686710526 1' 3-max Seat #1 is the button
Seat 1: pwsurfer (550 in chips) 
Seat 2: bena25 (470 in chips) 
Seat 3: Mahu2021 (480 in chips) 
bena25: posts small blind 10
Mahu2021: posts big blind 20
*** HOLE CARDS ***
Dealt to Mahu2021 [9c 7c]
pwsurfer: calls 20
bena25: folds 
Mahu2021: checks 
*** FLOP *** [Jh 4h 6d]
Mahu2021: checks 
pwsurfer: checks 
*** TURN *** [Jh 4h 6d] [2h]
Mahu2021: checks 
pwsurfer: checks 
*** RIVER *** [Jh 4h 6d 2h] [9d]
Mahu2021: checks 
pwsurfer: checks 
*** SHOW DOWN ***
Mahu2021: shows [9c 7c] (a pair of Nines)
pwsurfer: mucks hand 
Mahu2021 collected 50 from pot
*** SUMMARY ***
Total pot 50 | Rake 0 
Board [Jh 4h 6d 2h 9d]
Seat 1: pwsurfer (button) mucked [3d Ac]
Seat 2: bena25 (small blind) folded before Flop
Seat 3: Mahu2021 (big blind) showed [9c 7c] and won (50) with a pair of Nines



PokerStars Hand #247670755980: Tournament #3686710526, $1.84+$0.16 USD Hold'em No Limit - Level I (10/20) - 2023/12/15 12:44:24 CET [2023/12/15 6:44:24 ET]
Table '3686710526 1' 3-max Seat #2 is the button
Seat 1: pwsurfer (530 in chips) 
Seat 2: bena25 (460 in chips) 
Seat 3: Mahu2021 (510 in chips) 
Mahu2021: posts small blind 10
pwsurfer: posts big blind 20
*** HOLE CARDS ***
Dealt to Mahu2021 [6c Qs]
bena25: raises 20 to 40
Mahu2021: folds 
pwsurfer: folds 
Uncalled bet (20) returned to bena25
bena25 collected 50 from pot
bena25: doesn't show hand 
*** SUMMARY ***
Total pot 50 | Rake 0 
Seat 1: pwsurfer (big blind) folded before Flop
Seat 2: bena25 (button) collected (50)
Seat 3: Mahu2021 (small blind) folded before Flop



PokerStars Hand #247670757910: Tournament #3686710526, $1.84+$0.16 USD Hold'em No Limit - Level I (10/20) - 2023/12/15 12:44:37 CET [2023/12/15 6:44:37 ET]
Table '3686710526 1' 3-max Seat #3 is the button
Seat 1: pwsurfer (510 in chips) 
Seat 2: bena25 (490 in chips) 
Seat 3: Mahu2021 (500 in chips) 
pwsurfer: posts small blind 10
bena25: posts big blind 20
*** HOLE CARDS ***
Dealt to Mahu2021 [Kh 3s]
Mahu2021: folds 
pwsurfer: calls 10
bena25: checks 
*** FLOP *** [5s 3h 4c]
pwsurfer: checks 
bena25: checks 
*** TURN *** [5s 3h 4c] [Ks]
pwsurfer: checks 
bena25: bets 30
pwsurfer: folds 
Uncalled bet (30) returned to bena25
bena25 collected 40 from pot
bena25: doesn't show hand 
*** SUMMARY ***
Total pot 40 | Rake 0 
Board [5s 3h 4c Ks]
Seat 1: pwsurfer (small blind) folded on the Turn
Seat 2: bena25 (big blind) collected (40)
Seat 3: Mahu2021 (button) folded before Flop (didn't bet)



PokerStars Hand #247670761909: Tournament #3686710526, $1.84+$0.16 USD Hold'em No Limit - Level I (10/20) - 2023/12/15 12:45:02 CET [2023/12/15 6:45:02 ET]
Table '3686710526 1' 3-max Seat #1 is the button
Seat 1: pwsurfer (490 in chips) 
Seat 2: bena25 (510 in chips) 
Seat 3: Mahu2021 (500 in chips) 
bena25: posts small blind 10
Mahu2021: posts big blind 20
*** HOLE CARDS ***
Dealt to Mahu2021 [Ah 2h]
pwsurfer: folds 
bena25: raises 20 to 40
Mahu2021: calls 20
*** FLOP *** [2d Ts Kd]
bena25: bets 40
Mahu2021: folds 
Uncalled bet (40) returned to bena25
bena25 collected 80 from pot
bena25: doesn't show hand 
*** SUMMARY ***
Total pot 80 | Rake 0 
Board [2d Ts Kd]
Seat 1: pwsurfer (button) folded before Flop (didn't bet)
Seat 2: bena25 (small blind) collected (80)
Seat 3: Mahu2021 (big blind) folded on the Flop



PokerStars Hand #247670764225: Tournament #3686710526, $1.84+$0.16 USD Hold'em No Limit - Level I (10/20) - 2023/12/15 12:45:16 CET [2023/12/15 6:45:16 ET]
Table '3686710526 1' 3-max Seat #2 is the button
Seat 1: pwsurfer (490 in chips) 
Seat 2: bena25 (550 in chips) 
Seat 3: Mahu2021 (460 in chips) 
Mahu2021: posts small blind 10
pwsurfer: posts big blind 20
*** HOLE CARDS ***
Dealt to Mahu2021 [9h 2d]
bena25: folds 
Mahu2021: folds 
Uncalled bet (10) returned to pwsurfer
pwsurfer collected 20 from pot
pwsurfer: doesn't show hand 
*** SUMMARY ***
Total pot 20 | Rake 0 
Seat 1: pwsurfer (big blind) collected (20)
Seat 2: bena25 (button) folded before Flop (didn't bet)
Seat 3: Mahu2021 (small blind) folded before Flop



PokerStars Hand #247670765136: Tournament #3686710526, $1.84+$0.16 USD Hold'em No Limit - Level I (10/20) - 2023/12/15 12:45:22 CET [2023/12/15 6:45:22 ET]
Table '3686710526 1' 3-max Seat #3 is the button
Seat 1: pwsurfer (500 in chips) 
Seat 2: bena25 (550 in chips) 
Seat 3: Mahu2021 (450 in chips) 
pwsurfer: posts small blind 10
bena25: posts big blind 20
*** HOLE CARDS ***
Dealt to Mahu2021 [Ts 7s]
Mahu2021: calls 20
pwsurfer: folds 
bena25: checks 
*** FLOP *** [Ks 4d 5d]
bena25: checks 
Mahu2021: bets 20
bena25: raises 60 to 80
Mahu2021: folds 
Uncalled bet (60) returned to bena25
bena25 collected 90 from pot
bena25: doesn't show hand 
*** SUMMARY ***
Total pot 90 | Rake 0 
Board [Ks 4d 5d]
Seat 1: pwsurfer (small blind) folded before Flop
Seat 2: bena25 (big blind) collected (90)
Seat 3: Mahu2021 (button) folded on the Flop



PokerStars Hand #247670768931: Tournament #3686710526, $1.84+$0.16 USD Hold'em No Limit - Level I (10/20) - 2023/12/15 12:45:46 CET [2023/12/15 6:45:46 ET]
Table '3686710526 1' 3-max Seat #1 is the button
Seat 1: pwsurfer (490 in chips) 
Seat 2: bena25 (600 in chips) 
Seat 3: Mahu2021 (410 in chips) 
bena25: posts small blind 10
Mahu2021: posts big blind 20
*** HOLE CARDS ***
Dealt to Mahu2021 [Ad Qs]
pwsurfer: folds 
bena25: calls 10
Mahu2021: raises 60 to 80
bena25: folds 
Uncalled bet (60) returned to Mahu2021
Mahu2021 collected 40 from pot
Mahu2021: doesn't show hand 
*** SUMMARY ***
Total pot 40 | Rake 0 
Seat 1: pwsurfer (button) folded before Flop (didn't bet)
Seat 2: bena25 (small blind) folded before Flop
Seat 3: Mahu2021 (big blind) collected (40)



PokerStars Hand #247670772390: Tournament #3686710526, $1.84+$0.16 USD Hold'em No Limit - Level II (15/30) - 2023/12/15 12:46:08 CET [2023/12/15 6:46:08 ET]
Table '3686710526 1' 3-max Seat #2 is the button
Seat 1: pwsurfer (490 in chips) 
Seat 2: bena25 (580 in chips) 
Seat 3: Mahu2021 (430 in chips) 
Mahu2021: posts small blind 15
pwsurfer: posts big blind 30
*** HOLE CARDS ***
Dealt to Mahu2021 [7d Qh]
bena25: folds 
Mahu2021: folds 
Uncalled bet (15) returned to pwsurfer
pwsurfer collected 30 from pot
*** SUMMARY ***
Total pot 30 | Rake 0 
Seat 1: pwsurfer (big blind) collected (30)
Seat 2: bena25 (button) folded before Flop (didn't bet)
Seat 3: Mahu2021 (small blind) folded before Flop



PokerStars Hand #247670773492: Tournament #3686710526, $1.84+$0.16 USD Hold'em No Limit - Level II (15/30) - 2023/12/15 12:46:15 CET [2023/12/15 6:46:15 ET]
Table '3686710526 1' 3-max Seat #3 is the button
Seat 1: pwsurfer (505 in chips) 
Seat 2: bena25 (580 in chips) 
Seat 3: Mahu2021 (415 in chips) 
pwsurfer: posts small blind 15
bena25: posts big blind 30
*** HOLE CARDS ***
Dealt to Mahu2021 [4s 9c]
Mahu2021: folds 
pwsurfer: folds 
Uncalled bet (15) returned to bena25
bena25 collected 30 from pot
bena25: doesn't show hand 
*** SUMMARY ***
Total pot 30 | Rake 0 
Seat 1: pwsurfer (small blind) folded before Flop
Seat 2: bena25 (big blind) collected (30)
Seat 3: Mahu2021 (button) folded before Flop (didn't bet)



PokerStars Hand #247670774549: Tournament #3686710526, $1.84+$0.16 USD Hold'em No Limit - Level II (15/30) - 2023/12/15 12:46:21 CET [2023/12/15 6:46:21 ET]
Table '3686710526 1' 3-max Seat #1 is the button
Seat 1: pwsurfer (490 in chips) 
Seat 2: bena25 (595 in chips) 
Seat 3: Mahu2021 (415 in chips) 
bena25: posts small blind 15
Mahu2021: posts big blind 30
*** HOLE CARDS ***
Dealt to Mahu2021 [Ac 7s]
pwsurfer: folds 
bena25: raises 565 to 595 and is all-in
Mahu2021: folds 
Uncalled bet (565) returned to bena25
bena25 collected 60 from pot
bena25: doesn't show hand 
*** SUMMARY ***
Total pot 60 | Rake 0 
Seat 1: pwsurfer (button) folded before Flop (didn't bet)
Seat 2: bena25 (small blind) collected (60)
Seat 3: Mahu2021 (big blind) folded before Flop



PokerStars Hand #247670776532: Tournament #3686710526, $1.84+$0.16 USD Hold'em No Limit - Level II (15/30) - 2023/12/15 12:46:34 CET [2023/12/15 6:46:34 ET]
Table '3686710526 1' 3-max Seat #2 is the button
Seat 1: pwsurfer (490 in chips) 
Seat 2: bena25 (625 in chips) 
Seat 3: Mahu2021 (385 in chips) 
Mahu2021: posts small blind 15
pwsurfer: posts big blind 30
*** HOLE CARDS ***
Dealt to Mahu2021 [9c 8d]
bena25: folds 
Mahu2021: calls 15
pwsurfer: checks 
*** FLOP *** [2d 4c Qs]
Mahu2021: checks 
pwsurfer: checks 
*** TURN *** [2d 4c Qs] [7s]
Mahu2021: bets 30
pwsurfer: folds 
Uncalled bet (30) returned to Mahu2021
Mahu2021 collected 60 from pot
Mahu2021: doesn't show hand 
*** SUMMARY ***
Total pot 60 | Rake 0 
Board [2d 4c Qs 7s]
Seat 1: pwsurfer (big blind) folded on the Turn
Seat 2: bena25 (button) folded before Flop (didn't bet)
Seat 3: Mahu2021 (small blind) collected (60)



PokerStars Hand #247670780332: Tournament #3686710526, $1.84+$0.16 USD Hold'em No Limit - Level II (15/30) - 2023/12/15 12:46:58 CET [2023/12/15 6:46:58 ET]
Table '3686710526 1' 3-max Seat #3 is the button
Seat 1: pwsurfer (460 in chips) 
Seat 2: bena25 (625 in chips) 
Seat 3: Mahu2021 (415 in chips) 
pwsurfer: posts small blind 15
bena25: posts big blind 30
*** HOLE CARDS ***
Dealt to Mahu2021 [Ac 4h]
Mahu2021: folds 
pwsurfer: folds 
Uncalled bet (15) returned to bena25
bena25 collected 30 from pot
bena25: doesn't show hand 
*** SUMMARY ***
Total pot 30 | Rake 0 
Seat 1: pwsurfer (small blind) folded before Flop
Seat 2: bena25 (big blind) collected (30)
Seat 3: Mahu2021 (button) folded before Flop (didn't bet)



PokerStars Hand #247670781264: Tournament #3686710526, $1.84+$0.16 USD Hold'em No Limit - Level II (15/30) - 2023/12/15 12:47:04 CET [2023/12/15 6:47:04 ET]
Table '3686710526 1' 3-max Seat #1 is the button
Seat 1: pwsurfer (445 in chips) 
Seat 2: bena25 (640 in chips) 
Seat 3: Mahu2021 (415 in chips) 
bena25: posts small blind 15
Mahu2021: posts big blind 30
*** HOLE CARDS ***
Dealt to Mahu2021 [5d Kd]
pwsurfer: raises 30 to 60
bena25: folds 
Mahu2021: calls 30
*** FLOP *** [As 3h 9s]
Mahu2021: checks 
pwsurfer: bets 68
Mahu2021: folds 
Uncalled bet (68) returned to pwsurfer
pwsurfer collected 135 from pot
*** SUMMARY ***
Total pot 135 | Rake 0 
Board [As 3h 9s]
Seat 1: pwsurfer (button) collected (135)
Seat 2: bena25 (small blind) folded before Flop
Seat 3: Mahu2021 (big blind) folded on the Flop



PokerStars Hand #247670784466: Tournament #3686710526, $1.84+$0.16 USD Hold'em No Limit - Level II (15/30) - 2023/12/15 12:47:24 CET [2023/12/15 6:47:24 ET]
Table '3686710526 1' 3-max Seat #2 is the button
Seat 1: pwsurfer (520 in chips) 
Seat 2: bena25 (625 in chips) 
Seat 3: Mahu2021 (355 in chips) 
Mahu2021: posts small blind 15
pwsurfer: posts big blind 30
*** HOLE CARDS ***
Dealt to Mahu2021 [7c 4h]
bena25: folds 
Mahu2021: folds 
Uncalled bet (15) returned to pwsurfer
pwsurfer collected 30 from pot
*** SUMMARY ***
Total pot 30 | Rake 0 
Seat 1: pwsurfer (big blind) collected (30)
Seat 2: bena25 (button) folded before Flop (didn't bet)
Seat 3: Mahu2021 (small blind) folded before Flop



PokerStars Hand #247670785518: Tournament #3686710526, $1.84+$0.16 USD Hold'em No Limit - Level II (15/30) - 2023/12/15 12:47:31 CET [2023/12/15 6:47:31 ET]
Table '3686710526 1' 3-max Seat #3 is the button
Seat 1: pwsurfer (535 in chips) 
Seat 2: bena25 (625 in chips) 
Seat 3: Mahu2021 (340 in chips) 
pwsurfer: posts small blind 15
bena25: posts big blind 30
*** HOLE CARDS ***
Dealt to Mahu2021 [Ad Qs]
Mahu2021: raises 90 to 120
pwsurfer: folds 
bena25: folds 
Uncalled bet (90) returned to Mahu2021
Mahu2021 collected 75 from pot
Mahu2021: doesn't show hand 
*** SUMMARY ***
Total pot 75 | Rake 0 
Seat 1: pwsurfer (small blind) folded before Flop
Seat 2: bena25 (big blind) folded before Flop
Seat 3: Mahu2021 (button) collected (75)



PokerStars Hand #247670787048: Tournament #3686710526, $1.84+$0.16 USD Hold'em No Limit - Level II (15/30) - 2023/12/15 12:47:41 CET [2023/12/15 6:47:41 ET]
Table '3686710526 1' 3-max Seat #1 is the button
Seat 1: pwsurfer (520 in chips) 
Seat 2: bena25 (595 in chips) 
Seat 3: Mahu2021 (385 in chips) 
bena25: posts small blind 15
Mahu2021: posts big blind 30
*** HOLE CARDS ***
Dealt to Mahu2021 [Qc Tc]
pwsurfer: folds 
bena25: folds 
Uncalled bet (15) returned to Mahu2021
Mahu2021 collected 30 from pot
Mahu2021: doesn't show hand 
*** SUMMARY ***
Total pot 30 | Rake 0 
Seat 1: pwsurfer (button) folded before Flop (didn't bet)
Seat 2: bena25 (small blind) folded before Flop
Seat 3: Mahu2021 (big blind) collected (30)



PokerStars Hand #247670788009: Tournament #3686710526, $1.84+$0.16 USD Hold'em No Limit - Level II (15/30) - 2023/12/15 12:47:47 CET [2023/12/15 6:47:47 ET]
Table '3686710526 1' 3-max Seat #2 is the button
Seat 1: pwsurfer (520 in chips) 
Seat 2: bena25 (580 in chips) 
Seat 3: Mahu2021 (400 in chips) 
Mahu2021: posts small blind 15
pwsurfer: posts big blind 30
*** HOLE CARDS ***
Dealt to Mahu2021 [Ac 2c]
bena25: raises 550 to 580 and is all-in
Mahu2021: folds 
pwsurfer: folds 
Uncalled bet (550) returned to bena25
bena25 collected 75 from pot
bena25: doesn't show hand 
*** SUMMARY ***
Total pot 75 | Rake 0 
Seat 1: pwsurfer (big blind) folded before Flop
Seat 2: bena25 (button) collected (75)
Seat 3: Mahu2021 (small blind) folded before Flop



PokerStars Hand #247670789572: Tournament #3686710526, $1.84+$0.16 USD Hold'em No Limit - Level II (15/30) - 2023/12/15 12:47:57 CET [2023/12/15 6:47:57 ET]
Table '3686710526 1' 3-max Seat #3 is the button
Seat 1: pwsurfer (490 in chips) 
Seat 2: bena25 (625 in chips) 
Seat 3: Mahu2021 (385 in chips) 
pwsurfer: posts small blind 15
bena25: posts big blind 30
*** HOLE CARDS ***
Dealt to Mahu2021 [Qc 3s]
Mahu2021: folds 
pwsurfer: folds 
Uncalled bet (15) returned to bena25
bena25 collected 30 from pot
bena25: doesn't show hand 
*** SUMMARY ***
Total pot 30 | Rake 0 
Seat 1: pwsurfer (small blind) folded before Flop
Seat 2: bena25 (big blind) collected (30)
Seat 3: Mahu2021 (button) folded before Flop (didn't bet)



PokerStars Hand #247670790448: Tournament #3686710526, $1.84+$0.16 USD Hold'em No Limit - Level II (15/30) - 2023/12/15 12:48:03 CET [2023/12/15 6:48:03 ET]
Table '3686710526 1' 3-max Seat #1 is the button
Seat 1: pwsurfer (475 in chips) 
Seat 2: bena25 (640 in chips) 
Seat 3: Mahu2021 (385 in chips) 
bena25: posts small blind 15
Mahu2021: posts big blind 30
*** HOLE CARDS ***
Dealt to Mahu2021 [3s Ks]
pwsurfer: calls 30
bena25: raises 60 to 90
Mahu2021: calls 60
pwsurfer: folds 
*** FLOP *** [6h Qc 6d]
bena25: bets 60
Mahu2021: folds 
Uncalled bet (60) returned to bena25
bena25 collected 210 from pot
bena25: doesn't show hand 
*** SUMMARY ***
Total pot 210 | Rake 0 
Board [6h Qc 6d]
Seat 1: pwsurfer (button) folded before Flop
Seat 2: bena25 (small blind) collected (210)
Seat 3: Mahu2021 (big blind) folded on the Flop



PokerStars Hand #247670793278: Tournament #3686710526, $1.84+$0.16 USD Hold'em No Limit - Level II (15/30) - 2023/12/15 12:48:20 CET [2023/12/15 6:48:20 ET]
Table '3686710526 1' 3-max Seat #2 is the button
Seat 1: pwsurfer (445 in chips) 
Seat 2: bena25 (760 in chips) 
Seat 3: Mahu2021 (295 in chips) 
Mahu2021: posts small blind 15
pwsurfer: posts big blind 30
*** HOLE CARDS ***
Dealt to Mahu2021 [Qc 8d]
bena25: folds 
Mahu2021: calls 15
pwsurfer: checks 
*** FLOP *** [5c 3h 2c]
Mahu2021: checks 
pwsurfer: checks 
*** TURN *** [5c 3h 2c] [Js]
Mahu2021: checks 
pwsurfer: checks 
*** RIVER *** [5c 3h 2c Js] [6h]
Mahu2021: checks 
pwsurfer: checks 
*** SHOW DOWN ***
Mahu2021: shows [Qc 8d] (high card Queen)
pwsurfer: mucks hand 
Mahu2021 collected 60 from pot
*** SUMMARY ***
Total pot 60 | Rake 0 
Board [5c 3h 2c Js 6h]
Seat 1: pwsurfer (big blind) mucked [9d 8h]
Seat 2: bena25 (button) folded before Flop (didn't bet)
Seat 3: Mahu2021 (small blind) showed [Qc 8d] and won (60) with high card Queen



PokerStars Hand #247670796188: Tournament #3686710526, $1.84+$0.16 USD Hold'em No Limit - Level II (15/30) - 2023/12/15 12:48:38 CET [2023/12/15 6:48:38 ET]
Table '3686710526 1' 3-max Seat #3 is the button
Seat 1: pwsurfer (415 in chips) 
Seat 2: bena25 (760 in chips) 
Seat 3: Mahu2021 (325 in chips) 
pwsurfer: posts small blind 15
bena25: posts big blind 30
*** HOLE CARDS ***
Dealt to Mahu2021 [2c 6h]
Mahu2021: folds 
pwsurfer: folds 
Uncalled bet (15) returned to bena25
bena25 collected 30 from pot
bena25: doesn't show hand 
*** SUMMARY ***
Total pot 30 | Rake 0 
Seat 1: pwsurfer (small blind) folded before Flop
Seat 2: bena25 (big blind) collected (30)
Seat 3: Mahu2021 (button) folded before Flop (didn't bet)



PokerStars Hand #247670797188: Tournament #3686710526, $1.84+$0.16 USD Hold'em No Limit - Level II (15/30) - 2023/12/15 12:48:45 CET [2023/12/15 6:48:45 ET]
Table '3686710526 1' 3-max Seat #1 is the button
Seat 1: pwsurfer (400 in chips) 
Seat 2: bena25 (775 in chips) 
Seat 3: Mahu2021 (325 in chips) 
bena25: posts small blind 15
Mahu2021: posts big blind 30
*** HOLE CARDS ***
Dealt to Mahu2021 [2h 5h]
pwsurfer: raises 30 to 60
bena25: folds 
Mahu2021: calls 30
*** FLOP *** [6s 2d Kd]
Mahu2021: checks 
pwsurfer: checks 
*** TURN *** [6s 2d Kd] [As]
Mahu2021: checks 
pwsurfer: bets 30
Mahu2021: calls 30
*** RIVER *** [6s 2d Kd As] [Td]
Mahu2021: checks 
pwsurfer: checks 
*** SHOW DOWN ***
Mahu2021: shows [2h 5h] (a pair of Deuces)
pwsurfer: shows [Ad 8c] (a pair of Aces)
pwsurfer collected 195 from pot
*** SUMMARY ***
Total pot 195 | Rake 0 
Board [6s 2d Kd As Td]
Seat 1: pwsurfer (button) showed [Ad 8c] and won (195) with a pair of Aces
Seat 2: bena25 (small blind) folded before Flop
Seat 3: Mahu2021 (big blind) showed [2h 5h] and lost with a pair of Deuces



PokerStars Hand #247670800625: Tournament #3686710526, $1.84+$0.16 USD Hold'em No Limit - Level III (20/40) - 2023/12/15 12:49:06 CET [2023/12/15 6:49:06 ET]
Table '3686710526 1' 3-max Seat #2 is the button
Seat 1: pwsurfer (505 in chips) 
Seat 2: bena25 (760 in chips) 
Seat 3: Mahu2021 (235 in chips) 
Mahu2021: posts small blind 20
pwsurfer: posts big blind 40
*** HOLE CARDS ***
Dealt to Mahu2021 [4h Jd]
bena25: folds 
Mahu2021: folds 
Uncalled bet (20) returned to pwsurfer
pwsurfer collected 40 from pot
*** SUMMARY ***
Total pot 40 | Rake 0 
Seat 1: pwsurfer (big blind) collected (40)
Seat 2: bena25 (button) folded before Flop (didn't bet)
Seat 3: Mahu2021 (small blind) folded before Flop



PokerStars Hand #247670801606: Tournament #3686710526, $1.84+$0.16 USD Hold'em No Limit - Level III (20/40) - 2023/12/15 12:49:12 CET [2023/12/15 6:49:12 ET]
Table '3686710526 1' 3-max Seat #3 is the button
Seat 1: pwsurfer (525 in chips) 
Seat 2: bena25 (760 in chips) 
Seat 3: Mahu2021 (215 in chips) 
pwsurfer: posts small blind 20
bena25: posts big blind 40
*** HOLE CARDS ***
Dealt to Mahu2021 [Qd 4c]
Mahu2021: folds 
pwsurfer: folds 
Uncalled bet (20) returned to bena25
bena25 collected 40 from pot
bena25: doesn't show hand 
*** SUMMARY ***
Total pot 40 | Rake 0 
Seat 1: pwsurfer (small blind) folded before Flop
Seat 2: bena25 (big blind) collected (40)
Seat 3: Mahu2021 (button) folded before Flop (didn't bet)



PokerStars Hand #247670802680: Tournament #3686710526, $1.84+$0.16 USD Hold'em No Limit - Level III (20/40) - 2023/12/15 12:49:19 CET [2023/12/15 6:49:19 ET]
Table '3686710526 1' 3-max Seat #1 is the button
Seat 1: pwsurfer (505 in chips) 
Seat 2: bena25 (780 in chips) 
Seat 3: Mahu2021 (215 in chips) 
bena25: posts small blind 20
Mahu2021: posts big blind 40
*** HOLE CARDS ***
Dealt to Mahu2021 [9d 4d]
pwsurfer: raises 40 to 80
bena25: folds 
Mahu2021: calls 40
*** FLOP *** [5s 3d 5h]
Mahu2021: checks 
pwsurfer: bets 90
Mahu2021: folds 
Uncalled bet (90) returned to pwsurfer
pwsurfer collected 180 from pot
*** SUMMARY ***
Total pot 180 | Rake 0 
Board [5s 3d 5h]
Seat 1: pwsurfer (button) collected (180)
Seat 2: bena25 (small blind) folded before Flop
Seat 3: Mahu2021 (big blind) folded on the Flop



PokerStars Hand #247670805158: Tournament #3686710526, $1.84+$0.16 USD Hold'em No Limit - Level III (20/40) - 2023/12/15 12:49:35 CET [2023/12/15 6:49:35 ET]
Table '3686710526 1' 3-max Seat #2 is the button
Seat 1: pwsurfer (605 in chips) 
Seat 2: bena25 (760 in chips) 
Seat 3: Mahu2021 (135 in chips) 
Mahu2021: posts small blind 20
pwsurfer: posts big blind 40
*** HOLE CARDS ***
Dealt to Mahu2021 [Qs Kc]
bena25: raises 720 to 760 and is all-in
Mahu2021: calls 115 and is all-in
pwsurfer: folds 
Uncalled bet (625) returned to bena25
*** FLOP *** [2h 7c Qd]
*** TURN *** [2h 7c Qd] [Jh]
*** RIVER *** [2h 7c Qd Jh] [3d]
*** SHOW DOWN ***
Mahu2021: shows [Qs Kc] (a pair of Queens)
bena25: shows [Ac 6c] (high card Ace)
Mahu2021 collected 310 from pot
*** SUMMARY ***
Total pot 310 | Rake 0 
Board [2h 7c Qd Jh 3d]
Seat 1: pwsurfer (big blind) folded before Flop
Seat 2: bena25 (button) showed [Ac 6c] and lost with high card Ace
Seat 3: Mahu2021 (small blind) showed [Qs Kc] and won (310) with a pair of Queens



PokerStars Hand #247670807398: Tournament #3686710526, $1.84+$0.16 USD Hold'em No Limit - Level III (20/40) - 2023/12/15 12:49:49 CET [2023/12/15 6:49:49 ET]
Table '3686710526 1' 3-max Seat #3 is the button
Seat 1: pwsurfer (565 in chips) 
Seat 2: bena25 (625 in chips) 
Seat 3: Mahu2021 (310 in chips) 
pwsurfer: posts small blind 20
bena25: posts big blind 40
*** HOLE CARDS ***
Dealt to Mahu2021 [Jd Jc]
Mahu2021: raises 270 to 310 and is all-in
pwsurfer: folds 
bena25: folds 
Uncalled bet (270) returned to Mahu2021
Mahu2021 collected 100 from pot
Mahu2021: doesn't show hand 
*** SUMMARY ***
Total pot 100 | Rake 0 
Seat 1: pwsurfer (small blind) folded before Flop
Seat 2: bena25 (big blind) folded before Flop
Seat 3: Mahu2021 (button) collected (100)



PokerStars Hand #247670808579: Tournament #3686710526, $1.84+$0.16 USD Hold'em No Limit - Level III (20/40) - 2023/12/15 12:49:57 CET [2023/12/15 6:49:57 ET]
Table '3686710526 1' 3-max Seat #1 is the button
Seat 1: pwsurfer (545 in chips) 
Seat 2: bena25 (585 in chips) 
Seat 3: Mahu2021 (370 in chips) 
bena25: posts small blind 20
Mahu2021: posts big blind 40
*** HOLE CARDS ***
Dealt to Mahu2021 [Td 5h]
pwsurfer: folds 
bena25: folds 
Uncalled bet (20) returned to Mahu2021
Mahu2021 collected 40 from pot
Mahu2021: doesn't show hand 
*** SUMMARY ***
Total pot 40 | Rake 0 
Seat 1: pwsurfer (button) folded before Flop (didn't bet)
Seat 2: bena25 (small blind) folded before Flop
Seat 3: Mahu2021 (big blind) collected (40)



PokerStars Hand #247670809708: Tournament #3686710526, $1.84+$0.16 USD Hold'em No Limit - Level III (20/40) - 2023/12/15 12:50:03 CET [2023/12/15 6:50:03 ET]
Table '3686710526 1' 3-max Seat #2 is the button
Seat 1: pwsurfer (545 in chips) 
Seat 2: bena25 (565 in chips) 
Seat 3: Mahu2021 (390 in chips) 
Mahu2021: posts small blind 20
pwsurfer: posts big blind 40
*** HOLE CARDS ***
Dealt to Mahu2021 [8s 6c]
bena25: raises 40 to 80
Mahu2021: folds 
pwsurfer: folds 
Uncalled bet (40) returned to bena25
bena25 collected 100 from pot
bena25: doesn't show hand 
*** SUMMARY ***
Total pot 100 | Rake 0 
Seat 1: pwsurfer (big blind) folded before Flop
Seat 2: bena25 (button) collected (100)
Seat 3: Mahu2021 (small blind) folded before Flop



PokerStars Hand #247670810777: Tournament #3686710526, $1.84+$0.16 USD Hold'em No Limit - Level III (20/40) - 2023/12/15 12:50:10 CET [2023/12/15 6:50:10 ET]
Table '3686710526 1' 3-max Seat #3 is the button
Seat 1: pwsurfer (505 in chips) 
Seat 2: bena25 (625 in chips) 
Seat 3: Mahu2021 (370 in chips) 
pwsurfer: posts small blind 20
bena25: posts big blind 40
*** HOLE CARDS ***
Dealt to Mahu2021 [4s 9d]
Mahu2021: folds 
pwsurfer: folds 
Uncalled bet (20) returned to bena25
bena25 collected 40 from pot
bena25: doesn't show hand 
*** SUMMARY ***
Total pot 40 | Rake 0 
Seat 1: pwsurfer (small blind) folded before Flop
Seat 2: bena25 (big blind) collected (40)
Seat 3: Mahu2021 (button) folded before Flop (didn't bet)



PokerStars Hand #247670811838: Tournament #3686710526, $1.84+$0.16 USD Hold'em No Limit - Level III (20/40) - 2023/12/15 12:50:17 CET [2023/12/15 6:50:17 ET]
Table '3686710526 1' 3-max Seat #1 is the button
Seat 1: pwsurfer (485 in chips) 
Seat 2: bena25 (645 in chips) 
Seat 3: Mahu2021 (370 in chips) 
bena25: posts small blind 20
Mahu2021: posts big blind 40
*** HOLE CARDS ***
Dealt to Mahu2021 [Qd 8c]
pwsurfer: folds 
bena25: raises 605 to 645 and is all-in
Mahu2021: folds 
Uncalled bet (605) returned to bena25
bena25 collected 80 from pot
bena25: doesn't show hand 
*** SUMMARY ***
Total pot 80 | Rake 0 
Seat 1: pwsurfer (button) folded before Flop (didn't bet)
Seat 2: bena25 (small blind) collected (80)
Seat 3: Mahu2021 (big blind) folded before Flop



PokerStars Hand #247670813289: Tournament #3686710526, $1.84+$0.16 USD Hold'em No Limit - Level III (20/40) - 2023/12/15 12:50:26 CET [2023/12/15 6:50:26 ET]
Table '3686710526 1' 3-max Seat #2 is the button
Seat 1: pwsurfer (485 in chips) 
Seat 2: bena25 (685 in chips) 
Seat 3: Mahu2021 (330 in chips) 
Mahu2021: posts small blind 20
pwsurfer: posts big blind 40
*** HOLE CARDS ***
Dealt to Mahu2021 [6s 7s]
bena25: folds 
Mahu2021: raises 40 to 80
pwsurfer: folds 
Uncalled bet (40) returned to Mahu2021
Mahu2021 collected 80 from pot
Mahu2021: doesn't show hand 
*** SUMMARY ***
Total pot 80 | Rake 0 
Seat 1: pwsurfer (big blind) folded before Flop
Seat 2: bena25 (button) folded before Flop (didn't bet)
Seat 3: Mahu2021 (small blind) collected (80)



PokerStars Hand #247670814365: Tournament #3686710526, $1.84+$0.16 USD Hold'em No Limit - Level III (20/40) - 2023/12/15 12:50:33 CET [2023/12/15 6:50:33 ET]
Table '3686710526 1' 3-max Seat #3 is the button
Seat 1: pwsurfer (445 in chips) 
Seat 2: bena25 (685 in chips) 
Seat 3: Mahu2021 (370 in chips) 
pwsurfer: posts small blind 20
bena25: posts big blind 40
*** HOLE CARDS ***
Dealt to Mahu2021 [8d 9h]
Mahu2021: folds 
pwsurfer: calls 20
bena25: checks 
*** FLOP *** [3s Qh Ts]
pwsurfer: bets 40
bena25: folds 
Uncalled bet (40) returned to pwsurfer
pwsurfer collected 80 from pot
*** SUMMARY ***
Total pot 80 | Rake 0 
Board [3s Qh Ts]
Seat 1: pwsurfer (small blind) collected (80)
Seat 2: bena25 (big blind) folded on the Flop
Seat 3: Mahu2021 (button) folded before Flop (didn't bet)



PokerStars Hand #247670816505: Tournament #3686710526, $1.84+$0.16 USD Hold'em No Limit - Level III (20/40) - 2023/12/15 12:50:47 CET [2023/12/15 6:50:47 ET]
Table '3686710526 1' 3-max Seat #1 is the button
Seat 1: pwsurfer (485 in chips) 
Seat 2: bena25 (645 in chips) 
Seat 3: Mahu2021 (370 in chips) 
bena25: posts small blind 20
Mahu2021: posts big blind 40
*** HOLE CARDS ***
Dealt to Mahu2021 [6c 8h]
pwsurfer: raises 40 to 80
bena25: folds 
Mahu2021: calls 40
*** FLOP *** [Jh 8d Qd]
Mahu2021: checks 
pwsurfer: checks 
*** TURN *** [Jh 8d Qd] [5s]
Mahu2021: checks 
pwsurfer: checks 
*** RIVER *** [Jh 8d Qd 5s] [5h]
Mahu2021: bets 180
pwsurfer: folds 
Uncalled bet (180) returned to Mahu2021
Mahu2021 collected 180 from pot
Mahu2021: doesn't show hand 
*** SUMMARY ***
Total pot 180 | Rake 0 
Board [Jh 8d Qd 5s 5h]
Seat 1: pwsurfer (button) folded on the River
Seat 2: bena25 (small blind) folded before Flop
Seat 3: Mahu2021 (big blind) collected (180)



PokerStars Hand #247670819577: Tournament #3686710526, $1.84+$0.16 USD Hold'em No Limit - Level III (20/40) - 2023/12/15 12:51:06 CET [2023/12/15 6:51:06 ET]
Table '3686710526 1' 3-max Seat #2 is the button
Seat 1: pwsurfer (405 in chips) 
Seat 2: bena25 (625 in chips) 
Seat 3: Mahu2021 (470 in chips) 
Mahu2021: posts small blind 20
pwsurfer: posts big blind 40
*** HOLE CARDS ***
Dealt to Mahu2021 [2h Tc]
bena25: folds 
Mahu2021: folds 
Uncalled bet (20) returned to pwsurfer
pwsurfer collected 40 from pot
*** SUMMARY ***
Total pot 40 | Rake 0 
Seat 1: pwsurfer (big blind) collected (40)
Seat 2: bena25 (button) folded before Flop (didn't bet)
Seat 3: Mahu2021 (small blind) folded before Flop



PokerStars Hand #247670820380: Tournament #3686710526, $1.84+$0.16 USD Hold'em No Limit - Level III (20/40) - 2023/12/15 12:51:11 CET [2023/12/15 6:51:11 ET]
Table '3686710526 1' 3-max Seat #3 is the button
Seat 1: pwsurfer (425 in chips) 
Seat 2: bena25 (625 in chips) 
Seat 3: Mahu2021 (450 in chips) 
pwsurfer: posts small blind 20
bena25: posts big blind 40
*** HOLE CARDS ***
Dealt to Mahu2021 [Tc Qh]
Mahu2021: calls 40
pwsurfer: calls 20
bena25: checks 
*** FLOP *** [Td 7h 7d]
pwsurfer: checks 
bena25: checks 
Mahu2021: bets 40
pwsurfer: folds 
bena25: raises 80 to 120
Mahu2021: folds 
Uncalled bet (80) returned to bena25
bena25 collected 200 from pot
bena25: doesn't show hand 
*** SUMMARY ***
Total pot 200 | Rake 0 
Board [Td 7h 7d]
Seat 1: pwsurfer (small blind) folded on the Flop
Seat 2: bena25 (big blind) collected (200)
Seat 3: Mahu2021 (button) folded on the Flop



PokerStars Hand #247670823985: Tournament #3686710526, $1.84+$0.16 USD Hold'em No Limit - Level III (20/40) - 2023/12/15 12:51:34 CET [2023/12/15 6:51:34 ET]
Table '3686710526 1' 3-max Seat #1 is the button
Seat 1: pwsurfer (385 in chips) 
Seat 2: bena25 (745 in chips) 
Seat 3: Mahu2021 (370 in chips) 
bena25: posts small blind 20
Mahu2021: posts big blind 40
*** HOLE CARDS ***
Dealt to Mahu2021 [Jh Ts]
pwsurfer: folds 
bena25: raises 705 to 745 and is all-in
Mahu2021: folds 
Uncalled bet (705) returned to bena25
bena25 collected 80 from pot
bena25: doesn't show hand 
*** SUMMARY ***
Total pot 80 | Rake 0 
Seat 1: pwsurfer (button) folded before Flop (didn't bet)
Seat 2: bena25 (small blind) collected (80)
Seat 3: Mahu2021 (big blind) folded before Flop



PokerStars Hand #247670825242: Tournament #3686710526, $1.84+$0.16 USD Hold'em No Limit - Level III (20/40) - 2023/12/15 12:51:42 CET [2023/12/15 6:51:42 ET]
Table '3686710526 1' 3-max Seat #2 is the button
Seat 1: pwsurfer (385 in chips) 
Seat 2: bena25 (785 in chips) 
Seat 3: Mahu2021 (330 in chips) 
Mahu2021: posts small blind 20
pwsurfer: posts big blind 40
*** HOLE CARDS ***
Dealt to Mahu2021 [2h 4d]
bena25: folds 
Mahu2021: folds 
Uncalled bet (20) returned to pwsurfer
pwsurfer collected 40 from pot
pwsurfer: doesn't show hand 
*** SUMMARY ***
Total pot 40 | Rake 0 
Seat 1: pwsurfer (big blind) collected (40)
Seat 2: bena25 (button) folded before Flop (didn't bet)
Seat 3: Mahu2021 (small blind) folded before Flop



PokerStars Hand #247670826071: Tournament #3686710526, $1.84+$0.16 USD Hold'em No Limit - Level III (20/40) - 2023/12/15 12:51:47 CET [2023/12/15 6:51:47 ET]
Table '3686710526 1' 3-max Seat #3 is the button
Seat 1: pwsurfer (405 in chips) 
Seat 2: bena25 (785 in chips) 
Seat 3: Mahu2021 (310 in chips) 
pwsurfer: posts small blind 20
bena25: posts big blind 40
*** HOLE CARDS ***
Dealt to Mahu2021 [2c 5h]
Mahu2021: folds 
pwsurfer: folds 
Uncalled bet (20) returned to bena25
bena25 collected 40 from pot
bena25: doesn't show hand 
*** SUMMARY ***
Total pot 40 | Rake 0 
Seat 1: pwsurfer (small blind) folded before Flop
Seat 2: bena25 (big blind) collected (40)
Seat 3: Mahu2021 (button) folded before Flop (didn't bet)



PokerStars Hand #247670826923: Tournament #3686710526, $1.84+$0.16 USD Hold'em No Limit - Level III (20/40) - 2023/12/15 12:51:53 CET [2023/12/15 6:51:53 ET]
Table '3686710526 1' 3-max Seat #1 is the button
Seat 1: pwsurfer (385 in chips) 
Seat 2: bena25 (805 in chips) 
Seat 3: Mahu2021 (310 in chips) 
bena25: posts small blind 20
Mahu2021: posts big blind 40
*** HOLE CARDS ***
Dealt to Mahu2021 [Ts 3d]
pwsurfer: folds 
bena25: folds 
Uncalled bet (20) returned to Mahu2021
Mahu2021 collected 40 from pot
Mahu2021: doesn't show hand 
*** SUMMARY ***
Total pot 40 | Rake 0 
Seat 1: pwsurfer (button) folded before Flop (didn't bet)
Seat 2: bena25 (small blind) folded before Flop
Seat 3: Mahu2021 (big blind) collected (40)



PokerStars Hand #247670827723: Tournament #3686710526, $1.84+$0.16 USD Hold'em No Limit - Level III (20/40) - 2023/12/15 12:51:58 CET [2023/12/15 6:51:58 ET]
Table '3686710526 1' 3-max Seat #2 is the button
Seat 1: pwsurfer (385 in chips) 
Seat 2: bena25 (785 in chips) 
Seat 3: Mahu2021 (330 in chips) 
Mahu2021: posts small blind 20
pwsurfer: posts big blind 40
*** HOLE CARDS ***
Dealt to Mahu2021 [Js Qd]
bena25: calls 40
Mahu2021: raises 290 to 330 and is all-in
pwsurfer: folds 
bena25: folds 
Uncalled bet (290) returned to Mahu2021
Mahu2021 collected 120 from pot
Mahu2021: doesn't show hand 
*** SUMMARY ***
Total pot 120 | Rake 0 
Seat 1: pwsurfer (big blind) folded before Flop
Seat 2: bena25 (button) folded before Flop
Seat 3: Mahu2021 (small blind) collected (120)



PokerStars Hand #247670829710: Tournament #3686710526, $1.84+$0.16 USD Hold'em No Limit - Level IV (30/60) - 2023/12/15 12:52:11 CET [2023/12/15 6:52:11 ET]
Table '3686710526 1' 3-max Seat #3 is the button
Seat 1: pwsurfer (345 in chips) 
Seat 2: bena25 (745 in chips) 
Seat 3: Mahu2021 (410 in chips) 
pwsurfer: posts small blind 30
bena25: posts big blind 60
*** HOLE CARDS ***
Dealt to Mahu2021 [3h Td]
Mahu2021: folds 
pwsurfer: raises 285 to 345 and is all-in
bena25: folds 
Uncalled bet (285) returned to pwsurfer
pwsurfer collected 120 from pot
pwsurfer: doesn't show hand 
*** SUMMARY ***
Total pot 120 | Rake 0 
Seat 1: pwsurfer (small blind) collected (120)
Seat 2: bena25 (big blind) folded before Flop
Seat 3: Mahu2021 (button) folded before Flop (didn't bet)



PokerStars Hand #247670830881: Tournament #3686710526, $1.84+$0.16 USD Hold'em No Limit - Level IV (30/60) - 2023/12/15 12:52:18 CET [2023/12/15 6:52:18 ET]
Table '3686710526 1' 3-max Seat #1 is the button
Seat 1: pwsurfer (405 in chips) 
Seat 2: bena25 (685 in chips) 
Seat 3: Mahu2021 (410 in chips) 
bena25: posts small blind 30
Mahu2021: posts big blind 60
*** HOLE CARDS ***
Dealt to Mahu2021 [Ac Tc]
pwsurfer: folds 
bena25: calls 30
Mahu2021: raises 350 to 410 and is all-in
bena25: folds 
Uncalled bet (350) returned to Mahu2021
Mahu2021 collected 120 from pot
Mahu2021: doesn't show hand 
*** SUMMARY ***
Total pot 120 | Rake 0 
Seat 1: pwsurfer (button) folded before Flop (didn't bet)
Seat 2: bena25 (small blind) folded before Flop
Seat 3: Mahu2021 (big blind) collected (120)



PokerStars Hand #247670832098: Tournament #3686710526, $1.84+$0.16 USD Hold'em No Limit - Level IV (30/60) - 2023/12/15 12:52:26 CET [2023/12/15 6:52:26 ET]
Table '3686710526 1' 3-max Seat #2 is the button
Seat 1: pwsurfer (405 in chips) 
Seat 2: bena25 (625 in chips) 
Seat 3: Mahu2021 (470 in chips) 
Mahu2021: posts small blind 30
pwsurfer: posts big blind 60
*** HOLE CARDS ***
Dealt to Mahu2021 [5c 4s]
bena25: folds 
Mahu2021: calls 30
pwsurfer: raises 345 to 405 and is all-in
Mahu2021: folds 
Uncalled bet (345) returned to pwsurfer
pwsurfer collected 120 from pot
*** SUMMARY ***
Total pot 120 | Rake 0 
Seat 1: pwsurfer (big blind) collected (120)
Seat 2: bena25 (button) folded before Flop (didn't bet)
Seat 3: Mahu2021 (small blind) folded before Flop



PokerStars Hand #247670833459: Tournament #3686710526, $1.84+$0.16 USD Hold'em No Limit - Level IV (30/60) - 2023/12/15 12:52:34 CET [2023/12/15 6:52:34 ET]
Table '3686710526 1' 3-max Seat #3 is the button
Seat 1: pwsurfer (465 in chips) 
Seat 2: bena25 (625 in chips) 
Seat 3: Mahu2021 (410 in chips) 
pwsurfer: posts small blind 30
bena25: posts big blind 60
*** HOLE CARDS ***
Dealt to Mahu2021 [Qh Jd]
Mahu2021: calls 60
pwsurfer: folds 
bena25: checks 
*** FLOP *** [6d Kc 8h]
bena25: checks 
Mahu2021: bets 60
bena25: folds 
Uncalled bet (60) returned to Mahu2021
Mahu2021 collected 150 from pot
Mahu2021: doesn't show hand 
*** SUMMARY ***
Total pot 150 | Rake 0 
Board [6d Kc 8h]
Seat 1: pwsurfer (small blind) folded before Flop
Seat 2: bena25 (big blind) folded on the Flop
Seat 3: Mahu2021 (button) collected (150)



PokerStars Hand #247670835170: Tournament #3686710526, $1.84+$0.16 USD Hold'em No Limit - Level IV (30/60) - 2023/12/15 12:52:45 CET [2023/12/15 6:52:45 ET]
Table '3686710526 1' 3-max Seat #1 is the button
Seat 1: pwsurfer (435 in chips) 
Seat 2: bena25 (565 in chips) 
Seat 3: Mahu2021 (500 in chips) 
bena25: posts small blind 30
Mahu2021: posts big blind 60
*** HOLE CARDS ***
Dealt to Mahu2021 [Qh Kc]
pwsurfer: folds 
bena25: folds 
Uncalled bet (30) returned to Mahu2021
Mahu2021 collected 60 from pot
Mahu2021: doesn't show hand 
*** SUMMARY ***
Total pot 60 | Rake 0 
Seat 1: pwsurfer (button) folded before Flop (didn't bet)
Seat 2: bena25 (small blind) folded before Flop
Seat 3: Mahu2021 (big blind) collected (60)



PokerStars Hand #247670835953: Tournament #3686710526, $1.84+$0.16 USD Hold'em No Limit - Level IV (30/60) - 2023/12/15 12:52:50 CET [2023/12/15 6:52:50 ET]
Table '3686710526 1' 3-max Seat #2 is the button
Seat 1: pwsurfer (435 in chips) 
Seat 2: bena25 (535 in chips) 
Seat 3: Mahu2021 (530 in chips) 
Mahu2021: posts small blind 30
pwsurfer: posts big blind 60
*** HOLE CARDS ***
Dealt to Mahu2021 [8h Qh]
bena25: folds 
Mahu2021: calls 30
pwsurfer: checks 
*** FLOP *** [2s 3h 6c]
Mahu2021: checks 
pwsurfer: checks 
*** TURN *** [2s 3h 6c] [5d]
Mahu2021: checks 
pwsurfer: checks 
*** RIVER *** [2s 3h 6c 5d] [4d]
Mahu2021: checks 
pwsurfer: checks 
*** SHOW DOWN ***
Mahu2021: shows [8h Qh] (a straight, Deuce to Six)
pwsurfer: shows [Jh Qd] (a straight, Deuce to Six)
Mahu2021 collected 60 from pot
pwsurfer collected 60 from pot
*** SUMMARY ***
Total pot 120 | Rake 0 
Board [2s 3h 6c 5d 4d]
Seat 1: pwsurfer (big blind) showed [Jh Qd] and won (60) with a straight, Deuce to Six
Seat 2: bena25 (button) folded before Flop (didn't bet)
Seat 3: Mahu2021 (small blind) showed [8h Qh] and won (60) with a straight, Deuce to Six



PokerStars Hand #247670838855: Tournament #3686710526, $1.84+$0.16 USD Hold'em No Limit - Level IV (30/60) - 2023/12/15 12:53:09 CET [2023/12/15 6:53:09 ET]
Table '3686710526 1' 3-max Seat #3 is the button
Seat 1: pwsurfer (435 in chips) 
Seat 2: bena25 (535 in chips) 
Seat 3: Mahu2021 (530 in chips) 
pwsurfer: posts small blind 30
bena25: posts big blind 60
*** HOLE CARDS ***
Dealt to Mahu2021 [Ad Kd]
Mahu2021: calls 60
pwsurfer: folds 
bena25: checks 
*** FLOP *** [4h 6d 8s]
bena25: checks 
Mahu2021: checks 
*** TURN *** [4h 6d 8s] [Kh]
bena25: bets 120
Mahu2021: calls 120
*** RIVER *** [4h 6d 8s Kh] [2d]
bena25: bets 180
Mahu2021: calls 180
*** SHOW DOWN ***
bena25: shows [Kc 4s] (two pair, Kings and Fours)
Mahu2021: mucks hand 
bena25 collected 750 from pot
*** SUMMARY ***
Total pot 750 | Rake 0 
Board [4h 6d 8s Kh 2d]
Seat 1: pwsurfer (small blind) folded before Flop
Seat 2: bena25 (big blind) showed [Kc 4s] and won (750) with two pair, Kings and Fours
Seat 3: Mahu2021 (button) mucked [Ad Kd]



PokerStars Hand #247670841840: Tournament #3686710526, $1.84+$0.16 USD Hold'em No Limit - Level IV (30/60) - 2023/12/15 12:53:28 CET [2023/12/15 6:53:28 ET]
Table '3686710526 1' 3-max Seat #1 is the button
Seat 1: pwsurfer (405 in chips) 
Seat 2: bena25 (925 in chips) 
Seat 3: Mahu2021 (170 in chips) 
bena25: posts small blind 30
Mahu2021: posts big blind 60
*** HOLE CARDS ***
Dealt to Mahu2021 [Qh Jd]
pwsurfer: raises 345 to 405 and is all-in
bena25: folds 
Mahu2021: calls 110 and is all-in
Uncalled bet (235) returned to pwsurfer
*** FLOP *** [Kh 4s 2h]
*** TURN *** [Kh 4s 2h] [7d]
*** RIVER *** [Kh 4s 2h 7d] [6h]
*** SHOW DOWN ***
Mahu2021: shows [Qh Jd] (high card King)
pwsurfer: shows [Js Ac] (high card Ace)
pwsurfer collected 370 from pot
Mahu2021 finished the tournament in 3rd place
*** SUMMARY ***
Total pot 370 | Rake 0 
Board [Kh 4s 2h 7d 6h]
Seat 1: pwsurfer (button) showed [Js Ac] and won (370) with high card Ace
Seat 2: bena25 (small blind) folded before Flop
Seat 3: Mahu2021 (big blind) showed [Qh Jd] and lost with high card King



