PokerStars Hand #246148293673: Tournament #3649339801, $0.92+$0.08 USD Hold'em No Limit - Level I (10/20) - 2023/09/24 10:38:05 CET [2023/09/24 4:38:05 ET]
Table '3649339801 1' 3-max Seat #1 is the button
Seat 1: Mahu2021 (500 in chips) 
Seat 2: drapiezni183 (500 in chips) 
Seat 3: tatybp (500 in chips) 
drapiezni183: posts small blind 10
tatybp: posts big blind 20
*** HOLE CARDS ***
Dealt to Mahu2021 [4d Kh]
Mahu2021: folds 
drapiezni183: calls 10
tatybp: checks 
*** FLOP *** [6c 5h 3h]
drapiezni183: bets 20
tatybp: raises 20 to 40
drapiezni183: calls 20
*** TURN *** [6c 5h 3h] [6h]
drapiezni183: checks 
tatybp: checks 
*** RIVER *** [6c 5h 3h 6h] [9h]
drapiezni183: checks 
tatybp: bets 60
drapiezni183: folds 
Uncalled bet (60) returned to tatybp
tatybp collected 120 from pot
tatybp: doesn't show hand 
*** SUMMARY ***
Total pot 120 | Rake 0 
Board [6c 5h 3h 6h 9h]
Seat 1: Mahu2021 (button) folded before Flop (didn't bet)
Seat 2: drapiezni183 (small blind) folded on the River
Seat 3: tatybp (big blind) collected (120)



PokerStars Hand #246148297157: Tournament #3649339801, $0.92+$0.08 USD Hold'em No Limit - Level I (10/20) - 2023/09/24 10:38:32 CET [2023/09/24 4:38:32 ET]
Table '3649339801 1' 3-max Seat #2 is the button
Seat 1: Mahu2021 (500 in chips) 
Seat 2: drapiezni183 (440 in chips) 
Seat 3: tatybp (560 in chips) 
tatybp: posts small blind 10
Mahu2021: posts big blind 20
*** HOLE CARDS ***
Dealt to Mahu2021 [Jc 6s]
drapiezni183: calls 20
tatybp: raises 40 to 60
Mahu2021: folds 
drapiezni183: calls 40
*** FLOP *** [6d Ac Kc]
tatybp: checks 
drapiezni183: bets 70
tatybp: folds 
Uncalled bet (70) returned to drapiezni183
drapiezni183 collected 140 from pot
drapiezni183: doesn't show hand 
*** SUMMARY ***
Total pot 140 | Rake 0 
Board [6d Ac Kc]
Seat 1: Mahu2021 (big blind) folded before Flop
Seat 2: drapiezni183 (button) collected (140)
Seat 3: tatybp (small blind) folded on the Flop



PokerStars Hand #246148299673: Tournament #3649339801, $0.92+$0.08 USD Hold'em No Limit - Level I (10/20) - 2023/09/24 10:38:52 CET [2023/09/24 4:38:52 ET]
Table '3649339801 1' 3-max Seat #3 is the button
Seat 1: Mahu2021 (480 in chips) 
Seat 2: drapiezni183 (520 in chips) 
Seat 3: tatybp (500 in chips) 
Mahu2021: posts small blind 10
drapiezni183: posts big blind 20
*** HOLE CARDS ***
Dealt to Mahu2021 [4s 7d]
tatybp: raises 20 to 40
Mahu2021: folds 
drapiezni183: folds 
Uncalled bet (20) returned to tatybp
tatybp collected 50 from pot
tatybp: doesn't show hand 
*** SUMMARY ***
Total pot 50 | Rake 0 
Seat 1: Mahu2021 (small blind) folded before Flop
Seat 2: drapiezni183 (big blind) folded before Flop
Seat 3: tatybp (button) collected (50)



PokerStars Hand #246148300623: Tournament #3649339801, $0.92+$0.08 USD Hold'em No Limit - Level I (10/20) - 2023/09/24 10:38:59 CET [2023/09/24 4:38:59 ET]
Table '3649339801 1' 3-max Seat #1 is the button
Seat 1: Mahu2021 (470 in chips) 
Seat 2: drapiezni183 (500 in chips) 
Seat 3: tatybp (530 in chips) 
drapiezni183: posts small blind 10
tatybp: posts big blind 20
*** HOLE CARDS ***
Dealt to Mahu2021 [3h 8c]
Mahu2021: folds 
drapiezni183: calls 10
tatybp: checks 
*** FLOP *** [Kc 7c 9c]
drapiezni183: bets 20
tatybp: raises 20 to 40
drapiezni183: calls 20
*** TURN *** [Kc 7c 9c] [4c]
drapiezni183: checks 
tatybp: bets 60
drapiezni183: folds 
Uncalled bet (60) returned to tatybp
tatybp collected 120 from pot
tatybp: doesn't show hand 
*** SUMMARY ***
Total pot 120 | Rake 0 
Board [Kc 7c 9c 4c]
Seat 1: Mahu2021 (button) folded before Flop (didn't bet)
Seat 2: drapiezni183 (small blind) folded on the Turn
Seat 3: tatybp (big blind) collected (120)



PokerStars Hand #246148303308: Tournament #3649339801, $0.92+$0.08 USD Hold'em No Limit - Level I (10/20) - 2023/09/24 10:39:20 CET [2023/09/24 4:39:20 ET]
Table '3649339801 1' 3-max Seat #2 is the button
Seat 1: Mahu2021 (470 in chips) 
Seat 2: drapiezni183 (440 in chips) 
Seat 3: tatybp (590 in chips) 
tatybp: posts small blind 10
Mahu2021: posts big blind 20
*** HOLE CARDS ***
Dealt to Mahu2021 [Jh 8c]
drapiezni183: folds 
tatybp: calls 10
Mahu2021: checks 
*** FLOP *** [Qh Qc 8s]
tatybp: checks 
Mahu2021: bets 40
tatybp: calls 40
*** TURN *** [Qh Qc 8s] [Kh]
tatybp: checks 
Mahu2021: checks 
*** RIVER *** [Qh Qc 8s Kh] [Js]
tatybp: bets 80
Mahu2021: calls 80
*** SHOW DOWN ***
tatybp: shows [5c 7d] (a pair of Queens)
Mahu2021: shows [Jh 8c] (two pair, Queens and Jacks)
Mahu2021 collected 280 from pot
*** SUMMARY ***
Total pot 280 | Rake 0 
Board [Qh Qc 8s Kh Js]
Seat 1: Mahu2021 (big blind) showed [Jh 8c] and won (280) with two pair, Queens and Jacks
Seat 2: drapiezni183 (button) folded before Flop (didn't bet)
Seat 3: tatybp (small blind) showed [5c 7d] and lost with a pair of Queens



PokerStars Hand #246148306654: Tournament #3649339801, $0.92+$0.08 USD Hold'em No Limit - Level I (10/20) - 2023/09/24 10:39:46 CET [2023/09/24 4:39:46 ET]
Table '3649339801 1' 3-max Seat #3 is the button
Seat 1: Mahu2021 (610 in chips) 
Seat 2: drapiezni183 (440 in chips) 
Seat 3: tatybp (450 in chips) 
Mahu2021: posts small blind 10
drapiezni183: posts big blind 20
*** HOLE CARDS ***
Dealt to Mahu2021 [9h As]
tatybp: raises 20 to 40
Mahu2021: calls 30
drapiezni183: calls 20
*** FLOP *** [2d Th 8s]
Mahu2021: checks 
drapiezni183: checks 
tatybp: bets 36
Mahu2021: folds 
drapiezni183: folds 
Uncalled bet (36) returned to tatybp
tatybp collected 120 from pot
tatybp: doesn't show hand 
*** SUMMARY ***
Total pot 120 | Rake 0 
Board [2d Th 8s]
Seat 1: Mahu2021 (small blind) folded on the Flop
Seat 2: drapiezni183 (big blind) folded on the Flop
Seat 3: tatybp (button) collected (120)



PokerStars Hand #246148309388: Tournament #3649339801, $0.92+$0.08 USD Hold'em No Limit - Level I (10/20) - 2023/09/24 10:40:07 CET [2023/09/24 4:40:07 ET]
Table '3649339801 1' 3-max Seat #1 is the button
Seat 1: Mahu2021 (570 in chips) 
Seat 2: drapiezni183 (400 in chips) 
Seat 3: tatybp (530 in chips) 
drapiezni183: posts small blind 10
tatybp: posts big blind 20
*** HOLE CARDS ***
Dealt to Mahu2021 [Kc Js]
Mahu2021: raises 20 to 40
drapiezni183: folds 
tatybp: calls 20
*** FLOP *** [Kd 8c 3s]
tatybp: checks 
Mahu2021: bets 90
tatybp: folds 
Uncalled bet (90) returned to Mahu2021
Mahu2021 collected 90 from pot
Mahu2021: doesn't show hand 
*** SUMMARY ***
Total pot 90 | Rake 0 
Board [Kd 8c 3s]
Seat 1: Mahu2021 (button) collected (90)
Seat 2: drapiezni183 (small blind) folded before Flop
Seat 3: tatybp (big blind) folded on the Flop



PokerStars Hand #246148311655: Tournament #3649339801, $0.92+$0.08 USD Hold'em No Limit - Level I (10/20) - 2023/09/24 10:40:24 CET [2023/09/24 4:40:24 ET]
Table '3649339801 1' 3-max Seat #2 is the button
Seat 1: Mahu2021 (620 in chips) 
Seat 2: drapiezni183 (390 in chips) 
Seat 3: tatybp (490 in chips) 
tatybp: posts small blind 10
Mahu2021: posts big blind 20
*** HOLE CARDS ***
Dealt to Mahu2021 [Kh Qc]
drapiezni183: raises 20 to 40
tatybp: calls 30
Mahu2021: calls 20
*** FLOP *** [6c Ks Td]
tatybp: checks 
Mahu2021: bets 120
drapiezni183: calls 120
tatybp: folds 
*** TURN *** [6c Ks Td] [Qs]
Mahu2021: bets 460 and is all-in
drapiezni183: folds 
Uncalled bet (460) returned to Mahu2021
Mahu2021 collected 360 from pot
Mahu2021: doesn't show hand 
*** SUMMARY ***
Total pot 360 | Rake 0 
Board [6c Ks Td Qs]
Seat 1: Mahu2021 (big blind) collected (360)
Seat 2: drapiezni183 (button) folded on the Turn
Seat 3: tatybp (small blind) folded on the Flop



PokerStars Hand #246148315032: Tournament #3649339801, $0.92+$0.08 USD Hold'em No Limit - Level I (10/20) - 2023/09/24 10:40:49 CET [2023/09/24 4:40:49 ET]
Table '3649339801 1' 3-max Seat #3 is the button
Seat 1: Mahu2021 (820 in chips) 
Seat 2: drapiezni183 (230 in chips) 
Seat 3: tatybp (450 in chips) 
Mahu2021: posts small blind 10
drapiezni183: posts big blind 20
*** HOLE CARDS ***
Dealt to Mahu2021 [9s Kc]
tatybp: raises 20 to 40
Mahu2021: calls 30
drapiezni183: folds 
*** FLOP *** [Kh 5c Qh]
Mahu2021: checks 
tatybp: checks 
*** TURN *** [Kh 5c Qh] [Td]
Mahu2021: checks 
tatybp: checks 
*** RIVER *** [Kh 5c Qh Td] [Qs]
Mahu2021: checks 
tatybp: checks 
*** SHOW DOWN ***
Mahu2021: shows [9s Kc] (two pair, Kings and Queens)
tatybp: mucks hand 
Mahu2021 collected 100 from pot
*** SUMMARY ***
Total pot 100 | Rake 0 
Board [Kh 5c Qh Td Qs]
Seat 1: Mahu2021 (small blind) showed [9s Kc] and won (100) with two pair, Kings and Queens
Seat 2: drapiezni183 (big blind) folded before Flop
Seat 3: tatybp (button) mucked [7h 3h]



PokerStars Hand #246148319194: Tournament #3649339801, $0.92+$0.08 USD Hold'em No Limit - Level II (15/30) - 2023/09/24 10:41:20 CET [2023/09/24 4:41:20 ET]
Table '3649339801 1' 3-max Seat #1 is the button
Seat 1: Mahu2021 (880 in chips) 
Seat 2: drapiezni183 (210 in chips) 
Seat 3: tatybp (410 in chips) 
drapiezni183: posts small blind 15
tatybp: posts big blind 30
*** HOLE CARDS ***
Dealt to Mahu2021 [8s 5s]
Mahu2021: folds 
drapiezni183: calls 15
tatybp: raises 30 to 60
drapiezni183: calls 30
*** FLOP *** [Kc Ad 8d]
drapiezni183: checks 
tatybp: bets 60
drapiezni183: folds 
Uncalled bet (60) returned to tatybp
tatybp collected 120 from pot
tatybp: doesn't show hand 
*** SUMMARY ***
Total pot 120 | Rake 0 
Board [Kc Ad 8d]
Seat 1: Mahu2021 (button) folded before Flop (didn't bet)
Seat 2: drapiezni183 (small blind) folded on the Flop
Seat 3: tatybp (big blind) collected (120)



PokerStars Hand #246148321513: Tournament #3649339801, $0.92+$0.08 USD Hold'em No Limit - Level II (15/30) - 2023/09/24 10:41:38 CET [2023/09/24 4:41:38 ET]
Table '3649339801 1' 3-max Seat #2 is the button
Seat 1: Mahu2021 (880 in chips) 
Seat 2: drapiezni183 (150 in chips) 
Seat 3: tatybp (470 in chips) 
tatybp: posts small blind 15
Mahu2021: posts big blind 30
*** HOLE CARDS ***
Dealt to Mahu2021 [8s 2c]
drapiezni183: raises 120 to 150 and is all-in
tatybp: folds 
Mahu2021: folds 
Uncalled bet (120) returned to drapiezni183
drapiezni183 collected 75 from pot
drapiezni183: doesn't show hand 
*** SUMMARY ***
Total pot 75 | Rake 0 
Seat 1: Mahu2021 (big blind) folded before Flop
Seat 2: drapiezni183 (button) collected (75)
Seat 3: tatybp (small blind) folded before Flop



PokerStars Hand #246148322479: Tournament #3649339801, $0.92+$0.08 USD Hold'em No Limit - Level II (15/30) - 2023/09/24 10:41:45 CET [2023/09/24 4:41:45 ET]
Table '3649339801 1' 3-max Seat #3 is the button
Seat 1: Mahu2021 (850 in chips) 
Seat 2: drapiezni183 (195 in chips) 
Seat 3: tatybp (455 in chips) 
Mahu2021: posts small blind 15
drapiezni183: posts big blind 30
*** HOLE CARDS ***
Dealt to Mahu2021 [Ad Kh]
tatybp: raises 30 to 60
Mahu2021: raises 150 to 210
drapiezni183: folds 
tatybp: folds 
Uncalled bet (150) returned to Mahu2021
Mahu2021 collected 150 from pot
Mahu2021: doesn't show hand 
*** SUMMARY ***
Total pot 150 | Rake 0 
Seat 1: Mahu2021 (small blind) collected (150)
Seat 2: drapiezni183 (big blind) folded before Flop
Seat 3: tatybp (button) folded before Flop



PokerStars Hand #246148324419: Tournament #3649339801, $0.92+$0.08 USD Hold'em No Limit - Level II (15/30) - 2023/09/24 10:42:00 CET [2023/09/24 4:42:00 ET]
Table '3649339801 1' 3-max Seat #1 is the button
Seat 1: Mahu2021 (940 in chips) 
Seat 2: drapiezni183 (165 in chips) 
Seat 3: tatybp (395 in chips) 
drapiezni183: posts small blind 15
tatybp: posts big blind 30
*** HOLE CARDS ***
Dealt to Mahu2021 [6d 6c]
Mahu2021: calls 30
drapiezni183: raises 135 to 165 and is all-in
tatybp: raises 230 to 395 and is all-in
Mahu2021: folds 
Uncalled bet (230) returned to tatybp
*** FLOP *** [Ts Jc 2s]
*** TURN *** [Ts Jc 2s] [Td]
*** RIVER *** [Ts Jc 2s Td] [Ks]
*** SHOW DOWN ***
drapiezni183: shows [9d 8d] (a pair of Tens)
tatybp: shows [8h Ac] (a pair of Tens - Ace kicker)
tatybp collected 360 from pot
drapiezni183 finished the tournament in 3rd place
*** SUMMARY ***
Total pot 360 | Rake 0 
Board [Ts Jc 2s Td Ks]
Seat 1: Mahu2021 (button) folded before Flop
Seat 2: drapiezni183 (small blind) showed [9d 8d] and lost with a pair of Tens
Seat 3: tatybp (big blind) showed [8h Ac] and won (360) with a pair of Tens



PokerStars Hand #246148327462: Tournament #3649339801, $0.92+$0.08 USD Hold'em No Limit - Level II (15/30) - 2023/09/24 10:42:22 CET [2023/09/24 4:42:22 ET]
Table '3649339801 1' 3-max Seat #3 is the button
Seat 1: Mahu2021 (910 in chips) 
Seat 3: tatybp (590 in chips) 
tatybp: posts small blind 15
Mahu2021: posts big blind 30
*** HOLE CARDS ***
Dealt to Mahu2021 [Kh 4c]
tatybp: raises 30 to 60
Mahu2021: calls 30
*** FLOP *** [Jh Tc Jd]
Mahu2021: checks 
tatybp: checks 
*** TURN *** [Jh Tc Jd] [Jc]
Mahu2021: checks 
tatybp: checks 
*** RIVER *** [Jh Tc Jd Jc] [As]
Mahu2021: bets 30
tatybp: folds 
Uncalled bet (30) returned to Mahu2021
Mahu2021 collected 120 from pot
Mahu2021: doesn't show hand 
*** SUMMARY ***
Total pot 120 | Rake 0 
Board [Jh Tc Jd Jc As]
Seat 1: Mahu2021 (big blind) collected (120)
Seat 3: tatybp (button) (small blind) folded on the River



PokerStars Hand #246148329997: Tournament #3649339801, $0.92+$0.08 USD Hold'em No Limit - Level II (15/30) - 2023/09/24 10:42:41 CET [2023/09/24 4:42:41 ET]
Table '3649339801 1' 3-max Seat #1 is the button
Seat 1: Mahu2021 (970 in chips) 
Seat 3: tatybp (530 in chips) 
Mahu2021: posts small blind 15
tatybp: posts big blind 30
*** HOLE CARDS ***
Dealt to Mahu2021 [3h Qd]
Mahu2021: calls 15
tatybp: checks 
*** FLOP *** [8c 3d 7c]
tatybp: checks 
Mahu2021: bets 30
tatybp: folds 
Uncalled bet (30) returned to Mahu2021
Mahu2021 collected 60 from pot
Mahu2021: doesn't show hand 
*** SUMMARY ***
Total pot 60 | Rake 0 
Board [8c 3d 7c]
Seat 1: Mahu2021 (button) (small blind) collected (60)
Seat 3: tatybp (big blind) folded on the Flop



PokerStars Hand #246148331685: Tournament #3649339801, $0.92+$0.08 USD Hold'em No Limit - Level II (15/30) - 2023/09/24 10:42:53 CET [2023/09/24 4:42:53 ET]
Table '3649339801 1' 3-max Seat #3 is the button
Seat 1: Mahu2021 (1000 in chips) 
Seat 3: tatybp (500 in chips) 
tatybp: posts small blind 15
Mahu2021: posts big blind 30
*** HOLE CARDS ***
Dealt to Mahu2021 [5d 3s]
tatybp: raises 30 to 60
Mahu2021: folds 
Uncalled bet (30) returned to tatybp
tatybp collected 60 from pot
tatybp: doesn't show hand 
*** SUMMARY ***
Total pot 60 | Rake 0 
Seat 1: Mahu2021 (big blind) folded before Flop
Seat 3: tatybp (button) (small blind) collected (60)



PokerStars Hand #246148332500: Tournament #3649339801, $0.92+$0.08 USD Hold'em No Limit - Level II (15/30) - 2023/09/24 10:43:00 CET [2023/09/24 4:43:00 ET]
Table '3649339801 1' 3-max Seat #1 is the button
Seat 1: Mahu2021 (970 in chips) 
Seat 3: tatybp (530 in chips) 
Mahu2021: posts small blind 15
tatybp: posts big blind 30
*** HOLE CARDS ***
Dealt to Mahu2021 [4s 9c]
Mahu2021: folds 
Uncalled bet (15) returned to tatybp
tatybp collected 30 from pot
tatybp: doesn't show hand 
*** SUMMARY ***
Total pot 30 | Rake 0 
Seat 1: Mahu2021 (button) (small blind) folded before Flop
Seat 3: tatybp (big blind) collected (30)



PokerStars Hand #246148333071: Tournament #3649339801, $0.92+$0.08 USD Hold'em No Limit - Level II (15/30) - 2023/09/24 10:43:04 CET [2023/09/24 4:43:04 ET]
Table '3649339801 1' 3-max Seat #3 is the button
Seat 1: Mahu2021 (955 in chips) 
Seat 3: tatybp (545 in chips) 
tatybp: posts small blind 15
Mahu2021: posts big blind 30
*** HOLE CARDS ***
Dealt to Mahu2021 [Kc 8c]
tatybp: raises 30 to 60
Mahu2021: calls 30
*** FLOP *** [2c 2s 8s]
Mahu2021: bets 895 and is all-in
tatybp: calls 485 and is all-in
Uncalled bet (410) returned to Mahu2021
*** TURN *** [2c 2s 8s] [7d]
*** RIVER *** [2c 2s 8s 7d] [6d]
*** SHOW DOWN ***
Mahu2021: shows [Kc 8c] (two pair, Eights and Deuces)
tatybp: shows [Ts 6s] (two pair, Sixes and Deuces)
Mahu2021 collected 1090 from pot
tatybp finished the tournament in 2nd place
Mahu2021 wins the tournament and receives $3.00 - congratulations!
*** SUMMARY ***
Total pot 1090 | Rake 0 
Board [2c 2s 8s 7d 6d]
Seat 1: Mahu2021 (big blind) showed [Kc 8c] and won (1090) with two pair, Eights and Deuces
Seat 3: tatybp (button) (small blind) showed [Ts 6s] and lost with two pair, Sixes and Deuces



