PokerStars Hand #248784933667: Tournament #3713527481, $1.84+$0.16 USD Hold'em No Limit - Level I (10/20) - 2024/02/09 21:53:31 CET [2024/02/09 15:53:31 ET]
Table '3713527481 1' 3-max Seat #1 is the button
Seat 1: jovac2811 (500 in chips) 
Seat 2: Mahu2021 (500 in chips) 
Seat 3: raquel7saltos (500 in chips) 
Mahu2021: posts small blind 10
raquel7saltos: posts big blind 20
*** HOLE CARDS ***
Dealt to Mahu2021 [6h 8d]
jovac2811: raises 20 to 40
Mahu2021: folds 
raquel7saltos: calls 20
*** FLOP *** [Td 7c 3d]
raquel7saltos: bets 20
jovac2811: raises 86 to 106
raquel7saltos: calls 86
*** TURN *** [Td 7c 3d] [Kh]
raquel7saltos: checks 
jovac2811: bets 151
raquel7saltos: calls 151
*** RIVER *** [Td 7c 3d Kh] [2s]
raquel7saltos: checks 
jovac2811: bets 203 and is all-in
raquel7saltos: calls 203 and is all-in
*** SHOW DOWN ***
jovac2811: shows [9c 9d] (a pair of Nines)
raquel7saltos: shows [3h Ts] (two pair, Tens and Threes)
raquel7saltos collected 1010 from pot
jovac2811 finished the tournament in 3rd place
*** SUMMARY ***
Total pot 1010 | Rake 0 
Board [Td 7c 3d Kh 2s]
Seat 1: jovac2811 (button) showed [9c 9d] and lost with a pair of Nines
Seat 2: Mahu2021 (small blind) folded before Flop
Seat 3: raquel7saltos (big blind) showed [3h Ts] and won (1010) with two pair, Tens and Threes



PokerStars Hand #248784949232: Tournament #3713527481, $1.84+$0.16 USD Hold'em No Limit - Level I (10/20) - 2024/02/09 21:54:13 CET [2024/02/09 15:54:13 ET]
Table '3713527481 1' 3-max Seat #3 is the button
Seat 2: Mahu2021 (490 in chips) 
Seat 3: raquel7saltos (1010 in chips) 
raquel7saltos: posts small blind 10
Mahu2021: posts big blind 20
*** HOLE CARDS ***
Dealt to Mahu2021 [2s 8h]
raquel7saltos: calls 10
Mahu2021: checks 
*** FLOP *** [3d 4s 8c]
Mahu2021: bets 20
raquel7saltos: calls 20
*** TURN *** [3d 4s 8c] [7d]
Mahu2021: bets 20
raquel7saltos: calls 20
*** RIVER *** [3d 4s 8c 7d] [Kc]
Mahu2021: bets 20
raquel7saltos: calls 20
*** SHOW DOWN ***
Mahu2021: shows [2s 8h] (a pair of Eights)
raquel7saltos: mucks hand 
Mahu2021 collected 160 from pot
*** SUMMARY ***
Total pot 160 | Rake 0 
Board [3d 4s 8c 7d Kc]
Seat 2: Mahu2021 (big blind) showed [2s 8h] and won (160) with a pair of Eights
Seat 3: raquel7saltos (button) (small blind) mucked [7s Qs]



PokerStars Hand #248784956939: Tournament #3713527481, $1.84+$0.16 USD Hold'em No Limit - Level I (10/20) - 2024/02/09 21:54:34 CET [2024/02/09 15:54:34 ET]
Table '3713527481 1' 3-max Seat #2 is the button
Seat 2: Mahu2021 (570 in chips) 
Seat 3: raquel7saltos (930 in chips) 
Mahu2021: posts small blind 10
raquel7saltos: posts big blind 20
*** HOLE CARDS ***
Dealt to Mahu2021 [Jh Ah]
Mahu2021: raises 40 to 60
raquel7saltos: raises 120 to 180
Mahu2021: raises 390 to 570 and is all-in
raquel7saltos: calls 390
*** FLOP *** [4s 3d 8d]
*** TURN *** [4s 3d 8d] [7h]
*** RIVER *** [4s 3d 8d 7h] [2h]
*** SHOW DOWN ***
raquel7saltos: shows [4d 4c] (three of a kind, Fours)
Mahu2021: shows [Jh Ah] (high card Ace)
raquel7saltos collected 1140 from pot
Mahu2021 finished the tournament in 2nd place
raquel7saltos wins the tournament and receives $6.00 - congratulations!
*** SUMMARY ***
Total pot 1140 | Rake 0 
Board [4s 3d 8d 7h 2h]
Seat 2: Mahu2021 (button) (small blind) showed [Jh Ah] and lost with high card Ace
Seat 3: raquel7saltos (big blind) showed [4d 4c] and won (1140) with three of a kind, Fours



