PokerStars Hand #253001778738: Tournament #3809579207, $1.40+$0.10 USD Hold'em No Limit - Level I (50/100) - 2024/10/19 16:07:16 CET [2024/10/19 10:07:16 ET]
Table '3809579207 12' 8-max Seat #6 is the button
Seat 1: kwikFish22 (12280 in chips) 
Seat 2: Mahu2021 (10000 in chips) 
Seat 3: Cr!T!cL (9800 in chips) 
Seat 4: Ace_Pasty (10120 in chips) 
Seat 5: mwmcc (9700 in chips) 
Seat 6: OlegMX (19940 in chips) 
Seat 7: MasterDanin (8000 in chips) 
Seat 8: SeldomSoft (9750 in chips) 
kwikFish22: posts the ante 10
Mahu2021: posts the ante 10
Cr!T!cL: posts the ante 10
Ace_Pasty: posts the ante 10
mwmcc: posts the ante 10
OlegMX: posts the ante 10
MasterDanin: posts the ante 10
SeldomSoft: posts the ante 10
MasterDanin: posts small blind 50
SeldomSoft: posts big blind 100
*** HOLE CARDS ***
Dealt to Mahu2021 [7d Kh]
kwikFish22: folds 
Mahu2021: folds 
Cr!T!cL: folds 
Ace_Pasty: raises 100 to 200
mwmcc: folds 
OlegMX: folds 
MasterDanin: raises 100 to 300
SeldomSoft: calls 200
Ace_Pasty: calls 100
*** FLOP *** [Ts 9s 3s]
MasterDanin: bets 490
SeldomSoft: folds 
Ace_Pasty: calls 490
*** TURN *** [Ts 9s 3s] [Jd]
MasterDanin: bets 980
Ace_Pasty: folds 
Uncalled bet (980) returned to MasterDanin
MasterDanin collected 1960 from pot
*** SUMMARY ***
Total pot 1960 | Rake 0 
Board [Ts 9s 3s Jd]
Seat 1: kwikFish22 folded before Flop (didn't bet)
Seat 2: Mahu2021 folded before Flop (didn't bet)
Seat 3: Cr!T!cL folded before Flop (didn't bet)
Seat 4: Ace_Pasty folded on the Turn
Seat 5: mwmcc folded before Flop (didn't bet)
Seat 6: OlegMX (button) folded before Flop (didn't bet)
Seat 7: MasterDanin (small blind) collected (1960)
Seat 8: SeldomSoft (big blind) folded on the Flop



PokerStars Hand #253001787495: Tournament #3809579207, $1.40+$0.10 USD Hold'em No Limit - Level II (75/150) - 2024/10/19 16:08:00 CET [2024/10/19 10:08:00 ET]
Table '3809579207 12' 8-max Seat #7 is the button
Seat 1: kwikFish22 (12270 in chips) 
Seat 2: Mahu2021 (9990 in chips) 
Seat 3: Cr!T!cL (9790 in chips) 
Seat 4: Ace_Pasty (9320 in chips) 
Seat 5: mwmcc (9690 in chips) 
Seat 6: OlegMX (19930 in chips) 
Seat 7: MasterDanin (9160 in chips) 
Seat 8: SeldomSoft (9440 in chips) 
kwikFish22: posts the ante 15
Mahu2021: posts the ante 15
Cr!T!cL: posts the ante 15
Ace_Pasty: posts the ante 15
mwmcc: posts the ante 15
OlegMX: posts the ante 15
MasterDanin: posts the ante 15
SeldomSoft: posts the ante 15
SeldomSoft: posts small blind 75
kwikFish22: posts big blind 150
*** HOLE CARDS ***
Dealt to Mahu2021 [6h 3d]
Mahu2021: folds 
Cr!T!cL: folds 
Ace_Pasty: folds 
mwmcc: folds 
OlegMX: folds 
MasterDanin: raises 150 to 300
SeldomSoft: folds 
kwikFish22: calls 150
*** FLOP *** [Ad 5s 2d]
kwikFish22: checks 
MasterDanin: bets 795
kwikFish22: folds 
Uncalled bet (795) returned to MasterDanin
MasterDanin collected 795 from pot
*** SUMMARY ***
Total pot 795 | Rake 0 
Board [Ad 5s 2d]
Seat 1: kwikFish22 (big blind) folded on the Flop
Seat 2: Mahu2021 folded before Flop (didn't bet)
Seat 3: Cr!T!cL folded before Flop (didn't bet)
Seat 4: Ace_Pasty folded before Flop (didn't bet)
Seat 5: mwmcc folded before Flop (didn't bet)
Seat 6: OlegMX folded before Flop (didn't bet)
Seat 7: MasterDanin (button) collected (795)
Seat 8: SeldomSoft (small blind) folded before Flop



PokerStars Hand #253001795049: Tournament #3809579207, $1.40+$0.10 USD Hold'em No Limit - Level II (75/150) - 2024/10/19 16:08:39 CET [2024/10/19 10:08:39 ET]
Table '3809579207 12' 8-max Seat #8 is the button
Seat 1: kwikFish22 (11955 in chips) 
Seat 2: Mahu2021 (9975 in chips) 
Seat 3: Cr!T!cL (9775 in chips) 
Seat 4: Ace_Pasty (9305 in chips) 
Seat 5: mwmcc (9675 in chips) 
Seat 6: OlegMX (19915 in chips) 
Seat 7: MasterDanin (9640 in chips) 
Seat 8: SeldomSoft (9350 in chips) 
kwikFish22: posts the ante 15
Mahu2021: posts the ante 15
Cr!T!cL: posts the ante 15
Ace_Pasty: posts the ante 15
mwmcc: posts the ante 15
OlegMX: posts the ante 15
MasterDanin: posts the ante 15
SeldomSoft: posts the ante 15
kwikFish22: posts small blind 75
Mahu2021: posts big blind 150
*** HOLE CARDS ***
Dealt to Mahu2021 [7s 3c]
Cr!T!cL: folds 
Ace_Pasty: folds 
mwmcc: folds 
OlegMX: folds 
MasterDanin: raises 495 to 645
SeldomSoft: folds 
kwikFish22: folds 
Mahu2021: folds 
Uncalled bet (495) returned to MasterDanin
MasterDanin collected 495 from pot
*** SUMMARY ***
Total pot 495 | Rake 0 
Seat 1: kwikFish22 (small blind) folded before Flop
Seat 2: Mahu2021 (big blind) folded before Flop
Seat 3: Cr!T!cL folded before Flop (didn't bet)
Seat 4: Ace_Pasty folded before Flop (didn't bet)
Seat 5: mwmcc folded before Flop (didn't bet)
Seat 6: OlegMX folded before Flop (didn't bet)
Seat 7: MasterDanin collected (495)
Seat 8: SeldomSoft (button) folded before Flop (didn't bet)



PokerStars Hand #253001800087: Tournament #3809579207, $1.40+$0.10 USD Hold'em No Limit - Level II (75/150) - 2024/10/19 16:09:04 CET [2024/10/19 10:09:04 ET]
Table '3809579207 12' 8-max Seat #1 is the button
Seat 1: kwikFish22 (11865 in chips) 
Seat 2: Mahu2021 (9810 in chips) 
Seat 3: Cr!T!cL (9760 in chips) 
Seat 4: Ace_Pasty (9290 in chips) 
Seat 5: mwmcc (9660 in chips) 
Seat 6: OlegMX (19900 in chips) 
Seat 7: MasterDanin (9970 in chips) 
Seat 8: SeldomSoft (9335 in chips) 
kwikFish22: posts the ante 15
Mahu2021: posts the ante 15
Cr!T!cL: posts the ante 15
Ace_Pasty: posts the ante 15
mwmcc: posts the ante 15
OlegMX: posts the ante 15
MasterDanin: posts the ante 15
SeldomSoft: posts the ante 15
Mahu2021: posts small blind 75
Cr!T!cL: posts big blind 150
*** HOLE CARDS ***
Dealt to Mahu2021 [4d Jh]
Ace_Pasty: folds 
mwmcc: folds 
OlegMX: folds 
MasterDanin: raises 495 to 645
SeldomSoft: folds 
kwikFish22: folds 
Mahu2021: folds 
Cr!T!cL: folds 
Uncalled bet (495) returned to MasterDanin
MasterDanin collected 495 from pot
*** SUMMARY ***
Total pot 495 | Rake 0 
Seat 1: kwikFish22 (button) folded before Flop (didn't bet)
Seat 2: Mahu2021 (small blind) folded before Flop
Seat 3: Cr!T!cL (big blind) folded before Flop
Seat 4: Ace_Pasty folded before Flop (didn't bet)
Seat 5: mwmcc folded before Flop (didn't bet)
Seat 6: OlegMX folded before Flop (didn't bet)
Seat 7: MasterDanin collected (495)
Seat 8: SeldomSoft folded before Flop (didn't bet)



PokerStars Hand #253001804744: Tournament #3809579207, $1.40+$0.10 USD Hold'em No Limit - Level II (75/150) - 2024/10/19 16:09:27 CET [2024/10/19 10:09:27 ET]
Table '3809579207 12' 8-max Seat #2 is the button
Seat 1: kwikFish22 (11850 in chips) 
Seat 2: Mahu2021 (9720 in chips) 
Seat 3: Cr!T!cL (9595 in chips) 
Seat 4: Ace_Pasty (9275 in chips) 
Seat 5: mwmcc (9645 in chips) 
Seat 6: OlegMX (19885 in chips) 
Seat 7: MasterDanin (10300 in chips) 
Seat 8: SeldomSoft (9320 in chips) 
kwikFish22: posts the ante 15
Mahu2021: posts the ante 15
Cr!T!cL: posts the ante 15
Ace_Pasty: posts the ante 15
mwmcc: posts the ante 15
OlegMX: posts the ante 15
MasterDanin: posts the ante 15
SeldomSoft: posts the ante 15
Cr!T!cL: posts small blind 75
Ace_Pasty: posts big blind 150
*** HOLE CARDS ***
Dealt to Mahu2021 [8d As]
mwmcc: folds 
OlegMX: folds 
MasterDanin: raises 495 to 645
SeldomSoft: folds 
kwikFish22: calls 645
Mahu2021: folds 
Cr!T!cL: folds 
Ace_Pasty: folds 
*** FLOP *** [5s 7c Jd]
MasterDanin: bets 1635
kwikFish22: folds 
Uncalled bet (1635) returned to MasterDanin
MasterDanin collected 1635 from pot
*** SUMMARY ***
Total pot 1635 | Rake 0 
Board [5s 7c Jd]
Seat 1: kwikFish22 folded on the Flop
Seat 2: Mahu2021 (button) folded before Flop (didn't bet)
Seat 3: Cr!T!cL (small blind) folded before Flop
Seat 4: Ace_Pasty (big blind) folded before Flop
Seat 5: mwmcc folded before Flop (didn't bet)
Seat 6: OlegMX folded before Flop (didn't bet)
Seat 7: MasterDanin collected (1635)
Seat 8: SeldomSoft folded before Flop (didn't bet)



PokerStars Hand #253001813645: Tournament #3809579207, $1.40+$0.10 USD Hold'em No Limit - Level II (75/150) - 2024/10/19 16:10:12 CET [2024/10/19 10:10:12 ET]
Table '3809579207 12' 8-max Seat #3 is the button
Seat 1: kwikFish22 (11190 in chips) 
Seat 2: Mahu2021 (9705 in chips) 
Seat 3: Cr!T!cL (9505 in chips) 
Seat 4: Ace_Pasty (9110 in chips) 
Seat 5: mwmcc (9630 in chips) 
Seat 6: OlegMX (19870 in chips) 
Seat 7: MasterDanin (11275 in chips) 
Seat 8: SeldomSoft (9305 in chips) 
kwikFish22: posts the ante 15
Mahu2021: posts the ante 15
Cr!T!cL: posts the ante 15
Ace_Pasty: posts the ante 15
mwmcc: posts the ante 15
OlegMX: posts the ante 15
MasterDanin: posts the ante 15
SeldomSoft: posts the ante 15
Ace_Pasty: posts small blind 75
mwmcc: posts big blind 150
*** HOLE CARDS ***
Dealt to Mahu2021 [Kc 8c]
OlegMX: folds 
MasterDanin: folds 
SeldomSoft: folds 
kwikFish22: folds 
Mahu2021: raises 150 to 300
Cr!T!cL: folds 
Ace_Pasty: folds 
mwmcc: folds 
Uncalled bet (150) returned to Mahu2021
Mahu2021 collected 495 from pot
Mahu2021: doesn't show hand 
*** SUMMARY ***
Total pot 495 | Rake 0 
Seat 1: kwikFish22 folded before Flop (didn't bet)
Seat 2: Mahu2021 collected (495)
Seat 3: Cr!T!cL (button) folded before Flop (didn't bet)
Seat 4: Ace_Pasty (small blind) folded before Flop
Seat 5: mwmcc (big blind) folded before Flop
Seat 6: OlegMX folded before Flop (didn't bet)
Seat 7: MasterDanin folded before Flop (didn't bet)
Seat 8: SeldomSoft folded before Flop (didn't bet)



PokerStars Hand #253001818099: Tournament #3809579207, $1.40+$0.10 USD Hold'em No Limit - Level II (75/150) - 2024/10/19 16:10:35 CET [2024/10/19 10:10:35 ET]
Table '3809579207 12' 8-max Seat #4 is the button
Seat 1: kwikFish22 (11175 in chips) 
Seat 2: Mahu2021 (10035 in chips) 
Seat 3: Cr!T!cL (9490 in chips) 
Seat 4: Ace_Pasty (9020 in chips) 
Seat 5: mwmcc (9465 in chips) 
Seat 6: OlegMX (19855 in chips) 
Seat 7: MasterDanin (11260 in chips) 
Seat 8: SeldomSoft (9290 in chips) 
kwikFish22: posts the ante 15
Mahu2021: posts the ante 15
Cr!T!cL: posts the ante 15
Ace_Pasty: posts the ante 15
mwmcc: posts the ante 15
OlegMX: posts the ante 15
MasterDanin: posts the ante 15
SeldomSoft: posts the ante 15
mwmcc: posts small blind 75
OlegMX: posts big blind 150
*** HOLE CARDS ***
Dealt to Mahu2021 [6h Ad]
MasterDanin: folds 
SeldomSoft: folds 
kwikFish22: raises 300 to 450
Mahu2021: folds 
Cr!T!cL: folds 
Ace_Pasty: calls 450
mwmcc: folds 
OlegMX: folds 
*** FLOP *** [Ac Jh 4c]
kwikFish22: bets 623
Ace_Pasty: folds 
Uncalled bet (623) returned to kwikFish22
kwikFish22 collected 1245 from pot
*** SUMMARY ***
Total pot 1245 | Rake 0 
Board [Ac Jh 4c]
Seat 1: kwikFish22 collected (1245)
Seat 2: Mahu2021 folded before Flop (didn't bet)
Seat 3: Cr!T!cL folded before Flop (didn't bet)
Seat 4: Ace_Pasty (button) folded on the Flop
Seat 5: mwmcc (small blind) folded before Flop
Seat 6: OlegMX (big blind) folded before Flop
Seat 7: MasterDanin folded before Flop (didn't bet)
Seat 8: SeldomSoft folded before Flop (didn't bet)



PokerStars Hand #253001822932: Tournament #3809579207, $1.40+$0.10 USD Hold'em No Limit - Level III (100/200) - 2024/10/19 16:10:59 CET [2024/10/19 10:10:59 ET]
Table '3809579207 12' 8-max Seat #5 is the button
Seat 1: kwikFish22 (11955 in chips) 
Seat 2: Mahu2021 (10020 in chips) 
Seat 3: Cr!T!cL (9475 in chips) 
Seat 4: Ace_Pasty (8555 in chips) 
Seat 5: mwmcc (9375 in chips) 
Seat 6: OlegMX (19690 in chips) 
Seat 7: MasterDanin (11245 in chips) 
Seat 8: SeldomSoft (9275 in chips) 
kwikFish22: posts the ante 20
Mahu2021: posts the ante 20
Cr!T!cL: posts the ante 20
Ace_Pasty: posts the ante 20
mwmcc: posts the ante 20
OlegMX: posts the ante 20
MasterDanin: posts the ante 20
SeldomSoft: posts the ante 20
OlegMX: posts small blind 100
MasterDanin: posts big blind 200
*** HOLE CARDS ***
Dealt to Mahu2021 [6c Kc]
SeldomSoft: folds 
kwikFish22: folds 
Mahu2021: folds 
Cr!T!cL: folds 
Ace_Pasty: raises 200 to 400
mwmcc: folds 
OlegMX: folds 
MasterDanin: raises 200 to 600
Ace_Pasty: calls 200
*** FLOP *** [2s 2c Qh]
MasterDanin: checks 
Ace_Pasty: bets 1060
MasterDanin: calls 1060
*** TURN *** [2s 2c Qh] [6s]
MasterDanin: checks 
Ace_Pasty: checks 
*** RIVER *** [2s 2c Qh 6s] [8d]
MasterDanin: bets 9565 and is all-in
Ace_Pasty: calls 6875 and is all-in
Uncalled bet (2690) returned to MasterDanin
*** SHOW DOWN ***
MasterDanin: shows [7c 9c] (a pair of Deuces)
Ace_Pasty: shows [Qd Td] (two pair, Queens and Deuces)
Ace_Pasty collected 17330 from pot
*** SUMMARY ***
Total pot 17330 | Rake 0 
Board [2s 2c Qh 6s 8d]
Seat 1: kwikFish22 folded before Flop (didn't bet)
Seat 2: Mahu2021 folded before Flop (didn't bet)
Seat 3: Cr!T!cL folded before Flop (didn't bet)
Seat 4: Ace_Pasty showed [Qd Td] and won (17330) with two pair, Queens and Deuces
Seat 5: mwmcc (button) folded before Flop (didn't bet)
Seat 6: OlegMX (small blind) folded before Flop
Seat 7: MasterDanin (big blind) showed [7c 9c] and lost with a pair of Deuces
Seat 8: SeldomSoft folded before Flop (didn't bet)



PokerStars Hand #253001834180: Tournament #3809579207, $1.40+$0.10 USD Hold'em No Limit - Level III (100/200) - 2024/10/19 16:11:57 CET [2024/10/19 10:11:57 ET]
Table '3809579207 12' 8-max Seat #6 is the button
Seat 1: kwikFish22 (11935 in chips) 
Seat 2: Mahu2021 (10000 in chips) 
Seat 3: Cr!T!cL (9455 in chips) 
Seat 4: Ace_Pasty (17330 in chips) 
Seat 5: mwmcc (9355 in chips) 
Seat 6: OlegMX (19570 in chips) 
Seat 7: MasterDanin (2690 in chips) 
Seat 8: SeldomSoft (9255 in chips) 
kwikFish22: posts the ante 20
Mahu2021: posts the ante 20
Cr!T!cL: posts the ante 20
Ace_Pasty: posts the ante 20
mwmcc: posts the ante 20
OlegMX: posts the ante 20
MasterDanin: posts the ante 20
SeldomSoft: posts the ante 20
MasterDanin: posts small blind 100
SeldomSoft: posts big blind 200
*** HOLE CARDS ***
Dealt to Mahu2021 [Ad Ts]
kwikFish22: folds 
Mahu2021: raises 200 to 400
Cr!T!cL: raises 600 to 1000
Ace_Pasty: folds 
mwmcc: folds 
OlegMX: folds 
MasterDanin: raises 600 to 1600
SeldomSoft: folds 
Mahu2021: folds 
Cr!T!cL: raises 7835 to 9435 and is all-in
MasterDanin: calls 1070 and is all-in
Uncalled bet (6765) returned to Cr!T!cL
*** FLOP *** [9h Kh 2h]
*** TURN *** [9h Kh 2h] [Th]
*** RIVER *** [9h Kh 2h Th] [9s]
*** SHOW DOWN ***
MasterDanin: shows [7d Ks] (two pair, Kings and Nines)
Cr!T!cL: shows [Qh Qc] (a flush, King high)
MasterDanin is disconnected 
Cr!T!cL collected 6100 from pot
MasterDanin finished the tournament
*** SUMMARY ***
Total pot 6100 | Rake 0 
Board [9h Kh 2h Th 9s]
Seat 1: kwikFish22 folded before Flop (didn't bet)
Seat 2: Mahu2021 folded before Flop
Seat 3: Cr!T!cL showed [Qh Qc] and won (6100) with a flush, King high
Seat 4: Ace_Pasty folded before Flop (didn't bet)
Seat 5: mwmcc folded before Flop (didn't bet)
Seat 6: OlegMX (button) folded before Flop (didn't bet)
Seat 7: MasterDanin (small blind) showed [7d Ks] and lost with two pair, Kings and Nines
Seat 8: SeldomSoft (big blind) folded before Flop



PokerStars Hand #253001842987: Tournament #3809579207, $1.40+$0.10 USD Hold'em No Limit - Level III (100/200) - 2024/10/19 16:12:42 CET [2024/10/19 10:12:42 ET]
Table '3809579207 12' 8-max Seat #8 is the button
Seat 1: kwikFish22 (11915 in chips) 
Seat 2: Mahu2021 (9580 in chips) 
Seat 3: Cr!T!cL (12865 in chips) 
Seat 4: Ace_Pasty (17310 in chips) 
Seat 5: mwmcc (9335 in chips) 
Seat 6: OlegMX (19550 in chips) 
Seat 8: SeldomSoft (9035 in chips) 
kwikFish22: posts the ante 20
Mahu2021: posts the ante 20
Cr!T!cL: posts the ante 20
Ace_Pasty: posts the ante 20
mwmcc: posts the ante 20
OlegMX: posts the ante 20
SeldomSoft: posts the ante 20
kwikFish22: posts small blind 100
Mahu2021: posts big blind 200
*** HOLE CARDS ***
Dealt to Mahu2021 [Th 8d]
Cr!T!cL: folds 
Ace_Pasty: folds 
mwmcc: folds 
OlegMX: folds 
SeldomSoft: folds 
kwikFish22: raises 400 to 600
Mahu2021: folds 
Uncalled bet (400) returned to kwikFish22
kwikFish22 collected 540 from pot
*** SUMMARY ***
Total pot 540 | Rake 0 
Seat 1: kwikFish22 (small blind) collected (540)
Seat 2: Mahu2021 (big blind) folded before Flop
Seat 3: Cr!T!cL folded before Flop (didn't bet)
Seat 4: Ace_Pasty folded before Flop (didn't bet)
Seat 5: mwmcc folded before Flop (didn't bet)
Seat 6: OlegMX folded before Flop (didn't bet)
Seat 8: SeldomSoft (button) folded before Flop (didn't bet)



PokerStars Hand #253001849771: Tournament #3809579207, $1.40+$0.10 USD Hold'em No Limit - Level III (100/200) - 2024/10/19 16:13:16 CET [2024/10/19 10:13:16 ET]
Table '3809579207 12' 8-max Seat #1 is the button
Seat 1: kwikFish22 (12235 in chips) 
Seat 2: Mahu2021 (9360 in chips) 
Seat 3: Cr!T!cL (12845 in chips) 
Seat 4: Ace_Pasty (17290 in chips) 
Seat 5: mwmcc (9315 in chips) 
Seat 6: OlegMX (19530 in chips) 
Seat 7: Aladzh0v (10000 in chips) 
Seat 8: SeldomSoft (9015 in chips) 
kwikFish22: posts the ante 20
Mahu2021: posts the ante 20
Cr!T!cL: posts the ante 20
Ace_Pasty: posts the ante 20
mwmcc: posts the ante 20
OlegMX: posts the ante 20
Aladzh0v: posts the ante 20
SeldomSoft: posts the ante 20
Mahu2021: posts small blind 100
Cr!T!cL: posts big blind 200
*** HOLE CARDS ***
Dealt to Mahu2021 [5s Kh]
Ace_Pasty: folds 
mwmcc: folds 
OlegMX: raises 200 to 400
Aladzh0v: raises 9580 to 9980 and is all-in
SeldomSoft: folds 
kwikFish22: folds 
Mahu2021: folds 
Cr!T!cL: folds 
OlegMX: folds 
Uncalled bet (9580) returned to Aladzh0v
Aladzh0v collected 1260 from pot
*** SUMMARY ***
Total pot 1260 | Rake 0 
Seat 1: kwikFish22 (button) folded before Flop (didn't bet)
Seat 2: Mahu2021 (small blind) folded before Flop
Seat 3: Cr!T!cL (big blind) folded before Flop
Seat 4: Ace_Pasty folded before Flop (didn't bet)
Seat 5: mwmcc folded before Flop (didn't bet)
Seat 6: OlegMX folded before Flop
Seat 7: Aladzh0v collected (1260)
Seat 8: SeldomSoft folded before Flop (didn't bet)



PokerStars Hand #253001855612: Tournament #3809579207, $1.40+$0.10 USD Hold'em No Limit - Level III (100/200) - 2024/10/19 16:13:46 CET [2024/10/19 10:13:46 ET]
Table '3809579207 12' 8-max Seat #2 is the button
Seat 1: kwikFish22 (12215 in chips) 
Seat 2: Mahu2021 (9240 in chips) 
Seat 3: Cr!T!cL (12625 in chips) 
Seat 4: Ace_Pasty (17270 in chips) 
Seat 5: mwmcc (9295 in chips) 
Seat 6: OlegMX (19110 in chips) 
Seat 7: Aladzh0v (10840 in chips) 
Seat 8: SeldomSoft (8995 in chips) 
kwikFish22: posts the ante 20
Mahu2021: posts the ante 20
Cr!T!cL: posts the ante 20
Ace_Pasty: posts the ante 20
mwmcc: posts the ante 20
OlegMX: posts the ante 20
Aladzh0v: posts the ante 20
SeldomSoft: posts the ante 20
Cr!T!cL: posts small blind 100
Ace_Pasty: posts big blind 200
*** HOLE CARDS ***
Dealt to Mahu2021 [Kc 3c]
mwmcc: folds 
OlegMX: folds 
Aladzh0v: folds 
SeldomSoft: folds 
kwikFish22: folds 
Mahu2021: raises 200 to 400
Cr!T!cL: folds 
Ace_Pasty: calls 200
*** FLOP *** [7c 5s 3h]
Ace_Pasty: checks 
Mahu2021: bets 400
Ace_Pasty: raises 930 to 1330
Mahu2021: calls 930
*** TURN *** [7c 5s 3h] [Kd]
Ace_Pasty: checks 
Mahu2021: bets 7490 and is all-in
Ace_Pasty: folds 
Uncalled bet (7490) returned to Mahu2021
Mahu2021 collected 3720 from pot
Mahu2021: doesn't show hand 
*** SUMMARY ***
Total pot 3720 | Rake 0 
Board [7c 5s 3h Kd]
Seat 1: kwikFish22 folded before Flop (didn't bet)
Seat 2: Mahu2021 (button) collected (3720)
Seat 3: Cr!T!cL (small blind) folded before Flop
Seat 4: Ace_Pasty (big blind) folded on the Turn
Seat 5: mwmcc folded before Flop (didn't bet)
Seat 6: OlegMX folded before Flop (didn't bet)
Seat 7: Aladzh0v folded before Flop (didn't bet)
Seat 8: SeldomSoft folded before Flop (didn't bet)



PokerStars Hand #253001864546: Tournament #3809579207, $1.40+$0.10 USD Hold'em No Limit - Level IV (150/300) - 2024/10/19 16:14:31 CET [2024/10/19 10:14:31 ET]
Table '3809579207 12' 8-max Seat #3 is the button
Seat 1: kwikFish22 (12195 in chips) 
Seat 2: Mahu2021 (11210 in chips) 
Seat 3: Cr!T!cL (12505 in chips) 
Seat 4: Ace_Pasty (15520 in chips) 
Seat 5: mwmcc (9275 in chips) 
Seat 6: OlegMX (19090 in chips) 
Seat 7: Aladzh0v (10820 in chips) 
Seat 8: SeldomSoft (8975 in chips) 
kwikFish22: posts the ante 30
Mahu2021: posts the ante 30
Cr!T!cL: posts the ante 30
Ace_Pasty: posts the ante 30
mwmcc: posts the ante 30
OlegMX: posts the ante 30
Aladzh0v: posts the ante 30
SeldomSoft: posts the ante 30
Ace_Pasty: posts small blind 150
mwmcc: posts big blind 300
*** HOLE CARDS ***
Dealt to Mahu2021 [Ts Qh]
OlegMX: folds 
Aladzh0v: raises 10490 to 10790 and is all-in
SeldomSoft: folds 
kwikFish22: folds 
Mahu2021: folds 
Cr!T!cL: folds 
Ace_Pasty: folds 
mwmcc: folds 
Uncalled bet (10490) returned to Aladzh0v
Aladzh0v collected 990 from pot
*** SUMMARY ***
Total pot 990 | Rake 0 
Seat 1: kwikFish22 folded before Flop (didn't bet)
Seat 2: Mahu2021 folded before Flop (didn't bet)
Seat 3: Cr!T!cL (button) folded before Flop (didn't bet)
Seat 4: Ace_Pasty (small blind) folded before Flop
Seat 5: mwmcc (big blind) folded before Flop
Seat 6: OlegMX folded before Flop (didn't bet)
Seat 7: Aladzh0v collected (990)
Seat 8: SeldomSoft folded before Flop (didn't bet)



PokerStars Hand #253001867869: Tournament #3809579207, $1.40+$0.10 USD Hold'em No Limit - Level IV (150/300) - 2024/10/19 16:14:48 CET [2024/10/19 10:14:48 ET]
Table '3809579207 12' 8-max Seat #4 is the button
Seat 1: kwikFish22 (12165 in chips) 
Seat 2: Mahu2021 (11180 in chips) 
Seat 3: Cr!T!cL (12475 in chips) 
Seat 4: Ace_Pasty (15340 in chips) 
Seat 5: mwmcc (8945 in chips) 
Seat 6: OlegMX (19060 in chips) 
Seat 7: Aladzh0v (11480 in chips) 
Seat 8: SeldomSoft (8945 in chips) 
kwikFish22: posts the ante 30
Mahu2021: posts the ante 30
Cr!T!cL: posts the ante 30
Ace_Pasty: posts the ante 30
mwmcc: posts the ante 30
OlegMX: posts the ante 30
Aladzh0v: posts the ante 30
SeldomSoft: posts the ante 30
mwmcc: posts small blind 150
OlegMX: posts big blind 300
*** HOLE CARDS ***
Dealt to Mahu2021 [5c 3s]
Aladzh0v: folds 
SeldomSoft: folds 
kwikFish22: raises 600 to 900
Mahu2021: folds 
Cr!T!cL: folds 
Ace_Pasty: folds 
mwmcc: folds 
OlegMX: folds 
Uncalled bet (600) returned to kwikFish22
kwikFish22 collected 990 from pot
*** SUMMARY ***
Total pot 990 | Rake 0 
Seat 1: kwikFish22 collected (990)
Seat 2: Mahu2021 folded before Flop (didn't bet)
Seat 3: Cr!T!cL folded before Flop (didn't bet)
Seat 4: Ace_Pasty (button) folded before Flop (didn't bet)
Seat 5: mwmcc (small blind) folded before Flop
Seat 6: OlegMX (big blind) folded before Flop
Seat 7: Aladzh0v folded before Flop (didn't bet)
Seat 8: SeldomSoft folded before Flop (didn't bet)



PokerStars Hand #253001872231: Tournament #3809579207, $1.40+$0.10 USD Hold'em No Limit - Level IV (150/300) - 2024/10/19 16:15:09 CET [2024/10/19 10:15:09 ET]
Table '3809579207 12' 8-max Seat #5 is the button
Seat 1: kwikFish22 (12825 in chips) 
Seat 2: Mahu2021 (11150 in chips) 
Seat 3: Cr!T!cL (12445 in chips) 
Seat 4: Ace_Pasty (15310 in chips) 
Seat 5: mwmcc (8765 in chips) 
Seat 6: OlegMX (18730 in chips) 
Seat 7: Aladzh0v (11450 in chips) 
Seat 8: SeldomSoft (8915 in chips) 
kwikFish22: posts the ante 30
Mahu2021: posts the ante 30
Cr!T!cL: posts the ante 30
Ace_Pasty: posts the ante 30
mwmcc: posts the ante 30
OlegMX: posts the ante 30
Aladzh0v: posts the ante 30
SeldomSoft: posts the ante 30
OlegMX: posts small blind 150
Aladzh0v: posts big blind 300
*** HOLE CARDS ***
Dealt to Mahu2021 [9c 8c]
SeldomSoft: folds 
kwikFish22: raises 600 to 900
Mahu2021: folds 
Cr!T!cL: folds 
Ace_Pasty: folds 
mwmcc: folds 
OlegMX: raises 1350 to 2250
Aladzh0v: folds 
kwikFish22: calls 1350
*** FLOP *** [Th Ks 6c]
OlegMX: checks 
kwikFish22: bets 2100
OlegMX: calls 2100
*** TURN *** [Th Ks 6c] [9h]
OlegMX: checks 
kwikFish22: checks 
*** RIVER *** [Th Ks 6c 9h] [4d]
OlegMX: bets 3450
kwikFish22: raises 4995 to 8445 and is all-in
OlegMX: calls 4995
*** SHOW DOWN ***
kwikFish22: shows [5d Ad] (high card Ace)
OlegMX: shows [Td Jc] (a pair of Tens)
OlegMX collected 26130 from pot
kwikFish22 finished the tournament
*** SUMMARY ***
Total pot 26130 | Rake 0 
Board [Th Ks 6c 9h 4d]
Seat 1: kwikFish22 showed [5d Ad] and lost with high card Ace
Seat 2: Mahu2021 folded before Flop (didn't bet)
Seat 3: Cr!T!cL folded before Flop (didn't bet)
Seat 4: Ace_Pasty folded before Flop (didn't bet)
Seat 5: mwmcc (button) folded before Flop (didn't bet)
Seat 6: OlegMX (small blind) showed [Td Jc] and won (26130) with a pair of Tens
Seat 7: Aladzh0v (big blind) folded before Flop
Seat 8: SeldomSoft folded before Flop (didn't bet)



PokerStars Hand #253001889712: Tournament #3809579207, $1.40+$0.10 USD Hold'em No Limit - Level IV (150/300) - 2024/10/19 16:16:35 CET [2024/10/19 10:16:35 ET]
Table '3809579207 12' 8-max Seat #6 is the button
Seat 2: Mahu2021 (11120 in chips) 
Seat 3: Cr!T!cL (12415 in chips) 
Seat 4: Ace_Pasty (15280 in chips) 
Seat 5: mwmcc (8735 in chips) 
Seat 6: OlegMX (32035 in chips) 
Seat 7: Aladzh0v (11120 in chips) 
Seat 8: SeldomSoft (8885 in chips) 
Mahu2021: posts the ante 30
Cr!T!cL: posts the ante 30
Ace_Pasty: posts the ante 30
mwmcc: posts the ante 30
OlegMX: posts the ante 30
Aladzh0v: posts the ante 30
SeldomSoft: posts the ante 30
Aladzh0v: posts small blind 150
SeldomSoft: posts big blind 300
*** HOLE CARDS ***
Dealt to Mahu2021 [Jd 6d]
Mahu2021: folds 
Cr!T!cL: folds 
Ace_Pasty: raises 300 to 600
mwmcc: folds 
OlegMX: folds 
Aladzh0v: folds 
SeldomSoft: calls 300
*** FLOP *** [Qc 3s 5c]
SeldomSoft: checks 
Ace_Pasty: bets 960
SeldomSoft: calls 960
*** TURN *** [Qc 3s 5c] [Kd]
SeldomSoft: checks 
Ace_Pasty: checks 
*** RIVER *** [Qc 3s 5c Kd] [6c]
SeldomSoft: checks 
Ace_Pasty: bets 1740
SeldomSoft: calls 1740
*** SHOW DOWN ***
Ace_Pasty: shows [As Qh] (a pair of Queens)
SeldomSoft: mucks hand 
Ace_Pasty collected 6960 from pot
*** SUMMARY ***
Total pot 6960 | Rake 0 
Board [Qc 3s 5c Kd 6c]
Seat 2: Mahu2021 folded before Flop (didn't bet)
Seat 3: Cr!T!cL folded before Flop (didn't bet)
Seat 4: Ace_Pasty showed [As Qh] and won (6960) with a pair of Queens
Seat 5: mwmcc folded before Flop (didn't bet)
Seat 6: OlegMX (button) folded before Flop (didn't bet)
Seat 7: Aladzh0v (small blind) folded before Flop
Seat 8: SeldomSoft (big blind) mucked [7h 7c]



PokerStars Hand #253001898561: Tournament #3809579207, $1.40+$0.10 USD Hold'em No Limit - Level V (200/400) - 2024/10/19 16:17:18 CET [2024/10/19 10:17:18 ET]
Table '3809579207 12' 8-max Seat #7 is the button
Seat 1: DKfeast (10000 in chips) 
Seat 2: Mahu2021 (11090 in chips) 
Seat 3: Cr!T!cL (12385 in chips) 
Seat 4: Ace_Pasty (18910 in chips) 
Seat 5: mwmcc (8705 in chips) 
Seat 6: OlegMX (32005 in chips) 
Seat 7: Aladzh0v (10940 in chips) 
Seat 8: SeldomSoft (5555 in chips) 
DKfeast: posts the ante 40
Mahu2021: posts the ante 40
Cr!T!cL: posts the ante 40
Ace_Pasty: posts the ante 40
mwmcc: posts the ante 40
OlegMX: posts the ante 40
Aladzh0v: posts the ante 40
SeldomSoft: posts the ante 40
SeldomSoft: posts small blind 200
DKfeast: posts big blind 400
*** HOLE CARDS ***
Dealt to Mahu2021 [3c Td]
Mahu2021: folds 
Cr!T!cL: folds 
Ace_Pasty: folds 
mwmcc: folds 
OlegMX: folds 
Aladzh0v: calls 400
SeldomSoft: calls 200
DKfeast: checks 
*** FLOP *** [9h 4c 5c]
SeldomSoft: checks 
DKfeast: checks 
Aladzh0v: checks 
*** TURN *** [9h 4c 5c] [5h]
SeldomSoft: checks 
DKfeast: bets 760
Aladzh0v: folds 
SeldomSoft: folds 
Uncalled bet (760) returned to DKfeast
DKfeast collected 1520 from pot
*** SUMMARY ***
Total pot 1520 | Rake 0 
Board [9h 4c 5c 5h]
Seat 1: DKfeast (big blind) collected (1520)
Seat 2: Mahu2021 folded before Flop (didn't bet)
Seat 3: Cr!T!cL folded before Flop (didn't bet)
Seat 4: Ace_Pasty folded before Flop (didn't bet)
Seat 5: mwmcc folded before Flop (didn't bet)
Seat 6: OlegMX folded before Flop (didn't bet)
Seat 7: Aladzh0v (button) folded on the Turn
Seat 8: SeldomSoft (small blind) folded on the Turn



PokerStars Hand #253001908858: Tournament #3809579207, $1.40+$0.10 USD Hold'em No Limit - Level V (200/400) - 2024/10/19 16:18:08 CET [2024/10/19 10:18:08 ET]
Table '3809579207 12' 8-max Seat #8 is the button
Seat 1: DKfeast (11080 in chips) 
Seat 2: Mahu2021 (11050 in chips) 
Seat 3: Cr!T!cL (12345 in chips) 
Seat 4: Ace_Pasty (18870 in chips) 
Seat 5: mwmcc (8665 in chips) 
Seat 6: OlegMX (31965 in chips) 
Seat 7: Aladzh0v (10500 in chips) 
Seat 8: SeldomSoft (5115 in chips) 
DKfeast: posts the ante 40
Mahu2021: posts the ante 40
Cr!T!cL: posts the ante 40
Ace_Pasty: posts the ante 40
mwmcc: posts the ante 40
OlegMX: posts the ante 40
Aladzh0v: posts the ante 40
SeldomSoft: posts the ante 40
DKfeast: posts small blind 200
Mahu2021: posts big blind 400
*** HOLE CARDS ***
Dealt to Mahu2021 [3d Jh]
Cr!T!cL: folds 
Ace_Pasty: folds 
mwmcc: raises 440 to 840
OlegMX: folds 
Aladzh0v: folds 
SeldomSoft: folds 
DKfeast: calls 640
Mahu2021: calls 440
*** FLOP *** [4d 2s Kd]
DKfeast: bets 1420
Mahu2021: folds 
mwmcc: folds 
Uncalled bet (1420) returned to DKfeast
DKfeast collected 2840 from pot
*** SUMMARY ***
Total pot 2840 | Rake 0 
Board [4d 2s Kd]
Seat 1: DKfeast (small blind) collected (2840)
Seat 2: Mahu2021 (big blind) folded on the Flop
Seat 3: Cr!T!cL folded before Flop (didn't bet)
Seat 4: Ace_Pasty folded before Flop (didn't bet)
Seat 5: mwmcc folded on the Flop
Seat 6: OlegMX folded before Flop (didn't bet)
Seat 7: Aladzh0v folded before Flop (didn't bet)
Seat 8: SeldomSoft (button) folded before Flop (didn't bet)



PokerStars Hand #253001916352: Tournament #3809579207, $1.40+$0.10 USD Hold'em No Limit - Level V (200/400) - 2024/10/19 16:18:44 CET [2024/10/19 10:18:44 ET]
Table '3809579207 12' 8-max Seat #1 is the button
Seat 1: DKfeast (13040 in chips) 
Seat 2: Mahu2021 (10170 in chips) 
Seat 3: Cr!T!cL (12305 in chips) 
Seat 4: Ace_Pasty (18830 in chips) 
Seat 5: mwmcc (7785 in chips) 
Seat 6: OlegMX (31925 in chips) 
Seat 7: Aladzh0v (10460 in chips) 
Seat 8: SeldomSoft (5075 in chips) 
DKfeast: posts the ante 40
Mahu2021: posts the ante 40
Cr!T!cL: posts the ante 40
Ace_Pasty: posts the ante 40
mwmcc: posts the ante 40
OlegMX: posts the ante 40
Aladzh0v: posts the ante 40
SeldomSoft: posts the ante 40
Mahu2021: posts small blind 200
Cr!T!cL: posts big blind 400
*** HOLE CARDS ***
Dealt to Mahu2021 [Jc Ks]
Ace_Pasty: calls 400
mwmcc: folds 
OlegMX: folds 
Aladzh0v: folds 
SeldomSoft: folds 
DKfeast: calls 400
Mahu2021: calls 200
Cr!T!cL: checks 
*** FLOP *** [Tc 5s Qd]
Mahu2021: checks 
Cr!T!cL: checks 
Ace_Pasty: checks 
DKfeast: checks 
*** TURN *** [Tc 5s Qd] [3c]
Mahu2021: checks 
Cr!T!cL: checks 
Ace_Pasty: bets 960
DKfeast: folds 
Mahu2021: calls 960
Cr!T!cL: folds 
*** RIVER *** [Tc 5s Qd 3c] [Kd]
Mahu2021: checks 
Ace_Pasty: bets 2640
Mahu2021: calls 2640
*** SHOW DOWN ***
Ace_Pasty: shows [3h 3d] (three of a kind, Threes)
Mahu2021: mucks hand 
Ace_Pasty collected 9120 from pot
*** SUMMARY ***
Total pot 9120 | Rake 0 
Board [Tc 5s Qd 3c Kd]
Seat 1: DKfeast (button) folded on the Turn
Seat 2: Mahu2021 (small blind) mucked [Jc Ks]
Seat 3: Cr!T!cL (big blind) folded on the Turn
Seat 4: Ace_Pasty showed [3h 3d] and won (9120) with three of a kind, Threes
Seat 5: mwmcc folded before Flop (didn't bet)
Seat 6: OlegMX folded before Flop (didn't bet)
Seat 7: Aladzh0v folded before Flop (didn't bet)
Seat 8: SeldomSoft folded before Flop (didn't bet)



PokerStars Hand #253001924705: Tournament #3809579207, $1.40+$0.10 USD Hold'em No Limit - Level V (200/400) - 2024/10/19 16:19:24 CET [2024/10/19 10:19:24 ET]
Table '3809579207 12' 8-max Seat #2 is the button
Seat 1: DKfeast (12600 in chips) 
Seat 2: Mahu2021 (6130 in chips) 
Seat 3: Cr!T!cL (11865 in chips) 
Seat 4: Ace_Pasty (23910 in chips) 
Seat 5: mwmcc (7745 in chips) 
Seat 6: OlegMX (31885 in chips) 
Seat 7: Aladzh0v (10420 in chips) 
Seat 8: SeldomSoft (5035 in chips) 
DKfeast: posts the ante 40
Mahu2021: posts the ante 40
Cr!T!cL: posts the ante 40
Ace_Pasty: posts the ante 40
mwmcc: posts the ante 40
OlegMX: posts the ante 40
Aladzh0v: posts the ante 40
SeldomSoft: posts the ante 40
Cr!T!cL: posts small blind 200
Ace_Pasty: posts big blind 400
*** HOLE CARDS ***
Dealt to Mahu2021 [4c Td]
mwmcc: folds 
OlegMX: folds 
Aladzh0v: folds 
SeldomSoft: folds 
DKfeast: calls 400
Mahu2021: folds 
Cr!T!cL: folds 
Ace_Pasty: checks 
*** FLOP *** [8s Ks Kc]
Ace_Pasty: checks 
DKfeast: checks 
*** TURN *** [8s Ks Kc] [7s]
Ace_Pasty: bets 920
DKfeast: calls 920
*** RIVER *** [8s Ks Kc 7s] [Qs]
Ace_Pasty: checks 
DKfeast: checks 
*** SHOW DOWN ***
Ace_Pasty: shows [8h Qh] (two pair, Kings and Queens)
DKfeast: mucks hand 
Ace_Pasty collected 3160 from pot
*** SUMMARY ***
Total pot 3160 | Rake 0 
Board [8s Ks Kc 7s Qs]
Seat 1: DKfeast mucked [7c Ah]
Seat 2: Mahu2021 (button) folded before Flop (didn't bet)
Seat 3: Cr!T!cL (small blind) folded before Flop
Seat 4: Ace_Pasty (big blind) showed [8h Qh] and won (3160) with two pair, Kings and Queens
Seat 5: mwmcc folded before Flop (didn't bet)
Seat 6: OlegMX folded before Flop (didn't bet)
Seat 7: Aladzh0v folded before Flop (didn't bet)
Seat 8: SeldomSoft folded before Flop (didn't bet)



PokerStars Hand #253001931043: Tournament #3809579207, $1.40+$0.10 USD Hold'em No Limit - Level V (200/400) - 2024/10/19 16:19:55 CET [2024/10/19 10:19:55 ET]
Table '3809579207 12' 8-max Seat #3 is the button
Seat 2: Mahu2021 (6090 in chips) 
Seat 3: Cr!T!cL (11625 in chips) 
Seat 4: Ace_Pasty (25710 in chips) 
Seat 5: mwmcc (7705 in chips) 
Seat 6: OlegMX (31845 in chips) 
Seat 7: Aladzh0v (10380 in chips) 
Seat 8: SeldomSoft (4995 in chips) 
Mahu2021: posts the ante 40
Cr!T!cL: posts the ante 40
Ace_Pasty: posts the ante 40
mwmcc: posts the ante 40
OlegMX: posts the ante 40
Aladzh0v: posts the ante 40
SeldomSoft: posts the ante 40
Ace_Pasty: posts small blind 200
mwmcc: posts big blind 400
*** HOLE CARDS ***
Dealt to Mahu2021 [5c Ts]
OlegMX: folds 
Aladzh0v: folds 
SeldomSoft: folds 
Mahu2021: folds 
Cr!T!cL: folds 
Ace_Pasty: calls 200
lutovich2010 is disconnected 
mwmcc: checks 
*** FLOP *** [8d 2s Js]
Ace_Pasty: checks 
mwmcc: checks 
*** TURN *** [8d 2s Js] [6s]
Ace_Pasty: checks 
mwmcc: checks 
*** RIVER *** [8d 2s Js 6s] [Ah]
Ace_Pasty: checks 
mwmcc: bets 400
Ace_Pasty: folds 
Uncalled bet (400) returned to mwmcc
mwmcc collected 1080 from pot
mwmcc: doesn't show hand 
*** SUMMARY ***
Total pot 1080 | Rake 0 
Board [8d 2s Js 6s Ah]
Seat 2: Mahu2021 folded before Flop (didn't bet)
Seat 3: Cr!T!cL (button) folded before Flop (didn't bet)
Seat 4: Ace_Pasty (small blind) folded on the River
Seat 5: mwmcc (big blind) collected (1080)
Seat 6: OlegMX folded before Flop (didn't bet)
Seat 7: Aladzh0v folded before Flop (didn't bet)
Seat 8: SeldomSoft folded before Flop (didn't bet)



PokerStars Hand #253001938517: Tournament #3809579207, $1.40+$0.10 USD Hold'em No Limit - Level VI (250/500) - 2024/10/19 16:20:31 CET [2024/10/19 10:20:31 ET]
Table '3809579207 12' 8-max Seat #4 is the button
Seat 1: lutovich2010 (10000 in chips) 
Seat 2: Mahu2021 (6050 in chips) 
Seat 3: Cr!T!cL (11585 in chips) 
Seat 4: Ace_Pasty (25270 in chips) 
Seat 5: mwmcc (8345 in chips) 
Seat 6: OlegMX (31805 in chips) 
Seat 7: Aladzh0v (10340 in chips) 
Seat 8: SeldomSoft (4955 in chips) 
lutovich2010: posts the ante 50
Mahu2021: posts the ante 50
Cr!T!cL: posts the ante 50
Ace_Pasty: posts the ante 50
mwmcc: posts the ante 50
OlegMX: posts the ante 50
Aladzh0v: posts the ante 50
SeldomSoft: posts the ante 50
mwmcc: posts small blind 250
OlegMX: posts big blind 500
*** HOLE CARDS ***
Dealt to Mahu2021 [4h 8h]
Aladzh0v: raises 9790 to 10290 and is all-in
SeldomSoft: folds 
lutovich2010: folds 
Mahu2021: folds 
Cr!T!cL: folds 
Ace_Pasty: folds 
mwmcc: calls 8045 and is all-in
OlegMX: folds 
Uncalled bet (1995) returned to Aladzh0v
*** FLOP *** [Jc Qd 8c]
*** TURN *** [Jc Qd 8c] [Ts]
*** RIVER *** [Jc Qd 8c Ts] [Kd]
*** SHOW DOWN ***
mwmcc: shows [Tc Td] (three of a kind, Tens)
Aladzh0v: shows [Jh Qh] (two pair, Queens and Jacks)
mwmcc collected 17490 from pot
*** SUMMARY ***
Total pot 17490 | Rake 0 
Board [Jc Qd 8c Ts Kd]
Seat 1: lutovich2010 folded before Flop (didn't bet)
Seat 2: Mahu2021 folded before Flop (didn't bet)
Seat 3: Cr!T!cL folded before Flop (didn't bet)
Seat 4: Ace_Pasty (button) folded before Flop (didn't bet)
Seat 5: mwmcc (small blind) showed [Tc Td] and won (17490) with three of a kind, Tens
Seat 6: OlegMX (big blind) folded before Flop
Seat 7: Aladzh0v showed [Jh Qh] and lost with two pair, Queens and Jacks
Seat 8: SeldomSoft folded before Flop (didn't bet)



PokerStars Hand #253001944687: Tournament #3809579207, $1.40+$0.10 USD Hold'em No Limit - Level VI (250/500) - 2024/10/19 16:21:01 CET [2024/10/19 10:21:01 ET]
Table '3809579207 12' 8-max Seat #5 is the button
Seat 1: lutovich2010 (9950 in chips) 
Seat 2: Mahu2021 (6000 in chips) 
Seat 3: Cr!T!cL (11535 in chips) 
Seat 4: Ace_Pasty (25220 in chips) 
Seat 5: mwmcc (17490 in chips) 
Seat 6: OlegMX (31255 in chips) 
Seat 7: Aladzh0v (1995 in chips) 
Seat 8: SeldomSoft (4905 in chips) 
lutovich2010: posts the ante 50
Mahu2021: posts the ante 50
Cr!T!cL: posts the ante 50
Ace_Pasty: posts the ante 50
mwmcc: posts the ante 50
OlegMX: posts the ante 50
Aladzh0v: posts the ante 50
SeldomSoft: posts the ante 50
OlegMX: posts small blind 250
Aladzh0v: posts big blind 500
*** HOLE CARDS ***
Dealt to Mahu2021 [Th Jh]
SeldomSoft: folds 
lutovich2010: folds 
Mahu2021: folds 
Cr!T!cL: folds 
Ace_Pasty: folds 
mwmcc: raises 550 to 1050
OlegMX: folds 
Aladzh0v: raises 895 to 1945 and is all-in
mwmcc: calls 895
*** FLOP *** [5d 9c 7h]
*** TURN *** [5d 9c 7h] [9s]
*** RIVER *** [5d 9c 7h 9s] [Kd]
*** SHOW DOWN ***
Aladzh0v: shows [2s 9h] (three of a kind, Nines)
mwmcc: shows [Ac 4d] (a pair of Nines)
Aladzh0v collected 4540 from pot
*** SUMMARY ***
Total pot 4540 | Rake 0 
Board [5d 9c 7h 9s Kd]
Seat 1: lutovich2010 folded before Flop (didn't bet)
Seat 2: Mahu2021 folded before Flop (didn't bet)
Seat 3: Cr!T!cL folded before Flop (didn't bet)
Seat 4: Ace_Pasty folded before Flop (didn't bet)
Seat 5: mwmcc (button) showed [Ac 4d] and lost with a pair of Nines
Seat 6: OlegMX (small blind) folded before Flop
Seat 7: Aladzh0v (big blind) showed [2s 9h] and won (4540) with three of a kind, Nines
Seat 8: SeldomSoft folded before Flop (didn't bet)



PokerStars Hand #253001959125: Tournament #3809579207, $1.40+$0.10 USD Hold'em No Limit - Level VI (250/500) - 2024/10/19 16:22:11 CET [2024/10/19 10:22:11 ET]
Table '3809579207 32' 8-max Seat #2 is the button
Seat 1: rollin4406 (10970 in chips) 
Seat 2: Choi Moneky (23410 in chips) 
Seat 3: TurnKing89 (50780 in chips) 
Seat 4: keetieo (17184 in chips) 
Seat 6: Mahu2021 (5950 in chips) 
Seat 7: DanLad7 (10000 in chips) 
Seat 8: ChoppaDonnie48 (10000 in chips) 
rollin4406: posts the ante 50
Choi Moneky: posts the ante 50
TurnKing89: posts the ante 50
keetieo: posts the ante 50
Mahu2021: posts the ante 50
DanLad7: posts the ante 50
ChoppaDonnie48: posts the ante 50
TurnKing89: posts small blind 250
keetieo: posts big blind 500
*** HOLE CARDS ***
Dealt to Mahu2021 [5h 8d]
Mahu2021: folds 
DanLad7: raises 500 to 1000
ChoppaDonnie48: folds 
rollin4406: folds 
Choi Moneky: folds 
TurnKing89: calls 750
keetieo: calls 500
*** FLOP *** [2h 6s 4s]
TurnKing89: checks 
Djursland is disconnected 
keetieo: checks 
DanLad7: checks 
*** TURN *** [2h 6s 4s] [Qd]
TurnKing89: bets 1175
keetieo: folds 
DanLad7: calls 1175
*** RIVER *** [2h 6s 4s Qd] [7c]
TurnKing89: bets 3350
DanLad7: calls 3350
*** SHOW DOWN ***
TurnKing89: shows [5c 3c] (a straight, Three to Seven)
DanLad7: mucks hand 
TurnKing89 collected 12400 from pot
*** SUMMARY ***
Total pot 12400 | Rake 0 
Board [2h 6s 4s Qd 7c]
Seat 1: rollin4406 folded before Flop (didn't bet)
Seat 2: Choi Moneky (button) folded before Flop (didn't bet)
Seat 3: TurnKing89 (small blind) showed [5c 3c] and won (12400) with a straight, Three to Seven
Seat 4: keetieo (big blind) folded on the Turn
Seat 6: Mahu2021 folded before Flop (didn't bet)
Seat 7: DanLad7 mucked [Ac Qs]
Seat 8: ChoppaDonnie48 folded before Flop (didn't bet)



PokerStars Hand #253001970639: Tournament #3809579207, $1.40+$0.10 USD Hold'em No Limit - Level VII (300/600) - 2024/10/19 16:23:05 CET [2024/10/19 10:23:05 ET]
Table '3809579207 32' 8-max Seat #3 is the button
Seat 1: rollin4406 (10920 in chips) 
Seat 2: Choi Moneky (23360 in chips) 
Seat 3: TurnKing89 (57605 in chips) 
Seat 4: keetieo (16134 in chips) 
Seat 5: Djursland (10000 in chips) 
Seat 6: Mahu2021 (5900 in chips) 
Seat 7: DanLad7 (4425 in chips) 
Seat 8: ChoppaDonnie48 (9950 in chips) 
rollin4406: posts the ante 60
Choi Moneky: posts the ante 60
TurnKing89: posts the ante 60
keetieo: posts the ante 60
Djursland: posts the ante 60
Mahu2021: posts the ante 60
DanLad7: posts the ante 60
ChoppaDonnie48: posts the ante 60
keetieo: posts small blind 300
Djursland: posts big blind 600
*** HOLE CARDS ***
Dealt to Mahu2021 [7s 4d]
Mahu2021: folds 
DanLad7: folds 
ChoppaDonnie48: raises 600 to 1200
rollin4406: folds 
Choi Moneky: folds 
TurnKing89: folds 
keetieo: calls 900
Djursland: calls 600
*** FLOP *** [9h 9s Qs]
keetieo: checks 
Djursland: checks 
ChoppaDonnie48: bets 8690 and is all-in
keetieo: folds 
Djursland: calls 8690
*** TURN *** [9h 9s Qs] [3d]
*** RIVER *** [9h 9s Qs 3d] [2d]
*** SHOW DOWN ***
Djursland: shows [7c Qh] (two pair, Queens and Nines)
ChoppaDonnie48: shows [Ad Td] (a pair of Nines)
Djursland collected 21460 from pot
ChoppaDonnie48 finished the tournament
*** SUMMARY ***
Total pot 21460 | Rake 0 
Board [9h 9s Qs 3d 2d]
Seat 1: rollin4406 folded before Flop (didn't bet)
Seat 2: Choi Moneky folded before Flop (didn't bet)
Seat 3: TurnKing89 (button) folded before Flop (didn't bet)
Seat 4: keetieo (small blind) folded on the Flop
Seat 5: Djursland (big blind) showed [7c Qh] and won (21460) with two pair, Queens and Nines
Seat 6: Mahu2021 folded before Flop (didn't bet)
Seat 7: DanLad7 folded before Flop (didn't bet)
Seat 8: ChoppaDonnie48 showed [Ad Td] and lost with a pair of Nines



PokerStars Hand #253001981541: Tournament #3809579207, $1.40+$0.10 USD Hold'em No Limit - Level VII (300/600) - 2024/10/19 16:23:57 CET [2024/10/19 10:23:57 ET]
Table '3809579207 32' 8-max Seat #4 is the button
Seat 1: rollin4406 (10860 in chips) 
Seat 2: Choi Moneky (23300 in chips) 
Seat 3: TurnKing89 (57545 in chips) 
Seat 4: keetieo (14874 in chips) 
Seat 5: Djursland (21510 in chips) 
Seat 6: Mahu2021 (5840 in chips) 
Seat 7: DanLad7 (4365 in chips) 
rollin4406: posts the ante 60
Choi Moneky: posts the ante 60
TurnKing89: posts the ante 60
keetieo: posts the ante 60
Djursland: posts the ante 60
Mahu2021: posts the ante 60
DanLad7: posts the ante 60
Djursland: posts small blind 300
Mahu2021: posts big blind 600
*** HOLE CARDS ***
Dealt to Mahu2021 [Kh 7h]
DanLad7: folds 
rollin4406: folds 
Choi Moneky: folds 
TurnKing89: raises 1200 to 1800
keetieo: folds 
Djursland: folds 
Mahu2021: calls 1200
*** FLOP *** [7s 6h 2h]
Mahu2021: bets 3980 and is all-in
TurnKing89: calls 3980
*** TURN *** [7s 6h 2h] [5d]
*** RIVER *** [7s 6h 2h 5d] [9c]
*** SHOW DOWN ***
Mahu2021: shows [Kh 7h] (a pair of Sevens)
TurnKing89: shows [5c 5s] (three of a kind, Fives)
TurnKing89 collected 12280 from pot
Mahu2021 finished the tournament
*** SUMMARY ***
Total pot 12280 | Rake 0 
Board [7s 6h 2h 5d 9c]
Seat 1: rollin4406 folded before Flop (didn't bet)
Seat 2: Choi Moneky folded before Flop (didn't bet)
Seat 3: TurnKing89 showed [5c 5s] and won (12280) with three of a kind, Fives
Seat 4: keetieo (button) folded before Flop (didn't bet)
Seat 5: Djursland (small blind) folded before Flop
Seat 6: Mahu2021 (big blind) showed [Kh 7h] and lost with a pair of Sevens
Seat 7: DanLad7 folded before Flop (didn't bet)



