PokerStars Hand #251596248995: Tournament #3780310276, $1.84+$0.16 USD Hold'em No Limit - Level I (10/20) - 2024/07/21 17:24:49 CET [2024/07/21 11:24:49 ET]
Table '3780310276 1' 3-max Seat #1 is the button
Seat 1: IDACU (500 in chips) 
Seat 2: Jockaf (500 in chips) 
Seat 3: Mahu2021 (500 in chips) 
Jockaf: posts small blind 10
Mahu2021: posts big blind 20
*** HOLE CARDS ***
Dealt to Mahu2021 [Jc Ad]
IDACU: raises 20 to 40
Jockaf: calls 30
Mahu2021: raises 460 to 500 and is all-in
IDACU: calls 460 and is all-in
Jockaf: folds 
*** FLOP *** [Kd 6s 9s]
*** TURN *** [Kd 6s 9s] [3h]
*** RIVER *** [Kd 6s 9s 3h] [9h]
*** SHOW DOWN ***
Mahu2021: shows [Jc Ad] (a pair of Nines)
IDACU: shows [Ac Qd] (a pair of Nines - Ace+King+Queen kicker)
IDACU collected 1040 from pot
Mahu2021 finished the tournament in 3rd place
*** SUMMARY ***
Total pot 1040 | Rake 0 
Board [Kd 6s 9s 3h 9h]
Seat 1: IDACU (button) showed [Ac Qd] and won (1040) with a pair of Nines
Seat 2: Jockaf (small blind) folded before Flop
Seat 3: Mahu2021 (big blind) showed [Jc Ad] and lost with a pair of Nines



