PokerStars Hand #243185599013: Tournament #3579677032, $0.92+$0.08 USD Hold'em No Limit - Level I (10/20) - 2023/04/19 13:34:43 CET [2023/04/19 7:34:43 ET]
Table '3579677032 1' 3-max Seat #1 is the button
Seat 1: Mahu2021 (500 in chips) 
Seat 2: Medved310388 (500 in chips) 
Seat 3: euroman1105 (500 in chips) 
Medved310388: posts small blind 10
euroman1105: posts big blind 20
*** HOLE CARDS ***
Dealt to Mahu2021 [5d 4s]
Mahu2021: folds 
Medved310388: folds 
Uncalled bet (10) returned to euroman1105
euroman1105 collected 20 from pot
euroman1105: doesn't show hand 
*** SUMMARY ***
Total pot 20 | Rake 0 
Seat 1: Mahu2021 (button) folded before Flop (didn't bet)
Seat 2: Medved310388 (small blind) folded before Flop
Seat 3: euroman1105 (big blind) collected (20)



PokerStars Hand #243185599853: Tournament #3579677032, $0.92+$0.08 USD Hold'em No Limit - Level I (10/20) - 2023/04/19 13:34:48 CET [2023/04/19 7:34:48 ET]
Table '3579677032 1' 3-max Seat #2 is the button
Seat 1: Mahu2021 (500 in chips) 
Seat 2: Medved310388 (490 in chips) 
Seat 3: euroman1105 (510 in chips) 
euroman1105: posts small blind 10
Mahu2021: posts big blind 20
*** HOLE CARDS ***
Dealt to Mahu2021 [5s 8c]
Medved310388: folds 
euroman1105: calls 10
Mahu2021: checks 
*** FLOP *** [3c 9s 2d]
euroman1105: checks 
Mahu2021: checks 
*** TURN *** [3c 9s 2d] [3s]
euroman1105: checks 
Mahu2021: bets 20
euroman1105: calls 20
*** RIVER *** [3c 9s 2d 3s] [4s]
euroman1105: bets 40
Mahu2021: folds 
Uncalled bet (40) returned to euroman1105
euroman1105 collected 80 from pot
euroman1105: doesn't show hand 
*** SUMMARY ***
Total pot 80 | Rake 0 
Board [3c 9s 2d 3s 4s]
Seat 1: Mahu2021 (big blind) folded on the River
Seat 2: Medved310388 (button) folded before Flop (didn't bet)
Seat 3: euroman1105 (small blind) collected (80)



PokerStars Hand #243185607669: Tournament #3579677032, $0.92+$0.08 USD Hold'em No Limit - Level I (10/20) - 2023/04/19 13:35:33 CET [2023/04/19 7:35:33 ET]
Table '3579677032 1' 3-max Seat #3 is the button
Seat 1: Mahu2021 (460 in chips) 
Seat 2: Medved310388 (490 in chips) 
Seat 3: euroman1105 (550 in chips) 
Mahu2021: posts small blind 10
Medved310388: posts big blind 20
*** HOLE CARDS ***
Dealt to Mahu2021 [2h Kc]
euroman1105: folds 
Mahu2021: calls 10
Medved310388: raises 110 to 130
Mahu2021: folds 
Uncalled bet (110) returned to Medved310388
Medved310388 collected 40 from pot
Medved310388: doesn't show hand 
*** SUMMARY ***
Total pot 40 | Rake 0 
Seat 1: Mahu2021 (small blind) folded before Flop
Seat 2: Medved310388 (big blind) collected (40)
Seat 3: euroman1105 (button) folded before Flop (didn't bet)



PokerStars Hand #243185609895: Tournament #3579677032, $0.92+$0.08 USD Hold'em No Limit - Level I (10/20) - 2023/04/19 13:35:45 CET [2023/04/19 7:35:45 ET]
Table '3579677032 1' 3-max Seat #1 is the button
Seat 1: Mahu2021 (440 in chips) 
Seat 2: Medved310388 (510 in chips) 
Seat 3: euroman1105 (550 in chips) 
Medved310388: posts small blind 10
euroman1105: posts big blind 20
*** HOLE CARDS ***
Dealt to Mahu2021 [7c 7d]
Mahu2021: raises 40 to 60
Medved310388: raises 450 to 510 and is all-in
euroman1105: folds 
Mahu2021: calls 380 and is all-in
Uncalled bet (70) returned to Medved310388
*** FLOP *** [5s 6s Jh]
*** TURN *** [5s 6s Jh] [Tc]
*** RIVER *** [5s 6s Jh Tc] [8h]
*** SHOW DOWN ***
Medved310388: shows [Ac Jc] (a pair of Jacks)
Mahu2021: shows [7c 7d] (a pair of Sevens)
Medved310388 collected 900 from pot
Mahu2021 finished the tournament in 3rd place
*** SUMMARY ***
Total pot 900 | Rake 0 
Board [5s 6s Jh Tc 8h]
Seat 1: Mahu2021 (button) showed [7c 7d] and lost with a pair of Sevens
Seat 2: Medved310388 (small blind) showed [Ac Jc] and won (900) with a pair of Jacks
Seat 3: euroman1105 (big blind) folded before Flop



