PokerStars Hand #252651063616: Tournament #3805570207, $1.84+$0.16 USD Hold'em No Limit - Level I (10/20) - 2024/09/27 12:04:13 CET [2024/09/27 6:04:13 ET]
Table '3805570207 1' 3-max Seat #1 is the button
Seat 1: luana382 (500 in chips) 
Seat 2: Mahu2021 (500 in chips) 
Seat 3: semirami2 (500 in chips) 
Mahu2021: posts small blind 10
semirami2: posts big blind 20
*** HOLE CARDS ***
Dealt to Mahu2021 [Kc Ks]
luana382: folds 
Mahu2021: raises 80 to 100
semirami2: folds 
Uncalled bet (80) returned to Mahu2021
Mahu2021 collected 40 from pot
Mahu2021: doesn't show hand 
*** SUMMARY ***
Total pot 40 | Rake 0 
Seat 1: luana382 (button) folded before Flop (didn't bet)
Seat 2: Mahu2021 (small blind) collected (40)
Seat 3: semirami2 (big blind) folded before Flop



PokerStars Hand #252651064909: Tournament #3805570207, $1.84+$0.16 USD Hold'em No Limit - Level I (10/20) - 2024/09/27 12:04:25 CET [2024/09/27 6:04:25 ET]
Table '3805570207 1' 3-max Seat #2 is the button
Seat 1: luana382 (500 in chips) 
Seat 2: Mahu2021 (520 in chips) 
Seat 3: semirami2 (480 in chips) 
semirami2: posts small blind 10
luana382: posts big blind 20
*** HOLE CARDS ***
Dealt to Mahu2021 [5h Td]
Mahu2021: folds 
semirami2: folds 
Uncalled bet (10) returned to luana382
luana382 collected 20 from pot
*** SUMMARY ***
Total pot 20 | Rake 0 
Seat 1: luana382 (big blind) collected (20)
Seat 2: Mahu2021 (button) folded before Flop (didn't bet)
Seat 3: semirami2 (small blind) folded before Flop



PokerStars Hand #252651065731: Tournament #3805570207, $1.84+$0.16 USD Hold'em No Limit - Level I (10/20) - 2024/09/27 12:04:31 CET [2024/09/27 6:04:31 ET]
Table '3805570207 1' 3-max Seat #3 is the button
Seat 1: luana382 (510 in chips) 
Seat 2: Mahu2021 (520 in chips) 
Seat 3: semirami2 (470 in chips) 
luana382: posts small blind 10
Mahu2021: posts big blind 20
*** HOLE CARDS ***
Dealt to Mahu2021 [Ad Jd]
semirami2: folds 
luana382: raises 20 to 40
Mahu2021: calls 20
*** FLOP *** [7h 6s 2d]
luana382: bets 40
Mahu2021: calls 40
*** TURN *** [7h 6s 2d] [4c]
luana382: bets 430 and is all-in
Mahu2021: folds 
Uncalled bet (430) returned to luana382
luana382 collected 160 from pot
*** SUMMARY ***
Total pot 160 | Rake 0 
Board [7h 6s 2d 4c]
Seat 1: luana382 (small blind) collected (160)
Seat 2: Mahu2021 (big blind) folded on the Turn
Seat 3: semirami2 (button) folded before Flop (didn't bet)



PokerStars Hand #252651068562: Tournament #3805570207, $1.84+$0.16 USD Hold'em No Limit - Level I (10/20) - 2024/09/27 12:04:56 CET [2024/09/27 6:04:56 ET]
Table '3805570207 1' 3-max Seat #1 is the button
Seat 1: luana382 (590 in chips) 
Seat 2: Mahu2021 (440 in chips) 
Seat 3: semirami2 (470 in chips) 
Mahu2021: posts small blind 10
semirami2: posts big blind 20
*** HOLE CARDS ***
Dealt to Mahu2021 [6h 8c]
luana382: raises 20 to 40
Mahu2021: folds 
semirami2: calls 20
*** FLOP *** [Kd 5c 7s]
semirami2: checks 
luana382: bets 45
semirami2: calls 45
*** TURN *** [Kd 5c 7s] [6c]
semirami2: checks 
luana382: bets 20
semirami2: calls 20
*** RIVER *** [Kd 5c 7s 6c] [Ks]
semirami2: checks 
luana382: bets 485 and is all-in
semirami2: folds 
Uncalled bet (485) returned to luana382
luana382 collected 220 from pot
*** SUMMARY ***
Total pot 220 | Rake 0 
Board [Kd 5c 7s 6c Ks]
Seat 1: luana382 (button) collected (220)
Seat 2: Mahu2021 (small blind) folded before Flop
Seat 3: semirami2 (big blind) folded on the River



PokerStars Hand #252651071488: Tournament #3805570207, $1.84+$0.16 USD Hold'em No Limit - Level I (10/20) - 2024/09/27 12:05:21 CET [2024/09/27 6:05:21 ET]
Table '3805570207 1' 3-max Seat #2 is the button
Seat 1: luana382 (705 in chips) 
Seat 2: Mahu2021 (430 in chips) 
Seat 3: semirami2 (365 in chips) 
semirami2: posts small blind 10
luana382: posts big blind 20
*** HOLE CARDS ***
Dealt to Mahu2021 [5c Ah]
Mahu2021: raises 20 to 40
semirami2: folds 
luana382: raises 20 to 60
Mahu2021: calls 20
*** FLOP *** [Jc 4s 9c]
luana382: bets 130
Mahu2021: folds 
Uncalled bet (130) returned to luana382
luana382 collected 130 from pot
*** SUMMARY ***
Total pot 130 | Rake 0 
Board [Jc 4s 9c]
Seat 1: luana382 (big blind) collected (130)
Seat 2: Mahu2021 (button) folded on the Flop
Seat 3: semirami2 (small blind) folded before Flop



PokerStars Hand #252651073706: Tournament #3805570207, $1.84+$0.16 USD Hold'em No Limit - Level I (10/20) - 2024/09/27 12:05:40 CET [2024/09/27 6:05:40 ET]
Table '3805570207 1' 3-max Seat #3 is the button
Seat 1: luana382 (775 in chips) 
Seat 2: Mahu2021 (370 in chips) 
Seat 3: semirami2 (355 in chips) 
luana382: posts small blind 10
Mahu2021: posts big blind 20
*** HOLE CARDS ***
Dealt to Mahu2021 [6s 4h]
semirami2: folds 
luana382: folds 
Uncalled bet (10) returned to Mahu2021
Mahu2021 collected 20 from pot
Mahu2021: doesn't show hand 
*** SUMMARY ***
Total pot 20 | Rake 0 
Seat 1: luana382 (small blind) folded before Flop
Seat 2: Mahu2021 (big blind) collected (20)
Seat 3: semirami2 (button) folded before Flop (didn't bet)



PokerStars Hand #252651074270: Tournament #3805570207, $1.84+$0.16 USD Hold'em No Limit - Level I (10/20) - 2024/09/27 12:05:44 CET [2024/09/27 6:05:44 ET]
Table '3805570207 1' 3-max Seat #1 is the button
Seat 1: luana382 (765 in chips) 
Seat 2: Mahu2021 (380 in chips) 
Seat 3: semirami2 (355 in chips) 
Mahu2021: posts small blind 10
semirami2: posts big blind 20
*** HOLE CARDS ***
Dealt to Mahu2021 [4c 7s]
luana382: folds 
Mahu2021: folds 
Uncalled bet (10) returned to semirami2
semirami2 collected 20 from pot
semirami2: doesn't show hand 
*** SUMMARY ***
Total pot 20 | Rake 0 
Seat 1: luana382 (button) folded before Flop (didn't bet)
Seat 2: Mahu2021 (small blind) folded before Flop
Seat 3: semirami2 (big blind) collected (20)



PokerStars Hand #252651075010: Tournament #3805570207, $1.84+$0.16 USD Hold'em No Limit - Level I (10/20) - 2024/09/27 12:05:50 CET [2024/09/27 6:05:50 ET]
Table '3805570207 1' 3-max Seat #2 is the button
Seat 1: luana382 (765 in chips) 
Seat 2: Mahu2021 (370 in chips) 
Seat 3: semirami2 (365 in chips) 
semirami2: posts small blind 10
luana382: posts big blind 20
*** HOLE CARDS ***
Dealt to Mahu2021 [Ad 5c]
Mahu2021: calls 20
semirami2: calls 10
luana382: checks 
*** FLOP *** [As 9c 5s]
semirami2: checks 
luana382: bets 40
Mahu2021: calls 40
semirami2: folds 
*** TURN *** [As 9c 5s] [8d]
luana382: bets 20
Mahu2021: raises 60 to 80
luana382: calls 60
*** RIVER *** [As 9c 5s 8d] [7h]
luana382: bets 625 and is all-in
Mahu2021: calls 230 and is all-in
Uncalled bet (395) returned to luana382
*** SHOW DOWN ***
luana382: shows [8h Js] (a pair of Eights)
Mahu2021: shows [Ad 5c] (two pair, Aces and Fives)
Mahu2021 collected 760 from pot
*** SUMMARY ***
Total pot 760 | Rake 0 
Board [As 9c 5s 8d 7h]
Seat 1: luana382 (big blind) showed [8h Js] and lost with a pair of Eights
Seat 2: Mahu2021 (button) showed [Ad 5c] and won (760) with two pair, Aces and Fives
Seat 3: semirami2 (small blind) folded on the Flop



PokerStars Hand #252651079077: Tournament #3805570207, $1.84+$0.16 USD Hold'em No Limit - Level II (15/30) - 2024/09/27 12:06:25 CET [2024/09/27 6:06:25 ET]
Table '3805570207 1' 3-max Seat #3 is the button
Seat 1: luana382 (395 in chips) 
Seat 2: Mahu2021 (760 in chips) 
Seat 3: semirami2 (345 in chips) 
luana382: posts small blind 15
Mahu2021: posts big blind 30
*** HOLE CARDS ***
Dealt to Mahu2021 [7h Ah]
semirami2: folds 
luana382: raises 30 to 60
Mahu2021: calls 30
*** FLOP *** [9s Ks Ac]
luana382: checks 
Mahu2021: bets 60
luana382: calls 60
*** TURN *** [9s Ks Ac] [Qd]
luana382: checks 
Mahu2021: bets 640 and is all-in
luana382: folds 
Uncalled bet (640) returned to Mahu2021
Mahu2021 collected 240 from pot
Mahu2021: doesn't show hand 
*** SUMMARY ***
Total pot 240 | Rake 0 
Board [9s Ks Ac Qd]
Seat 1: luana382 (small blind) folded on the Turn
Seat 2: Mahu2021 (big blind) collected (240)
Seat 3: semirami2 (button) folded before Flop (didn't bet)



PokerStars Hand #252651081906: Tournament #3805570207, $1.84+$0.16 USD Hold'em No Limit - Level II (15/30) - 2024/09/27 12:06:49 CET [2024/09/27 6:06:49 ET]
Table '3805570207 1' 3-max Seat #1 is the button
Seat 1: luana382 (275 in chips) 
Seat 2: Mahu2021 (880 in chips) 
Seat 3: semirami2 (345 in chips) 
Mahu2021: posts small blind 15
semirami2: posts big blind 30
*** HOLE CARDS ***
Dealt to Mahu2021 [Qd 6d]
luana382: folds 
Mahu2021: calls 15
semirami2: checks 
*** FLOP *** [Ts Qc 7d]
Mahu2021: bets 30
semirami2: calls 30
*** TURN *** [Ts Qc 7d] [5c]
Mahu2021: bets 30
semirami2: calls 30
*** RIVER *** [Ts Qc 7d 5c] [As]
Mahu2021: bets 30
semirami2: folds 
Uncalled bet (30) returned to Mahu2021
Mahu2021 collected 180 from pot
Mahu2021: doesn't show hand 
*** SUMMARY ***
Total pot 180 | Rake 0 
Board [Ts Qc 7d 5c As]
Seat 1: luana382 (button) folded before Flop (didn't bet)
Seat 2: Mahu2021 (small blind) collected (180)
Seat 3: semirami2 (big blind) folded on the River



PokerStars Hand #252651084780: Tournament #3805570207, $1.84+$0.16 USD Hold'em No Limit - Level II (15/30) - 2024/09/27 12:07:14 CET [2024/09/27 6:07:14 ET]
Table '3805570207 1' 3-max Seat #2 is the button
Seat 1: luana382 (275 in chips) 
Seat 2: Mahu2021 (970 in chips) 
Seat 3: semirami2 (255 in chips) 
semirami2: posts small blind 15
luana382: posts big blind 30
*** HOLE CARDS ***
Dealt to Mahu2021 [2h Th]
Mahu2021: folds 
semirami2: raises 30 to 60
luana382: calls 30
*** FLOP *** [Qh Jc 6s]
semirami2: bets 49
luana382: folds 
Uncalled bet (49) returned to semirami2
semirami2 collected 120 from pot
semirami2: doesn't show hand 
*** SUMMARY ***
Total pot 120 | Rake 0 
Board [Qh Jc 6s]
Seat 1: luana382 (big blind) folded on the Flop
Seat 2: Mahu2021 (button) folded before Flop (didn't bet)
Seat 3: semirami2 (small blind) collected (120)



PokerStars Hand #252651087806: Tournament #3805570207, $1.84+$0.16 USD Hold'em No Limit - Level II (15/30) - 2024/09/27 12:07:40 CET [2024/09/27 6:07:40 ET]
Table '3805570207 1' 3-max Seat #3 is the button
Seat 1: luana382 (215 in chips) 
Seat 2: Mahu2021 (970 in chips) 
Seat 3: semirami2 (315 in chips) 
luana382: posts small blind 15
Mahu2021: posts big blind 30
*** HOLE CARDS ***
Dealt to Mahu2021 [5s 9h]
semirami2: folds 
luana382: folds 
Uncalled bet (15) returned to Mahu2021
Mahu2021 collected 30 from pot
Mahu2021: doesn't show hand 
*** SUMMARY ***
Total pot 30 | Rake 0 
Seat 1: luana382 (small blind) folded before Flop
Seat 2: Mahu2021 (big blind) collected (30)
Seat 3: semirami2 (button) folded before Flop (didn't bet)



PokerStars Hand #252651088390: Tournament #3805570207, $1.84+$0.16 USD Hold'em No Limit - Level II (15/30) - 2024/09/27 12:07:45 CET [2024/09/27 6:07:45 ET]
Table '3805570207 1' 3-max Seat #1 is the button
Seat 1: luana382 (200 in chips) 
Seat 2: Mahu2021 (985 in chips) 
Seat 3: semirami2 (315 in chips) 
Mahu2021: posts small blind 15
semirami2: posts big blind 30
*** HOLE CARDS ***
Dealt to Mahu2021 [4h Kh]
luana382: folds 
Mahu2021: raises 955 to 985 and is all-in
semirami2: folds 
Uncalled bet (955) returned to Mahu2021
Mahu2021 collected 60 from pot
Mahu2021: doesn't show hand 
*** SUMMARY ***
Total pot 60 | Rake 0 
Seat 1: luana382 (button) folded before Flop (didn't bet)
Seat 2: Mahu2021 (small blind) collected (60)
Seat 3: semirami2 (big blind) folded before Flop



PokerStars Hand #252651089633: Tournament #3805570207, $1.84+$0.16 USD Hold'em No Limit - Level II (15/30) - 2024/09/27 12:07:56 CET [2024/09/27 6:07:56 ET]
Table '3805570207 1' 3-max Seat #2 is the button
Seat 1: luana382 (200 in chips) 
Seat 2: Mahu2021 (1015 in chips) 
Seat 3: semirami2 (285 in chips) 
semirami2: posts small blind 15
luana382: posts big blind 30
*** HOLE CARDS ***
Dealt to Mahu2021 [Qd 6c]
Mahu2021: folds 
semirami2: raises 255 to 285 and is all-in
luana382: calls 170 and is all-in
Uncalled bet (85) returned to semirami2
*** FLOP *** [8c 9c Kh]
*** TURN *** [8c 9c Kh] [7s]
*** RIVER *** [8c 9c Kh 7s] [Jc]
*** SHOW DOWN ***
semirami2: shows [9s 6h] (a pair of Nines)
luana382: shows [Jd Jh] (three of a kind, Jacks)
luana382 collected 400 from pot
*** SUMMARY ***
Total pot 400 | Rake 0 
Board [8c 9c Kh 7s Jc]
Seat 1: luana382 (big blind) showed [Jd Jh] and won (400) with three of a kind, Jacks
Seat 2: Mahu2021 (button) folded before Flop (didn't bet)
Seat 3: semirami2 (small blind) showed [9s 6h] and lost with a pair of Nines



PokerStars Hand #252651091221: Tournament #3805570207, $1.84+$0.16 USD Hold'em No Limit - Level II (15/30) - 2024/09/27 12:08:10 CET [2024/09/27 6:08:10 ET]
Table '3805570207 1' 3-max Seat #3 is the button
Seat 1: luana382 (400 in chips) 
Seat 2: Mahu2021 (1015 in chips) 
Seat 3: semirami2 (85 in chips) 
luana382: posts small blind 15
Mahu2021: posts big blind 30
*** HOLE CARDS ***
Dealt to Mahu2021 [Js 4s]
semirami2: raises 55 to 85 and is all-in
luana382: raises 55 to 140
Mahu2021: folds 
Uncalled bet (55) returned to luana382
*** FLOP *** [4d 2d 3h]
*** TURN *** [4d 2d 3h] [9d]
*** RIVER *** [4d 2d 3h 9d] [8d]
*** SHOW DOWN ***
luana382: shows [Ah 7d] (a flush, Nine high)
semirami2: shows [6d Kd] (a flush, King high)
semirami2 collected 200 from pot
*** SUMMARY ***
Total pot 200 | Rake 0 
Board [4d 2d 3h 9d 8d]
Seat 1: luana382 (small blind) showed [Ah 7d] and lost with a flush, Nine high
Seat 2: Mahu2021 (big blind) folded before Flop
Seat 3: semirami2 (button) showed [6d Kd] and won (200) with a flush, King high



PokerStars Hand #252651093532: Tournament #3805570207, $1.84+$0.16 USD Hold'em No Limit - Level III (20/40) - 2024/09/27 12:08:30 CET [2024/09/27 6:08:30 ET]
Table '3805570207 1' 3-max Seat #1 is the button
Seat 1: luana382 (315 in chips) 
Seat 2: Mahu2021 (985 in chips) 
Seat 3: semirami2 (200 in chips) 
Mahu2021: posts small blind 20
semirami2: posts big blind 40
*** HOLE CARDS ***
Dealt to Mahu2021 [3h 6h]
luana382: folds 
Mahu2021: calls 20
semirami2: raises 160 to 200 and is all-in
Mahu2021: folds 
Uncalled bet (160) returned to semirami2
semirami2 collected 80 from pot
semirami2: doesn't show hand 
*** SUMMARY ***
Total pot 80 | Rake 0 
Seat 1: luana382 (button) folded before Flop (didn't bet)
Seat 2: Mahu2021 (small blind) folded before Flop
Seat 3: semirami2 (big blind) collected (80)



PokerStars Hand #252651096529: Tournament #3805570207, $1.84+$0.16 USD Hold'em No Limit - Level III (20/40) - 2024/09/27 12:08:56 CET [2024/09/27 6:08:56 ET]
Table '3805570207 1' 3-max Seat #2 is the button
Seat 1: luana382 (315 in chips) 
Seat 2: Mahu2021 (945 in chips) 
Seat 3: semirami2 (240 in chips) 
semirami2: posts small blind 20
luana382: posts big blind 40
*** HOLE CARDS ***
Dealt to Mahu2021 [3d Jc]
Mahu2021: folds 
semirami2: raises 200 to 240 and is all-in
luana382: folds 
Uncalled bet (200) returned to semirami2
semirami2 collected 80 from pot
semirami2: doesn't show hand 
*** SUMMARY ***
Total pot 80 | Rake 0 
Seat 1: luana382 (big blind) folded before Flop
Seat 2: Mahu2021 (button) folded before Flop (didn't bet)
Seat 3: semirami2 (small blind) collected (80)



PokerStars Hand #252651097662: Tournament #3805570207, $1.84+$0.16 USD Hold'em No Limit - Level III (20/40) - 2024/09/27 12:09:05 CET [2024/09/27 6:09:05 ET]
Table '3805570207 1' 3-max Seat #3 is the button
Seat 1: luana382 (275 in chips) 
Seat 2: Mahu2021 (945 in chips) 
Seat 3: semirami2 (280 in chips) 
luana382: posts small blind 20
Mahu2021: posts big blind 40
*** HOLE CARDS ***
Dealt to Mahu2021 [Td 9d]
semirami2: raises 240 to 280 and is all-in
luana382: folds 
Mahu2021: folds 
Uncalled bet (240) returned to semirami2
semirami2 collected 100 from pot
semirami2: doesn't show hand 
*** SUMMARY ***
Total pot 100 | Rake 0 
Seat 1: luana382 (small blind) folded before Flop
Seat 2: Mahu2021 (big blind) folded before Flop
Seat 3: semirami2 (button) collected (100)



PokerStars Hand #252651099366: Tournament #3805570207, $1.84+$0.16 USD Hold'em No Limit - Level III (20/40) - 2024/09/27 12:09:20 CET [2024/09/27 6:09:20 ET]
Table '3805570207 1' 3-max Seat #1 is the button
Seat 1: luana382 (255 in chips) 
Seat 2: Mahu2021 (905 in chips) 
Seat 3: semirami2 (340 in chips) 
Mahu2021: posts small blind 20
semirami2: posts big blind 40
*** HOLE CARDS ***
Dealt to Mahu2021 [7d Kd]
luana382: folds 
Mahu2021: raises 865 to 905 and is all-in
semirami2: folds 
Uncalled bet (865) returned to Mahu2021
Mahu2021 collected 80 from pot
Mahu2021: doesn't show hand 
*** SUMMARY ***
Total pot 80 | Rake 0 
Seat 1: luana382 (button) folded before Flop (didn't bet)
Seat 2: Mahu2021 (small blind) collected (80)
Seat 3: semirami2 (big blind) folded before Flop



PokerStars Hand #252651100233: Tournament #3805570207, $1.84+$0.16 USD Hold'em No Limit - Level III (20/40) - 2024/09/27 12:09:27 CET [2024/09/27 6:09:27 ET]
Table '3805570207 1' 3-max Seat #2 is the button
Seat 1: luana382 (255 in chips) 
Seat 2: Mahu2021 (945 in chips) 
Seat 3: semirami2 (300 in chips) 
semirami2: posts small blind 20
luana382: posts big blind 40
*** HOLE CARDS ***
Dealt to Mahu2021 [7c 9s]
Mahu2021: folds 
semirami2: raises 260 to 300 and is all-in
luana382: folds 
Uncalled bet (260) returned to semirami2
semirami2 collected 80 from pot
semirami2: doesn't show hand 
*** SUMMARY ***
Total pot 80 | Rake 0 
Seat 1: luana382 (big blind) folded before Flop
Seat 2: Mahu2021 (button) folded before Flop (didn't bet)
Seat 3: semirami2 (small blind) collected (80)



PokerStars Hand #252651101038: Tournament #3805570207, $1.84+$0.16 USD Hold'em No Limit - Level III (20/40) - 2024/09/27 12:09:35 CET [2024/09/27 6:09:35 ET]
Table '3805570207 1' 3-max Seat #3 is the button
Seat 1: luana382 (215 in chips) 
Seat 2: Mahu2021 (945 in chips) 
Seat 3: semirami2 (340 in chips) 
luana382: posts small blind 20
Mahu2021: posts big blind 40
*** HOLE CARDS ***
Dealt to Mahu2021 [Ad 5d]
semirami2: folds 
luana382: calls 20
Mahu2021: raises 905 to 945 and is all-in
luana382: calls 175 and is all-in
Uncalled bet (730) returned to Mahu2021
*** FLOP *** [9h 2s 5c]
*** TURN *** [9h 2s 5c] [5s]
*** RIVER *** [9h 2s 5c 5s] [Tc]
*** SHOW DOWN ***
luana382: shows [4h Ah] (a pair of Fives)
Mahu2021: shows [Ad 5d] (three of a kind, Fives)
Mahu2021 collected 430 from pot
luana382 finished the tournament in 3rd place
*** SUMMARY ***
Total pot 430 | Rake 0 
Board [9h 2s 5c 5s Tc]
Seat 1: luana382 (small blind) showed [4h Ah] and lost with a pair of Fives
Seat 2: Mahu2021 (big blind) showed [Ad 5d] and won (430) with three of a kind, Fives
Seat 3: semirami2 (button) folded before Flop (didn't bet)



PokerStars Hand #252651103145: Tournament #3805570207, $1.84+$0.16 USD Hold'em No Limit - Level III (20/40) - 2024/09/27 12:09:53 CET [2024/09/27 6:09:53 ET]
Table '3805570207 1' 3-max Seat #2 is the button
Seat 2: Mahu2021 (1160 in chips) 
Seat 3: semirami2 (340 in chips) 
Mahu2021: posts small blind 20
semirami2: posts big blind 40
*** HOLE CARDS ***
Dealt to Mahu2021 [Kc 7h]
Mahu2021: raises 40 to 80
semirami2: folds 
Uncalled bet (40) returned to Mahu2021
Mahu2021 collected 80 from pot
Mahu2021: doesn't show hand 
*** SUMMARY ***
Total pot 80 | Rake 0 
Seat 2: Mahu2021 (button) (small blind) collected (80)
Seat 3: semirami2 (big blind) folded before Flop



PokerStars Hand #252651103793: Tournament #3805570207, $1.84+$0.16 USD Hold'em No Limit - Level III (20/40) - 2024/09/27 12:09:58 CET [2024/09/27 6:09:58 ET]
Table '3805570207 1' 3-max Seat #3 is the button
Seat 2: Mahu2021 (1200 in chips) 
Seat 3: semirami2 (300 in chips) 
semirami2: posts small blind 20
Mahu2021: posts big blind 40
*** HOLE CARDS ***
Dealt to Mahu2021 [9h 9c]
semirami2: raises 260 to 300 and is all-in
Mahu2021: calls 260
*** FLOP *** [Td 8h 8s]
*** TURN *** [Td 8h 8s] [4d]
*** RIVER *** [Td 8h 8s 4d] [Kh]
*** SHOW DOWN ***
Mahu2021: shows [9h 9c] (two pair, Nines and Eights)
semirami2: shows [7d Jh] (a pair of Eights)
Mahu2021 collected 600 from pot
semirami2 finished the tournament in 2nd place
Mahu2021 wins the tournament and receives $4.00 - congratulations!
*** SUMMARY ***
Total pot 600 | Rake 0 
Board [Td 8h 8s 4d Kh]
Seat 2: Mahu2021 (big blind) showed [9h 9c] and won (600) with two pair, Nines and Eights
Seat 3: semirami2 (button) (small blind) showed [7d Jh] and lost with a pair of Eights



