PokerStars Hand #246830365838: Tournament #3665998056, $1.84+$0.16 USD Hold'em No Limit - Level I (10/20) - 2023/10/30 18:40:00 CET [2023/10/30 13:40:00 ET]
Table '3665998056 1' 3-max Seat #1 is the button
Seat 1: Dubrovskiy_Bond (500 in chips) 
Seat 2: Visva21 (500 in chips) 
Seat 3: Mahu2021 (500 in chips) 
Visva21: posts small blind 10
Mahu2021: posts big blind 20
*** HOLE CARDS ***
Dealt to Mahu2021 [Ks 6s]
Dubrovskiy_Bond: folds 
Visva21: folds 
Uncalled bet (10) returned to Mahu2021
Mahu2021 collected 20 from pot
Mahu2021: doesn't show hand 
*** SUMMARY ***
Total pot 20 | Rake 0 
Seat 1: Dubrovskiy_Bond (button) folded before Flop (didn't bet)
Seat 2: Visva21 (small blind) folded before Flop
Seat 3: Mahu2021 (big blind) collected (20)



PokerStars Hand #246830367118: Tournament #3665998056, $1.84+$0.16 USD Hold'em No Limit - Level I (10/20) - 2023/10/30 18:40:04 CET [2023/10/30 13:40:04 ET]
Table '3665998056 1' 3-max Seat #2 is the button
Seat 1: Dubrovskiy_Bond (500 in chips) 
Seat 2: Visva21 (490 in chips) 
Seat 3: Mahu2021 (510 in chips) 
Mahu2021: posts small blind 10
Dubrovskiy_Bond: posts big blind 20
*** HOLE CARDS ***
Dealt to Mahu2021 [Ah 7c]
Visva21: raises 20 to 40
Mahu2021: calls 30
Dubrovskiy_Bond: calls 20
*** FLOP *** [6h As Th]
Mahu2021: checks 
Dubrovskiy_Bond: checks 
Visva21: bets 60
Mahu2021: calls 60
Dubrovskiy_Bond: folds 
*** TURN *** [6h As Th] [4h]
Mahu2021: checks 
Visva21: bets 120
Mahu2021: raises 290 to 410 and is all-in
Visva21: calls 270 and is all-in
Uncalled bet (20) returned to Mahu2021
*** RIVER *** [6h As Th 4h] [4s]
*** SHOW DOWN ***
Mahu2021: shows [Ah 7c] (two pair, Aces and Fours)
Visva21: shows [Jc Ts] (two pair, Tens and Fours)
Mahu2021 collected 1020 from pot
Visva21 finished the tournament in 3rd place
*** SUMMARY ***
Total pot 1020 | Rake 0 
Board [6h As Th 4h 4s]
Seat 1: Dubrovskiy_Bond (big blind) folded on the Flop
Seat 2: Visva21 (button) showed [Jc Ts] and lost with two pair, Tens and Fours
Seat 3: Mahu2021 (small blind) showed [Ah 7c] and won (1020) with two pair, Aces and Fours



PokerStars Hand #246830382694: Tournament #3665998056, $1.84+$0.16 USD Hold'em No Limit - Level I (10/20) - 2023/10/30 18:40:54 CET [2023/10/30 13:40:54 ET]
Table '3665998056 1' 3-max Seat #1 is the button
Seat 1: Dubrovskiy_Bond (460 in chips) 
Seat 3: Mahu2021 (1040 in chips) 
Dubrovskiy_Bond: posts small blind 10
Mahu2021: posts big blind 20
*** HOLE CARDS ***
Dealt to Mahu2021 [Td Ts]
Dubrovskiy_Bond: folds 
Uncalled bet (10) returned to Mahu2021
Mahu2021 collected 20 from pot
Mahu2021: doesn't show hand 
*** SUMMARY ***
Total pot 20 | Rake 0 
Seat 1: Dubrovskiy_Bond (button) (small blind) folded before Flop
Seat 3: Mahu2021 (big blind) collected (20)



PokerStars Hand #246830384269: Tournament #3665998056, $1.84+$0.16 USD Hold'em No Limit - Level I (10/20) - 2023/10/30 18:40:58 CET [2023/10/30 13:40:58 ET]
Table '3665998056 1' 3-max Seat #3 is the button
Seat 1: Dubrovskiy_Bond (450 in chips) 
Seat 3: Mahu2021 (1050 in chips) 
Mahu2021: posts small blind 10
Dubrovskiy_Bond: posts big blind 20
*** HOLE CARDS ***
Dealt to Mahu2021 [7s 4h]
Mahu2021: folds 
Uncalled bet (10) returned to Dubrovskiy_Bond
Dubrovskiy_Bond collected 20 from pot
Dubrovskiy_Bond: doesn't show hand 
*** SUMMARY ***
Total pot 20 | Rake 0 
Seat 1: Dubrovskiy_Bond (big blind) collected (20)
Seat 3: Mahu2021 (button) (small blind) folded before Flop



PokerStars Hand #246830385625: Tournament #3665998056, $1.84+$0.16 USD Hold'em No Limit - Level I (10/20) - 2023/10/30 18:41:03 CET [2023/10/30 13:41:03 ET]
Table '3665998056 1' 3-max Seat #1 is the button
Seat 1: Dubrovskiy_Bond (460 in chips) 
Seat 3: Mahu2021 (1040 in chips) 
Dubrovskiy_Bond: posts small blind 10
Mahu2021: posts big blind 20
*** HOLE CARDS ***
Dealt to Mahu2021 [5d 7c]
Dubrovskiy_Bond: calls 10
Mahu2021: checks 
*** FLOP *** [Th 4d Ah]
Mahu2021: checks 
Dubrovskiy_Bond: checks 
*** TURN *** [Th 4d Ah] [5s]
Mahu2021: bets 20
Dubrovskiy_Bond: calls 20
*** RIVER *** [Th 4d Ah 5s] [7d]
Mahu2021: bets 60
Dubrovskiy_Bond: folds 
Uncalled bet (60) returned to Mahu2021
Mahu2021 collected 80 from pot
Mahu2021: doesn't show hand 
*** SUMMARY ***
Total pot 80 | Rake 0 
Board [Th 4d Ah 5s 7d]
Seat 1: Dubrovskiy_Bond (button) (small blind) folded on the River
Seat 3: Mahu2021 (big blind) collected (80)



PokerStars Hand #246830393809: Tournament #3665998056, $1.84+$0.16 USD Hold'em No Limit - Level I (10/20) - 2023/10/30 18:41:29 CET [2023/10/30 13:41:29 ET]
Table '3665998056 1' 3-max Seat #3 is the button
Seat 1: Dubrovskiy_Bond (420 in chips) 
Seat 3: Mahu2021 (1080 in chips) 
Mahu2021: posts small blind 10
Dubrovskiy_Bond: posts big blind 20
*** HOLE CARDS ***
Dealt to Mahu2021 [6s 7c]
Mahu2021: calls 10
Dubrovskiy_Bond: checks 
*** FLOP *** [Tc Jc 3c]
Dubrovskiy_Bond: checks 
Mahu2021: bets 20
Dubrovskiy_Bond: calls 20
*** TURN *** [Tc Jc 3c] [Qs]
Dubrovskiy_Bond: checks 
Mahu2021: checks 
*** RIVER *** [Tc Jc 3c Qs] [2d]
Dubrovskiy_Bond: checks 
Mahu2021: checks 
*** SHOW DOWN ***
Dubrovskiy_Bond: shows [8c 6d] (high card Queen)
Mahu2021: mucks hand 
Dubrovskiy_Bond collected 80 from pot
*** SUMMARY ***
Total pot 80 | Rake 0 
Board [Tc Jc 3c Qs 2d]
Seat 1: Dubrovskiy_Bond (big blind) showed [8c 6d] and won (80) with high card Queen
Seat 3: Mahu2021 (button) (small blind) mucked [6s 7c]



PokerStars Hand #246830400567: Tournament #3665998056, $1.84+$0.16 USD Hold'em No Limit - Level I (10/20) - 2023/10/30 18:41:51 CET [2023/10/30 13:41:51 ET]
Table '3665998056 1' 3-max Seat #1 is the button
Seat 1: Dubrovskiy_Bond (460 in chips) 
Seat 3: Mahu2021 (1040 in chips) 
Dubrovskiy_Bond: posts small blind 10
Mahu2021: posts big blind 20
*** HOLE CARDS ***
Dealt to Mahu2021 [Qc 8c]
Dubrovskiy_Bond: folds 
Uncalled bet (10) returned to Mahu2021
Mahu2021 collected 20 from pot
Mahu2021: doesn't show hand 
*** SUMMARY ***
Total pot 20 | Rake 0 
Seat 1: Dubrovskiy_Bond (button) (small blind) folded before Flop
Seat 3: Mahu2021 (big blind) collected (20)



PokerStars Hand #246830402322: Tournament #3665998056, $1.84+$0.16 USD Hold'em No Limit - Level I (10/20) - 2023/10/30 18:41:56 CET [2023/10/30 13:41:56 ET]
Table '3665998056 1' 3-max Seat #3 is the button
Seat 1: Dubrovskiy_Bond (450 in chips) 
Seat 3: Mahu2021 (1050 in chips) 
Mahu2021: posts small blind 10
Dubrovskiy_Bond: posts big blind 20
*** HOLE CARDS ***
Dealt to Mahu2021 [Ks Qs]
Mahu2021: raises 40 to 60
Dubrovskiy_Bond: folds 
Uncalled bet (40) returned to Mahu2021
Mahu2021 collected 40 from pot
Mahu2021: doesn't show hand 
*** SUMMARY ***
Total pot 40 | Rake 0 
Seat 1: Dubrovskiy_Bond (big blind) folded before Flop
Seat 3: Mahu2021 (button) (small blind) collected (40)



PokerStars Hand #246830405164: Tournament #3665998056, $1.84+$0.16 USD Hold'em No Limit - Level I (10/20) - 2023/10/30 18:42:05 CET [2023/10/30 13:42:05 ET]
Table '3665998056 1' 3-max Seat #1 is the button
Seat 1: Dubrovskiy_Bond (430 in chips) 
Seat 3: Mahu2021 (1070 in chips) 
Dubrovskiy_Bond: posts small blind 10
Mahu2021: posts big blind 20
*** HOLE CARDS ***
Dealt to Mahu2021 [Ah Tc]
Dubrovskiy_Bond: folds 
Uncalled bet (10) returned to Mahu2021
Mahu2021 collected 20 from pot
Mahu2021: doesn't show hand 
*** SUMMARY ***
Total pot 20 | Rake 0 
Seat 1: Dubrovskiy_Bond (button) (small blind) folded before Flop
Seat 3: Mahu2021 (big blind) collected (20)



PokerStars Hand #246830407758: Tournament #3665998056, $1.84+$0.16 USD Hold'em No Limit - Level I (10/20) - 2023/10/30 18:42:14 CET [2023/10/30 13:42:14 ET]
Table '3665998056 1' 3-max Seat #3 is the button
Seat 1: Dubrovskiy_Bond (420 in chips) 
Seat 3: Mahu2021 (1080 in chips) 
Mahu2021: posts small blind 10
Dubrovskiy_Bond: posts big blind 20
*** HOLE CARDS ***
Dealt to Mahu2021 [5h Kh]
Mahu2021: raises 40 to 60
Dubrovskiy_Bond: raises 100 to 160
Mahu2021: calls 100
*** FLOP *** [6s 5c 3c]
Dubrovskiy_Bond: bets 260 and is all-in
Mahu2021: folds 
Uncalled bet (260) returned to Dubrovskiy_Bond
Dubrovskiy_Bond collected 320 from pot
Dubrovskiy_Bond: doesn't show hand 
*** SUMMARY ***
Total pot 320 | Rake 0 
Board [6s 5c 3c]
Seat 1: Dubrovskiy_Bond (big blind) collected (320)
Seat 3: Mahu2021 (button) (small blind) folded on the Flop



PokerStars Hand #246830415822: Tournament #3665998056, $1.84+$0.16 USD Hold'em No Limit - Level I (10/20) - 2023/10/30 18:42:40 CET [2023/10/30 13:42:40 ET]
Table '3665998056 1' 3-max Seat #1 is the button
Seat 1: Dubrovskiy_Bond (580 in chips) 
Seat 3: Mahu2021 (920 in chips) 
Dubrovskiy_Bond: posts small blind 10
Mahu2021: posts big blind 20
*** HOLE CARDS ***
Dealt to Mahu2021 [Tc 3s]
Dubrovskiy_Bond: folds 
Uncalled bet (10) returned to Mahu2021
Mahu2021 collected 20 from pot
Mahu2021: doesn't show hand 
*** SUMMARY ***
Total pot 20 | Rake 0 
Seat 1: Dubrovskiy_Bond (button) (small blind) folded before Flop
Seat 3: Mahu2021 (big blind) collected (20)



PokerStars Hand #246830417416: Tournament #3665998056, $1.84+$0.16 USD Hold'em No Limit - Level I (10/20) - 2023/10/30 18:42:45 CET [2023/10/30 13:42:45 ET]
Table '3665998056 1' 3-max Seat #3 is the button
Seat 1: Dubrovskiy_Bond (570 in chips) 
Seat 3: Mahu2021 (930 in chips) 
Mahu2021: posts small blind 10
Dubrovskiy_Bond: posts big blind 20
*** HOLE CARDS ***
Dealt to Mahu2021 [Ts Td]
Mahu2021: raises 40 to 60
Dubrovskiy_Bond: raises 40 to 100
Mahu2021: raises 830 to 930 and is all-in
Dubrovskiy_Bond: calls 470 and is all-in
Uncalled bet (360) returned to Mahu2021
*** FLOP *** [6s Jc 9h]
*** TURN *** [6s Jc 9h] [Kh]
*** RIVER *** [6s Jc 9h Kh] [9s]
*** SHOW DOWN ***
Dubrovskiy_Bond: shows [Th Ad] (a pair of Nines)
Mahu2021: shows [Ts Td] (two pair, Tens and Nines)
Mahu2021 collected 1140 from pot
Dubrovskiy_Bond finished the tournament in 2nd place
Mahu2021 wins the tournament and receives $6.00 - congratulations!
*** SUMMARY ***
Total pot 1140 | Rake 0 
Board [6s Jc 9h Kh 9s]
Seat 1: Dubrovskiy_Bond (big blind) showed [Th Ad] and lost with a pair of Nines
Seat 3: Mahu2021 (button) (small blind) showed [Ts Td] and won (1140) with two pair, Tens and Nines



