PokerStars Hand #252924096917: Tournament #3811862789, $1.84+$0.16 USD Hold'em No Limit - Level I (10/20) - 2024/10/14 16:40:15 CET [2024/10/14 10:40:15 ET]
Table '3811862789 1' 3-max Seat #1 is the button
Seat 1: YanSDC (500 in chips) 
Seat 2: Mahu2021 (500 in chips) 
Seat 3: Sexw (500 in chips) 
Mahu2021: posts small blind 10
Sexw: posts big blind 20
*** HOLE CARDS ***
Dealt to Mahu2021 [Ah Ad]
YanSDC: folds 
Mahu2021: raises 480 to 500 and is all-in
Sexw: folds 
Uncalled bet (480) returned to Mahu2021
Mahu2021 collected 40 from pot
Mahu2021: doesn't show hand 
*** SUMMARY ***
Total pot 40 | Rake 0 
Seat 1: YanSDC (button) folded before Flop (didn't bet)
Seat 2: Mahu2021 (small blind) collected (40)
Seat 3: Sexw (big blind) folded before Flop



PokerStars Hand #252924098470: Tournament #3811862789, $1.84+$0.16 USD Hold'em No Limit - Level I (10/20) - 2024/10/14 16:40:23 CET [2024/10/14 10:40:23 ET]
Table '3811862789 1' 3-max Seat #2 is the button
Seat 1: YanSDC (500 in chips) 
Seat 2: Mahu2021 (520 in chips) 
Seat 3: Sexw (480 in chips) 
Sexw: posts small blind 10
YanSDC: posts big blind 20
*** HOLE CARDS ***
Dealt to Mahu2021 [Qs 2c]
Mahu2021: calls 20
Sexw: raises 40 to 60
YanSDC: folds 
Mahu2021: folds 
Uncalled bet (40) returned to Sexw
Sexw collected 60 from pot
Sexw: doesn't show hand 
*** SUMMARY ***
Total pot 60 | Rake 0 
Seat 1: YanSDC (big blind) folded before Flop
Seat 2: Mahu2021 (button) folded before Flop
Seat 3: Sexw (small blind) collected (60)



PokerStars Hand #252924100196: Tournament #3811862789, $1.84+$0.16 USD Hold'em No Limit - Level I (10/20) - 2024/10/14 16:40:31 CET [2024/10/14 10:40:31 ET]
Table '3811862789 1' 3-max Seat #3 is the button
Seat 1: YanSDC (480 in chips) 
Seat 2: Mahu2021 (500 in chips) 
Seat 3: Sexw (520 in chips) 
YanSDC: posts small blind 10
Mahu2021: posts big blind 20
*** HOLE CARDS ***
Dealt to Mahu2021 [5d As]
Sexw: folds 
YanSDC: calls 10
Mahu2021: checks 
*** FLOP *** [8s 3c Jd]
YanSDC: checks 
Mahu2021: checks 
*** TURN *** [8s 3c Jd] [Qc]
YanSDC: checks 
Mahu2021: checks 
*** RIVER *** [8s 3c Jd Qc] [7c]
YanSDC: bets 30
Mahu2021: folds 
Uncalled bet (30) returned to YanSDC
YanSDC collected 40 from pot
YanSDC: doesn't show hand 
*** SUMMARY ***
Total pot 40 | Rake 0 
Board [8s 3c Jd Qc 7c]
Seat 1: YanSDC (small blind) collected (40)
Seat 2: Mahu2021 (big blind) folded on the River
Seat 3: Sexw (button) folded before Flop (didn't bet)



PokerStars Hand #252924104412: Tournament #3811862789, $1.84+$0.16 USD Hold'em No Limit - Level I (10/20) - 2024/10/14 16:40:51 CET [2024/10/14 10:40:51 ET]
Table '3811862789 1' 3-max Seat #1 is the button
Seat 1: YanSDC (500 in chips) 
Seat 2: Mahu2021 (480 in chips) 
Seat 3: Sexw (520 in chips) 
Mahu2021: posts small blind 10
Sexw: posts big blind 20
*** HOLE CARDS ***
Dealt to Mahu2021 [Ad Ah]
YanSDC: raises 20 to 40
Mahu2021: raises 440 to 480 and is all-in
Sexw: folds 
YanSDC: folds 
Uncalled bet (440) returned to Mahu2021
Mahu2021 collected 100 from pot
Mahu2021: doesn't show hand 
*** SUMMARY ***
Total pot 100 | Rake 0 
Seat 1: YanSDC (button) folded before Flop
Seat 2: Mahu2021 (small blind) collected (100)
Seat 3: Sexw (big blind) folded before Flop



PokerStars Hand #252924106353: Tournament #3811862789, $1.84+$0.16 USD Hold'em No Limit - Level I (10/20) - 2024/10/14 16:41:00 CET [2024/10/14 10:41:00 ET]
Table '3811862789 1' 3-max Seat #2 is the button
Seat 1: YanSDC (460 in chips) 
Seat 2: Mahu2021 (540 in chips) 
Seat 3: Sexw (500 in chips) 
Sexw: posts small blind 10
YanSDC: posts big blind 20
*** HOLE CARDS ***
Dealt to Mahu2021 [7h 8c]
Mahu2021: folds 
Sexw: folds 
Uncalled bet (10) returned to YanSDC
YanSDC collected 20 from pot
YanSDC: doesn't show hand 
*** SUMMARY ***
Total pot 20 | Rake 0 
Seat 1: YanSDC (big blind) collected (20)
Seat 2: Mahu2021 (button) folded before Flop (didn't bet)
Seat 3: Sexw (small blind) folded before Flop



PokerStars Hand #252924107380: Tournament #3811862789, $1.84+$0.16 USD Hold'em No Limit - Level I (10/20) - 2024/10/14 16:41:05 CET [2024/10/14 10:41:05 ET]
Table '3811862789 1' 3-max Seat #3 is the button
Seat 1: YanSDC (470 in chips) 
Seat 2: Mahu2021 (540 in chips) 
Seat 3: Sexw (490 in chips) 
YanSDC: posts small blind 10
Mahu2021: posts big blind 20
*** HOLE CARDS ***
Dealt to Mahu2021 [9h Kh]
Sexw: raises 20 to 40
YanSDC: folds 
Mahu2021: calls 20
*** FLOP *** [3d 5h Jh]
Mahu2021: checks 
Sexw: checks 
*** TURN *** [3d 5h Jh] [2c]
Mahu2021: checks 
Sexw: checks 
*** RIVER *** [3d 5h Jh 2c] [6h]
Mahu2021: bets 90
Sexw: calls 90
*** SHOW DOWN ***
Mahu2021: shows [9h Kh] (a flush, King high)
Sexw: mucks hand 
Mahu2021 collected 270 from pot
*** SUMMARY ***
Total pot 270 | Rake 0 
Board [3d 5h Jh 2c 6h]
Seat 1: YanSDC (small blind) folded before Flop
Seat 2: Mahu2021 (big blind) showed [9h Kh] and won (270) with a flush, King high
Seat 3: Sexw (button) mucked [6d As]



PokerStars Hand #252924111473: Tournament #3811862789, $1.84+$0.16 USD Hold'em No Limit - Level I (10/20) - 2024/10/14 16:41:24 CET [2024/10/14 10:41:24 ET]
Table '3811862789 1' 3-max Seat #1 is the button
Seat 1: YanSDC (460 in chips) 
Seat 2: Mahu2021 (680 in chips) 
Seat 3: Sexw (360 in chips) 
Mahu2021: posts small blind 10
Sexw: posts big blind 20
*** HOLE CARDS ***
Dealt to Mahu2021 [Jd 8d]
YanSDC: folds 
Mahu2021: calls 10
Sexw: raises 40 to 60
Mahu2021: calls 40
*** FLOP *** [4d Ac 6d]
Mahu2021: checks 
Sexw: bets 40
Mahu2021: calls 40
*** TURN *** [4d Ac 6d] [3d]
Mahu2021: checks 
Sexw: checks 
*** RIVER *** [4d Ac 6d 3d] [Tc]
Mahu2021: bets 60
Sexw: folds 
Uncalled bet (60) returned to Mahu2021
Mahu2021 collected 200 from pot
Mahu2021: doesn't show hand 
*** SUMMARY ***
Total pot 200 | Rake 0 
Board [4d Ac 6d 3d Tc]
Seat 1: YanSDC (button) folded before Flop (didn't bet)
Seat 2: Mahu2021 (small blind) collected (200)
Seat 3: Sexw (big blind) folded on the River



PokerStars Hand #252924116475: Tournament #3811862789, $1.84+$0.16 USD Hold'em No Limit - Level I (10/20) - 2024/10/14 16:41:48 CET [2024/10/14 10:41:48 ET]
Table '3811862789 1' 3-max Seat #2 is the button
Seat 1: YanSDC (460 in chips) 
Seat 2: Mahu2021 (780 in chips) 
Seat 3: Sexw (260 in chips) 
Sexw: posts small blind 10
YanSDC: posts big blind 20
*** HOLE CARDS ***
Dealt to Mahu2021 [3d Th]
Mahu2021: folds 
Sexw: folds 
Uncalled bet (10) returned to YanSDC
YanSDC collected 20 from pot
YanSDC: doesn't show hand 
*** SUMMARY ***
Total pot 20 | Rake 0 
Seat 1: YanSDC (big blind) collected (20)
Seat 2: Mahu2021 (button) folded before Flop (didn't bet)
Seat 3: Sexw (small blind) folded before Flop



PokerStars Hand #252924117770: Tournament #3811862789, $1.84+$0.16 USD Hold'em No Limit - Level I (10/20) - 2024/10/14 16:41:54 CET [2024/10/14 10:41:54 ET]
Table '3811862789 1' 3-max Seat #3 is the button
Seat 1: YanSDC (470 in chips) 
Seat 2: Mahu2021 (780 in chips) 
Seat 3: Sexw (250 in chips) 
YanSDC: posts small blind 10
Mahu2021: posts big blind 20
*** HOLE CARDS ***
Dealt to Mahu2021 [Kd Jh]
Sexw: calls 20
YanSDC: folds 
Mahu2021: checks 
*** FLOP *** [Td Jd Qh]
Mahu2021: bets 20
Sexw: folds 
Uncalled bet (20) returned to Mahu2021
Mahu2021 collected 50 from pot
Mahu2021: doesn't show hand 
*** SUMMARY ***
Total pot 50 | Rake 0 
Board [Td Jd Qh]
Seat 1: YanSDC (small blind) folded before Flop
Seat 2: Mahu2021 (big blind) collected (50)
Seat 3: Sexw (button) folded on the Flop



PokerStars Hand #252924120573: Tournament #3811862789, $1.84+$0.16 USD Hold'em No Limit - Level I (10/20) - 2024/10/14 16:42:07 CET [2024/10/14 10:42:07 ET]
Table '3811862789 1' 3-max Seat #1 is the button
Seat 1: YanSDC (460 in chips) 
Seat 2: Mahu2021 (810 in chips) 
Seat 3: Sexw (230 in chips) 
Mahu2021: posts small blind 10
Sexw: posts big blind 20
*** HOLE CARDS ***
Dealt to Mahu2021 [5d Jc]
YanSDC: raises 20 to 40
Mahu2021: folds 
Sexw: folds 
Uncalled bet (20) returned to YanSDC
YanSDC collected 50 from pot
YanSDC: doesn't show hand 
*** SUMMARY ***
Total pot 50 | Rake 0 
Seat 1: YanSDC (button) collected (50)
Seat 2: Mahu2021 (small blind) folded before Flop
Seat 3: Sexw (big blind) folded before Flop



PokerStars Hand #252924122780: Tournament #3811862789, $1.84+$0.16 USD Hold'em No Limit - Level I (10/20) - 2024/10/14 16:42:18 CET [2024/10/14 10:42:18 ET]
Table '3811862789 1' 3-max Seat #2 is the button
Seat 1: YanSDC (490 in chips) 
Seat 2: Mahu2021 (800 in chips) 
Seat 3: Sexw (210 in chips) 
Sexw: posts small blind 10
YanSDC: posts big blind 20
*** HOLE CARDS ***
Dealt to Mahu2021 [6d 8s]
Mahu2021: folds 
Sexw: raises 190 to 210 and is all-in
YanSDC: folds 
Uncalled bet (190) returned to Sexw
Sexw collected 40 from pot
Sexw: doesn't show hand 
*** SUMMARY ***
Total pot 40 | Rake 0 
Seat 1: YanSDC (big blind) folded before Flop
Seat 2: Mahu2021 (button) folded before Flop (didn't bet)
Seat 3: Sexw (small blind) collected (40)



PokerStars Hand #252924124333: Tournament #3811862789, $1.84+$0.16 USD Hold'em No Limit - Level I (10/20) - 2024/10/14 16:42:25 CET [2024/10/14 10:42:25 ET]
Table '3811862789 1' 3-max Seat #3 is the button
Seat 1: YanSDC (470 in chips) 
Seat 2: Mahu2021 (800 in chips) 
Seat 3: Sexw (230 in chips) 
YanSDC: posts small blind 10
Mahu2021: posts big blind 20
*** HOLE CARDS ***
Dealt to Mahu2021 [Ks 6c]
Sexw: folds 
YanSDC: folds 
Uncalled bet (10) returned to Mahu2021
Mahu2021 collected 20 from pot
Mahu2021: doesn't show hand 
*** SUMMARY ***
Total pot 20 | Rake 0 
Seat 1: YanSDC (small blind) folded before Flop
Seat 2: Mahu2021 (big blind) collected (20)
Seat 3: Sexw (button) folded before Flop (didn't bet)



PokerStars Hand #252924125975: Tournament #3811862789, $1.84+$0.16 USD Hold'em No Limit - Level I (10/20) - 2024/10/14 16:42:33 CET [2024/10/14 10:42:33 ET]
Table '3811862789 1' 3-max Seat #1 is the button
Seat 1: YanSDC (460 in chips) 
Seat 2: Mahu2021 (810 in chips) 
Seat 3: Sexw (230 in chips) 
Mahu2021: posts small blind 10
Sexw: posts big blind 20
*** HOLE CARDS ***
Dealt to Mahu2021 [7h Qh]
YanSDC: folds 
Mahu2021: calls 10
Sexw: raises 20 to 40
Mahu2021: calls 20
*** FLOP *** [Ks 3h Jh]
Mahu2021: checks 
Sexw: checks 
*** TURN *** [Ks 3h Jh] [Kc]
Mahu2021: checks 
Sexw: checks 
*** RIVER *** [Ks 3h Jh Kc] [Ad]
Mahu2021: checks 
Sexw: checks 
*** SHOW DOWN ***
Mahu2021: shows [7h Qh] (a pair of Kings)
Sexw: mucks hand 
Mahu2021 collected 80 from pot
*** SUMMARY ***
Total pot 80 | Rake 0 
Board [Ks 3h Jh Kc Ad]
Seat 1: YanSDC (button) folded before Flop (didn't bet)
Seat 2: Mahu2021 (small blind) showed [7h Qh] and won (80) with a pair of Kings
Seat 3: Sexw (big blind) mucked [Td 9c]



PokerStars Hand #252924130256: Tournament #3811862789, $1.84+$0.16 USD Hold'em No Limit - Level I (10/20) - 2024/10/14 16:42:53 CET [2024/10/14 10:42:53 ET]
Table '3811862789 1' 3-max Seat #2 is the button
Seat 1: YanSDC (460 in chips) 
Seat 2: Mahu2021 (850 in chips) 
Seat 3: Sexw (190 in chips) 
Sexw: posts small blind 10
YanSDC: posts big blind 20
*** HOLE CARDS ***
Dealt to Mahu2021 [Th 4c]
Mahu2021: folds 
Sexw: folds 
Uncalled bet (10) returned to YanSDC
YanSDC collected 20 from pot
YanSDC: doesn't show hand 
*** SUMMARY ***
Total pot 20 | Rake 0 
Seat 1: YanSDC (big blind) collected (20)
Seat 2: Mahu2021 (button) folded before Flop (didn't bet)
Seat 3: Sexw (small blind) folded before Flop



PokerStars Hand #252924131503: Tournament #3811862789, $1.84+$0.16 USD Hold'em No Limit - Level I (10/20) - 2024/10/14 16:42:59 CET [2024/10/14 10:42:59 ET]
Table '3811862789 1' 3-max Seat #3 is the button
Seat 1: YanSDC (470 in chips) 
Seat 2: Mahu2021 (850 in chips) 
Seat 3: Sexw (180 in chips) 
YanSDC: posts small blind 10
Mahu2021: posts big blind 20
*** HOLE CARDS ***
Dealt to Mahu2021 [Tc 5h]
Sexw: folds 
YanSDC: calls 10
Mahu2021: checks 
*** FLOP *** [Ad Td Qd]
YanSDC: bets 20
Mahu2021: calls 20
*** TURN *** [Ad Td Qd] [8d]
YanSDC: bets 60
Mahu2021: folds 
Uncalled bet (60) returned to YanSDC
YanSDC collected 80 from pot
YanSDC: doesn't show hand 
*** SUMMARY ***
Total pot 80 | Rake 0 
Board [Ad Td Qd 8d]
Seat 1: YanSDC (small blind) collected (80)
Seat 2: Mahu2021 (big blind) folded on the Turn
Seat 3: Sexw (button) folded before Flop (didn't bet)



PokerStars Hand #252924136886: Tournament #3811862789, $1.84+$0.16 USD Hold'em No Limit - Level II (15/30) - 2024/10/14 16:43:25 CET [2024/10/14 10:43:25 ET]
Table '3811862789 1' 3-max Seat #1 is the button
Seat 1: YanSDC (510 in chips) 
Seat 2: Mahu2021 (810 in chips) 
Seat 3: Sexw (180 in chips) 
Mahu2021: posts small blind 15
Sexw: posts big blind 30
*** HOLE CARDS ***
Dealt to Mahu2021 [Kd 7c]
YanSDC: raises 30 to 60
Mahu2021: calls 45
Sexw: folds 
*** FLOP *** [5c 3d Js]
Mahu2021: checks 
YanSDC: bets 45
Mahu2021: calls 45
*** TURN *** [5c 3d Js] [2s]
Mahu2021: checks 
YanSDC: checks 
*** RIVER *** [5c 3d Js 2s] [Jh]
Mahu2021: bets 240
YanSDC: folds 
Uncalled bet (240) returned to Mahu2021
Mahu2021 collected 240 from pot
Mahu2021: doesn't show hand 
*** SUMMARY ***
Total pot 240 | Rake 0 
Board [5c 3d Js 2s Jh]
Seat 1: YanSDC (button) folded on the River
Seat 2: Mahu2021 (small blind) collected (240)
Seat 3: Sexw (big blind) folded before Flop



PokerStars Hand #252924142504: Tournament #3811862789, $1.84+$0.16 USD Hold'em No Limit - Level II (15/30) - 2024/10/14 16:43:51 CET [2024/10/14 10:43:51 ET]
Table '3811862789 1' 3-max Seat #2 is the button
Seat 1: YanSDC (405 in chips) 
Seat 2: Mahu2021 (945 in chips) 
Seat 3: Sexw (150 in chips) 
Sexw: posts small blind 15
YanSDC: posts big blind 30
*** HOLE CARDS ***
Dealt to Mahu2021 [Ac 3s]
Mahu2021: calls 30
Sexw: raises 120 to 150 and is all-in
YanSDC: raises 255 to 405 and is all-in
Mahu2021: folds 
Uncalled bet (255) returned to YanSDC
*** FLOP *** [8c 5c Jc]
*** TURN *** [8c 5c Jc] [2s]
*** RIVER *** [8c 5c Jc 2s] [Qs]
*** SHOW DOWN ***
Sexw: shows [Ad 6c] (high card Ace)
YanSDC: shows [8d Ah] (a pair of Eights)
YanSDC collected 330 from pot
Sexw finished the tournament in 3rd place
*** SUMMARY ***
Total pot 330 | Rake 0 
Board [8c 5c Jc 2s Qs]
Seat 1: YanSDC (big blind) showed [8d Ah] and won (330) with a pair of Eights
Seat 2: Mahu2021 (button) folded before Flop
Seat 3: Sexw (small blind) showed [Ad 6c] and lost with high card Ace



PokerStars Hand #252924147143: Tournament #3811862789, $1.84+$0.16 USD Hold'em No Limit - Level II (15/30) - 2024/10/14 16:44:13 CET [2024/10/14 10:44:13 ET]
Table '3811862789 1' 3-max Seat #1 is the button
Seat 1: YanSDC (585 in chips) 
Seat 2: Mahu2021 (915 in chips) 
YanSDC: posts small blind 15
Mahu2021: posts big blind 30
*** HOLE CARDS ***
Dealt to Mahu2021 [Td 2s]
YanSDC: calls 15
Mahu2021: checks 
*** FLOP *** [8d 9h 4d]
Mahu2021: checks 
YanSDC: bets 30
Mahu2021: folds 
Uncalled bet (30) returned to YanSDC
YanSDC collected 60 from pot
YanSDC: doesn't show hand 
*** SUMMARY ***
Total pot 60 | Rake 0 
Board [8d 9h 4d]
Seat 1: YanSDC (button) (small blind) collected (60)
Seat 2: Mahu2021 (big blind) folded on the Flop



PokerStars Hand #252924150541: Tournament #3811862789, $1.84+$0.16 USD Hold'em No Limit - Level II (15/30) - 2024/10/14 16:44:29 CET [2024/10/14 10:44:29 ET]
Table '3811862789 1' 3-max Seat #2 is the button
Seat 1: YanSDC (615 in chips) 
Seat 2: Mahu2021 (885 in chips) 
Mahu2021: posts small blind 15
YanSDC: posts big blind 30
*** HOLE CARDS ***
Dealt to Mahu2021 [8h Th]
Mahu2021: calls 15
YanSDC: raises 585 to 615 and is all-in
Mahu2021: folds 
Uncalled bet (585) returned to YanSDC
YanSDC collected 60 from pot
YanSDC: doesn't show hand 
*** SUMMARY ***
Total pot 60 | Rake 0 
Seat 1: YanSDC (big blind) collected (60)
Seat 2: Mahu2021 (button) (small blind) folded before Flop



PokerStars Hand #252924152699: Tournament #3811862789, $1.84+$0.16 USD Hold'em No Limit - Level II (15/30) - 2024/10/14 16:44:40 CET [2024/10/14 10:44:40 ET]
Table '3811862789 1' 3-max Seat #1 is the button
Seat 1: YanSDC (645 in chips) 
Seat 2: Mahu2021 (855 in chips) 
YanSDC: posts small blind 15
Mahu2021: posts big blind 30
*** HOLE CARDS ***
Dealt to Mahu2021 [5c Ad]
YanSDC: calls 15
Mahu2021: checks 
*** FLOP *** [6c 5h 7h]
Mahu2021: checks 
YanSDC: bets 30
Mahu2021: calls 30
*** TURN *** [6c 5h 7h] [Th]
Mahu2021: checks 
YanSDC: bets 90
Mahu2021: folds 
Uncalled bet (90) returned to YanSDC
YanSDC collected 120 from pot
YanSDC: doesn't show hand 
*** SUMMARY ***
Total pot 120 | Rake 0 
Board [6c 5h 7h Th]
Seat 1: YanSDC (button) (small blind) collected (120)
Seat 2: Mahu2021 (big blind) folded on the Turn



PokerStars Hand #252924156554: Tournament #3811862789, $1.84+$0.16 USD Hold'em No Limit - Level II (15/30) - 2024/10/14 16:44:58 CET [2024/10/14 10:44:58 ET]
Table '3811862789 1' 3-max Seat #2 is the button
Seat 1: YanSDC (705 in chips) 
Seat 2: Mahu2021 (795 in chips) 
Mahu2021: posts small blind 15
YanSDC: posts big blind 30
*** HOLE CARDS ***
Dealt to Mahu2021 [Qh 9h]
Mahu2021: raises 30 to 60
YanSDC: folds 
Uncalled bet (30) returned to Mahu2021
Mahu2021 collected 60 from pot
Mahu2021: doesn't show hand 
*** SUMMARY ***
Total pot 60 | Rake 0 
Seat 1: YanSDC (big blind) folded before Flop
Seat 2: Mahu2021 (button) (small blind) collected (60)



PokerStars Hand #252924157883: Tournament #3811862789, $1.84+$0.16 USD Hold'em No Limit - Level II (15/30) - 2024/10/14 16:45:04 CET [2024/10/14 10:45:04 ET]
Table '3811862789 1' 3-max Seat #1 is the button
Seat 1: YanSDC (675 in chips) 
Seat 2: Mahu2021 (825 in chips) 
YanSDC: posts small blind 15
Mahu2021: posts big blind 30
*** HOLE CARDS ***
Dealt to Mahu2021 [Th 8c]
YanSDC: calls 15
Mahu2021: checks 
*** FLOP *** [2h 6s 9s]
Mahu2021: checks 
YanSDC: bets 30
Mahu2021: calls 30
*** TURN *** [2h 6s 9s] [6c]
Mahu2021: checks 
YanSDC: bets 60
Mahu2021: folds 
Uncalled bet (60) returned to YanSDC
YanSDC collected 120 from pot
YanSDC: doesn't show hand 
*** SUMMARY ***
Total pot 120 | Rake 0 
Board [2h 6s 9s 6c]
Seat 1: YanSDC (button) (small blind) collected (120)
Seat 2: Mahu2021 (big blind) folded on the Turn



PokerStars Hand #252924162402: Tournament #3811862789, $1.84+$0.16 USD Hold'em No Limit - Level II (15/30) - 2024/10/14 16:45:25 CET [2024/10/14 10:45:25 ET]
Table '3811862789 1' 3-max Seat #2 is the button
Seat 1: YanSDC (735 in chips) 
Seat 2: Mahu2021 (765 in chips) 
Mahu2021: posts small blind 15
YanSDC: posts big blind 30
*** HOLE CARDS ***
Dealt to Mahu2021 [Th 9c]
Mahu2021: calls 15
YanSDC: raises 705 to 735 and is all-in
Mahu2021: folds 
Uncalled bet (705) returned to YanSDC
YanSDC collected 60 from pot
YanSDC: doesn't show hand 
*** SUMMARY ***
Total pot 60 | Rake 0 
Seat 1: YanSDC (big blind) collected (60)
Seat 2: Mahu2021 (button) (small blind) folded before Flop



PokerStars Hand #252924164313: Tournament #3811862789, $1.84+$0.16 USD Hold'em No Limit - Level II (15/30) - 2024/10/14 16:45:34 CET [2024/10/14 10:45:34 ET]
Table '3811862789 1' 3-max Seat #1 is the button
Seat 1: YanSDC (765 in chips) 
Seat 2: Mahu2021 (735 in chips) 
YanSDC: posts small blind 15
Mahu2021: posts big blind 30
*** HOLE CARDS ***
Dealt to Mahu2021 [9h Jc]
YanSDC: raises 30 to 60
Mahu2021: calls 30
*** FLOP *** [Ks 3d 7d]
Mahu2021: checks 
YanSDC: bets 45
Mahu2021: folds 
Uncalled bet (45) returned to YanSDC
YanSDC collected 120 from pot
YanSDC: doesn't show hand 
*** SUMMARY ***
Total pot 120 | Rake 0 
Board [Ks 3d 7d]
Seat 1: YanSDC (button) (small blind) collected (120)
Seat 2: Mahu2021 (big blind) folded on the Flop



PokerStars Hand #252924168555: Tournament #3811862789, $1.84+$0.16 USD Hold'em No Limit - Level II (15/30) - 2024/10/14 16:45:53 CET [2024/10/14 10:45:53 ET]
Table '3811862789 1' 3-max Seat #2 is the button
Seat 1: YanSDC (825 in chips) 
Seat 2: Mahu2021 (675 in chips) 
Mahu2021: posts small blind 15
YanSDC: posts big blind 30
*** HOLE CARDS ***
Dealt to Mahu2021 [Jc 3d]
Mahu2021: folds 
Uncalled bet (15) returned to YanSDC
YanSDC collected 30 from pot
YanSDC: doesn't show hand 
*** SUMMARY ***
Total pot 30 | Rake 0 
Seat 1: YanSDC (big blind) collected (30)
Seat 2: Mahu2021 (button) (small blind) folded before Flop



PokerStars Hand #252924169462: Tournament #3811862789, $1.84+$0.16 USD Hold'em No Limit - Level II (15/30) - 2024/10/14 16:45:57 CET [2024/10/14 10:45:57 ET]
Table '3811862789 1' 3-max Seat #1 is the button
Seat 1: YanSDC (840 in chips) 
Seat 2: Mahu2021 (660 in chips) 
YanSDC: posts small blind 15
Mahu2021: posts big blind 30
*** HOLE CARDS ***
Dealt to Mahu2021 [Ks Kd]
YanSDC: calls 15
Mahu2021: raises 90 to 120
YanSDC: folds 
Uncalled bet (90) returned to Mahu2021
Mahu2021 collected 60 from pot
Mahu2021: doesn't show hand 
*** SUMMARY ***
Total pot 60 | Rake 0 
Seat 1: YanSDC (button) (small blind) folded before Flop
Seat 2: Mahu2021 (big blind) collected (60)



PokerStars Hand #252924171703: Tournament #3811862789, $1.84+$0.16 USD Hold'em No Limit - Level II (15/30) - 2024/10/14 16:46:07 CET [2024/10/14 10:46:07 ET]
Table '3811862789 1' 3-max Seat #2 is the button
Seat 1: YanSDC (810 in chips) 
Seat 2: Mahu2021 (690 in chips) 
Mahu2021: posts small blind 15
YanSDC: posts big blind 30
*** HOLE CARDS ***
Dealt to Mahu2021 [5h 9s]
Mahu2021: folds 
Uncalled bet (15) returned to YanSDC
YanSDC collected 30 from pot
YanSDC: doesn't show hand 
*** SUMMARY ***
Total pot 30 | Rake 0 
Seat 1: YanSDC (big blind) collected (30)
Seat 2: Mahu2021 (button) (small blind) folded before Flop



PokerStars Hand #252924173197: Tournament #3811862789, $1.84+$0.16 USD Hold'em No Limit - Level II (15/30) - 2024/10/14 16:46:14 CET [2024/10/14 10:46:14 ET]
Table '3811862789 1' 3-max Seat #1 is the button
Seat 1: YanSDC (825 in chips) 
Seat 2: Mahu2021 (675 in chips) 
YanSDC: posts small blind 15
Mahu2021: posts big blind 30
*** HOLE CARDS ***
Dealt to Mahu2021 [4s 5h]
YanSDC: raises 30 to 60
Mahu2021: folds 
Uncalled bet (30) returned to YanSDC
YanSDC collected 60 from pot
YanSDC: doesn't show hand 
*** SUMMARY ***
Total pot 60 | Rake 0 
Seat 1: YanSDC (button) (small blind) collected (60)
Seat 2: Mahu2021 (big blind) folded before Flop



PokerStars Hand #252924176059: Tournament #3811862789, $1.84+$0.16 USD Hold'em No Limit - Level III (20/40) - 2024/10/14 16:46:27 CET [2024/10/14 10:46:27 ET]
Table '3811862789 1' 3-max Seat #2 is the button
Seat 1: YanSDC (855 in chips) 
Seat 2: Mahu2021 (645 in chips) 
Mahu2021: posts small blind 20
YanSDC: posts big blind 40
*** HOLE CARDS ***
Dealt to Mahu2021 [4c 6c]
Mahu2021: calls 20
YanSDC: checks 
*** FLOP *** [Jd Ts Tc]
YanSDC: checks 
Mahu2021: bets 40
YanSDC: folds 
Uncalled bet (40) returned to Mahu2021
Mahu2021 collected 80 from pot
Mahu2021: doesn't show hand 
*** SUMMARY ***
Total pot 80 | Rake 0 
Board [Jd Ts Tc]
Seat 1: YanSDC (big blind) folded on the Flop
Seat 2: Mahu2021 (button) (small blind) collected (80)



PokerStars Hand #252924178476: Tournament #3811862789, $1.84+$0.16 USD Hold'em No Limit - Level III (20/40) - 2024/10/14 16:46:39 CET [2024/10/14 10:46:39 ET]
Table '3811862789 1' 3-max Seat #1 is the button
Seat 1: YanSDC (815 in chips) 
Seat 2: Mahu2021 (685 in chips) 
YanSDC: posts small blind 20
Mahu2021: posts big blind 40
*** HOLE CARDS ***
Dealt to Mahu2021 [Kc Jh]
YanSDC: raises 40 to 80
Mahu2021: raises 120 to 200
YanSDC: folds 
Uncalled bet (120) returned to Mahu2021
Mahu2021 collected 160 from pot
Mahu2021: doesn't show hand 
*** SUMMARY ***
Total pot 160 | Rake 0 
Seat 1: YanSDC (button) (small blind) folded before Flop
Seat 2: Mahu2021 (big blind) collected (160)



PokerStars Hand #252924180960: Tournament #3811862789, $1.84+$0.16 USD Hold'em No Limit - Level III (20/40) - 2024/10/14 16:46:50 CET [2024/10/14 10:46:50 ET]
Table '3811862789 1' 3-max Seat #2 is the button
Seat 1: YanSDC (735 in chips) 
Seat 2: Mahu2021 (765 in chips) 
Mahu2021: posts small blind 20
YanSDC: posts big blind 40
*** HOLE CARDS ***
Dealt to Mahu2021 [7s 5h]
Mahu2021: folds 
Uncalled bet (20) returned to YanSDC
YanSDC collected 40 from pot
YanSDC: doesn't show hand 
*** SUMMARY ***
Total pot 40 | Rake 0 
Seat 1: YanSDC (big blind) collected (40)
Seat 2: Mahu2021 (button) (small blind) folded before Flop



PokerStars Hand #252924181836: Tournament #3811862789, $1.84+$0.16 USD Hold'em No Limit - Level III (20/40) - 2024/10/14 16:46:54 CET [2024/10/14 10:46:54 ET]
Table '3811862789 1' 3-max Seat #1 is the button
Seat 1: YanSDC (755 in chips) 
Seat 2: Mahu2021 (745 in chips) 
YanSDC: posts small blind 20
Mahu2021: posts big blind 40
*** HOLE CARDS ***
Dealt to Mahu2021 [Jc 2s]
YanSDC: raises 40 to 80
Mahu2021: calls 40
*** FLOP *** [8c Qh 3s]
Mahu2021: checks 
YanSDC: checks 
*** TURN *** [8c Qh 3s] [3d]
Mahu2021: checks 
YanSDC: bets 80
Mahu2021: folds 
Uncalled bet (80) returned to YanSDC
YanSDC collected 160 from pot
YanSDC: doesn't show hand 
*** SUMMARY ***
Total pot 160 | Rake 0 
Board [8c Qh 3s 3d]
Seat 1: YanSDC (button) (small blind) collected (160)
Seat 2: Mahu2021 (big blind) folded on the Turn



PokerStars Hand #252924186719: Tournament #3811862789, $1.84+$0.16 USD Hold'em No Limit - Level III (20/40) - 2024/10/14 16:47:17 CET [2024/10/14 10:47:17 ET]
Table '3811862789 1' 3-max Seat #2 is the button
Seat 1: YanSDC (835 in chips) 
Seat 2: Mahu2021 (665 in chips) 
Mahu2021: posts small blind 20
YanSDC: posts big blind 40
*** HOLE CARDS ***
Dealt to Mahu2021 [Kd Kc]
Mahu2021: calls 20
YanSDC: checks 
*** FLOP *** [9c Ad 6s]
YanSDC: checks 
Mahu2021: bets 40
YanSDC: folds 
Uncalled bet (40) returned to Mahu2021
Mahu2021 collected 80 from pot
Mahu2021: doesn't show hand 
*** SUMMARY ***
Total pot 80 | Rake 0 
Board [9c Ad 6s]
Seat 1: YanSDC (big blind) folded on the Flop
Seat 2: Mahu2021 (button) (small blind) collected (80)



PokerStars Hand #252924190819: Tournament #3811862789, $1.84+$0.16 USD Hold'em No Limit - Level III (20/40) - 2024/10/14 16:47:36 CET [2024/10/14 10:47:36 ET]
Table '3811862789 1' 3-max Seat #1 is the button
Seat 1: YanSDC (795 in chips) 
Seat 2: Mahu2021 (705 in chips) 
YanSDC: posts small blind 20
Mahu2021: posts big blind 40
*** HOLE CARDS ***
Dealt to Mahu2021 [Jh 3c]
YanSDC: raises 40 to 80
Mahu2021: calls 40
*** FLOP *** [Kc 7c Td]
Mahu2021: checks 
YanSDC: bets 60
Mahu2021: folds 
Uncalled bet (60) returned to YanSDC
YanSDC collected 160 from pot
YanSDC: doesn't show hand 
*** SUMMARY ***
Total pot 160 | Rake 0 
Board [Kc 7c Td]
Seat 1: YanSDC (button) (small blind) collected (160)
Seat 2: Mahu2021 (big blind) folded on the Flop



PokerStars Hand #252924193845: Tournament #3811862789, $1.84+$0.16 USD Hold'em No Limit - Level III (20/40) - 2024/10/14 16:47:50 CET [2024/10/14 10:47:50 ET]
Table '3811862789 1' 3-max Seat #2 is the button
Seat 1: YanSDC (875 in chips) 
Seat 2: Mahu2021 (625 in chips) 
Mahu2021: posts small blind 20
YanSDC: posts big blind 40
*** HOLE CARDS ***
Dealt to Mahu2021 [5s 9s]
Mahu2021: folds 
Uncalled bet (20) returned to YanSDC
YanSDC collected 40 from pot
YanSDC: doesn't show hand 
*** SUMMARY ***
Total pot 40 | Rake 0 
Seat 1: YanSDC (big blind) collected (40)
Seat 2: Mahu2021 (button) (small blind) folded before Flop



PokerStars Hand #252924194697: Tournament #3811862789, $1.84+$0.16 USD Hold'em No Limit - Level III (20/40) - 2024/10/14 16:47:54 CET [2024/10/14 10:47:54 ET]
Table '3811862789 1' 3-max Seat #1 is the button
Seat 1: YanSDC (895 in chips) 
Seat 2: Mahu2021 (605 in chips) 
YanSDC: posts small blind 20
Mahu2021: posts big blind 40
*** HOLE CARDS ***
Dealt to Mahu2021 [Ts 2d]
YanSDC: raises 40 to 80
Mahu2021: folds 
Uncalled bet (40) returned to YanSDC
YanSDC collected 80 from pot
YanSDC: doesn't show hand 
*** SUMMARY ***
Total pot 80 | Rake 0 
Seat 1: YanSDC (button) (small blind) collected (80)
Seat 2: Mahu2021 (big blind) folded before Flop



PokerStars Hand #252924195665: Tournament #3811862789, $1.84+$0.16 USD Hold'em No Limit - Level III (20/40) - 2024/10/14 16:47:59 CET [2024/10/14 10:47:59 ET]
Table '3811862789 1' 3-max Seat #2 is the button
Seat 1: YanSDC (935 in chips) 
Seat 2: Mahu2021 (565 in chips) 
Mahu2021: posts small blind 20
YanSDC: posts big blind 40
*** HOLE CARDS ***
Dealt to Mahu2021 [3s Qs]
Mahu2021: raises 40 to 80
YanSDC: raises 100 to 180
Mahu2021: calls 100
*** FLOP *** [7d Kc 9h]
YanSDC: bets 119
Mahu2021: raises 266 to 385 and is all-in
YanSDC: calls 266
*** TURN *** [7d Kc 9h] [6d]
*** RIVER *** [7d Kc 9h 6d] [3d]
*** SHOW DOWN ***
YanSDC: shows [Kh Ks] (three of a kind, Kings)
Mahu2021: shows [3s Qs] (a pair of Threes)
YanSDC collected 1130 from pot
Mahu2021 finished the tournament in 2nd place
YanSDC wins the tournament and receives $6.00 - congratulations!
*** SUMMARY ***
Total pot 1130 | Rake 0 
Board [7d Kc 9h 6d 3d]
Seat 1: YanSDC (big blind) showed [Kh Ks] and won (1130) with three of a kind, Kings
Seat 2: Mahu2021 (button) (small blind) showed [3s Qs] and lost with a pair of Threes



