PokerStars Hand #254536566428: Tournament #3851220244, $4.60+$0.40 USD Hold'em No Limit - Level I (10/20) - 2025/01/24 22:58:28 CET [2025/01/24 16:58:28 ET]
Table '3851220244 1' 3-max Seat #1 is the button
Seat 1: Mahu2021 (500 in chips) 
Seat 2: Murich (500 in chips) 
Seat 3: Andreas.P305 (500 in chips) 
Murich: posts small blind 10
Andreas.P305: posts big blind 20
*** HOLE CARDS ***
Dealt to Mahu2021 [Tc 5d]
Mahu2021: folds 
Murich: calls 10
Andreas.P305: raises 30 to 50
Murich: calls 30
*** FLOP *** [Jd 6h 4d]
Murich: checks 
Andreas.P305: bets 33
Murich: calls 33
*** TURN *** [Jd 6h 4d] [2s]
Murich: checks 
Andreas.P305: checks 
*** RIVER *** [Jd 6h 4d 2s] [4s]
Murich: bets 45
Andreas.P305: folds 
Uncalled bet (45) returned to Murich
Murich collected 166 from pot
Murich: doesn't show hand 
*** SUMMARY ***
Total pot 166 | Rake 0 
Board [Jd 6h 4d 2s 4s]
Seat 1: Mahu2021 (button) folded before Flop (didn't bet)
Seat 2: Murich (small blind) collected (166)
Seat 3: Andreas.P305 (big blind) folded on the River



PokerStars Hand #254536574956: Tournament #3851220244, $4.60+$0.40 USD Hold'em No Limit - Level I (10/20) - 2025/01/24 22:59:05 CET [2025/01/24 16:59:05 ET]
Table '3851220244 1' 3-max Seat #2 is the button
Seat 1: Mahu2021 (500 in chips) 
Seat 2: Murich (583 in chips) 
Seat 3: Andreas.P305 (417 in chips) 
Andreas.P305: posts small blind 10
Mahu2021: posts big blind 20
*** HOLE CARDS ***
Dealt to Mahu2021 [4c 3d]
Murich: folds 
Andreas.P305: raises 30 to 50
Mahu2021: folds 
Uncalled bet (30) returned to Andreas.P305
Andreas.P305 collected 40 from pot
Andreas.P305: doesn't show hand 
*** SUMMARY ***
Total pot 40 | Rake 0 
Seat 1: Mahu2021 (big blind) folded before Flop
Seat 2: Murich (button) folded before Flop (didn't bet)
Seat 3: Andreas.P305 (small blind) collected (40)



PokerStars Hand #254536576886: Tournament #3851220244, $4.60+$0.40 USD Hold'em No Limit - Level I (10/20) - 2025/01/24 22:59:13 CET [2025/01/24 16:59:13 ET]
Table '3851220244 1' 3-max Seat #3 is the button
Seat 1: Mahu2021 (480 in chips) 
Seat 2: Murich (583 in chips) 
Seat 3: Andreas.P305 (437 in chips) 
Mahu2021: posts small blind 10
Murich: posts big blind 20
*** HOLE CARDS ***
Dealt to Mahu2021 [9s Qh]
Andreas.P305: folds 
Mahu2021: calls 10
Murich: checks 
*** FLOP *** [5d 5s 8s]
Mahu2021: checks 
Murich: checks 
*** TURN *** [5d 5s 8s] [Ac]
Mahu2021: checks 
Murich: checks 
*** RIVER *** [5d 5s 8s Ac] [5c]
Mahu2021: checks 
Murich: checks 
*** SHOW DOWN ***
Mahu2021: shows [9s Qh] (three of a kind, Fives)
Murich: shows [2h Ks] (three of a kind, Fives - Ace+King kicker)
Murich collected 40 from pot
*** SUMMARY ***
Total pot 40 | Rake 0 
Board [5d 5s 8s Ac 5c]
Seat 1: Mahu2021 (small blind) showed [9s Qh] and lost with three of a kind, Fives
Seat 2: Murich (big blind) showed [2h Ks] and won (40) with three of a kind, Fives
Seat 3: Andreas.P305 (button) folded before Flop (didn't bet)



PokerStars Hand #254536580463: Tournament #3851220244, $4.60+$0.40 USD Hold'em No Limit - Level I (10/20) - 2025/01/24 22:59:29 CET [2025/01/24 16:59:29 ET]
Table '3851220244 1' 3-max Seat #1 is the button
Seat 1: Mahu2021 (460 in chips) 
Seat 2: Murich (603 in chips) 
Seat 3: Andreas.P305 (437 in chips) 
Murich: posts small blind 10
Andreas.P305: posts big blind 20
*** HOLE CARDS ***
Dealt to Mahu2021 [7h 3s]
Mahu2021: folds 
Murich: calls 10
Andreas.P305: checks 
*** FLOP *** [Ks 5h 2c]
Murich: checks 
Andreas.P305: checks 
*** TURN *** [Ks 5h 2c] [Ah]
Murich: checks 
Andreas.P305: checks 
*** RIVER *** [Ks 5h 2c Ah] [5s]
Murich: bets 24
Andreas.P305: folds 
Uncalled bet (24) returned to Murich
Murich collected 40 from pot
Murich: doesn't show hand 
*** SUMMARY ***
Total pot 40 | Rake 0 
Board [Ks 5h 2c Ah 5s]
Seat 1: Mahu2021 (button) folded before Flop (didn't bet)
Seat 2: Murich (small blind) collected (40)
Seat 3: Andreas.P305 (big blind) folded on the River



PokerStars Hand #254536588239: Tournament #3851220244, $4.60+$0.40 USD Hold'em No Limit - Level I (10/20) - 2025/01/24 23:00:02 CET [2025/01/24 17:00:02 ET]
Table '3851220244 1' 3-max Seat #2 is the button
Seat 1: Mahu2021 (460 in chips) 
Seat 2: Murich (623 in chips) 
Seat 3: Andreas.P305 (417 in chips) 
Andreas.P305: posts small blind 10
Mahu2021: posts big blind 20
*** HOLE CARDS ***
Dealt to Mahu2021 [Ac Th]
Murich: raises 30 to 50
Andreas.P305: folds 
Mahu2021: calls 30
*** FLOP *** [6c 5c 8s]
Mahu2021: checks 
Murich: checks 
*** TURN *** [6c 5c 8s] [Jd]
Mahu2021: checks 
Murich: bets 30
Mahu2021: calls 30
*** RIVER *** [6c 5c 8s Jd] [8d]
Mahu2021: checks 
Murich: checks 
*** SHOW DOWN ***
Mahu2021: shows [Ac Th] (a pair of Eights)
Murich: shows [Ah Qc] (a pair of Eights - Ace+Queen kicker)
Murich collected 170 from pot
*** SUMMARY ***
Total pot 170 | Rake 0 
Board [6c 5c 8s Jd 8d]
Seat 1: Mahu2021 (big blind) showed [Ac Th] and lost with a pair of Eights
Seat 2: Murich (button) showed [Ah Qc] and won (170) with a pair of Eights
Seat 3: Andreas.P305 (small blind) folded before Flop



PokerStars Hand #254536594210: Tournament #3851220244, $4.60+$0.40 USD Hold'em No Limit - Level I (10/20) - 2025/01/24 23:00:28 CET [2025/01/24 17:00:28 ET]
Table '3851220244 1' 3-max Seat #3 is the button
Seat 1: Mahu2021 (380 in chips) 
Seat 2: Murich (713 in chips) 
Seat 3: Andreas.P305 (407 in chips) 
Mahu2021: posts small blind 10
Murich: posts big blind 20
*** HOLE CARDS ***
Dealt to Mahu2021 [Td 4h]
Andreas.P305: raises 20 to 40
Mahu2021: folds 
Murich: calls 20
*** FLOP *** [3h 8c 2d]
Murich: checks 
Andreas.P305: bets 30
Murich: calls 30
*** TURN *** [3h 8c 2d] [5s]
Murich: checks 
Andreas.P305: checks 
*** RIVER *** [3h 8c 2d 5s] [6d]
Murich: checks 
Andreas.P305: checks 
*** SHOW DOWN ***
Murich: shows [Js Ah] (high card Ace)
Andreas.P305: shows [6h As] (a pair of Sixes)
Andreas.P305 collected 150 from pot
*** SUMMARY ***
Total pot 150 | Rake 0 
Board [3h 8c 2d 5s 6d]
Seat 1: Mahu2021 (small blind) folded before Flop
Seat 2: Murich (big blind) showed [Js Ah] and lost with high card Ace
Seat 3: Andreas.P305 (button) showed [6h As] and won (150) with a pair of Sixes



PokerStars Hand #254536601148: Tournament #3851220244, $4.60+$0.40 USD Hold'em No Limit - Level II (15/30) - 2025/01/24 23:00:56 CET [2025/01/24 17:00:56 ET]
Table '3851220244 1' 3-max Seat #1 is the button
Seat 1: Mahu2021 (370 in chips) 
Seat 2: Murich (643 in chips) 
Seat 3: Andreas.P305 (487 in chips) 
Murich: posts small blind 15
Andreas.P305: posts big blind 30
*** HOLE CARDS ***
Dealt to Mahu2021 [Jh 5h]
Mahu2021: folds 
Murich: folds 
Uncalled bet (15) returned to Andreas.P305
Andreas.P305 collected 30 from pot
Andreas.P305: doesn't show hand 
*** SUMMARY ***
Total pot 30 | Rake 0 
Seat 1: Mahu2021 (button) folded before Flop (didn't bet)
Seat 2: Murich (small blind) folded before Flop
Seat 3: Andreas.P305 (big blind) collected (30)



PokerStars Hand #254536602666: Tournament #3851220244, $4.60+$0.40 USD Hold'em No Limit - Level II (15/30) - 2025/01/24 23:01:02 CET [2025/01/24 17:01:02 ET]
Table '3851220244 1' 3-max Seat #2 is the button
Seat 1: Mahu2021 (370 in chips) 
Seat 2: Murich (628 in chips) 
Seat 3: Andreas.P305 (502 in chips) 
Andreas.P305: posts small blind 15
Mahu2021: posts big blind 30
*** HOLE CARDS ***
Dealt to Mahu2021 [8d 2c]
Murich: folds 
Andreas.P305: raises 45 to 75
Mahu2021: folds 
Uncalled bet (45) returned to Andreas.P305
Andreas.P305 collected 60 from pot
Andreas.P305: doesn't show hand 
*** SUMMARY ***
Total pot 60 | Rake 0 
Seat 1: Mahu2021 (big blind) folded before Flop
Seat 2: Murich (button) folded before Flop (didn't bet)
Seat 3: Andreas.P305 (small blind) collected (60)



PokerStars Hand #254536605427: Tournament #3851220244, $4.60+$0.40 USD Hold'em No Limit - Level II (15/30) - 2025/01/24 23:01:12 CET [2025/01/24 17:01:12 ET]
Table '3851220244 1' 3-max Seat #3 is the button
Seat 1: Mahu2021 (340 in chips) 
Seat 2: Murich (628 in chips) 
Seat 3: Andreas.P305 (532 in chips) 
Mahu2021: posts small blind 15
Murich: posts big blind 30
*** HOLE CARDS ***
Dealt to Mahu2021 [7h 4s]
Andreas.P305: raises 30 to 60
Mahu2021: folds 
Murich: calls 30
*** FLOP *** [Qs 6s 9s]
Murich: checks 
Andreas.P305: bets 45
Murich: folds 
Uncalled bet (45) returned to Andreas.P305
Andreas.P305 collected 135 from pot
Andreas.P305: doesn't show hand 
*** SUMMARY ***
Total pot 135 | Rake 0 
Board [Qs 6s 9s]
Seat 1: Mahu2021 (small blind) folded before Flop
Seat 2: Murich (big blind) folded on the Flop
Seat 3: Andreas.P305 (button) collected (135)



PokerStars Hand #254536609181: Tournament #3851220244, $4.60+$0.40 USD Hold'em No Limit - Level II (15/30) - 2025/01/24 23:01:26 CET [2025/01/24 17:01:26 ET]
Table '3851220244 1' 3-max Seat #1 is the button
Seat 1: Mahu2021 (325 in chips) 
Seat 2: Murich (568 in chips) 
Seat 3: Andreas.P305 (607 in chips) 
Murich: posts small blind 15
Andreas.P305: posts big blind 30
*** HOLE CARDS ***
Dealt to Mahu2021 [8s 8c]
Mahu2021: raises 295 to 325 and is all-in
Murich: raises 243 to 568 and is all-in
Andreas.P305: folds 
Uncalled bet (243) returned to Murich
*** FLOP *** [7c 3h Jd]
*** TURN *** [7c 3h Jd] [2h]
*** RIVER *** [7c 3h Jd 2h] [5c]
*** SHOW DOWN ***
Murich: shows [Jc Ad] (a pair of Jacks)
Mahu2021: shows [8s 8c] (a pair of Eights)
Murich collected 680 from pot
Mahu2021 finished the tournament in 3rd place
*** SUMMARY ***
Total pot 680 | Rake 0 
Board [7c 3h Jd 2h 5c]
Seat 1: Mahu2021 (button) showed [8s 8c] and lost with a pair of Eights
Seat 2: Murich (small blind) showed [Jc Ad] and won (680) with a pair of Jacks
Seat 3: Andreas.P305 (big blind) folded before Flop



