PokerStars Hand #247568088655: Tournament #3682342504, $0.72+$2.22+$0.36 USD Hold'em No Limit - Level IV (40/80) - 2023/12/09 20:04:12 CET [2023/12/09 14:04:12 ET]
Table '3682342504 91' 8-max Seat #3 is the button
Seat 1: Bummibaby (6656 in chips, $2.22 bounty) 
Seat 2: Mahu2021 (5000 in chips, $2.22 bounty) 
Seat 3: Derf5193 (4730 in chips, $2.22 bounty) 
Seat 4: Omiro230 (4868 in chips, $2.22 bounty) 
Seat 5: BackDoorNob (4936 in chips, $2.22 bounty) 
Seat 6: kakoakpoa (9829 in chips, $3.33 bounty) 
Seat 7: DerYanni18 (7192 in chips, $2.22 bounty) 
Seat 8: lgdnikinho (5000 in chips, $2.22 bounty) 
Bummibaby: posts the ante 12
Mahu2021: posts the ante 12
Derf5193: posts the ante 12
Omiro230: posts the ante 12
BackDoorNob: posts the ante 12
kakoakpoa: posts the ante 12
DerYanni18: posts the ante 12
lgdnikinho: posts the ante 12
Omiro230: posts small blind 40
BackDoorNob: posts big blind 80
*** HOLE CARDS ***
Dealt to Mahu2021 [6s Ts]
kakoakpoa: folds 
DerYanni18: raises 80 to 160
lgdnikinho: folds 
Bummibaby: folds 
Mahu2021: folds 
Derf5193: folds 
Omiro230: folds 
BackDoorNob: folds 
Uncalled bet (80) returned to DerYanni18
DerYanni18 collected 296 from pot
DerYanni18: doesn't show hand 
*** SUMMARY ***
Total pot 296 | Rake 0 
Seat 1: Bummibaby folded before Flop (didn't bet)
Seat 2: Mahu2021 folded before Flop (didn't bet)
Seat 3: Derf5193 (button) folded before Flop (didn't bet)
Seat 4: Omiro230 (small blind) folded before Flop
Seat 5: BackDoorNob (big blind) folded before Flop
Seat 6: kakoakpoa folded before Flop (didn't bet)
Seat 7: DerYanni18 collected (296)
Seat 8: lgdnikinho folded before Flop (didn't bet)



PokerStars Hand #247568099151: Tournament #3682342504, $0.72+$2.22+$0.36 USD Hold'em No Limit - Level IV (40/80) - 2023/12/09 20:04:45 CET [2023/12/09 14:04:45 ET]
Table '3682342504 91' 8-max Seat #4 is the button
Seat 1: Bummibaby (6644 in chips, $2.22 bounty) 
Seat 2: Mahu2021 (4988 in chips, $2.22 bounty) 
Seat 3: Derf5193 (4718 in chips, $2.22 bounty) 
Seat 4: Omiro230 (4816 in chips, $2.22 bounty) 
Seat 5: BackDoorNob (4844 in chips, $2.22 bounty) 
Seat 6: kakoakpoa (9817 in chips, $3.33 bounty) 
Seat 7: DerYanni18 (7396 in chips, $2.22 bounty) 
Seat 8: lgdnikinho (4988 in chips, $2.22 bounty) 
Bummibaby: posts the ante 12
Mahu2021: posts the ante 12
Derf5193: posts the ante 12
Omiro230: posts the ante 12
BackDoorNob: posts the ante 12
kakoakpoa: posts the ante 12
DerYanni18: posts the ante 12
lgdnikinho: posts the ante 12
BackDoorNob: posts small blind 40
kakoakpoa: posts big blind 80
*** HOLE CARDS ***
Dealt to Mahu2021 [7d Qd]
DerYanni18: folds 
lgdnikinho: raises 80 to 160
Bummibaby: folds 
Mahu2021: folds 
Derf5193: raises 344 to 504
Omiro230: folds 
BackDoorNob: folds 
kakoakpoa: folds 
lgdnikinho: calls 344
*** FLOP *** [3d 6h 2s]
lgdnikinho: checks 
Derf5193: bets 404
lgdnikinho: calls 404
*** TURN *** [3d 6h 2s] [4d]
lgdnikinho: checks 
Derf5193: bets 671
lgdnikinho: calls 671
*** RIVER *** [3d 6h 2s 4d] [9s]
lgdnikinho: checks 
Derf5193: checks 
*** SHOW DOWN ***
lgdnikinho: shows [Qs As] (high card Ace)
Derf5193: shows [Ad Ah] (a pair of Aces)
Derf5193 collected 3374 from pot
*** SUMMARY ***
Total pot 3374 | Rake 0 
Board [3d 6h 2s 4d 9s]
Seat 1: Bummibaby folded before Flop (didn't bet)
Seat 2: Mahu2021 folded before Flop (didn't bet)
Seat 3: Derf5193 showed [Ad Ah] and won (3374) with a pair of Aces
Seat 4: Omiro230 (button) folded before Flop (didn't bet)
Seat 5: BackDoorNob (small blind) folded before Flop
Seat 6: kakoakpoa (big blind) folded before Flop
Seat 7: DerYanni18 folded before Flop (didn't bet)
Seat 8: lgdnikinho showed [Qs As] and lost with high card Ace



PokerStars Hand #247568125116: Tournament #3682342504, $0.72+$2.22+$0.36 USD Hold'em No Limit - Level IV (40/80) - 2023/12/09 20:06:05 CET [2023/12/09 14:06:05 ET]
Table '3682342504 91' 8-max Seat #5 is the button
Seat 1: Bummibaby (6632 in chips, $2.22 bounty) 
Seat 2: Mahu2021 (4976 in chips, $2.22 bounty) 
Seat 3: Derf5193 (6501 in chips, $2.22 bounty) 
Seat 4: Omiro230 (4804 in chips, $2.22 bounty) 
Seat 5: BackDoorNob (4792 in chips, $2.22 bounty) 
Seat 6: kakoakpoa (9725 in chips, $3.33 bounty) 
Seat 7: DerYanni18 (7384 in chips, $2.22 bounty) 
Seat 8: lgdnikinho (3397 in chips, $2.22 bounty) 
Bummibaby: posts the ante 12
Mahu2021: posts the ante 12
Derf5193: posts the ante 12
Omiro230: posts the ante 12
BackDoorNob: posts the ante 12
kakoakpoa: posts the ante 12
DerYanni18: posts the ante 12
lgdnikinho: posts the ante 12
kakoakpoa: posts small blind 40
DerYanni18: posts big blind 80
*** HOLE CARDS ***
Dealt to Mahu2021 [Tc 6s]
lgdnikinho: folds 
Bummibaby: folds 
Mahu2021: folds 
Derf5193: folds 
Omiro230 has timed out
Omiro230: folds 
Omiro230 is sitting out
BackDoorNob: folds 
kakoakpoa: folds 
Uncalled bet (40) returned to DerYanni18
DerYanni18 collected 176 from pot
DerYanni18: doesn't show hand 
*** SUMMARY ***
Total pot 176 | Rake 0 
Seat 1: Bummibaby folded before Flop (didn't bet)
Seat 2: Mahu2021 folded before Flop (didn't bet)
Seat 3: Derf5193 folded before Flop (didn't bet)
Seat 4: Omiro230 folded before Flop (didn't bet)
Seat 5: BackDoorNob (button) folded before Flop (didn't bet)
Seat 6: kakoakpoa (small blind) folded before Flop
Seat 7: DerYanni18 (big blind) collected (176)
Seat 8: lgdnikinho folded before Flop (didn't bet)



PokerStars Hand #247568145027: Tournament #3682342504, $0.72+$2.22+$0.36 USD Hold'em No Limit - Level IV (40/80) - 2023/12/09 20:07:06 CET [2023/12/09 14:07:06 ET]
Table '3682342504 91' 8-max Seat #6 is the button
Seat 1: Bummibaby (6620 in chips, $2.22 bounty) 
Seat 2: Mahu2021 (4964 in chips, $2.22 bounty) 
Seat 3: Derf5193 (6489 in chips, $2.22 bounty) 
Seat 4: Omiro230 (4792 in chips, $2.22 bounty) is sitting out
Seat 5: BackDoorNob (4780 in chips, $2.22 bounty) 
Seat 6: kakoakpoa (9673 in chips, $3.33 bounty) 
Seat 7: DerYanni18 (7508 in chips, $2.22 bounty) 
Seat 8: lgdnikinho (3385 in chips, $2.22 bounty) 
Bummibaby: posts the ante 12
Mahu2021: posts the ante 12
Derf5193: posts the ante 12
Omiro230: posts the ante 12
BackDoorNob: posts the ante 12
kakoakpoa: posts the ante 12
DerYanni18: posts the ante 12
lgdnikinho: posts the ante 12
DerYanni18: posts small blind 40
lgdnikinho: posts big blind 80
*** HOLE CARDS ***
Dealt to Mahu2021 [Kh 3s]
Bummibaby: folds 
Mahu2021: folds 
Derf5193: raises 104 to 184
Omiro230: folds 
BackDoorNob: folds 
kakoakpoa: folds 
DerYanni18: calls 144
Omiro230 has returned
lgdnikinho: folds 
*** FLOP *** [7s 2c 6d]
DerYanni18: checks 
Derf5193: checks 
*** TURN *** [7s 2c 6d] [Qc]
DerYanni18: bets 272
Derf5193: folds 
Uncalled bet (272) returned to DerYanni18
DerYanni18 collected 544 from pot
DerYanni18: doesn't show hand 
*** SUMMARY ***
Total pot 544 | Rake 0 
Board [7s 2c 6d Qc]
Seat 1: Bummibaby folded before Flop (didn't bet)
Seat 2: Mahu2021 folded before Flop (didn't bet)
Seat 3: Derf5193 folded on the Turn
Seat 4: Omiro230 folded before Flop (didn't bet)
Seat 5: BackDoorNob folded before Flop (didn't bet)
Seat 6: kakoakpoa (button) folded before Flop (didn't bet)
Seat 7: DerYanni18 (small blind) collected (544)
Seat 8: lgdnikinho (big blind) folded before Flop



PokerStars Hand #247568158999: Tournament #3682342504, $0.72+$2.22+$0.36 USD Hold'em No Limit - Level IV (40/80) - 2023/12/09 20:07:49 CET [2023/12/09 14:07:49 ET]
Table '3682342504 91' 8-max Seat #7 is the button
Seat 1: Bummibaby (6608 in chips, $2.22 bounty) 
Seat 2: Mahu2021 (4952 in chips, $2.22 bounty) 
Seat 3: Derf5193 (6293 in chips, $2.22 bounty) 
Seat 4: Omiro230 (4780 in chips, $2.22 bounty) 
Seat 5: BackDoorNob (4768 in chips, $2.22 bounty) 
Seat 6: kakoakpoa (9661 in chips, $3.33 bounty) 
Seat 7: DerYanni18 (7856 in chips, $2.22 bounty) 
Seat 8: lgdnikinho (3293 in chips, $2.22 bounty) 
Bummibaby: posts the ante 12
Mahu2021: posts the ante 12
Derf5193: posts the ante 12
Omiro230: posts the ante 12
BackDoorNob: posts the ante 12
kakoakpoa: posts the ante 12
DerYanni18: posts the ante 12
lgdnikinho: posts the ante 12
lgdnikinho: posts small blind 40
Bummibaby: posts big blind 80
*** HOLE CARDS ***
Dealt to Mahu2021 [Jh Ah]
Mahu2021: calls 80
Derf5193: folds 
Omiro230: folds 
BackDoorNob: folds 
kakoakpoa: folds 
DerYanni18: folds 
lgdnikinho: folds 
Bummibaby: checks 
*** FLOP *** [Ts 9c 6d]
Bummibaby: checks 
Mahu2021: checks 
*** TURN *** [Ts 9c 6d] [Kh]
Bummibaby: bets 80
Mahu2021: calls 80
*** RIVER *** [Ts 9c 6d Kh] [Qd]
Bummibaby: checks 
Mahu2021: bets 160
Bummibaby: calls 160
*** SHOW DOWN ***
Mahu2021: shows [Jh Ah] (a straight, Ten to Ace)
Bummibaby: mucks hand 
Mahu2021 collected 776 from pot
*** SUMMARY ***
Total pot 776 | Rake 0 
Board [Ts 9c 6d Kh Qd]
Seat 1: Bummibaby (big blind) mucked [Kd 2c]
Seat 2: Mahu2021 showed [Jh Ah] and won (776) with a straight, Ten to Ace
Seat 3: Derf5193 folded before Flop (didn't bet)
Seat 4: Omiro230 folded before Flop (didn't bet)
Seat 5: BackDoorNob folded before Flop (didn't bet)
Seat 6: kakoakpoa folded before Flop (didn't bet)
Seat 7: DerYanni18 (button) folded before Flop (didn't bet)
Seat 8: lgdnikinho (small blind) folded before Flop



PokerStars Hand #247568185474: Tournament #3682342504, $0.72+$2.22+$0.36 USD Hold'em No Limit - Level IV (40/80) - 2023/12/09 20:09:11 CET [2023/12/09 14:09:11 ET]
Table '3682342504 91' 8-max Seat #8 is the button
Seat 1: Bummibaby (6276 in chips, $2.22 bounty) 
Seat 2: Mahu2021 (5396 in chips, $2.22 bounty) 
Seat 3: Derf5193 (6281 in chips, $2.22 bounty) 
Seat 4: Omiro230 (4768 in chips, $2.22 bounty) 
Seat 5: BackDoorNob (4756 in chips, $2.22 bounty) 
Seat 6: kakoakpoa (9649 in chips, $3.33 bounty) 
Seat 7: DerYanni18 (7844 in chips, $2.22 bounty) 
Seat 8: lgdnikinho (3241 in chips, $2.22 bounty) 
Bummibaby: posts the ante 12
Mahu2021: posts the ante 12
Derf5193: posts the ante 12
Omiro230: posts the ante 12
BackDoorNob: posts the ante 12
kakoakpoa: posts the ante 12
DerYanni18: posts the ante 12
lgdnikinho: posts the ante 12
Bummibaby: posts small blind 40
Mahu2021: posts big blind 80
*** HOLE CARDS ***
Dealt to Mahu2021 [2d 2c]
Derf5193: folds 
Omiro230: raises 80 to 160
BackDoorNob: folds 
kakoakpoa: folds 
DerYanni18: folds 
lgdnikinho: folds 
Bummibaby: folds 
Mahu2021: calls 80
*** FLOP *** [5d 6h 7c]
Mahu2021: checks 
Omiro230: checks 
*** TURN *** [5d 6h 7c] [Th]
Mahu2021: checks 
Omiro230: bets 240
Mahu2021: folds 
Uncalled bet (240) returned to Omiro230
Omiro230 collected 456 from pot
*** SUMMARY ***
Total pot 456 | Rake 0 
Board [5d 6h 7c Th]
Seat 1: Bummibaby (small blind) folded before Flop
Seat 2: Mahu2021 (big blind) folded on the Turn
Seat 3: Derf5193 folded before Flop (didn't bet)
Seat 4: Omiro230 collected (456)
Seat 5: BackDoorNob folded before Flop (didn't bet)
Seat 6: kakoakpoa folded before Flop (didn't bet)
Seat 7: DerYanni18 folded before Flop (didn't bet)
Seat 8: lgdnikinho (button) folded before Flop (didn't bet)



PokerStars Hand #247568216365: Tournament #3682342504, $0.72+$2.22+$0.36 USD Hold'em No Limit - Level V (45/90) - 2023/12/09 20:10:45 CET [2023/12/09 14:10:45 ET]
Table '3682342504 91' 8-max Seat #1 is the button
Seat 1: Bummibaby (6224 in chips, $2.22 bounty) 
Seat 2: Mahu2021 (5224 in chips, $2.22 bounty) 
Seat 3: Derf5193 (6269 in chips, $2.22 bounty) 
Seat 4: Omiro230 (5052 in chips, $2.22 bounty) 
Seat 5: BackDoorNob (4744 in chips, $2.22 bounty) 
Seat 6: kakoakpoa (9637 in chips, $3.33 bounty) 
Seat 7: DerYanni18 (7832 in chips, $2.22 bounty) 
Seat 8: lgdnikinho (3229 in chips, $2.22 bounty) 
Bummibaby: posts the ante 14
Mahu2021: posts the ante 14
Derf5193: posts the ante 14
Omiro230: posts the ante 14
BackDoorNob: posts the ante 14
kakoakpoa: posts the ante 14
DerYanni18: posts the ante 14
lgdnikinho: posts the ante 14
Mahu2021: posts small blind 45
Derf5193: posts big blind 90
*** HOLE CARDS ***
Dealt to Mahu2021 [5h Qs]
Omiro230: folds 
BackDoorNob: folds 
kakoakpoa: folds 
DerYanni18: calls 90
lgdnikinho: raises 270 to 360
Bummibaby: folds 
Mahu2021: folds 
Derf5193: folds 
DerYanni18: raises 7458 to 7818 and is all-in
lgdnikinho: folds 
Uncalled bet (7458) returned to DerYanni18
DerYanni18 collected 967 from pot
DerYanni18: doesn't show hand 
*** SUMMARY ***
Total pot 967 | Rake 0 
Seat 1: Bummibaby (button) folded before Flop (didn't bet)
Seat 2: Mahu2021 (small blind) folded before Flop
Seat 3: Derf5193 (big blind) folded before Flop
Seat 4: Omiro230 folded before Flop (didn't bet)
Seat 5: BackDoorNob folded before Flop (didn't bet)
Seat 6: kakoakpoa folded before Flop (didn't bet)
Seat 7: DerYanni18 collected (967)
Seat 8: lgdnikinho folded before Flop



PokerStars Hand #247568233074: Tournament #3682342504, $0.72+$2.22+$0.36 USD Hold'em No Limit - Level V (45/90) - 2023/12/09 20:11:36 CET [2023/12/09 14:11:36 ET]
Table '3682342504 91' 8-max Seat #2 is the button
Seat 1: Bummibaby (6210 in chips, $2.22 bounty) 
Seat 2: Mahu2021 (5165 in chips, $2.22 bounty) 
Seat 3: Derf5193 (6165 in chips, $2.22 bounty) 
Seat 4: Omiro230 (5038 in chips, $2.22 bounty) 
Seat 5: BackDoorNob (4730 in chips, $2.22 bounty) 
Seat 6: kakoakpoa (9623 in chips, $3.33 bounty) 
Seat 7: DerYanni18 (8425 in chips, $2.22 bounty) 
Seat 8: lgdnikinho (2855 in chips, $2.22 bounty) 
Bummibaby: posts the ante 14
Mahu2021: posts the ante 14
Derf5193: posts the ante 14
Omiro230: posts the ante 14
BackDoorNob: posts the ante 14
kakoakpoa: posts the ante 14
DerYanni18: posts the ante 14
lgdnikinho: posts the ante 14
Derf5193: posts small blind 45
Omiro230: posts big blind 90
*** HOLE CARDS ***
Dealt to Mahu2021 [7d 9c]
BackDoorNob: folds 
kakoakpoa: folds 
DerYanni18: folds 
lgdnikinho: folds 
Bummibaby: raises 180 to 270
Mahu2021: folds 
Derf5193: folds 
Omiro230: calls 180
*** FLOP *** [2s 9h 7c]
Omiro230: bets 349
Bummibaby: raises 5577 to 5926 and is all-in
Omiro230 has timed out
Omiro230: folds 
Omiro230 is sitting out
Uncalled bet (5577) returned to Bummibaby
Bummibaby collected 1395 from pot
*** SUMMARY ***
Total pot 1395 | Rake 0 
Board [2s 9h 7c]
Seat 1: Bummibaby collected (1395)
Seat 2: Mahu2021 (button) folded before Flop (didn't bet)
Seat 3: Derf5193 (small blind) folded before Flop
Seat 4: Omiro230 (big blind) folded on the Flop
Seat 5: BackDoorNob folded before Flop (didn't bet)
Seat 6: kakoakpoa folded before Flop (didn't bet)
Seat 7: DerYanni18 folded before Flop (didn't bet)
Seat 8: lgdnikinho folded before Flop (didn't bet)



PokerStars Hand #247568260926: Tournament #3682342504, $0.72+$2.22+$0.36 USD Hold'em No Limit - Level V (45/90) - 2023/12/09 20:13:02 CET [2023/12/09 14:13:02 ET]
Table '3682342504 91' 8-max Seat #3 is the button
Seat 1: Bummibaby (6972 in chips, $2.22 bounty) 
Seat 2: Mahu2021 (5151 in chips, $2.22 bounty) 
Seat 3: Derf5193 (6106 in chips, $2.22 bounty) 
Seat 4: Omiro230 (4405 in chips, $2.22 bounty) is sitting out
Seat 5: BackDoorNob (4716 in chips, $2.22 bounty) 
Seat 6: kakoakpoa (9609 in chips, $3.33 bounty) 
Seat 7: DerYanni18 (8411 in chips, $2.22 bounty) 
Seat 8: lgdnikinho (2841 in chips, $2.22 bounty) 
Bummibaby: posts the ante 14
Mahu2021: posts the ante 14
Derf5193: posts the ante 14
Omiro230: posts the ante 14
BackDoorNob: posts the ante 14
kakoakpoa: posts the ante 14
DerYanni18: posts the ante 14
lgdnikinho: posts the ante 14
Omiro230: posts small blind 45
BackDoorNob: posts big blind 90
*** HOLE CARDS ***
Dealt to Mahu2021 [9h 6c]
kakoakpoa: raises 135 to 225
DerYanni18: folds 
lgdnikinho: folds 
Bummibaby: calls 225
Mahu2021: folds 
Derf5193: folds 
Omiro230: folds 
BackDoorNob: folds 
*** FLOP *** [2c 7h Js]
Omiro230 has returned
kakoakpoa: bets 230
Bummibaby: calls 230
*** TURN *** [2c 7h Js] [Jd]
kakoakpoa: bets 868
Bummibaby: calls 868
*** RIVER *** [2c 7h Js Jd] [2s]
kakoakpoa: checks 
Bummibaby: bets 1447
kakoakpoa: folds 
Uncalled bet (1447) returned to Bummibaby
Bummibaby collected 2893 from pot
*** SUMMARY ***
Total pot 2893 | Rake 0 
Board [2c 7h Js Jd 2s]
Seat 1: Bummibaby collected (2893)
Seat 2: Mahu2021 folded before Flop (didn't bet)
Seat 3: Derf5193 (button) folded before Flop (didn't bet)
Seat 4: Omiro230 (small blind) folded before Flop
Seat 5: BackDoorNob (big blind) folded before Flop
Seat 6: kakoakpoa folded on the River
Seat 7: DerYanni18 folded before Flop (didn't bet)
Seat 8: lgdnikinho folded before Flop (didn't bet)



PokerStars Hand #247568280240: Tournament #3682342504, $0.72+$2.22+$0.36 USD Hold'em No Limit - Level V (45/90) - 2023/12/09 20:14:01 CET [2023/12/09 14:14:01 ET]
Table '3682342504 91' 8-max Seat #4 is the button
Seat 1: Bummibaby (8528 in chips, $2.22 bounty) 
Seat 2: Mahu2021 (5137 in chips, $2.22 bounty) 
Seat 3: Derf5193 (6092 in chips, $2.22 bounty) 
Seat 4: Omiro230 (4346 in chips, $2.22 bounty) 
Seat 5: BackDoorNob (4612 in chips, $2.22 bounty) 
Seat 6: kakoakpoa (8272 in chips, $3.33 bounty) 
Seat 7: DerYanni18 (8397 in chips, $2.22 bounty) 
Seat 8: lgdnikinho (2827 in chips, $2.22 bounty) 
Bummibaby: posts the ante 14
Mahu2021: posts the ante 14
Derf5193: posts the ante 14
Omiro230: posts the ante 14
BackDoorNob: posts the ante 14
kakoakpoa: posts the ante 14
DerYanni18: posts the ante 14
lgdnikinho: posts the ante 14
BackDoorNob: posts small blind 45
kakoakpoa: posts big blind 90
*** HOLE CARDS ***
Dealt to Mahu2021 [5c Ts]
DerYanni18: folds 
lgdnikinho: folds 
Bummibaby: calls 90
Mahu2021: folds 
Derf5193: folds 
Omiro230: folds 
BackDoorNob: folds 
kakoakpoa: checks 
*** FLOP *** [5d 7d Jh]
kakoakpoa: checks 
Bummibaby: bets 90
kakoakpoa: folds 
Uncalled bet (90) returned to Bummibaby
Bummibaby collected 337 from pot
*** SUMMARY ***
Total pot 337 | Rake 0 
Board [5d 7d Jh]
Seat 1: Bummibaby collected (337)
Seat 2: Mahu2021 folded before Flop (didn't bet)
Seat 3: Derf5193 folded before Flop (didn't bet)
Seat 4: Omiro230 (button) folded before Flop (didn't bet)
Seat 5: BackDoorNob (small blind) folded before Flop
Seat 6: kakoakpoa (big blind) folded on the Flop
Seat 7: DerYanni18 folded before Flop (didn't bet)
Seat 8: lgdnikinho folded before Flop (didn't bet)



PokerStars Hand #247568294097: Tournament #3682342504, $0.72+$2.22+$0.36 USD Hold'em No Limit - Level V (45/90) - 2023/12/09 20:14:44 CET [2023/12/09 14:14:44 ET]
Table '3682342504 91' 8-max Seat #5 is the button
Seat 1: Bummibaby (8761 in chips, $2.22 bounty) 
Seat 2: Mahu2021 (5123 in chips, $2.22 bounty) 
Seat 3: Derf5193 (6078 in chips, $2.22 bounty) 
Seat 4: Omiro230 (4332 in chips, $2.22 bounty) 
Seat 5: BackDoorNob (4553 in chips, $2.22 bounty) 
Seat 6: kakoakpoa (8168 in chips, $3.33 bounty) 
Seat 7: DerYanni18 (8383 in chips, $2.22 bounty) 
Seat 8: lgdnikinho (2813 in chips, $2.22 bounty) 
Bummibaby: posts the ante 14
Mahu2021: posts the ante 14
Derf5193: posts the ante 14
Omiro230: posts the ante 14
BackDoorNob: posts the ante 14
kakoakpoa: posts the ante 14
DerYanni18: posts the ante 14
lgdnikinho: posts the ante 14
kakoakpoa: posts small blind 45
DerYanni18: posts big blind 90
*** HOLE CARDS ***
Dealt to Mahu2021 [2d 7d]
lgdnikinho: folds 
Bummibaby: calls 90
Mahu2021: folds 
Derf5193: folds 
Omiro230: folds 
BackDoorNob: folds 
kakoakpoa: calls 45
DerYanni18: checks 
*** FLOP *** [4s Ah 8d]
kakoakpoa: checks 
DerYanni18: bets 90
Bummibaby: raises 90 to 180
kakoakpoa: folds 
DerYanni18: calls 90
*** TURN *** [4s Ah 8d] [7c]
DerYanni18: checks 
Bummibaby: bets 8477 and is all-in
DerYanni18: folds [8s]
Uncalled bet (8477) returned to Bummibaby
Bummibaby collected 742 from pot
*** SUMMARY ***
Total pot 742 | Rake 0 
Board [4s Ah 8d 7c]
Seat 1: Bummibaby collected (742)
Seat 2: Mahu2021 folded before Flop (didn't bet)
Seat 3: Derf5193 folded before Flop (didn't bet)
Seat 4: Omiro230 folded before Flop (didn't bet)
Seat 5: BackDoorNob (button) folded before Flop (didn't bet)
Seat 6: kakoakpoa (small blind) folded on the Flop
Seat 7: DerYanni18 (big blind) folded on the Turn
Seat 8: lgdnikinho folded before Flop (didn't bet)



PokerStars Hand #247568321549: Tournament #3682342504, $0.72+$2.22+$0.36 USD Hold'em No Limit - Level V (45/90) - 2023/12/09 20:16:08 CET [2023/12/09 14:16:08 ET]
Table '3682342504 91' 8-max Seat #6 is the button
Seat 1: Bummibaby (9219 in chips, $2.22 bounty) 
Seat 2: Mahu2021 (5109 in chips, $2.22 bounty) 
Seat 3: Derf5193 (6064 in chips, $2.22 bounty) 
Seat 4: Omiro230 (4318 in chips, $2.22 bounty) 
Seat 5: BackDoorNob (4539 in chips, $2.22 bounty) 
Seat 6: kakoakpoa (8064 in chips, $3.33 bounty) 
Seat 7: DerYanni18 (8099 in chips, $2.22 bounty) 
Seat 8: lgdnikinho (2799 in chips, $2.22 bounty) 
Bummibaby: posts the ante 14
Mahu2021: posts the ante 14
Derf5193: posts the ante 14
Omiro230: posts the ante 14
BackDoorNob: posts the ante 14
kakoakpoa: posts the ante 14
DerYanni18: posts the ante 14
lgdnikinho: posts the ante 14
DerYanni18: posts small blind 45
lgdnikinho: posts big blind 90
*** HOLE CARDS ***
Dealt to Mahu2021 [Js 7c]
Bummibaby: calls 90
Mahu2021: folds 
Derf5193: folds 
Omiro230: folds 
BackDoorNob: folds 
kakoakpoa: raises 270 to 360
DerYanni18: folds 
lgdnikinho: folds 
Bummibaby: calls 270
*** FLOP *** [9d 5s 4s]
Bummibaby: checks 
kakoakpoa: checks 
*** TURN *** [9d 5s 4s] [Jd]
Bummibaby: checks 
kakoakpoa: bets 242
Bummibaby: calls 242
*** RIVER *** [9d 5s 4s Jd] [Ah]
Bummibaby: bets 726
kakoakpoa: calls 726
*** SHOW DOWN ***
Bummibaby: shows [Kc Ac] (a pair of Aces)
kakoakpoa: mucks hand 
Bummibaby collected 2903 from pot
*** SUMMARY ***
Total pot 2903 | Rake 0 
Board [9d 5s 4s Jd Ah]
Seat 1: Bummibaby showed [Kc Ac] and won (2903) with a pair of Aces
Seat 2: Mahu2021 folded before Flop (didn't bet)
Seat 3: Derf5193 folded before Flop (didn't bet)
Seat 4: Omiro230 folded before Flop (didn't bet)
Seat 5: BackDoorNob folded before Flop (didn't bet)
Seat 6: kakoakpoa (button) mucked [Qs Ad]
Seat 7: DerYanni18 (small blind) folded before Flop
Seat 8: lgdnikinho (big blind) folded before Flop



PokerStars Hand #247568340227: Tournament #3682342504, $0.72+$2.22+$0.36 USD Hold'em No Limit - Level V (45/90) - 2023/12/09 20:17:05 CET [2023/12/09 14:17:05 ET]
Table '3682342504 91' 8-max Seat #7 is the button
Seat 1: Bummibaby (10780 in chips, $2.22 bounty) 
Seat 2: Mahu2021 (5095 in chips, $2.22 bounty) 
Seat 3: Derf5193 (6050 in chips, $2.22 bounty) 
Seat 4: Omiro230 (4304 in chips, $2.22 bounty) 
Seat 5: BackDoorNob (4525 in chips, $2.22 bounty) 
Seat 6: kakoakpoa (6722 in chips, $3.33 bounty) 
Seat 7: DerYanni18 (8040 in chips, $2.22 bounty) 
Seat 8: lgdnikinho (2695 in chips, $2.22 bounty) 
Bummibaby: posts the ante 14
Mahu2021: posts the ante 14
Derf5193: posts the ante 14
Omiro230: posts the ante 14
BackDoorNob: posts the ante 14
kakoakpoa: posts the ante 14
DerYanni18: posts the ante 14
lgdnikinho: posts the ante 14
lgdnikinho: posts small blind 45
Bummibaby: posts big blind 90
*** HOLE CARDS ***
Dealt to Mahu2021 [2s 9c]
Mahu2021: folds 
Derf5193: folds 
Omiro230: folds 
BackDoorNob: folds 
kakoakpoa: folds 
DerYanni18: folds 
lgdnikinho: calls 45
Bummibaby: checks 
*** FLOP *** [5c Kd 2h]
lgdnikinho: bets 90
Bummibaby: calls 90
*** TURN *** [5c Kd 2h] [Ac]
lgdnikinho: bets 345
Bummibaby: calls 345
*** RIVER *** [5c Kd 2h Ac] [Td]
lgdnikinho: bets 2156 and is all-in
Bummibaby: calls 2156
*** SHOW DOWN ***
lgdnikinho: shows [4h 3h] (a straight, Ace to Five)
Bummibaby: shows [Qh Kh] (a pair of Kings)
lgdnikinho collected 5474 from pot
*** SUMMARY ***
Total pot 5474 | Rake 0 
Board [5c Kd 2h Ac Td]
Seat 1: Bummibaby (big blind) showed [Qh Kh] and lost with a pair of Kings
Seat 2: Mahu2021 folded before Flop (didn't bet)
Seat 3: Derf5193 folded before Flop (didn't bet)
Seat 4: Omiro230 folded before Flop (didn't bet)
Seat 5: BackDoorNob folded before Flop (didn't bet)
Seat 6: kakoakpoa folded before Flop (didn't bet)
Seat 7: DerYanni18 (button) folded before Flop (didn't bet)
Seat 8: lgdnikinho (small blind) showed [4h 3h] and won (5474) with a straight, Ace to Five



PokerStars Hand #247568362866: Tournament #3682342504, $0.72+$2.22+$0.36 USD Hold'em No Limit - Level V (45/90) - 2023/12/09 20:18:14 CET [2023/12/09 14:18:14 ET]
Table '3682342504 91' 8-max Seat #8 is the button
Seat 1: Bummibaby (8085 in chips, $2.22 bounty) 
Seat 2: Mahu2021 (5081 in chips, $2.22 bounty) 
Seat 3: Derf5193 (6036 in chips, $2.22 bounty) 
Seat 4: Omiro230 (4290 in chips, $2.22 bounty) 
Seat 5: BackDoorNob (4511 in chips, $2.22 bounty) 
Seat 6: kakoakpoa (6708 in chips, $3.33 bounty) 
Seat 7: DerYanni18 (8026 in chips, $2.22 bounty) 
Seat 8: lgdnikinho (5474 in chips, $2.22 bounty) 
Bummibaby: posts the ante 14
Mahu2021: posts the ante 14
Derf5193: posts the ante 14
Omiro230: posts the ante 14
BackDoorNob: posts the ante 14
kakoakpoa: posts the ante 14
DerYanni18: posts the ante 14
lgdnikinho: posts the ante 14
Bummibaby: posts small blind 45
Mahu2021: posts big blind 90
*** HOLE CARDS ***
Dealt to Mahu2021 [4d 9s]
Derf5193: folds 
Omiro230: folds 
BackDoorNob: folds 
kakoakpoa: folds 
DerYanni18: folds 
lgdnikinho: raises 90 to 180
Bummibaby: folds 
Mahu2021: folds 
Uncalled bet (90) returned to lgdnikinho
lgdnikinho collected 337 from pot
*** SUMMARY ***
Total pot 337 | Rake 0 
Seat 1: Bummibaby (small blind) folded before Flop
Seat 2: Mahu2021 (big blind) folded before Flop
Seat 3: Derf5193 folded before Flop (didn't bet)
Seat 4: Omiro230 folded before Flop (didn't bet)
Seat 5: BackDoorNob folded before Flop (didn't bet)
Seat 6: kakoakpoa folded before Flop (didn't bet)
Seat 7: DerYanni18 folded before Flop (didn't bet)
Seat 8: lgdnikinho (button) collected (337)



PokerStars Hand #247568374175: Tournament #3682342504, $0.72+$2.22+$0.36 USD Hold'em No Limit - Level VI (50/100) - 2023/12/09 20:18:48 CET [2023/12/09 14:18:48 ET]
Table '3682342504 91' 8-max Seat #1 is the button
Seat 1: Bummibaby (8026 in chips, $2.22 bounty) 
Seat 2: Mahu2021 (4977 in chips, $2.22 bounty) 
Seat 4: Omiro230 (4276 in chips, $2.22 bounty) 
Seat 5: BackDoorNob (4497 in chips, $2.22 bounty) 
Seat 6: kakoakpoa (6694 in chips, $3.33 bounty) 
Seat 7: DerYanni18 (8012 in chips, $2.22 bounty) 
Seat 8: lgdnikinho (5707 in chips, $2.22 bounty) 
Bummibaby: posts the ante 15
Mahu2021: posts the ante 15
Omiro230: posts the ante 15
BackDoorNob: posts the ante 15
kakoakpoa: posts the ante 15
DerYanni18: posts the ante 15
lgdnikinho: posts the ante 15
Mahu2021: posts small blind 50
Omiro230: posts big blind 100
*** HOLE CARDS ***
Dealt to Mahu2021 [6h Kd]
BackDoorNob: folds 
kakoakpoa: folds 
DerYanni18: calls 100
lgdnikinho: folds 
Bummibaby: calls 100
Mahu2021: calls 50
Omiro230: checks 
*** FLOP *** [3d 3c Td]
Mahu2021: checks 
Omiro230: checks 
DerYanni18: checks 
Bummibaby: checks 
*** TURN *** [3d 3c Td] [3s]
Mahu2021: checks 
Omiro230: checks 
DerYanni18: checks 
Bummibaby: checks 
*** RIVER *** [3d 3c Td 3s] [8s]
Mahu2021: checks 
Omiro230: bets 300
DerYanni18: calls 300
Bummibaby: folds 
Mahu2021: folds 
*** SHOW DOWN ***
Omiro230: shows [8c 5s] (a full house, Threes full of Eights)
DerYanni18: mucks hand 
Omiro230 collected 1105 from pot
*** SUMMARY ***
Total pot 1105 | Rake 0 
Board [3d 3c Td 3s 8s]
Seat 1: Bummibaby (button) folded on the River
Seat 2: Mahu2021 (small blind) folded on the River
Seat 4: Omiro230 (big blind) showed [8c 5s] and won (1105) with a full house, Threes full of Eights
Seat 5: BackDoorNob folded before Flop (didn't bet)
Seat 6: kakoakpoa folded before Flop (didn't bet)
Seat 7: DerYanni18 mucked [2d 2c]
Seat 8: lgdnikinho folded before Flop (didn't bet)



PokerStars Hand #247568410564: Tournament #3682342504, $0.72+$2.22+$0.36 USD Hold'em No Limit - Level VI (50/100) - 2023/12/09 20:20:40 CET [2023/12/09 14:20:40 ET]
Table '3682342504 91' 8-max Seat #2 is the button
Seat 1: Bummibaby (7911 in chips, $2.22 bounty) 
Seat 2: Mahu2021 (4862 in chips, $2.22 bounty) 
Seat 3: ralle123123 (5000 in chips) out of hand (moved from another table into small blind)
Seat 4: Omiro230 (4966 in chips, $2.22 bounty) 
Seat 5: BackDoorNob (4482 in chips, $2.22 bounty) 
Seat 6: kakoakpoa (6679 in chips, $3.33 bounty) 
Seat 7: DerYanni18 (7597 in chips, $2.22 bounty) 
Seat 8: lgdnikinho (5692 in chips, $2.22 bounty) 
ralle123123 will be allowed to play after the button
Bummibaby: posts the ante 15
Mahu2021: posts the ante 15
Omiro230: posts the ante 15
BackDoorNob: posts the ante 15
kakoakpoa: posts the ante 15
DerYanni18: posts the ante 15
lgdnikinho: posts the ante 15
Omiro230: posts small blind 50
BackDoorNob: posts big blind 100
*** HOLE CARDS ***
Dealt to Mahu2021 [Jd 8s]
kakoakpoa: folds 
DerYanni18: raises 100 to 200
lgdnikinho: raises 400 to 600
Bummibaby: folds 
Mahu2021: folds 
Omiro230: folds 
BackDoorNob: folds 
DerYanni18: calls 400
*** FLOP *** [5s 4c 6d]
DerYanni18: checks 
lgdnikinho: checks 
*** TURN *** [5s 4c 6d] [Td]
DerYanni18: bets 300
lgdnikinho: folds 
Uncalled bet (300) returned to DerYanni18
DerYanni18 collected 1455 from pot
DerYanni18: doesn't show hand 
*** SUMMARY ***
Total pot 1455 | Rake 0 
Board [5s 4c 6d Td]
Seat 1: Bummibaby folded before Flop (didn't bet)
Seat 2: Mahu2021 (button) folded before Flop (didn't bet)
Seat 4: Omiro230 (small blind) folded before Flop
Seat 5: BackDoorNob (big blind) folded before Flop
Seat 6: kakoakpoa folded before Flop (didn't bet)
Seat 7: DerYanni18 collected (1455)
Seat 8: lgdnikinho folded on the Turn



PokerStars Hand #247568432731: Tournament #3682342504, $0.72+$2.22+$0.36 USD Hold'em No Limit - Level VI (50/100) - 2023/12/09 20:21:47 CET [2023/12/09 14:21:47 ET]
Table '3682342504 91' 8-max Seat #4 is the button
Seat 1: Bummibaby (7896 in chips, $2.22 bounty) 
Seat 2: Mahu2021 (4847 in chips, $2.22 bounty) 
Seat 3: ralle123123 (5000 in chips, $2.22 bounty) 
Seat 4: Omiro230 (4901 in chips, $2.22 bounty) 
Seat 5: BackDoorNob (4367 in chips, $2.22 bounty) 
Seat 6: kakoakpoa (6664 in chips, $3.33 bounty) 
Seat 7: DerYanni18 (8437 in chips, $2.22 bounty) 
Seat 8: lgdnikinho (5077 in chips, $2.22 bounty) 
Bummibaby: posts the ante 15
Mahu2021: posts the ante 15
ralle123123: posts the ante 15
Omiro230: posts the ante 15
BackDoorNob: posts the ante 15
kakoakpoa: posts the ante 15
DerYanni18: posts the ante 15
lgdnikinho: posts the ante 15
BackDoorNob: posts small blind 50
kakoakpoa: posts big blind 100
*** HOLE CARDS ***
Dealt to Mahu2021 [Tc 8c]
DerYanni18: folds 
lgdnikinho: raises 100 to 200
Bummibaby: folds 
Mahu2021: calls 200
ralle123123: folds 
Omiro230: folds 
BackDoorNob: calls 150
kakoakpoa: folds 
*** FLOP *** [Ac 9c 6s]
BackDoorNob: checks 
lgdnikinho: bets 205
Mahu2021: calls 205
BackDoorNob: calls 205
*** TURN *** [Ac 9c 6s] [6c]
BackDoorNob: checks 
lgdnikinho: checks 
Mahu2021: bets 600
BackDoorNob: folds 
lgdnikinho: folds 
Uncalled bet (600) returned to Mahu2021
Mahu2021 collected 1435 from pot
Mahu2021: doesn't show hand 
*** SUMMARY ***
Total pot 1435 | Rake 0 
Board [Ac 9c 6s 6c]
Seat 1: Bummibaby folded before Flop (didn't bet)
Seat 2: Mahu2021 collected (1435)
Seat 3: ralle123123 folded before Flop (didn't bet)
Seat 4: Omiro230 (button) folded before Flop (didn't bet)
Seat 5: BackDoorNob (small blind) folded on the Turn
Seat 6: kakoakpoa (big blind) folded before Flop
Seat 7: DerYanni18 folded before Flop (didn't bet)
Seat 8: lgdnikinho folded on the Turn



PokerStars Hand #247568460379: Tournament #3682342504, $0.72+$2.22+$0.36 USD Hold'em No Limit - Level VI (50/100) - 2023/12/09 20:23:11 CET [2023/12/09 14:23:11 ET]
Table '3682342504 91' 8-max Seat #5 is the button
Seat 1: Bummibaby (7881 in chips, $2.22 bounty) 
Seat 2: Mahu2021 (5862 in chips, $2.22 bounty) 
Seat 3: ralle123123 (4985 in chips, $2.22 bounty) 
Seat 4: Omiro230 (4886 in chips, $2.22 bounty) 
Seat 5: BackDoorNob (3947 in chips, $2.22 bounty) 
Seat 6: kakoakpoa (6549 in chips, $3.33 bounty) 
Seat 7: DerYanni18 (8422 in chips, $2.22 bounty) 
Seat 8: lgdnikinho (4657 in chips, $2.22 bounty) 
Bummibaby: posts the ante 15
Mahu2021: posts the ante 15
ralle123123: posts the ante 15
Omiro230: posts the ante 15
BackDoorNob: posts the ante 15
kakoakpoa: posts the ante 15
DerYanni18: posts the ante 15
lgdnikinho: posts the ante 15
kakoakpoa: posts small blind 50
DerYanni18: posts big blind 100
*** HOLE CARDS ***
Dealt to Mahu2021 [Th 3h]
lgdnikinho: folds 
Bummibaby: calls 100
Mahu2021: folds 
ralle123123: folds 
Omiro230: raises 200 to 300
BackDoorNob: folds 
kakoakpoa: folds 
DerYanni18: calls 200
Bummibaby: calls 200
*** FLOP *** [8h 7c 4c]
DerYanni18: checks 
Bummibaby: checks 
Omiro230: bets 535
DerYanni18: calls 535
Bummibaby: calls 535
*** TURN *** [8h 7c 4c] [9c]
DerYanni18: checks 
Bummibaby: bets 7031 and is all-in
Omiro230: folds 
DerYanni18: calls 7031
*** RIVER *** [8h 7c 4c 9c] [Kd]
*** SHOW DOWN ***
DerYanni18: shows [8c Tc] (a flush, Ten high)
Bummibaby: shows [9s 8s] (two pair, Nines and Eights)
DerYanni18 collected 16737 from pot
DerYanni18 wins $1.11 for eliminating Bummibaby and their own bounty increases by $1.11 to $3.33
Bummibaby finished the tournament
*** SUMMARY ***
Total pot 16737 | Rake 0 
Board [8h 7c 4c 9c Kd]
Seat 1: Bummibaby showed [9s 8s] and lost with two pair, Nines and Eights
Seat 2: Mahu2021 folded before Flop (didn't bet)
Seat 3: ralle123123 folded before Flop (didn't bet)
Seat 4: Omiro230 folded on the Turn
Seat 5: BackDoorNob (button) folded before Flop (didn't bet)
Seat 6: kakoakpoa (small blind) folded before Flop
Seat 7: DerYanni18 (big blind) showed [8c Tc] and won (16737) with a flush, Ten high
Seat 8: lgdnikinho folded before Flop (didn't bet)



PokerStars Hand #247568495619: Tournament #3682342504, $0.72+$2.22+$0.36 USD Hold'em No Limit - Level VI (50/100) - 2023/12/09 20:24:58 CET [2023/12/09 14:24:58 ET]
Table '3682342504 91' 8-max Seat #6 is the button
Seat 2: Mahu2021 (5847 in chips, $2.22 bounty) 
Seat 3: ralle123123 (4970 in chips, $2.22 bounty) 
Seat 4: Omiro230 (4036 in chips, $2.22 bounty) 
Seat 5: BackDoorNob (3932 in chips, $2.22 bounty) 
Seat 6: kakoakpoa (6484 in chips, $3.33 bounty) 
Seat 7: DerYanni18 (17278 in chips, $3.33 bounty) 
Seat 8: lgdnikinho (4642 in chips, $2.22 bounty) 
Mahu2021: posts the ante 15
ralle123123: posts the ante 15
Omiro230: posts the ante 15
BackDoorNob: posts the ante 15
kakoakpoa: posts the ante 15
DerYanni18: posts the ante 15
lgdnikinho: posts the ante 15
DerYanni18: posts small blind 50
lgdnikinho: posts big blind 100
*** HOLE CARDS ***
Dealt to Mahu2021 [8d Ac]
Mahu2021: folds 
ralle123123: folds 
Omiro230 has timed out
Omiro230: folds 
Omiro230 is sitting out
BackDoorNob: raises 120 to 220
kakoakpoa: raises 480 to 700
DerYanni18: folds 
Omiro230 has returned
lgdnikinho: folds 
tetiapotia is disconnected 
BackDoorNob: folds 
Uncalled bet (480) returned to kakoakpoa
kakoakpoa collected 695 from pot
kakoakpoa: doesn't show hand 
*** SUMMARY ***
Total pot 695 | Rake 0 
Seat 2: Mahu2021 folded before Flop (didn't bet)
Seat 3: ralle123123 folded before Flop (didn't bet)
Seat 4: Omiro230 folded before Flop (didn't bet)
Seat 5: BackDoorNob folded before Flop
Seat 6: kakoakpoa (button) collected (695)
Seat 7: DerYanni18 (small blind) folded before Flop
Seat 8: lgdnikinho (big blind) folded before Flop



PokerStars Hand #247568517288: Tournament #3682342504, $0.72+$2.22+$0.36 USD Hold'em No Limit - Level VI (50/100) - 2023/12/09 20:26:05 CET [2023/12/09 14:26:05 ET]
Table '3682342504 91' 8-max Seat #7 is the button
Seat 1: tetiapotia (5000 in chips, $2.22 bounty) 
Seat 2: Mahu2021 (5832 in chips, $2.22 bounty) 
Seat 3: ralle123123 (4955 in chips, $2.22 bounty) 
Seat 4: Omiro230 (4021 in chips, $2.22 bounty) 
Seat 5: BackDoorNob (3697 in chips, $2.22 bounty) 
Seat 6: kakoakpoa (6944 in chips, $3.33 bounty) 
Seat 7: DerYanni18 (17213 in chips, $3.33 bounty) 
Seat 8: lgdnikinho (4527 in chips, $2.22 bounty) 
tetiapotia: posts the ante 15
Mahu2021: posts the ante 15
ralle123123: posts the ante 15
Omiro230: posts the ante 15
BackDoorNob: posts the ante 15
kakoakpoa: posts the ante 15
DerYanni18: posts the ante 15
lgdnikinho: posts the ante 15
lgdnikinho: posts small blind 50
tetiapotia: posts big blind 100
*** HOLE CARDS ***
Dealt to Mahu2021 [7h Jc]
Mahu2021: folds 
ralle123123: folds 
Omiro230: folds 
BackDoorNob: folds 
kakoakpoa: raises 100 to 200
DerYanni18: calls 200
lgdnikinho: calls 150
tetiapotia: folds 
*** FLOP *** [3s Tc 5h]
lgdnikinho: checks 
kakoakpoa: bets 271
DerYanni18: calls 271
lgdnikinho: folds 
*** TURN *** [3s Tc 5h] [As]
kakoakpoa: checks 
DerYanni18: checks 
*** RIVER *** [3s Tc 5h As] [Jh]
kakoakpoa: bets 1022
DerYanni18: raises 15705 to 16727 and is all-in
kakoakpoa: calls 5436 and is all-in
Uncalled bet (10269) returned to DerYanni18
*** SHOW DOWN ***
DerYanni18: shows [Js Th] (two pair, Jacks and Tens)
kakoakpoa: shows [Kd Ah] (a pair of Aces)
DerYanni18 collected 14278 from pot
DerYanni18 wins $1.67 for eliminating kakoakpoa and their own bounty increases by $1.66 to $4.99
kakoakpoa finished the tournament
*** SUMMARY ***
Total pot 14278 | Rake 0 
Board [3s Tc 5h As Jh]
Seat 1: tetiapotia (big blind) folded before Flop
Seat 2: Mahu2021 folded before Flop (didn't bet)
Seat 3: ralle123123 folded before Flop (didn't bet)
Seat 4: Omiro230 folded before Flop (didn't bet)
Seat 5: BackDoorNob folded before Flop (didn't bet)
Seat 6: kakoakpoa showed [Kd Ah] and lost with a pair of Aces
Seat 7: DerYanni18 (button) showed [Js Th] and won (14278) with two pair, Jacks and Tens
Seat 8: lgdnikinho (small blind) folded on the Flop



PokerStars Hand #247568549200: Tournament #3682342504, $0.72+$2.22+$0.36 USD Hold'em No Limit - Level VII (60/120) - 2023/12/09 20:27:44 CET [2023/12/09 14:27:44 ET]
Table '3682342504 91' 8-max Seat #8 is the button
Seat 1: tetiapotia (4885 in chips, $2.22 bounty) 
Seat 2: Mahu2021 (5817 in chips, $2.22 bounty) 
Seat 3: ralle123123 (4940 in chips, $2.22 bounty) 
Seat 4: Omiro230 (4006 in chips, $2.22 bounty) 
Seat 5: BackDoorNob (3682 in chips, $2.22 bounty) 
Seat 6: Wicheche (5000 in chips, $2.22 bounty) 
Seat 7: DerYanni18 (24547 in chips, $4.99 bounty) 
Seat 8: lgdnikinho (4312 in chips, $2.22 bounty) 
tetiapotia: posts the ante 18
Mahu2021: posts the ante 18
ralle123123: posts the ante 18
Omiro230: posts the ante 18
BackDoorNob: posts the ante 18
Wicheche: posts the ante 18
DerYanni18: posts the ante 18
lgdnikinho: posts the ante 18
tetiapotia: posts small blind 60
Mahu2021: posts big blind 120
*** HOLE CARDS ***
Dealt to Mahu2021 [Jd 7s]
ralle123123: folds 
Omiro230: raises 120 to 240
BackDoorNob: folds 
Wicheche: folds 
DerYanni18: folds 
lgdnikinho: raises 480 to 720
tetiapotia: folds 
Mahu2021: folds 
Omiro230: calls 480
*** FLOP *** [6d Kc 2s]
Omiro230: checks 
lgdnikinho: bets 441
Omiro230: folds 
Uncalled bet (441) returned to lgdnikinho
lgdnikinho collected 1764 from pot
*** SUMMARY ***
Total pot 1764 | Rake 0 
Board [6d Kc 2s]
Seat 1: tetiapotia (small blind) folded before Flop
Seat 2: Mahu2021 (big blind) folded before Flop
Seat 3: ralle123123 folded before Flop (didn't bet)
Seat 4: Omiro230 folded on the Flop
Seat 5: BackDoorNob folded before Flop (didn't bet)
Seat 6: Wicheche folded before Flop (didn't bet)
Seat 7: DerYanni18 folded before Flop (didn't bet)
Seat 8: lgdnikinho (button) collected (1764)



PokerStars Hand #247568567081: Tournament #3682342504, $0.72+$2.22+$0.36 USD Hold'em No Limit - Level VII (60/120) - 2023/12/09 20:28:40 CET [2023/12/09 14:28:40 ET]
Table '3682342504 91' 8-max Seat #1 is the button
Seat 1: tetiapotia (4807 in chips, $2.22 bounty) 
Seat 2: Mahu2021 (5679 in chips, $2.22 bounty) 
Seat 3: ralle123123 (4922 in chips, $2.22 bounty) 
Seat 4: Omiro230 (3268 in chips, $2.22 bounty) 
Seat 5: BackDoorNob (3664 in chips, $2.22 bounty) 
Seat 6: Wicheche (4982 in chips, $2.22 bounty) 
Seat 7: DerYanni18 (24529 in chips, $4.99 bounty) 
Seat 8: lgdnikinho (5338 in chips, $2.22 bounty) 
tetiapotia: posts the ante 18
Mahu2021: posts the ante 18
ralle123123: posts the ante 18
Omiro230: posts the ante 18
BackDoorNob: posts the ante 18
Wicheche: posts the ante 18
DerYanni18: posts the ante 18
lgdnikinho: posts the ante 18
Mahu2021: posts small blind 60
ralle123123: posts big blind 120
*** HOLE CARDS ***
Dealt to Mahu2021 [6h 9c]
Omiro230: folds 
BackDoorNob: folds 
Wicheche: folds 
DerYanni18: raises 120 to 240
lgdnikinho: folds 
tetiapotia: folds 
Mahu2021: folds 
ralle123123: calls 120
*** FLOP *** [Ad 7s 6d]
ralle123123: checks 
DerYanni18: bets 342
ralle123123: folds 
Uncalled bet (342) returned to DerYanni18
DerYanni18 collected 684 from pot
DerYanni18: doesn't show hand 
*** SUMMARY ***
Total pot 684 | Rake 0 
Board [Ad 7s 6d]
Seat 1: tetiapotia (button) folded before Flop (didn't bet)
Seat 2: Mahu2021 (small blind) folded before Flop
Seat 3: ralle123123 (big blind) folded on the Flop
Seat 4: Omiro230 folded before Flop (didn't bet)
Seat 5: BackDoorNob folded before Flop (didn't bet)
Seat 6: Wicheche folded before Flop (didn't bet)
Seat 7: DerYanni18 collected (684)
Seat 8: lgdnikinho folded before Flop (didn't bet)



PokerStars Hand #247568580911: Tournament #3682342504, $0.72+$2.22+$0.36 USD Hold'em No Limit - Level VII (60/120) - 2023/12/09 20:29:23 CET [2023/12/09 14:29:23 ET]
Table '3682342504 91' 8-max Seat #2 is the button
Seat 1: tetiapotia (4789 in chips, $2.22 bounty) 
Seat 2: Mahu2021 (5601 in chips, $2.22 bounty) 
Seat 3: ralle123123 (4664 in chips, $2.22 bounty) 
Seat 4: Omiro230 (3250 in chips, $2.22 bounty) 
Seat 5: BackDoorNob (3646 in chips, $2.22 bounty) 
Seat 6: Wicheche (4964 in chips, $2.22 bounty) 
Seat 7: DerYanni18 (24955 in chips, $4.99 bounty) 
Seat 8: lgdnikinho (5320 in chips, $2.22 bounty) 
tetiapotia: posts the ante 18
Mahu2021: posts the ante 18
ralle123123: posts the ante 18
Omiro230: posts the ante 18
BackDoorNob: posts the ante 18
Wicheche: posts the ante 18
DerYanni18: posts the ante 18
lgdnikinho: posts the ante 18
ralle123123: posts small blind 60
Omiro230: posts big blind 120
*** HOLE CARDS ***
Dealt to Mahu2021 [7d 5h]
BackDoorNob: folds 
Wicheche: folds 
DerYanni18: folds 
lgdnikinho: folds 
tetiapotia: raises 240 to 360
Mahu2021: folds 
ralle123123: calls 300
Omiro230: folds 
*** FLOP *** [Kh 9d Th]
ralle123123: checks 
tetiapotia: bets 492
ralle123123: folds 
Uncalled bet (492) returned to tetiapotia
tetiapotia collected 984 from pot
*** SUMMARY ***
Total pot 984 | Rake 0 
Board [Kh 9d Th]
Seat 1: tetiapotia collected (984)
Seat 2: Mahu2021 (button) folded before Flop (didn't bet)
Seat 3: ralle123123 (small blind) folded on the Flop
Seat 4: Omiro230 (big blind) folded before Flop
Seat 5: BackDoorNob folded before Flop (didn't bet)
Seat 6: Wicheche folded before Flop (didn't bet)
Seat 7: DerYanni18 folded before Flop (didn't bet)
Seat 8: lgdnikinho folded before Flop (didn't bet)



PokerStars Hand #247568601917: Tournament #3682342504, $0.72+$2.22+$0.36 USD Hold'em No Limit - Level VII (60/120) - 2023/12/09 20:30:28 CET [2023/12/09 14:30:28 ET]
Table '3682342504 91' 8-max Seat #3 is the button
Seat 1: tetiapotia (5395 in chips, $2.22 bounty) 
Seat 2: Mahu2021 (5583 in chips, $2.22 bounty) 
Seat 3: ralle123123 (4286 in chips, $2.22 bounty) 
Seat 4: Omiro230 (3112 in chips, $2.22 bounty) 
Seat 5: BackDoorNob (3628 in chips, $2.22 bounty) 
Seat 6: Wicheche (4946 in chips, $2.22 bounty) 
Seat 7: DerYanni18 (24937 in chips, $4.99 bounty) 
Seat 8: lgdnikinho (5302 in chips, $2.22 bounty) 
tetiapotia: posts the ante 18
Mahu2021: posts the ante 18
ralle123123: posts the ante 18
Omiro230: posts the ante 18
BackDoorNob: posts the ante 18
Wicheche: posts the ante 18
DerYanni18: posts the ante 18
lgdnikinho: posts the ante 18
Omiro230: posts small blind 60
BackDoorNob: posts big blind 120
*** HOLE CARDS ***
Dealt to Mahu2021 [As 9c]
Wicheche: folds 
DerYanni18: folds 
lgdnikinho: folds 
tetiapotia: folds 
Mahu2021: raises 120 to 240
ralle123123: folds 
Omiro230: calls 180
BackDoorNob: calls 120
*** FLOP *** [7c Ts Th]
Omiro230: checks 
BackDoorNob: checks 
Mahu2021: bets 240
Omiro230: folds 
BackDoorNob: folds 
Uncalled bet (240) returned to Mahu2021
Mahu2021 collected 864 from pot
Mahu2021: doesn't show hand 
*** SUMMARY ***
Total pot 864 | Rake 0 
Board [7c Ts Th]
Seat 1: tetiapotia folded before Flop (didn't bet)
Seat 2: Mahu2021 collected (864)
Seat 3: ralle123123 (button) folded before Flop (didn't bet)
Seat 4: Omiro230 (small blind) folded on the Flop
Seat 5: BackDoorNob (big blind) folded on the Flop
Seat 6: Wicheche folded before Flop (didn't bet)
Seat 7: DerYanni18 folded before Flop (didn't bet)
Seat 8: lgdnikinho folded before Flop (didn't bet)



PokerStars Hand #247568624112: Tournament #3682342504, $0.72+$2.22+$0.36 USD Hold'em No Limit - Level VII (60/120) - 2023/12/09 20:31:36 CET [2023/12/09 14:31:36 ET]
Table '3682342504 91' 8-max Seat #4 is the button
Seat 1: tetiapotia (5377 in chips, $2.22 bounty) 
Seat 2: Mahu2021 (6189 in chips, $2.22 bounty) 
Seat 3: ralle123123 (4268 in chips, $2.22 bounty) 
Seat 4: Omiro230 (2854 in chips, $2.22 bounty) 
Seat 5: BackDoorNob (3370 in chips, $2.22 bounty) 
Seat 6: dogamendonça (5000 in chips, $2.22 bounty) 
Seat 7: DerYanni18 (24919 in chips, $4.99 bounty) 
Seat 8: lgdnikinho (5284 in chips, $2.22 bounty) 
tetiapotia: posts the ante 18
Mahu2021: posts the ante 18
ralle123123: posts the ante 18
Omiro230: posts the ante 18
BackDoorNob: posts the ante 18
dogamendonça: posts the ante 18
DerYanni18: posts the ante 18
lgdnikinho: posts the ante 18
BackDoorNob: posts small blind 60
dogamendonça: posts big blind 120
*** HOLE CARDS ***
Dealt to Mahu2021 [Kc Ac]
DerYanni18: folds 
lgdnikinho: raises 120 to 240
tetiapotia: folds 
Mahu2021: calls 240
ralle123123: folds 
Omiro230: calls 240
BackDoorNob: folds 
dogamendonça: calls 120
*** FLOP *** [Ks 5s 9s]
dogamendonça: checks 
lgdnikinho: checks 
Mahu2021: checks 
Omiro230: checks 
*** TURN *** [Ks 5s 9s] [Qs]
dogamendonça: bets 582
lgdnikinho: folds 
Mahu2021: folds 
Omiro230: folds 
Uncalled bet (582) returned to dogamendonça
dogamendonça collected 1164 from pot
dogamendonça: doesn't show hand 
*** SUMMARY ***
Total pot 1164 | Rake 0 
Board [Ks 5s 9s Qs]
Seat 1: tetiapotia folded before Flop (didn't bet)
Seat 2: Mahu2021 folded on the Turn
Seat 3: ralle123123 folded before Flop (didn't bet)
Seat 4: Omiro230 (button) folded on the Turn
Seat 5: BackDoorNob (small blind) folded before Flop
Seat 6: dogamendonça (big blind) collected (1164)
Seat 7: DerYanni18 folded before Flop (didn't bet)
Seat 8: lgdnikinho folded on the Turn



PokerStars Hand #247568667736: Tournament #3682342504, $0.72+$2.22+$0.36 USD Hold'em No Limit - Level VII (60/120) - 2023/12/09 20:33:51 CET [2023/12/09 14:33:51 ET]
Table '3682342504 91' 8-max Seat #5 is the button
Seat 1: tetiapotia (5359 in chips, $2.22 bounty) 
Seat 2: Mahu2021 (5931 in chips, $2.22 bounty) 
Seat 3: ralle123123 (4250 in chips, $2.22 bounty) 
Seat 4: Omiro230 (2596 in chips, $2.22 bounty) 
Seat 5: BackDoorNob (3292 in chips, $2.22 bounty) 
Seat 6: dogamendonça (5906 in chips, $2.22 bounty) 
Seat 7: DerYanni18 (24901 in chips, $4.99 bounty) 
Seat 8: lgdnikinho (5026 in chips, $2.22 bounty) 
tetiapotia: posts the ante 18
Mahu2021: posts the ante 18
ralle123123: posts the ante 18
Omiro230: posts the ante 18
BackDoorNob: posts the ante 18
dogamendonça: posts the ante 18
DerYanni18: posts the ante 18
lgdnikinho: posts the ante 18
dogamendonça: posts small blind 60
DerYanni18: posts big blind 120
*** HOLE CARDS ***
Dealt to Mahu2021 [3h 8d]
lgdnikinho: folds 
tetiapotia: folds 
Mahu2021: folds 
ralle123123: folds 
Omiro230: raises 120 to 240
BackDoorNob: calls 240
dogamendonça: folds 
DerYanni18: calls 120
*** FLOP *** [Th Ad 9d]
DerYanni18: checks 
Omiro230: checks 
BackDoorNob: bets 416
DerYanni18: raises 5704 to 6120
Omiro230: calls 2338 and is all-in
BackDoorNob: folds 
Uncalled bet (3782) returned to DerYanni18
*** TURN *** [Th Ad 9d] [2c]
tetiapotia is disconnected 
*** RIVER *** [Th Ad 9d 2c] [9s]
*** SHOW DOWN ***
DerYanni18: shows [3s Ac] (two pair, Aces and Nines)
Omiro230: shows [Jd Qh] (a pair of Nines)
DerYanni18 collected 6016 from pot
DerYanni18 wins $1.11 for eliminating Omiro230 and their own bounty increases by $1.11 to $6.10
Omiro230 finished the tournament
*** SUMMARY ***
Total pot 6016 | Rake 0 
Board [Th Ad 9d 2c 9s]
Seat 1: tetiapotia folded before Flop (didn't bet)
Seat 2: Mahu2021 folded before Flop (didn't bet)
Seat 3: ralle123123 folded before Flop (didn't bet)
Seat 4: Omiro230 showed [Jd Qh] and lost with a pair of Nines
Seat 5: BackDoorNob (button) folded on the Flop
Seat 6: dogamendonça (small blind) folded before Flop
Seat 7: DerYanni18 (big blind) showed [3s Ac] and won (6016) with two pair, Aces and Nines
Seat 8: lgdnikinho folded before Flop (didn't bet)



PokerStars Hand #247568695312: Tournament #3682342504, $0.72+$2.22+$0.36 USD Hold'em No Limit - Level VIII (70/140) - 2023/12/09 20:35:17 CET [2023/12/09 14:35:17 ET]
Table '3682342504 91' 8-max Seat #6 is the button
Seat 1: tetiapotia (5341 in chips, $2.22 bounty) 
Seat 2: Mahu2021 (5913 in chips, $2.22 bounty) 
Seat 3: ralle123123 (4232 in chips, $2.22 bounty) 
Seat 5: BackDoorNob (2618 in chips, $2.22 bounty) 
Seat 6: dogamendonça (5828 in chips, $2.22 bounty) 
Seat 7: DerYanni18 (28321 in chips, $6.10 bounty) 
Seat 8: lgdnikinho (5008 in chips, $2.22 bounty) 
tetiapotia: posts the ante 21
Mahu2021: posts the ante 21
ralle123123: posts the ante 21
BackDoorNob: posts the ante 21
dogamendonça: posts the ante 21
DerYanni18: posts the ante 21
lgdnikinho: posts the ante 21
DerYanni18: posts small blind 70
lgdnikinho: posts big blind 140
*** HOLE CARDS ***
Dealt to Mahu2021 [2h 3c]
tetiapotia has timed out while disconnected
tetiapotia: folds 
tetiapotia is sitting out
Mahu2021: folds 
ralle123123: folds 
BackDoorNob: folds 
dogamendonça: folds 
DerYanni18: calls 70
tetiapotia is disconnected 
lgdnikinho: raises 420 to 560
DerYanni18: folds [8s Ts]
Uncalled bet (420) returned to lgdnikinho
lgdnikinho collected 427 from pot
*** SUMMARY ***
Total pot 427 | Rake 0 
Seat 1: tetiapotia folded before Flop (didn't bet)
Seat 2: Mahu2021 folded before Flop (didn't bet)
Seat 3: ralle123123 folded before Flop (didn't bet)
Seat 5: BackDoorNob folded before Flop (didn't bet)
Seat 6: dogamendonça (button) folded before Flop (didn't bet)
Seat 7: DerYanni18 (small blind) folded before Flop
Seat 8: lgdnikinho (big blind) collected (427)



PokerStars Hand #247568707923: Tournament #3682342504, $0.72+$2.22+$0.36 USD Hold'em No Limit - Level VIII (70/140) - 2023/12/09 20:35:56 CET [2023/12/09 14:35:56 ET]
Table '3682342504 91' 8-max Seat #7 is the button
Seat 1: tetiapotia (5320 in chips, $2.22 bounty) 
Seat 2: Mahu2021 (5892 in chips, $2.22 bounty) 
Seat 3: ralle123123 (4211 in chips, $2.22 bounty) 
Seat 4: m.toader79 (5000 in chips, $2.22 bounty) 
Seat 5: BackDoorNob (2597 in chips, $2.22 bounty) 
Seat 6: dogamendonça (5807 in chips, $2.22 bounty) 
Seat 7: DerYanni18 (28160 in chips, $6.10 bounty) 
Seat 8: lgdnikinho (5274 in chips, $2.22 bounty) 
tetiapotia: posts the ante 21
Mahu2021: posts the ante 21
ralle123123: posts the ante 21
m.toader79: posts the ante 21
BackDoorNob: posts the ante 21
dogamendonça: posts the ante 21
DerYanni18: posts the ante 21
lgdnikinho: posts the ante 21
lgdnikinho: posts small blind 70
tetiapotia: posts big blind 140
*** HOLE CARDS ***
Dealt to Mahu2021 [Ah Ts]
Mahu2021: folds 
ralle123123: folds 
m.toader79: folds 
BackDoorNob: folds 
dogamendonça: folds 
DerYanni18: folds 
lgdnikinho: folds 
Uncalled bet (70) returned to tetiapotia
tetiapotia collected 308 from pot
*** SUMMARY ***
Total pot 308 | Rake 0 
Seat 1: tetiapotia (big blind) collected (308)
Seat 2: Mahu2021 folded before Flop (didn't bet)
Seat 3: ralle123123 folded before Flop (didn't bet)
Seat 4: m.toader79 folded before Flop (didn't bet)
Seat 5: BackDoorNob folded before Flop (didn't bet)
Seat 6: dogamendonça folded before Flop (didn't bet)
Seat 7: DerYanni18 (button) folded before Flop (didn't bet)
Seat 8: lgdnikinho (small blind) folded before Flop



PokerStars Hand #247568723278: Tournament #3682342504, $0.72+$2.22+$0.36 USD Hold'em No Limit - Level VIII (70/140) - 2023/12/09 20:36:44 CET [2023/12/09 14:36:44 ET]
Table '3682342504 91' 8-max Seat #8 is the button
Seat 1: tetiapotia (5537 in chips, $2.22 bounty) 
Seat 2: Mahu2021 (5871 in chips, $2.22 bounty) 
Seat 3: ralle123123 (4190 in chips, $2.22 bounty) 
Seat 4: m.toader79 (4979 in chips, $2.22 bounty) 
Seat 5: BackDoorNob (2576 in chips, $2.22 bounty) 
Seat 6: dogamendonça (5786 in chips, $2.22 bounty) 
Seat 7: DerYanni18 (28139 in chips, $6.10 bounty) 
Seat 8: lgdnikinho (5183 in chips, $2.22 bounty) 
tetiapotia: posts the ante 21
Mahu2021: posts the ante 21
ralle123123: posts the ante 21
m.toader79: posts the ante 21
BackDoorNob: posts the ante 21
dogamendonça: posts the ante 21
DerYanni18: posts the ante 21
lgdnikinho: posts the ante 21
tetiapotia: posts small blind 70
Mahu2021: posts big blind 140
*** HOLE CARDS ***
Dealt to Mahu2021 [As Td]
ralle123123: folds 
m.toader79: folds 
BackDoorNob: folds 
dogamendonça: folds 
DerYanni18: raises 140 to 280
lgdnikinho: folds 
tetiapotia: calls 210
Mahu2021: calls 140
*** FLOP *** [4c 5h Jc]
tetiapotia: checks 
Mahu2021: checks 
DerYanni18: bets 420
tetiapotia: calls 420
Mahu2021: folds 
*** TURN *** [4c 5h Jc] [Js]
tetiapotia: checks 
DerYanni18: checks 
*** RIVER *** [4c 5h Jc Js] [6d]
tetiapotia: checks 
DerYanni18: checks 
*** SHOW DOWN ***
tetiapotia: shows [5d Ah] (two pair, Jacks and Fives)
DerYanni18: shows [Ks Kd] (two pair, Kings and Jacks)
DerYanni18 collected 1848 from pot
*** SUMMARY ***
Total pot 1848 | Rake 0 
Board [4c 5h Jc Js 6d]
Seat 1: tetiapotia (small blind) showed [5d Ah] and lost with two pair, Jacks and Fives
Seat 2: Mahu2021 (big blind) folded on the Flop
Seat 3: ralle123123 folded before Flop (didn't bet)
Seat 4: m.toader79 folded before Flop (didn't bet)
Seat 5: BackDoorNob folded before Flop (didn't bet)
Seat 6: dogamendonça folded before Flop (didn't bet)
Seat 7: DerYanni18 showed [Ks Kd] and won (1848) with two pair, Kings and Jacks
Seat 8: lgdnikinho (button) folded before Flop (didn't bet)



PokerStars Hand #247568751429: Tournament #3682342504, $0.72+$2.22+$0.36 USD Hold'em No Limit - Level VIII (70/140) - 2023/12/09 20:38:11 CET [2023/12/09 14:38:11 ET]
Table '3682342504 91' 8-max Seat #1 is the button
Seat 1: tetiapotia (4816 in chips, $2.22 bounty) 
Seat 2: Mahu2021 (5570 in chips, $2.22 bounty) 
Seat 3: ralle123123 (4169 in chips, $2.22 bounty) 
Seat 4: m.toader79 (4958 in chips, $2.22 bounty) 
Seat 5: BackDoorNob (2555 in chips, $2.22 bounty) 
Seat 6: dogamendonça (5765 in chips, $2.22 bounty) 
Seat 7: DerYanni18 (29266 in chips, $6.10 bounty) 
Seat 8: lgdnikinho (5162 in chips, $2.22 bounty) 
tetiapotia: posts the ante 21
Mahu2021: posts the ante 21
ralle123123: posts the ante 21
m.toader79: posts the ante 21
BackDoorNob: posts the ante 21
dogamendonça: posts the ante 21
DerYanni18: posts the ante 21
lgdnikinho: posts the ante 21
Mahu2021: posts small blind 70
ralle123123: posts big blind 140
*** HOLE CARDS ***
Dealt to Mahu2021 [Kc 2h]
m.toader79: folds 
BackDoorNob: folds 
dogamendonça: folds 
DerYanni18: folds 
lgdnikinho: raises 140 to 280
tetiapotia: calls 280
Mahu2021: folds 
ralle123123: calls 140
*** FLOP *** [Qh Jc 3s]
ralle123123: checks 
lgdnikinho: bets 787
tetiapotia: calls 787
ralle123123: folds 
*** TURN *** [Qh Jc 3s] [8c]
lgdnikinho: bets 1936
tetiapotia: calls 1936
*** RIVER *** [Qh Jc 3s 8c] [4d]
lgdnikinho: bets 2138 and is all-in
tetiapotia: folds 
Uncalled bet (2138) returned to lgdnikinho
lgdnikinho collected 6524 from pot
*** SUMMARY ***
Total pot 6524 | Rake 0 
Board [Qh Jc 3s 8c 4d]
Seat 1: tetiapotia (button) folded on the River
Seat 2: Mahu2021 (small blind) folded before Flop
Seat 3: ralle123123 (big blind) folded on the Flop
Seat 4: m.toader79 folded before Flop (didn't bet)
Seat 5: BackDoorNob folded before Flop (didn't bet)
Seat 6: dogamendonça folded before Flop (didn't bet)
Seat 7: DerYanni18 folded before Flop (didn't bet)
Seat 8: lgdnikinho collected (6524)



PokerStars Hand #247568779991: Tournament #3682342504, $0.72+$2.22+$0.36 USD Hold'em No Limit - Level VIII (70/140) - 2023/12/09 20:39:39 CET [2023/12/09 14:39:39 ET]
Table '3682342504 91' 8-max Seat #2 is the button
Seat 1: tetiapotia (1792 in chips, $2.22 bounty) 
Seat 2: Mahu2021 (5479 in chips, $2.22 bounty) 
Seat 3: ralle123123 (3868 in chips, $2.22 bounty) 
Seat 4: m.toader79 (4937 in chips, $2.22 bounty) 
Seat 5: BackDoorNob (2534 in chips, $2.22 bounty) 
Seat 6: dogamendonça (5744 in chips, $2.22 bounty) 
Seat 7: DerYanni18 (29245 in chips, $6.10 bounty) 
Seat 8: lgdnikinho (8662 in chips, $2.22 bounty) 
tetiapotia: posts the ante 21
Mahu2021: posts the ante 21
ralle123123: posts the ante 21
m.toader79: posts the ante 21
BackDoorNob: posts the ante 21
dogamendonça: posts the ante 21
DerYanni18: posts the ante 21
lgdnikinho: posts the ante 21
ralle123123: posts small blind 70
m.toader79: posts big blind 140
*** HOLE CARDS ***
Dealt to Mahu2021 [Jh Kc]
BackDoorNob: folds 
dogamendonça: calls 140
DerYanni18: folds 
lgdnikinho: raises 140 to 280
tetiapotia: raises 1491 to 1771 and is all-in
Mahu2021: folds 
ralle123123: folds 
m.toader79: folds 
dogamendonça: raises 3952 to 5723 and is all-in
lgdnikinho: calls 5443
*** FLOP *** [9d 5s 4h]
*** TURN *** [9d 5s 4h] [Td]
*** RIVER *** [9d 5s 4h Td] [Qs]
*** SHOW DOWN ***
dogamendonça: shows [8h 8d] (a pair of Eights)
lgdnikinho: shows [2h 2c] (a pair of Deuces)
dogamendonça collected 7904 from side pot
tetiapotia: shows [3d 3c] (a pair of Threes)
dogamendonça collected 5691 from main pot
dogamendonça wins $1.11 for eliminating tetiapotia and their own bounty increases by $1.11 to $3.33
tetiapotia finished the tournament
*** SUMMARY ***
Total pot 13595 Main pot 5691. Side pot 7904. | Rake 0 
Board [9d 5s 4h Td Qs]
Seat 1: tetiapotia showed [3d 3c] and lost with a pair of Threes
Seat 2: Mahu2021 (button) folded before Flop (didn't bet)
Seat 3: ralle123123 (small blind) folded before Flop
Seat 4: m.toader79 (big blind) folded before Flop
Seat 5: BackDoorNob folded before Flop (didn't bet)
Seat 6: dogamendonça showed [8h 8d] and won (13595) with a pair of Eights
Seat 7: DerYanni18 folded before Flop (didn't bet)
Seat 8: lgdnikinho showed [2h 2c] and lost with a pair of Deuces



PokerStars Hand #247568798122: Tournament #3682342504, $0.72+$2.22+$0.36 USD Hold'em No Limit - Level VIII (70/140) - 2023/12/09 20:40:35 CET [2023/12/09 14:40:35 ET]
Table '3682342504 91' 8-max Seat #3 is the button
Seat 2: Mahu2021 (5458 in chips, $2.22 bounty) 
Seat 3: ralle123123 (3777 in chips, $2.22 bounty) 
Seat 4: m.toader79 (4776 in chips, $2.22 bounty) 
Seat 5: BackDoorNob (2513 in chips, $2.22 bounty) 
Seat 6: dogamendonça (13595 in chips, $3.33 bounty) 
Seat 7: DerYanni18 (29224 in chips, $6.10 bounty) 
Seat 8: lgdnikinho (2918 in chips, $2.22 bounty) 
Mahu2021: posts the ante 21
ralle123123: posts the ante 21
m.toader79: posts the ante 21
BackDoorNob: posts the ante 21
dogamendonça: posts the ante 21
DerYanni18: posts the ante 21
lgdnikinho: posts the ante 21
m.toader79: posts small blind 70
BackDoorNob: posts big blind 140
*** HOLE CARDS ***
Dealt to Mahu2021 [4s Tc]
dogamendonça: folds 
DerYanni18: raises 140 to 280
lgdnikinho: folds 
Mahu2021: folds 
ralle123123: folds 
m.toader79: folds 
BackDoorNob: folds 
Uncalled bet (140) returned to DerYanni18
DerYanni18 collected 497 from pot
DerYanni18: doesn't show hand 
*** SUMMARY ***
Total pot 497 | Rake 0 
Seat 2: Mahu2021 folded before Flop (didn't bet)
Seat 3: ralle123123 (button) folded before Flop (didn't bet)
Seat 4: m.toader79 (small blind) folded before Flop
Seat 5: BackDoorNob (big blind) folded before Flop
Seat 6: dogamendonça folded before Flop (didn't bet)
Seat 7: DerYanni18 collected (497)
Seat 8: lgdnikinho folded before Flop (didn't bet)



PokerStars Hand #247568809762: Tournament #3682342504, $0.72+$2.22+$0.36 USD Hold'em No Limit - Level VIII (70/140) - 2023/12/09 20:41:10 CET [2023/12/09 14:41:10 ET]
Table '3682342504 91' 8-max Seat #4 is the button
Seat 1: FAUSIK (5000 in chips, $2.22 bounty) 
Seat 2: Mahu2021 (5437 in chips, $2.22 bounty) 
Seat 3: ralle123123 (3756 in chips, $2.22 bounty) 
Seat 4: m.toader79 (4685 in chips, $2.22 bounty) 
Seat 5: BackDoorNob (2352 in chips, $2.22 bounty) 
Seat 6: dogamendonça (13574 in chips, $3.33 bounty) 
Seat 7: DerYanni18 (29560 in chips, $6.10 bounty) 
Seat 8: lgdnikinho (2897 in chips, $2.22 bounty) 
FAUSIK: posts the ante 21
Mahu2021: posts the ante 21
ralle123123: posts the ante 21
m.toader79: posts the ante 21
BackDoorNob: posts the ante 21
dogamendonça: posts the ante 21
DerYanni18: posts the ante 21
lgdnikinho: posts the ante 21
BackDoorNob: posts small blind 70
dogamendonça: posts big blind 140
*** HOLE CARDS ***
Dealt to Mahu2021 [Kh Kd]
DerYanni18: folds 
lgdnikinho: folds 
FAUSIK: folds 
Mahu2021: raises 700 to 840
ralle123123: folds 
m.toader79: folds 
BackDoorNob: folds 
dogamendonça: calls 700
*** FLOP *** [8c Ac Jh]
dogamendonça: bets 1918
Mahu2021: folds [Kh Kd]
Uncalled bet (1918) returned to dogamendonça
dogamendonça collected 1918 from pot
dogamendonça: doesn't show hand 
*** SUMMARY ***
Total pot 1918 | Rake 0 
Board [8c Ac Jh]
Seat 1: FAUSIK folded before Flop (didn't bet)
Seat 2: Mahu2021 folded on the Flop
Seat 3: ralle123123 folded before Flop (didn't bet)
Seat 4: m.toader79 (button) folded before Flop (didn't bet)
Seat 5: BackDoorNob (small blind) folded before Flop
Seat 6: dogamendonça (big blind) collected (1918)
Seat 7: DerYanni18 folded before Flop (didn't bet)
Seat 8: lgdnikinho folded before Flop (didn't bet)



PokerStars Hand #247568830984: Tournament #3682342504, $0.72+$2.22+$0.36 USD Hold'em No Limit - Level VIII (70/140) - 2023/12/09 20:42:16 CET [2023/12/09 14:42:16 ET]
Table '3682342504 91' 8-max Seat #5 is the button
Seat 1: FAUSIK (4979 in chips, $2.22 bounty) 
Seat 2: Mahu2021 (4576 in chips, $2.22 bounty) 
Seat 3: ralle123123 (3735 in chips, $2.22 bounty) 
Seat 4: m.toader79 (4664 in chips, $2.22 bounty) 
Seat 5: BackDoorNob (2261 in chips, $2.22 bounty) 
Seat 6: dogamendonça (14631 in chips, $3.33 bounty) 
Seat 7: DerYanni18 (29539 in chips, $6.10 bounty) 
Seat 8: lgdnikinho (2876 in chips, $2.22 bounty) 
FAUSIK: posts the ante 21
Mahu2021: posts the ante 21
ralle123123: posts the ante 21
m.toader79: posts the ante 21
BackDoorNob: posts the ante 21
dogamendonça: posts the ante 21
DerYanni18: posts the ante 21
lgdnikinho: posts the ante 21
dogamendonça: posts small blind 70
DerYanni18: posts big blind 140
*** HOLE CARDS ***
Dealt to Mahu2021 [2c 6d]
lgdnikinho: folds 
FAUSIK: folds 
Mahu2021: folds 
ralle123123: folds 
m.toader79: raises 140 to 280
BackDoorNob: folds 
dogamendonça: folds 
DerYanni18: folds 
Uncalled bet (140) returned to m.toader79
m.toader79 collected 518 from pot
*** SUMMARY ***
Total pot 518 | Rake 0 
Seat 1: FAUSIK folded before Flop (didn't bet)
Seat 2: Mahu2021 folded before Flop (didn't bet)
Seat 3: ralle123123 folded before Flop (didn't bet)
Seat 4: m.toader79 collected (518)
Seat 5: BackDoorNob (button) folded before Flop (didn't bet)
Seat 6: dogamendonça (small blind) folded before Flop
Seat 7: DerYanni18 (big blind) folded before Flop
Seat 8: lgdnikinho folded before Flop (didn't bet)



PokerStars Hand #247568842962: Tournament #3682342504, $0.72+$2.22+$0.36 USD Hold'em No Limit - Level IX (80/160) - 2023/12/09 20:42:52 CET [2023/12/09 14:42:52 ET]
Table '3682342504 91' 8-max Seat #6 is the button
Seat 1: FAUSIK (4958 in chips, $2.22 bounty) 
Seat 2: Mahu2021 (4555 in chips, $2.22 bounty) 
Seat 3: ralle123123 (3714 in chips, $2.22 bounty) 
Seat 4: m.toader79 (5021 in chips, $2.22 bounty) 
Seat 5: BackDoorNob (2240 in chips, $2.22 bounty) 
Seat 6: dogamendonça (14540 in chips, $3.33 bounty) 
Seat 7: DerYanni18 (29378 in chips, $6.10 bounty) 
Seat 8: lgdnikinho (2855 in chips, $2.22 bounty) 
FAUSIK: posts the ante 24
Mahu2021: posts the ante 24
ralle123123: posts the ante 24
m.toader79: posts the ante 24
BackDoorNob: posts the ante 24
dogamendonça: posts the ante 24
DerYanni18: posts the ante 24
lgdnikinho: posts the ante 24
DerYanni18: posts small blind 80
lgdnikinho: posts big blind 160
*** HOLE CARDS ***
Dealt to Mahu2021 [2c Qd]
FAUSIK: folds 
Mahu2021: folds 
ralle123123: folds 
m.toader79: folds 
BackDoorNob: folds 
dogamendonça: calls 160
DerYanni18: calls 80
lgdnikinho: raises 2671 to 2831 and is all-in
dogamendonça: folds 
DerYanni18: folds [9h 7h]
Uncalled bet (2671) returned to lgdnikinho
lgdnikinho collected 672 from pot
*** SUMMARY ***
Total pot 672 | Rake 0 
Seat 1: FAUSIK folded before Flop (didn't bet)
Seat 2: Mahu2021 folded before Flop (didn't bet)
Seat 3: ralle123123 folded before Flop (didn't bet)
Seat 4: m.toader79 folded before Flop (didn't bet)
Seat 5: BackDoorNob folded before Flop (didn't bet)
Seat 6: dogamendonça (button) folded before Flop
Seat 7: DerYanni18 (small blind) folded before Flop
Seat 8: lgdnikinho (big blind) collected (672)



PokerStars Hand #247568863053: Tournament #3682342504, $0.72+$2.22+$0.36 USD Hold'em No Limit - Level IX (80/160) - 2023/12/09 20:43:54 CET [2023/12/09 14:43:54 ET]
Table '3682342504 91' 8-max Seat #7 is the button
Seat 1: FAUSIK (4934 in chips, $2.22 bounty) 
Seat 2: Mahu2021 (4531 in chips, $2.22 bounty) 
Seat 3: ralle123123 (3690 in chips, $2.22 bounty) 
Seat 4: m.toader79 (4997 in chips, $2.22 bounty) 
Seat 5: BackDoorNob (2216 in chips, $2.22 bounty) 
Seat 6: dogamendonça (14356 in chips, $3.33 bounty) 
Seat 7: DerYanni18 (29194 in chips, $6.10 bounty) 
Seat 8: lgdnikinho (3343 in chips, $2.22 bounty) 
FAUSIK: posts the ante 24
Mahu2021: posts the ante 24
ralle123123: posts the ante 24
m.toader79: posts the ante 24
BackDoorNob: posts the ante 24
dogamendonça: posts the ante 24
DerYanni18: posts the ante 24
lgdnikinho: posts the ante 24
lgdnikinho: posts small blind 80
FAUSIK: posts big blind 160
*** HOLE CARDS ***
Dealt to Mahu2021 [7c Qd]
Mahu2021: folds 
ralle123123: folds 
m.toader79: folds 
BackDoorNob: folds 
dogamendonça: folds 
DerYanni18: folds 
lgdnikinho: raises 320 to 480
FAUSIK: raises 4430 to 4910 and is all-in
lgdnikinho: calls 2839 and is all-in
Uncalled bet (1591) returned to FAUSIK
*** FLOP *** [Td 6h Kc]
*** TURN *** [Td 6h Kc] [6s]
*** RIVER *** [Td 6h Kc 6s] [Js]
*** SHOW DOWN ***
lgdnikinho: shows [Qc 9s] (a straight, Nine to King)
FAUSIK: shows [8h 8s] (two pair, Eights and Sixes)
lgdnikinho collected 6830 from pot
*** SUMMARY ***
Total pot 6830 | Rake 0 
Board [Td 6h Kc 6s Js]
Seat 1: FAUSIK (big blind) showed [8h 8s] and lost with two pair, Eights and Sixes
Seat 2: Mahu2021 folded before Flop (didn't bet)
Seat 3: ralle123123 folded before Flop (didn't bet)
Seat 4: m.toader79 folded before Flop (didn't bet)
Seat 5: BackDoorNob folded before Flop (didn't bet)
Seat 6: dogamendonça folded before Flop (didn't bet)
Seat 7: DerYanni18 (button) folded before Flop (didn't bet)
Seat 8: lgdnikinho (small blind) showed [Qc 9s] and won (6830) with a straight, Nine to King



PokerStars Hand #247568882266: Tournament #3682342504, $0.72+$2.22+$0.36 USD Hold'em No Limit - Level IX (80/160) - 2023/12/09 20:44:53 CET [2023/12/09 14:44:53 ET]
Table '3682342504 91' 8-max Seat #8 is the button
Seat 1: FAUSIK (1591 in chips, $2.22 bounty) 
Seat 2: Mahu2021 (4507 in chips, $2.22 bounty) 
Seat 3: ralle123123 (3666 in chips, $2.22 bounty) 
Seat 4: m.toader79 (4973 in chips, $2.22 bounty) 
Seat 5: BackDoorNob (2192 in chips, $2.22 bounty) 
Seat 6: dogamendonça (14332 in chips, $3.33 bounty) 
Seat 7: DerYanni18 (29170 in chips, $6.10 bounty) 
Seat 8: lgdnikinho (6830 in chips, $2.22 bounty) 
FAUSIK: posts the ante 24
Mahu2021: posts the ante 24
ralle123123: posts the ante 24
m.toader79: posts the ante 24
BackDoorNob: posts the ante 24
dogamendonça: posts the ante 24
DerYanni18: posts the ante 24
lgdnikinho: posts the ante 24
FAUSIK: posts small blind 80
Mahu2021: posts big blind 160
*** HOLE CARDS ***
Dealt to Mahu2021 [4c 7c]
ralle123123: raises 160 to 320
m.toader79: folds 
BackDoorNob: folds 
dogamendonça: folds 
DerYanni18: folds 
lgdnikinho: folds 
FAUSIK: raises 1247 to 1567 and is all-in
Mahu2021: folds 
ralle123123: calls 1247
*** FLOP *** [6d 5h 6h]
*** TURN *** [6d 5h 6h] [6c]
*** RIVER *** [6d 5h 6h 6c] [Kc]
*** SHOW DOWN ***
FAUSIK: shows [8h 8s] (a full house, Sixes full of Eights)
ralle123123: shows [As Th] (three of a kind, Sixes)
FAUSIK collected 3486 from pot
*** SUMMARY ***
Total pot 3486 | Rake 0 
Board [6d 5h 6h 6c Kc]
Seat 1: FAUSIK (small blind) showed [8h 8s] and won (3486) with a full house, Sixes full of Eights
Seat 2: Mahu2021 (big blind) folded before Flop
Seat 3: ralle123123 showed [As Th] and lost with three of a kind, Sixes
Seat 4: m.toader79 folded before Flop (didn't bet)
Seat 5: BackDoorNob folded before Flop (didn't bet)
Seat 6: dogamendonça folded before Flop (didn't bet)
Seat 7: DerYanni18 folded before Flop (didn't bet)
Seat 8: lgdnikinho (button) folded before Flop (didn't bet)



PokerStars Hand #247568898364: Tournament #3682342504, $0.72+$2.22+$0.36 USD Hold'em No Limit - Level IX (80/160) - 2023/12/09 20:45:42 CET [2023/12/09 14:45:42 ET]
Table '3682342504 91' 8-max Seat #1 is the button
Seat 1: FAUSIK (3486 in chips, $2.22 bounty) 
Seat 2: Mahu2021 (4323 in chips, $2.22 bounty) 
Seat 3: ralle123123 (2075 in chips, $2.22 bounty) 
Seat 4: m.toader79 (4949 in chips, $2.22 bounty) 
Seat 5: BackDoorNob (2168 in chips, $2.22 bounty) 
Seat 6: dogamendonça (14308 in chips, $3.33 bounty) 
Seat 7: DerYanni18 (29146 in chips, $6.10 bounty) 
Seat 8: lgdnikinho (6806 in chips, $2.22 bounty) 
FAUSIK: posts the ante 24
Mahu2021: posts the ante 24
ralle123123: posts the ante 24
m.toader79: posts the ante 24
BackDoorNob: posts the ante 24
dogamendonça: posts the ante 24
DerYanni18: posts the ante 24
lgdnikinho: posts the ante 24
Mahu2021: posts small blind 80
ralle123123: posts big blind 160
*** HOLE CARDS ***
Dealt to Mahu2021 [Qd Qc]
m.toader79: folds 
BackDoorNob: folds 
dogamendonça: calls 160
DerYanni18: folds 
lgdnikinho: folds 
FAUSIK: raises 3302 to 3462 and is all-in
Mahu2021: raises 837 to 4299 and is all-in
ralle123123: folds 
dogamendonça: calls 4139
*** FLOP *** [Tc Kd 2d]
*** TURN *** [Tc Kd 2d] [9d]
*** RIVER *** [Tc Kd 2d 9d] [3s]
*** SHOW DOWN ***
Mahu2021: shows [Qd Qc] (a pair of Queens)
dogamendonça: shows [Kh Th] (two pair, Kings and Tens)
dogamendonça collected 1674 from side pot
FAUSIK: shows [Qh Ks] (a pair of Kings)
dogamendonça collected 10738 from main pot
dogamendonça wins $1.11 for eliminating FAUSIK and their own bounty increases by $1.11 to $4.44
dogamendonça wins $1.11 for eliminating Mahu2021 and their own bounty increases by $1.11 to $5.55
Mahu2021 finished the tournament
FAUSIK finished the tournament
*** SUMMARY ***
Total pot 12412 Main pot 10738. Side pot 1674. | Rake 0 
Board [Tc Kd 2d 9d 3s]
Seat 1: FAUSIK (button) showed [Qh Ks] and lost with a pair of Kings
Seat 2: Mahu2021 (small blind) showed [Qd Qc] and lost with a pair of Queens
Seat 3: ralle123123 (big blind) folded before Flop
Seat 4: m.toader79 folded before Flop (didn't bet)
Seat 5: BackDoorNob folded before Flop (didn't bet)
Seat 6: dogamendonça showed [Kh Th] and won (12412) with two pair, Kings and Tens
Seat 7: DerYanni18 folded before Flop (didn't bet)
Seat 8: lgdnikinho folded before Flop (didn't bet)



