PokerStars Hand #252768121917: Tournament #3808213884, $1.84+$0.16 USD Hold'em No Limit - Level I (10/20) - 2024/10/04 23:03:44 CET [2024/10/04 17:03:44 ET]
Table '3808213884 1' 3-max Seat #1 is the button
Seat 1: Adrianonicke (500 in chips) 
Seat 2: BrunoSilveira31 (500 in chips) 
Seat 3: Mahu2021 (500 in chips) 
BrunoSilveira31: posts small blind 10
Mahu2021: posts big blind 20
*** HOLE CARDS ***
Dealt to Mahu2021 [9h Kd]
Adrianonicke: folds 
BrunoSilveira31: folds 
Uncalled bet (10) returned to Mahu2021
Mahu2021 collected 20 from pot
Mahu2021: doesn't show hand 
*** SUMMARY ***
Total pot 20 | Rake 0 
Seat 1: Adrianonicke (button) folded before Flop (didn't bet)
Seat 2: BrunoSilveira31 (small blind) folded before Flop
Seat 3: Mahu2021 (big blind) collected (20)



PokerStars Hand #252768123678: Tournament #3808213884, $1.84+$0.16 USD Hold'em No Limit - Level I (10/20) - 2024/10/04 23:03:49 CET [2024/10/04 17:03:49 ET]
Table '3808213884 1' 3-max Seat #2 is the button
Seat 1: Adrianonicke (500 in chips) 
Seat 2: BrunoSilveira31 (490 in chips) 
Seat 3: Mahu2021 (510 in chips) 
Mahu2021: posts small blind 10
Adrianonicke: posts big blind 20
*** HOLE CARDS ***
Dealt to Mahu2021 [7d 9c]
BrunoSilveira31: raises 20 to 40
Mahu2021: folds 
Adrianonicke: raises 90 to 130
BrunoSilveira31: folds 
Uncalled bet (90) returned to Adrianonicke
Adrianonicke collected 90 from pot
Adrianonicke: doesn't show hand 
*** SUMMARY ***
Total pot 90 | Rake 0 
Seat 1: Adrianonicke (big blind) collected (90)
Seat 2: BrunoSilveira31 (button) folded before Flop
Seat 3: Mahu2021 (small blind) folded before Flop



PokerStars Hand #252768126571: Tournament #3808213884, $1.84+$0.16 USD Hold'em No Limit - Level I (10/20) - 2024/10/04 23:03:59 CET [2024/10/04 17:03:59 ET]
Table '3808213884 1' 3-max Seat #3 is the button
Seat 1: Adrianonicke (550 in chips) 
Seat 2: BrunoSilveira31 (450 in chips) 
Seat 3: Mahu2021 (500 in chips) 
Adrianonicke: posts small blind 10
BrunoSilveira31: posts big blind 20
*** HOLE CARDS ***
Dealt to Mahu2021 [8s Qc]
Mahu2021: folds 
Adrianonicke: raises 40 to 60
BrunoSilveira31: calls 40
*** FLOP *** [6c Th 3c]
Adrianonicke: bets 60
BrunoSilveira31: folds 
Uncalled bet (60) returned to Adrianonicke
Adrianonicke collected 120 from pot
Adrianonicke: doesn't show hand 
*** SUMMARY ***
Total pot 120 | Rake 0 
Board [6c Th 3c]
Seat 1: Adrianonicke (small blind) collected (120)
Seat 2: BrunoSilveira31 (big blind) folded on the Flop
Seat 3: Mahu2021 (button) folded before Flop (didn't bet)



PokerStars Hand #252768131428: Tournament #3808213884, $1.84+$0.16 USD Hold'em No Limit - Level I (10/20) - 2024/10/04 23:04:14 CET [2024/10/04 17:04:14 ET]
Table '3808213884 1' 3-max Seat #1 is the button
Seat 1: Adrianonicke (610 in chips) 
Seat 2: BrunoSilveira31 (390 in chips) 
Seat 3: Mahu2021 (500 in chips) 
BrunoSilveira31: posts small blind 10
Mahu2021: posts big blind 20
*** HOLE CARDS ***
Dealt to Mahu2021 [6c 5s]
Adrianonicke: folds 
BrunoSilveira31: calls 10
Mahu2021: checks 
*** FLOP *** [2d Kc 6s]
BrunoSilveira31: bets 20
Mahu2021: calls 20
*** TURN *** [2d Kc 6s] [4c]
BrunoSilveira31: checks 
Mahu2021: checks 
*** RIVER *** [2d Kc 6s 4c] [Jh]
BrunoSilveira31: checks 
Mahu2021: checks 
*** SHOW DOWN ***
BrunoSilveira31: shows [7h 9c] (high card King)
Mahu2021: shows [6c 5s] (a pair of Sixes)
Mahu2021 collected 80 from pot
*** SUMMARY ***
Total pot 80 | Rake 0 
Board [2d Kc 6s 4c Jh]
Seat 1: Adrianonicke (button) folded before Flop (didn't bet)
Seat 2: BrunoSilveira31 (small blind) showed [7h 9c] and lost with high card King
Seat 3: Mahu2021 (big blind) showed [6c 5s] and won (80) with a pair of Sixes



PokerStars Hand #252768137766: Tournament #3808213884, $1.84+$0.16 USD Hold'em No Limit - Level I (10/20) - 2024/10/04 23:04:35 CET [2024/10/04 17:04:35 ET]
Table '3808213884 1' 3-max Seat #2 is the button
Seat 1: Adrianonicke (610 in chips) 
Seat 2: BrunoSilveira31 (350 in chips) 
Seat 3: Mahu2021 (540 in chips) 
Mahu2021: posts small blind 10
Adrianonicke: posts big blind 20
*** HOLE CARDS ***
Dealt to Mahu2021 [9d 3s]
BrunoSilveira31: raises 20 to 40
Mahu2021: folds 
Adrianonicke: calls 20
*** FLOP *** [Qs 3h Kd]
Adrianonicke: checks 
BrunoSilveira31: bets 40
Adrianonicke: folds 
Uncalled bet (40) returned to BrunoSilveira31
BrunoSilveira31 collected 90 from pot
BrunoSilveira31: doesn't show hand 
*** SUMMARY ***
Total pot 90 | Rake 0 
Board [Qs 3h Kd]
Seat 1: Adrianonicke (big blind) folded on the Flop
Seat 2: BrunoSilveira31 (button) collected (90)
Seat 3: Mahu2021 (small blind) folded before Flop



PokerStars Hand #252768141139: Tournament #3808213884, $1.84+$0.16 USD Hold'em No Limit - Level I (10/20) - 2024/10/04 23:04:45 CET [2024/10/04 17:04:45 ET]
Table '3808213884 1' 3-max Seat #3 is the button
Seat 1: Adrianonicke (570 in chips) 
Seat 2: BrunoSilveira31 (400 in chips) 
Seat 3: Mahu2021 (530 in chips) 
Adrianonicke: posts small blind 10
BrunoSilveira31: posts big blind 20
*** HOLE CARDS ***
Dealt to Mahu2021 [Kh 6c]
Mahu2021: folds 
Adrianonicke: calls 10
BrunoSilveira31: checks 
*** FLOP *** [As Jd Qs]
Adrianonicke: checks 
BrunoSilveira31: checks 
*** TURN *** [As Jd Qs] [Qh]
Adrianonicke: checks 
BrunoSilveira31: bets 30
Adrianonicke: folds 
Uncalled bet (30) returned to BrunoSilveira31
BrunoSilveira31 collected 40 from pot
BrunoSilveira31: doesn't show hand 
*** SUMMARY ***
Total pot 40 | Rake 0 
Board [As Jd Qs Qh]
Seat 1: Adrianonicke (small blind) folded on the Turn
Seat 2: BrunoSilveira31 (big blind) collected (40)
Seat 3: Mahu2021 (button) folded before Flop (didn't bet)



PokerStars Hand #252768145995: Tournament #3808213884, $1.84+$0.16 USD Hold'em No Limit - Level I (10/20) - 2024/10/04 23:05:01 CET [2024/10/04 17:05:01 ET]
Table '3808213884 1' 3-max Seat #1 is the button
Seat 1: Adrianonicke (550 in chips) 
Seat 2: BrunoSilveira31 (420 in chips) 
Seat 3: Mahu2021 (530 in chips) 
BrunoSilveira31: posts small blind 10
Mahu2021: posts big blind 20
*** HOLE CARDS ***
Dealt to Mahu2021 [Td Kc]
Adrianonicke: folds 
BrunoSilveira31: raises 400 to 420 and is all-in
Mahu2021: folds 
Uncalled bet (400) returned to BrunoSilveira31
BrunoSilveira31 collected 40 from pot
BrunoSilveira31: doesn't show hand 
*** SUMMARY ***
Total pot 40 | Rake 0 
Seat 1: Adrianonicke (button) folded before Flop (didn't bet)
Seat 2: BrunoSilveira31 (small blind) collected (40)
Seat 3: Mahu2021 (big blind) folded before Flop



PokerStars Hand #252768148473: Tournament #3808213884, $1.84+$0.16 USD Hold'em No Limit - Level I (10/20) - 2024/10/04 23:05:09 CET [2024/10/04 17:05:09 ET]
Table '3808213884 1' 3-max Seat #2 is the button
Seat 1: Adrianonicke (550 in chips) 
Seat 2: BrunoSilveira31 (440 in chips) 
Seat 3: Mahu2021 (510 in chips) 
Mahu2021: posts small blind 10
Adrianonicke: posts big blind 20
*** HOLE CARDS ***
Dealt to Mahu2021 [8h 7h]
BrunoSilveira31: raises 20 to 40
Mahu2021: calls 30
Adrianonicke: calls 20
*** FLOP *** [Jc 3h 5s]
Mahu2021: checks 
Adrianonicke: checks 
BrunoSilveira31: bets 56
Mahu2021: folds 
Adrianonicke: folds 
Uncalled bet (56) returned to BrunoSilveira31
BrunoSilveira31 collected 120 from pot
BrunoSilveira31: doesn't show hand 
*** SUMMARY ***
Total pot 120 | Rake 0 
Board [Jc 3h 5s]
Seat 1: Adrianonicke (big blind) folded on the Flop
Seat 2: BrunoSilveira31 (button) collected (120)
Seat 3: Mahu2021 (small blind) folded on the Flop



PokerStars Hand #252768154420: Tournament #3808213884, $1.84+$0.16 USD Hold'em No Limit - Level I (10/20) - 2024/10/04 23:05:28 CET [2024/10/04 17:05:28 ET]
Table '3808213884 1' 3-max Seat #3 is the button
Seat 1: Adrianonicke (510 in chips) 
Seat 2: BrunoSilveira31 (520 in chips) 
Seat 3: Mahu2021 (470 in chips) 
Adrianonicke: posts small blind 10
BrunoSilveira31: posts big blind 20
*** HOLE CARDS ***
Dealt to Mahu2021 [3c 5h]
Mahu2021: folds 
Adrianonicke: calls 10
BrunoSilveira31: checks 
*** FLOP *** [8h 7d 5s]
Adrianonicke: bets 20
BrunoSilveira31: folds 
Uncalled bet (20) returned to Adrianonicke
Adrianonicke collected 40 from pot
Adrianonicke: doesn't show hand 
*** SUMMARY ***
Total pot 40 | Rake 0 
Board [8h 7d 5s]
Seat 1: Adrianonicke (small blind) collected (40)
Seat 2: BrunoSilveira31 (big blind) folded on the Flop
Seat 3: Mahu2021 (button) folded before Flop (didn't bet)



PokerStars Hand #252768160721: Tournament #3808213884, $1.84+$0.16 USD Hold'em No Limit - Level II (15/30) - 2024/10/04 23:05:48 CET [2024/10/04 17:05:48 ET]
Table '3808213884 1' 3-max Seat #1 is the button
Seat 1: Adrianonicke (530 in chips) 
Seat 2: BrunoSilveira31 (500 in chips) 
Seat 3: Mahu2021 (470 in chips) 
BrunoSilveira31: posts small blind 15
Mahu2021: posts big blind 30
*** HOLE CARDS ***
Dealt to Mahu2021 [5c Ah]
Adrianonicke: folds 
BrunoSilveira31: raises 470 to 500 and is all-in
Mahu2021: folds 
Uncalled bet (470) returned to BrunoSilveira31
BrunoSilveira31 collected 60 from pot
BrunoSilveira31: doesn't show hand 
*** SUMMARY ***
Total pot 60 | Rake 0 
Seat 1: Adrianonicke (button) folded before Flop (didn't bet)
Seat 2: BrunoSilveira31 (small blind) collected (60)
Seat 3: Mahu2021 (big blind) folded before Flop



PokerStars Hand #252768163469: Tournament #3808213884, $1.84+$0.16 USD Hold'em No Limit - Level II (15/30) - 2024/10/04 23:05:57 CET [2024/10/04 17:05:57 ET]
Table '3808213884 1' 3-max Seat #2 is the button
Seat 1: Adrianonicke (530 in chips) 
Seat 2: BrunoSilveira31 (530 in chips) 
Seat 3: Mahu2021 (440 in chips) 
Mahu2021: posts small blind 15
Adrianonicke: posts big blind 30
*** HOLE CARDS ***
Dealt to Mahu2021 [Ks 7s]
BrunoSilveira31: raises 500 to 530 and is all-in
Mahu2021: folds 
Adrianonicke: folds 
Uncalled bet (500) returned to BrunoSilveira31
BrunoSilveira31 collected 75 from pot
BrunoSilveira31: doesn't show hand 
*** SUMMARY ***
Total pot 75 | Rake 0 
Seat 1: Adrianonicke (big blind) folded before Flop
Seat 2: BrunoSilveira31 (button) collected (75)
Seat 3: Mahu2021 (small blind) folded before Flop



PokerStars Hand #252768166556: Tournament #3808213884, $1.84+$0.16 USD Hold'em No Limit - Level II (15/30) - 2024/10/04 23:06:06 CET [2024/10/04 17:06:06 ET]
Table '3808213884 1' 3-max Seat #3 is the button
Seat 1: Adrianonicke (500 in chips) 
Seat 2: BrunoSilveira31 (575 in chips) 
Seat 3: Mahu2021 (425 in chips) 
Adrianonicke: posts small blind 15
BrunoSilveira31: posts big blind 30
*** HOLE CARDS ***
Dealt to Mahu2021 [7c Th]
Mahu2021: folds 
Adrianonicke: calls 15
BrunoSilveira31: raises 545 to 575 and is all-in
Adrianonicke: calls 470 and is all-in
Uncalled bet (75) returned to BrunoSilveira31
*** FLOP *** [3c 4h 4d]
*** TURN *** [3c 4h 4d] [3d]
*** RIVER *** [3c 4h 4d 3d] [9c]
*** SHOW DOWN ***
Adrianonicke: shows [As Qd] (two pair, Fours and Threes)
BrunoSilveira31: shows [Qs Ah] (two pair, Fours and Threes)
Adrianonicke collected 500 from pot
BrunoSilveira31 collected 500 from pot
*** SUMMARY ***
Total pot 1000 | Rake 0 
Board [3c 4h 4d 3d 9c]
Seat 1: Adrianonicke (small blind) showed [As Qd] and won (500) with two pair, Fours and Threes
Seat 2: BrunoSilveira31 (big blind) showed [Qs Ah] and won (500) with two pair, Fours and Threes
Seat 3: Mahu2021 (button) folded before Flop (didn't bet)



PokerStars Hand #252768171545: Tournament #3808213884, $1.84+$0.16 USD Hold'em No Limit - Level II (15/30) - 2024/10/04 23:06:23 CET [2024/10/04 17:06:23 ET]
Table '3808213884 1' 3-max Seat #1 is the button
Seat 1: Adrianonicke (500 in chips) 
Seat 2: BrunoSilveira31 (575 in chips) 
Seat 3: Mahu2021 (425 in chips) 
BrunoSilveira31: posts small blind 15
Mahu2021: posts big blind 30
*** HOLE CARDS ***
Dealt to Mahu2021 [Js 6h]
Adrianonicke: raises 30 to 60
BrunoSilveira31: folds 
Mahu2021: calls 30
*** FLOP *** [Ks Kd 9s]
Mahu2021: checks 
Adrianonicke: bets 135
Mahu2021: folds 
Uncalled bet (135) returned to Adrianonicke
Adrianonicke collected 135 from pot
Adrianonicke: doesn't show hand 
*** SUMMARY ***
Total pot 135 | Rake 0 
Board [Ks Kd 9s]
Seat 1: Adrianonicke (button) collected (135)
Seat 2: BrunoSilveira31 (small blind) folded before Flop
Seat 3: Mahu2021 (big blind) folded on the Flop



PokerStars Hand #252768175431: Tournament #3808213884, $1.84+$0.16 USD Hold'em No Limit - Level II (15/30) - 2024/10/04 23:06:35 CET [2024/10/04 17:06:35 ET]
Table '3808213884 1' 3-max Seat #2 is the button
Seat 1: Adrianonicke (575 in chips) 
Seat 2: BrunoSilveira31 (560 in chips) 
Seat 3: Mahu2021 (365 in chips) 
Mahu2021: posts small blind 15
Adrianonicke: posts big blind 30
*** HOLE CARDS ***
Dealt to Mahu2021 [Td Js]
BrunoSilveira31: folds 
Mahu2021: calls 15
Adrianonicke: raises 60 to 90
Mahu2021: calls 60
*** FLOP *** [Kh 5d Th]
Mahu2021: bets 275 and is all-in
Adrianonicke: calls 275
*** TURN *** [Kh 5d Th] [8d]
*** RIVER *** [Kh 5d Th 8d] [4h]
*** SHOW DOWN ***
Mahu2021: shows [Td Js] (a pair of Tens)
Adrianonicke: shows [5c Ac] (a pair of Fives)
Mahu2021 collected 730 from pot
*** SUMMARY ***
Total pot 730 | Rake 0 
Board [Kh 5d Th 8d 4h]
Seat 1: Adrianonicke (big blind) showed [5c Ac] and lost with a pair of Fives
Seat 2: BrunoSilveira31 (button) folded before Flop (didn't bet)
Seat 3: Mahu2021 (small blind) showed [Td Js] and won (730) with a pair of Tens



PokerStars Hand #252768182219: Tournament #3808213884, $1.84+$0.16 USD Hold'em No Limit - Level II (15/30) - 2024/10/04 23:06:57 CET [2024/10/04 17:06:57 ET]
Table '3808213884 1' 3-max Seat #3 is the button
Seat 1: Adrianonicke (210 in chips) 
Seat 2: BrunoSilveira31 (560 in chips) 
Seat 3: Mahu2021 (730 in chips) 
Adrianonicke: posts small blind 15
BrunoSilveira31: posts big blind 30
*** HOLE CARDS ***
Dealt to Mahu2021 [8h Ac]
Mahu2021: calls 30
Adrianonicke: calls 15
BrunoSilveira31: checks 
*** FLOP *** [2d Qd 5c]
Adrianonicke: checks 
BrunoSilveira31: checks 
Mahu2021: checks 
*** TURN *** [2d Qd 5c] [4s]
Adrianonicke: checks 
BrunoSilveira31: bets 45
Mahu2021: folds 
Adrianonicke: calls 45
*** RIVER *** [2d Qd 5c 4s] [9s]
Adrianonicke: checks 
BrunoSilveira31: bets 90
Adrianonicke: folds 
Uncalled bet (90) returned to BrunoSilveira31
BrunoSilveira31 collected 180 from pot
BrunoSilveira31: doesn't show hand 
*** SUMMARY ***
Total pot 180 | Rake 0 
Board [2d Qd 5c 4s 9s]
Seat 1: Adrianonicke (small blind) folded on the River
Seat 2: BrunoSilveira31 (big blind) collected (180)
Seat 3: Mahu2021 (button) folded on the Turn



PokerStars Hand #252768189859: Tournament #3808213884, $1.84+$0.16 USD Hold'em No Limit - Level II (15/30) - 2024/10/04 23:07:21 CET [2024/10/04 17:07:21 ET]
Table '3808213884 1' 3-max Seat #1 is the button
Seat 1: Adrianonicke (135 in chips) 
Seat 2: BrunoSilveira31 (665 in chips) 
Seat 3: Mahu2021 (700 in chips) 
BrunoSilveira31: posts small blind 15
Mahu2021: posts big blind 30
*** HOLE CARDS ***
Dealt to Mahu2021 [3s Th]
Adrianonicke: raises 105 to 135 and is all-in
BrunoSilveira31: folds 
Mahu2021: folds 
Uncalled bet (105) returned to Adrianonicke
Adrianonicke collected 75 from pot
Adrianonicke: doesn't show hand 
*** SUMMARY ***
Total pot 75 | Rake 0 
Seat 1: Adrianonicke (button) collected (75)
Seat 2: BrunoSilveira31 (small blind) folded before Flop
Seat 3: Mahu2021 (big blind) folded before Flop



PokerStars Hand #252768191741: Tournament #3808213884, $1.84+$0.16 USD Hold'em No Limit - Level II (15/30) - 2024/10/04 23:07:27 CET [2024/10/04 17:07:27 ET]
Table '3808213884 1' 3-max Seat #2 is the button
Seat 1: Adrianonicke (180 in chips) 
Seat 2: BrunoSilveira31 (650 in chips) 
Seat 3: Mahu2021 (670 in chips) 
Mahu2021: posts small blind 15
Adrianonicke: posts big blind 30
*** HOLE CARDS ***
Dealt to Mahu2021 [Qc As]
BrunoSilveira31: raises 30 to 60
Mahu2021: raises 610 to 670 and is all-in
Adrianonicke: folds 
BrunoSilveira31: calls 590 and is all-in
Uncalled bet (20) returned to Mahu2021
*** FLOP *** [Ah 7h 4h]
*** TURN *** [Ah 7h 4h] [Jd]
*** RIVER *** [Ah 7h 4h Jd] [Ac]
*** SHOW DOWN ***
Mahu2021: shows [Qc As] (three of a kind, Aces)
BrunoSilveira31: shows [8h Ad] (three of a kind, Aces - lower kicker)
Mahu2021 collected 1330 from pot
BrunoSilveira31 finished the tournament in 3rd place
*** SUMMARY ***
Total pot 1330 | Rake 0 
Board [Ah 7h 4h Jd Ac]
Seat 1: Adrianonicke (big blind) folded before Flop
Seat 2: BrunoSilveira31 (button) showed [8h Ad] and lost with three of a kind, Aces
Seat 3: Mahu2021 (small blind) showed [Qc As] and won (1330) with three of a kind, Aces



PokerStars Hand #252768202413: Tournament #3808213884, $1.84+$0.16 USD Hold'em No Limit - Level III (20/40) - 2024/10/04 23:08:02 CET [2024/10/04 17:08:02 ET]
Table '3808213884 1' 3-max Seat #1 is the button
Seat 1: Adrianonicke (150 in chips) 
Seat 3: Mahu2021 (1350 in chips) 
Adrianonicke: posts small blind 20
Mahu2021: posts big blind 40
*** HOLE CARDS ***
Dealt to Mahu2021 [7c 2d]
Adrianonicke: folds 
Uncalled bet (20) returned to Mahu2021
Mahu2021 collected 40 from pot
Mahu2021: doesn't show hand 
*** SUMMARY ***
Total pot 40 | Rake 0 
Seat 1: Adrianonicke (button) (small blind) folded before Flop
Seat 3: Mahu2021 (big blind) collected (40)



PokerStars Hand #252768204203: Tournament #3808213884, $1.84+$0.16 USD Hold'em No Limit - Level III (20/40) - 2024/10/04 23:08:08 CET [2024/10/04 17:08:08 ET]
Table '3808213884 1' 3-max Seat #3 is the button
Seat 1: Adrianonicke (130 in chips) 
Seat 3: Mahu2021 (1370 in chips) 
Mahu2021: posts small blind 20
Adrianonicke: posts big blind 40
*** HOLE CARDS ***
Dealt to Mahu2021 [4c Kc]
Mahu2021: raises 1330 to 1370 and is all-in
Adrianonicke: calls 90 and is all-in
Uncalled bet (1240) returned to Mahu2021
*** FLOP *** [8d 5h 3s]
*** TURN *** [8d 5h 3s] [8c]
*** RIVER *** [8d 5h 3s 8c] [7d]
*** SHOW DOWN ***
Adrianonicke: shows [Jc Td] (a pair of Eights)
Mahu2021: shows [4c Kc] (a pair of Eights - King kicker)
Mahu2021 collected 260 from pot
Adrianonicke finished the tournament in 2nd place
Mahu2021 wins the tournament and receives $4.00 - congratulations!
*** SUMMARY ***
Total pot 260 | Rake 0 
Board [8d 5h 3s 8c 7d]
Seat 1: Adrianonicke (big blind) showed [Jc Td] and lost with a pair of Eights
Seat 3: Mahu2021 (button) (small blind) showed [4c Kc] and won (260) with a pair of Eights



