PokerStars Hand #243958549188: Tournament #3593289165, $9.80+$1.20 USD Hold'em No Limit - Level I (25/50) - 2023/05/28 20:07:25 CET [2023/05/28 14:07:25 ET]
Table '3593289165 318' 8-max Seat #6 is the button
Seat 1: Mahu2021 (10000 in chips) 
Seat 2: HansMSM (11578 in chips) 
Seat 3: n1kR (9895 in chips) 
Seat 4: Fendr0n (9958 in chips) 
Seat 5: pmilare (9252 in chips) 
Seat 6: allin1983999 (10143 in chips) 
Seat 7: Rlikek (9795 in chips) 
Seat 8: Måmpa (9520 in chips) 
Mahu2021: posts the ante 6
HansMSM: posts the ante 6
n1kR: posts the ante 6
Fendr0n: posts the ante 6
pmilare: posts the ante 6
allin1983999: posts the ante 6
Rlikek: posts the ante 6
Måmpa: posts the ante 6
Rlikek: posts small blind 25
Måmpa: posts big blind 50
*** HOLE CARDS ***
Dealt to Mahu2021 [Qc 8c]
Mahu2021: folds 
HansMSM: folds 
n1kR: raises 60 to 110
Fendr0n: folds 
pmilare: raises 290 to 400
allin1983999: folds 
Rlikek: folds 
Måmpa: folds 
n1kR: calls 290
*** FLOP *** [Qd 5c Td]
n1kR: checks 
pmilare: bets 305
n1kR: folds 
Uncalled bet (305) returned to pmilare
pmilare collected 923 from pot
pmilare: doesn't show hand 
*** SUMMARY ***
Total pot 923 | Rake 0 
Board [Qd 5c Td]
Seat 1: Mahu2021 folded before Flop (didn't bet)
Seat 2: HansMSM folded before Flop (didn't bet)
Seat 3: n1kR folded on the Flop
Seat 4: Fendr0n folded before Flop (didn't bet)
Seat 5: pmilare collected (923)
Seat 6: allin1983999 (button) folded before Flop (didn't bet)
Seat 7: Rlikek (small blind) folded before Flop
Seat 8: Måmpa (big blind) folded before Flop



PokerStars Hand #243958574797: Tournament #3593289165, $9.80+$1.20 USD Hold'em No Limit - Level I (25/50) - 2023/05/28 20:08:24 CET [2023/05/28 14:08:24 ET]
Table '3593289165 318' 8-max Seat #7 is the button
Seat 1: Mahu2021 (9994 in chips) 
Seat 2: HansMSM (11572 in chips) 
Seat 3: n1kR (9489 in chips) 
Seat 5: pmilare (9769 in chips) 
Seat 6: allin1983999 (10137 in chips) 
Seat 7: Rlikek (9764 in chips) 
Seat 8: Måmpa (9464 in chips) 
Mahu2021: posts the ante 6
HansMSM: posts the ante 6
n1kR: posts the ante 6
pmilare: posts the ante 6
allin1983999: posts the ante 6
Rlikek: posts the ante 6
Måmpa: posts the ante 6
Måmpa: posts small blind 25
Mahu2021: posts big blind 50
*** HOLE CARDS ***
Dealt to Mahu2021 [Ah 2h]
DkISve is disconnected 
HansMSM: raises 62 to 112
n1kR: folds 
pmilare: folds 
allin1983999: calls 112
Rlikek: calls 112
Måmpa: folds 
Mahu2021: calls 62
*** FLOP *** [5s 3c 6h]
Mahu2021: checks 
HansMSM: checks 
allin1983999: bets 150
Rlikek: calls 150
Mahu2021: folds 
HansMSM: folds 
*** TURN *** [5s 3c 6h] [2d]
allin1983999: checks 
Rlikek: bets 500
allin1983999: calls 500
*** RIVER *** [5s 3c 6h 2d] [2s]
allin1983999: checks 
Rlikek: bets 1198
allin1983999: raises 1198 to 2396
Rlikek: calls 1198
*** SHOW DOWN ***
allin1983999: shows [4d 3d] (a straight, Deuce to Six)
Rlikek: shows [As 4s] (a straight, Deuce to Six)
allin1983999 collected 3304 from pot
Rlikek collected 3303 from pot
*** SUMMARY ***
Total pot 6607 | Rake 0 
Board [5s 3c 6h 2d 2s]
Seat 1: Mahu2021 (big blind) folded on the Flop
Seat 2: HansMSM folded on the Flop
Seat 3: n1kR folded before Flop (didn't bet)
Seat 5: pmilare folded before Flop (didn't bet)
Seat 6: allin1983999 showed [4d 3d] and won (3304) with a straight, Deuce to Six
Seat 7: Rlikek (button) showed [As 4s] and won (3303) with a straight, Deuce to Six
Seat 8: Måmpa (small blind) folded before Flop



PokerStars Hand #243958623420: Tournament #3593289165, $9.80+$1.20 USD Hold'em No Limit - Level I (25/50) - 2023/05/28 20:10:17 CET [2023/05/28 14:10:17 ET]
Table '3593289165 318' 8-max Seat #8 is the button
Seat 1: Mahu2021 (9876 in chips) 
Seat 2: HansMSM (11454 in chips) 
Seat 3: n1kR (9483 in chips) 
Seat 4: DkISve (10000 in chips) 
Seat 5: pmilare (9763 in chips) 
Seat 6: allin1983999 (10277 in chips) 
Seat 7: Rlikek (9903 in chips) 
Seat 8: Måmpa (9433 in chips) 
Mahu2021: posts the ante 6
HansMSM: posts the ante 6
n1kR: posts the ante 6
DkISve: posts the ante 6
pmilare: posts the ante 6
allin1983999: posts the ante 6
Rlikek: posts the ante 6
Måmpa: posts the ante 6
Mahu2021: posts small blind 25
HansMSM: posts big blind 50
*** HOLE CARDS ***
Dealt to Mahu2021 [3s 3c]
n1kR: folds 
DkISve: folds 
pmilare: folds 
allin1983999: raises 50 to 100
Rlikek: folds 
Måmpa: folds 
Mahu2021: calls 75
HansMSM: calls 50
*** FLOP *** [4s 8c Kh]
Mahu2021: checks 
HansMSM: checks 
allin1983999: checks 
*** TURN *** [4s 8c Kh] [Th]
Mahu2021: bets 100
HansMSM: folds 
allin1983999: calls 100
*** RIVER *** [4s 8c Kh Th] [Ks]
Mahu2021: bets 100
allin1983999: calls 100
*** SHOW DOWN ***
Mahu2021: shows [3s 3c] (two pair, Kings and Threes)
allin1983999: shows [Ts 7s] (two pair, Kings and Tens)
allin1983999 collected 748 from pot
*** SUMMARY ***
Total pot 748 | Rake 0 
Board [4s 8c Kh Th Ks]
Seat 1: Mahu2021 (small blind) showed [3s 3c] and lost with two pair, Kings and Threes
Seat 2: HansMSM (big blind) folded on the Turn
Seat 3: n1kR folded before Flop (didn't bet)
Seat 4: DkISve folded before Flop (didn't bet)
Seat 5: pmilare folded before Flop (didn't bet)
Seat 6: allin1983999 showed [Ts 7s] and won (748) with two pair, Kings and Tens
Seat 7: Rlikek folded before Flop (didn't bet)
Seat 8: Måmpa (button) folded before Flop (didn't bet)



PokerStars Hand #243958646402: Tournament #3593289165, $9.80+$1.20 USD Hold'em No Limit - Level I (25/50) - 2023/05/28 20:11:11 CET [2023/05/28 14:11:11 ET]
Table '3593289165 318' 8-max Seat #1 is the button
Seat 1: Mahu2021 (9570 in chips) 
Seat 2: HansMSM (11348 in chips) 
Seat 3: n1kR (9477 in chips) 
Seat 4: DkISve (9994 in chips) 
Seat 5: pmilare (9757 in chips) 
Seat 6: allin1983999 (10719 in chips) 
Seat 7: Rlikek (9897 in chips) 
Seat 8: Måmpa (9427 in chips) 
Mahu2021: posts the ante 6
HansMSM: posts the ante 6
n1kR: posts the ante 6
DkISve: posts the ante 6
pmilare: posts the ante 6
allin1983999: posts the ante 6
Rlikek: posts the ante 6
Måmpa: posts the ante 6
HansMSM: posts small blind 25
n1kR: posts big blind 50
*** HOLE CARDS ***
Dealt to Mahu2021 [Qd 2c]
DkISve: folds 
pmilare: folds 
allin1983999: folds 
Rlikek: folds 
Måmpa: folds 
Mahu2021: folds 
HansMSM: folds 
Uncalled bet (25) returned to n1kR
n1kR collected 98 from pot
n1kR: doesn't show hand 
*** SUMMARY ***
Total pot 98 | Rake 0 
Seat 1: Mahu2021 (button) folded before Flop (didn't bet)
Seat 2: HansMSM (small blind) folded before Flop
Seat 3: n1kR (big blind) collected (98)
Seat 4: DkISve folded before Flop (didn't bet)
Seat 5: pmilare folded before Flop (didn't bet)
Seat 6: allin1983999 folded before Flop (didn't bet)
Seat 7: Rlikek folded before Flop (didn't bet)
Seat 8: Måmpa folded before Flop (didn't bet)



PokerStars Hand #243958662845: Tournament #3593289165, $9.80+$1.20 USD Hold'em No Limit - Level I (25/50) - 2023/05/28 20:11:49 CET [2023/05/28 14:11:49 ET]
Table '3593289165 318' 8-max Seat #2 is the button
Seat 1: Mahu2021 (9564 in chips) 
Seat 2: HansMSM (11317 in chips) 
Seat 3: n1kR (9544 in chips) 
Seat 4: DkISve (9988 in chips) 
Seat 5: pmilare (9751 in chips) 
Seat 6: allin1983999 (10713 in chips) 
Seat 7: Rlikek (9891 in chips) 
Seat 8: Måmpa (9421 in chips) 
Mahu2021: posts the ante 6
HansMSM: posts the ante 6
n1kR: posts the ante 6
DkISve: posts the ante 6
pmilare: posts the ante 6
allin1983999: posts the ante 6
Rlikek: posts the ante 6
Måmpa: posts the ante 6
n1kR: posts small blind 25
DkISve: posts big blind 50
*** HOLE CARDS ***
Dealt to Mahu2021 [7c 8s]
pmilare: folds 
allin1983999: folds 
Rlikek: raises 50 to 100
Måmpa: folds 
Mahu2021: folds 
HansMSM: raises 275 to 375
n1kR: folds 
DkISve: folds 
Rlikek: folds 
Uncalled bet (275) returned to HansMSM
HansMSM collected 323 from pot
*** SUMMARY ***
Total pot 323 | Rake 0 
Seat 1: Mahu2021 folded before Flop (didn't bet)
Seat 2: HansMSM (button) collected (323)
Seat 3: n1kR (small blind) folded before Flop
Seat 4: DkISve (big blind) folded before Flop
Seat 5: pmilare folded before Flop (didn't bet)
Seat 6: allin1983999 folded before Flop (didn't bet)
Seat 7: Rlikek folded before Flop
Seat 8: Måmpa folded before Flop (didn't bet)



PokerStars Hand #243958676464: Tournament #3593289165, $9.80+$1.20 USD Hold'em No Limit - Level II (30/60) - 2023/05/28 20:12:21 CET [2023/05/28 14:12:21 ET]
Table '3593289165 318' 8-max Seat #3 is the button
Seat 1: Mahu2021 (9558 in chips) 
Seat 2: HansMSM (11534 in chips) 
Seat 3: n1kR (9513 in chips) 
Seat 4: DkISve (9932 in chips) 
Seat 5: pmilare (9745 in chips) 
Seat 6: allin1983999 (10707 in chips) 
Seat 7: Rlikek (9785 in chips) 
Seat 8: Måmpa (9415 in chips) 
Mahu2021: posts the ante 8
HansMSM: posts the ante 8
n1kR: posts the ante 8
DkISve: posts the ante 8
pmilare: posts the ante 8
allin1983999: posts the ante 8
Rlikek: posts the ante 8
Måmpa: posts the ante 8
DkISve: posts small blind 30
pmilare: posts big blind 60
*** HOLE CARDS ***
Dealt to Mahu2021 [9c 8s]
allin1983999: folds 
Rlikek: folds 
Måmpa: folds 
Mahu2021: folds 
HansMSM: folds 
n1kR: raises 63 to 123
DkISve: raises 243 to 366
pmilare: folds 
n1kR: calls 243
*** FLOP *** [Qh 9s 5s]
DkISve: bets 282
n1kR: calls 282
*** TURN *** [Qh 9s 5s] [9d]
DkISve: checks 
n1kR: bets 469
DkISve: calls 469
*** RIVER *** [Qh 9s 5s 9d] [Qs]
DkISve: checks 
n1kR: checks 
*** SHOW DOWN ***
DkISve: shows [5c Ah] (two pair, Queens and Nines)
n1kR: mucks hand 
DkISve collected 2358 from pot
*** SUMMARY ***
Total pot 2358 | Rake 0 
Board [Qh 9s 5s 9d Qs]
Seat 1: Mahu2021 folded before Flop (didn't bet)
Seat 2: HansMSM folded before Flop (didn't bet)
Seat 3: n1kR (button) mucked [Ts Kc]
Seat 4: DkISve (small blind) showed [5c Ah] and won (2358) with two pair, Queens and Nines
Seat 5: pmilare (big blind) folded before Flop
Seat 6: allin1983999 folded before Flop (didn't bet)
Seat 7: Rlikek folded before Flop (didn't bet)
Seat 8: Måmpa folded before Flop (didn't bet)



PokerStars Hand #243958711466: Tournament #3593289165, $9.80+$1.20 USD Hold'em No Limit - Level II (30/60) - 2023/05/28 20:13:43 CET [2023/05/28 14:13:43 ET]
Table '3593289165 318' 8-max Seat #4 is the button
Seat 1: Mahu2021 (9550 in chips) 
Seat 2: HansMSM (11526 in chips) 
Seat 3: n1kR (8388 in chips) 
Seat 4: DkISve (11165 in chips) 
Seat 5: pmilare (9677 in chips) 
Seat 7: Rlikek (9777 in chips) 
Seat 8: Måmpa (9407 in chips) 
Mahu2021: posts the ante 8
HansMSM: posts the ante 8
n1kR: posts the ante 8
DkISve: posts the ante 8
pmilare: posts the ante 8
Rlikek: posts the ante 8
Måmpa: posts the ante 8
pmilare: posts small blind 30
Rlikek: posts big blind 60
*** HOLE CARDS ***
Dealt to Mahu2021 [5h Qd]
Måmpa: raises 90 to 150
Mahu2021: folds 
gastao riffel is disconnected 
HansMSM: folds 
n1kR: folds 
DkISve is disconnected 
DkISve has timed out while disconnected
DkISve: folds 
DkISve is sitting out
pmilare: folds 
Rlikek: folds 
Uncalled bet (90) returned to Måmpa
DkISve is disconnected 
DkISve has returned
Måmpa collected 206 from pot
Måmpa: doesn't show hand 
*** SUMMARY ***
Total pot 206 | Rake 0 
Seat 1: Mahu2021 folded before Flop (didn't bet)
Seat 2: HansMSM folded before Flop (didn't bet)
Seat 3: n1kR folded before Flop (didn't bet)
Seat 4: DkISve (button) folded before Flop (didn't bet)
Seat 5: pmilare (small blind) folded before Flop
Seat 7: Rlikek (big blind) folded before Flop
Seat 8: Måmpa collected (206)



PokerStars Hand #243958741769: Tournament #3593289165, $9.80+$1.20 USD Hold'em No Limit - Level II (30/60) - 2023/05/28 20:14:54 CET [2023/05/28 14:14:54 ET]
Table '3593289165 318' 8-max Seat #5 is the button
Seat 1: Mahu2021 (9542 in chips) 
Seat 2: HansMSM (11518 in chips) 
Seat 3: n1kR (8380 in chips) 
Seat 4: DkISve (11157 in chips) 
Seat 5: pmilare (9639 in chips) 
Seat 6: gastao riffel (10000 in chips) out of hand (moved from another table into small blind)
Seat 7: Rlikek (9709 in chips) 
Seat 8: Måmpa (9545 in chips) 
gastao riffel will be allowed to play after the button
Mahu2021: posts the ante 8
HansMSM: posts the ante 8
n1kR: posts the ante 8
DkISve: posts the ante 8
pmilare: posts the ante 8
Rlikek: posts the ante 8
Måmpa: posts the ante 8
Rlikek: posts small blind 30
Måmpa: posts big blind 60
*** HOLE CARDS ***
Dealt to Mahu2021 [Ad 6h]
Mahu2021: folds 
HansMSM: folds 
n1kR: folds 
DkISve: folds 
pmilare: folds 
Rlikek: folds 
Uncalled bet (30) returned to Måmpa
Måmpa collected 116 from pot
Måmpa: doesn't show hand 
*** SUMMARY ***
Total pot 116 | Rake 0 
Seat 1: Mahu2021 folded before Flop (didn't bet)
Seat 2: HansMSM folded before Flop (didn't bet)
Seat 3: n1kR folded before Flop (didn't bet)
Seat 4: DkISve folded before Flop (didn't bet)
Seat 5: pmilare (button) folded before Flop (didn't bet)
Seat 7: Rlikek (small blind) folded before Flop
Seat 8: Måmpa (big blind) collected (116)



PokerStars Hand #243958746260: Tournament #3593289165, $9.80+$1.20 USD Hold'em No Limit - Level II (30/60) - 2023/05/28 20:15:04 CET [2023/05/28 14:15:04 ET]
Table '3593289165 318' 8-max Seat #7 is the button
Seat 1: Mahu2021 (9534 in chips) 
Seat 2: HansMSM (11510 in chips) 
Seat 3: n1kR (8372 in chips) 
Seat 4: DkISve (11149 in chips) 
Seat 5: pmilare (9631 in chips) 
Seat 6: gastao riffel (10000 in chips) 
Seat 7: Rlikek (9671 in chips) 
Seat 8: Måmpa (9623 in chips) 
Mahu2021: posts the ante 8
HansMSM: posts the ante 8
n1kR: posts the ante 8
DkISve: posts the ante 8
pmilare: posts the ante 8
gastao riffel: posts the ante 8
Rlikek: posts the ante 8
Måmpa: posts the ante 8
Måmpa: posts small blind 30
Mahu2021: posts big blind 60
*** HOLE CARDS ***
Dealt to Mahu2021 [Js 7d]
HansMSM: folds 
n1kR: folds 
DkISve: folds 
pmilare: folds 
gastao riffel: raises 60 to 120
Rlikek: folds 
Måmpa: calls 90
Mahu2021: calls 60
*** FLOP *** [3c Qd Jh]
Måmpa: checks 
Mahu2021: checks 
gastao riffel: checks 
*** TURN *** [3c Qd Jh] [2h]
Måmpa: bets 284
Mahu2021: folds 
gastao riffel: calls 284
*** RIVER *** [3c Qd Jh 2h] [Kh]
Måmpa: bets 570
gastao riffel: raises 1279 to 1849
Måmpa: folds 
Uncalled bet (1279) returned to gastao riffel
gastao riffel collected 2132 from pot
gastao riffel: doesn't show hand 
*** SUMMARY ***
Total pot 2132 | Rake 0 
Board [3c Qd Jh 2h Kh]
Seat 1: Mahu2021 (big blind) folded on the Turn
Seat 2: HansMSM folded before Flop (didn't bet)
Seat 3: n1kR folded before Flop (didn't bet)
Seat 4: DkISve folded before Flop (didn't bet)
Seat 5: pmilare folded before Flop (didn't bet)
Seat 6: gastao riffel collected (2132)
Seat 7: Rlikek (button) folded before Flop (didn't bet)
Seat 8: Måmpa (small blind) folded on the River



PokerStars Hand #243958781270: Tournament #3593289165, $9.80+$1.20 USD Hold'em No Limit - Level II (30/60) - 2023/05/28 20:16:26 CET [2023/05/28 14:16:26 ET]
Table '3593289165 318' 8-max Seat #8 is the button
Seat 1: Mahu2021 (9406 in chips) 
Seat 2: HansMSM (11502 in chips) 
Seat 3: n1kR (8364 in chips) 
Seat 5: pmilare (9623 in chips) 
Seat 6: gastao riffel (11150 in chips) 
Seat 7: Rlikek (9663 in chips) 
Seat 8: Måmpa (8641 in chips) 
Mahu2021: posts the ante 8
HansMSM: posts the ante 8
n1kR: posts the ante 8
pmilare: posts the ante 8
gastao riffel: posts the ante 8
Rlikek: posts the ante 8
Måmpa: posts the ante 8
Mahu2021: posts small blind 30
HansMSM: posts big blind 60
*** HOLE CARDS ***
Dealt to Mahu2021 [Td 5h]
n1kR: folds 
pmilare: folds 
gastao riffel: folds 
DERSO ZL is disconnected 
Rlikek: folds 
Måmpa: folds 
Mahu2021: folds 
Uncalled bet (30) returned to HansMSM
HansMSM collected 116 from pot
*** SUMMARY ***
Total pot 116 | Rake 0 
Seat 1: Mahu2021 (small blind) folded before Flop
Seat 2: HansMSM (big blind) collected (116)
Seat 3: n1kR folded before Flop (didn't bet)
Seat 5: pmilare folded before Flop (didn't bet)
Seat 6: gastao riffel folded before Flop (didn't bet)
Seat 7: Rlikek folded before Flop (didn't bet)
Seat 8: Måmpa (button) folded before Flop (didn't bet)



PokerStars Hand #243958791809: Tournament #3593289165, $9.80+$1.20 USD Hold'em No Limit - Level II (30/60) - 2023/05/28 20:16:50 CET [2023/05/28 14:16:50 ET]
Table '3593289165 318' 8-max Seat #1 is the button
Seat 1: Mahu2021 (9368 in chips) 
Seat 2: HansMSM (11580 in chips) 
Seat 3: n1kR (8356 in chips) 
Seat 4: DERSO ZL (10000 in chips) 
Seat 5: pmilare (9615 in chips) 
Seat 6: gastao riffel (11142 in chips) 
Seat 7: Rlikek (9655 in chips) 
Seat 8: Måmpa (8633 in chips) 
Mahu2021: posts the ante 8
HansMSM: posts the ante 8
n1kR: posts the ante 8
DERSO ZL: posts the ante 8
pmilare: posts the ante 8
gastao riffel: posts the ante 8
Rlikek: posts the ante 8
Måmpa: posts the ante 8
HansMSM: posts small blind 30
n1kR: posts big blind 60
*** HOLE CARDS ***
Dealt to Mahu2021 [4c 5c]
DERSO ZL: raises 120 to 180
pmilare: calls 180
gastao riffel: folds 
Rlikek: folds 
Måmpa: calls 180
Mahu2021: calls 180
HansMSM: folds 
n1kR: raises 720 to 900
DERSO ZL: raises 1440 to 2340
pmilare: folds 
Måmpa: folds 
Mahu2021: folds 
n1kR: calls 1440
*** FLOP *** [3d 9c Kc]
n1kR: bets 6008 and is all-in
DERSO ZL: calls 6008
*** TURN *** [3d 9c Kc] [7s]
*** RIVER *** [3d 9c Kc 7s] [Qc]
*** SHOW DOWN ***
n1kR: shows [Ac Ks] (a pair of Kings)
DERSO ZL: shows [Qs Qd] (three of a kind, Queens)
DERSO ZL collected 17330 from pot
n1kR finished the tournament
*** SUMMARY ***
Total pot 17330 | Rake 0 
Board [3d 9c Kc 7s Qc]
Seat 1: Mahu2021 (button) folded before Flop
Seat 2: HansMSM (small blind) folded before Flop
Seat 3: n1kR (big blind) showed [Ac Ks] and lost with a pair of Kings
Seat 4: DERSO ZL showed [Qs Qd] and won (17330) with three of a kind, Queens
Seat 5: pmilare folded before Flop
Seat 6: gastao riffel folded before Flop (didn't bet)
Seat 7: Rlikek folded before Flop (didn't bet)
Seat 8: Måmpa folded before Flop



PokerStars Hand #243958831938: Tournament #3593289165, $9.80+$1.20 USD Hold'em No Limit - Level II (30/60) - 2023/05/28 20:18:24 CET [2023/05/28 14:18:24 ET]
Table '3593289165 318' 8-max Seat #2 is the button
Seat 1: Mahu2021 (9180 in chips) 
Seat 2: HansMSM (11542 in chips) 
Seat 4: DERSO ZL (18974 in chips) 
Seat 5: pmilare (9427 in chips) 
Seat 6: gastao riffel (11134 in chips) 
Seat 7: Rlikek (9647 in chips) 
Seat 8: Måmpa (8445 in chips) 
Mahu2021: posts the ante 8
HansMSM: posts the ante 8
DERSO ZL: posts the ante 8
pmilare: posts the ante 8
gastao riffel: posts the ante 8
Rlikek: posts the ante 8
Måmpa: posts the ante 8
DERSO ZL: posts small blind 30
pmilare: posts big blind 60
*** HOLE CARDS ***
Dealt to Mahu2021 [Qd 3d]
gastao riffel: folds 
Rlikek: folds 
Måmpa: folds 
Mahu2021: folds 
HansMSM: raises 69 to 129
DERSO ZL: calls 99
pmilare: folds 
*** FLOP *** [2d 2s 8h]
DERSO ZL: checks 
HansMSM: bets 150
DERSO ZL: calls 150
*** TURN *** [2d 2s 8h] [6s]
DERSO ZL: checks 
HansMSM: checks 
*** RIVER *** [2d 2s 8h 6s] [Qc]
DERSO ZL: bets 270
HansMSM: folds 
Uncalled bet (270) returned to DERSO ZL
DERSO ZL collected 674 from pot
DERSO ZL: doesn't show hand 
*** SUMMARY ***
Total pot 674 | Rake 0 
Board [2d 2s 8h 6s Qc]
Seat 1: Mahu2021 folded before Flop (didn't bet)
Seat 2: HansMSM (button) folded on the River
Seat 4: DERSO ZL (small blind) collected (674)
Seat 5: pmilare (big blind) folded before Flop
Seat 6: gastao riffel folded before Flop (didn't bet)
Seat 7: Rlikek folded before Flop (didn't bet)
Seat 8: Måmpa folded before Flop (didn't bet)



PokerStars Hand #243958860502: Tournament #3593289165, $9.80+$1.20 USD Hold'em No Limit - Level II (30/60) - 2023/05/28 20:19:32 CET [2023/05/28 14:19:32 ET]
Table '3593289165 318' 8-max Seat #4 is the button
Seat 1: Mahu2021 (9172 in chips) 
Seat 2: HansMSM (11255 in chips) 
Seat 3: priihbueno (10000 in chips) 
Seat 4: DERSO ZL (19361 in chips) 
Seat 5: pmilare (9359 in chips) 
Seat 6: gastao riffel (11126 in chips) 
Seat 7: Rlikek (9639 in chips) 
Seat 8: Måmpa (8437 in chips) 
Mahu2021: posts the ante 8
HansMSM: posts the ante 8
priihbueno: posts the ante 8
DERSO ZL: posts the ante 8
pmilare: posts the ante 8
gastao riffel: posts the ante 8
Rlikek: posts the ante 8
Måmpa: posts the ante 8
pmilare: posts small blind 30
gastao riffel: posts big blind 60
*** HOLE CARDS ***
Dealt to Mahu2021 [7s 6h]
Rlikek: folds 
Måmpa: folds 
Mahu2021: folds 
HansMSM: folds 
priihbueno: folds 
DERSO ZL: raises 60 to 120
pmilare: folds 
gastao riffel: folds 
Uncalled bet (60) returned to DERSO ZL
DERSO ZL collected 214 from pot
DERSO ZL: doesn't show hand 
*** SUMMARY ***
Total pot 214 | Rake 0 
Seat 1: Mahu2021 folded before Flop (didn't bet)
Seat 2: HansMSM folded before Flop (didn't bet)
Seat 3: priihbueno folded before Flop (didn't bet)
Seat 4: DERSO ZL (button) collected (214)
Seat 5: pmilare (small blind) folded before Flop
Seat 6: gastao riffel (big blind) folded before Flop
Seat 7: Rlikek folded before Flop (didn't bet)
Seat 8: Måmpa folded before Flop (didn't bet)



PokerStars Hand #243958868931: Tournament #3593289165, $9.80+$1.20 USD Hold'em No Limit - Level II (30/60) - 2023/05/28 20:19:51 CET [2023/05/28 14:19:51 ET]
Table '3593289165 318' 8-max Seat #5 is the button
Seat 1: Mahu2021 (9164 in chips) 
Seat 2: HansMSM (11247 in chips) 
Seat 3: priihbueno (9992 in chips) 
Seat 4: DERSO ZL (19507 in chips) 
Seat 5: pmilare (9321 in chips) 
Seat 6: gastao riffel (11058 in chips) 
Seat 7: Rlikek (9631 in chips) 
Seat 8: Måmpa (8429 in chips) 
Mahu2021: posts the ante 8
HansMSM: posts the ante 8
priihbueno: posts the ante 8
DERSO ZL: posts the ante 8
pmilare: posts the ante 8
gastao riffel: posts the ante 8
Rlikek: posts the ante 8
Måmpa: posts the ante 8
gastao riffel: posts small blind 30
Rlikek: posts big blind 60
*** HOLE CARDS ***
Dealt to Mahu2021 [5s 7d]
Måmpa: folds 
Mahu2021: folds 
HansMSM: raises 75 to 135
priihbueno: folds 
DERSO ZL: folds 
pmilare: folds 
gastao riffel: folds 
Rlikek: folds 
Uncalled bet (75) returned to HansMSM
HansMSM collected 214 from pot
*** SUMMARY ***
Total pot 214 | Rake 0 
Seat 1: Mahu2021 folded before Flop (didn't bet)
Seat 2: HansMSM collected (214)
Seat 3: priihbueno folded before Flop (didn't bet)
Seat 4: DERSO ZL folded before Flop (didn't bet)
Seat 5: pmilare (button) folded before Flop (didn't bet)
Seat 6: gastao riffel (small blind) folded before Flop
Seat 7: Rlikek (big blind) folded before Flop
Seat 8: Måmpa folded before Flop (didn't bet)



PokerStars Hand #243958877749: Tournament #3593289165, $9.80+$1.20 USD Hold'em No Limit - Level II (30/60) - 2023/05/28 20:20:12 CET [2023/05/28 14:20:12 ET]
Table '3593289165 318' 8-max Seat #6 is the button
Seat 1: Mahu2021 (9156 in chips) 
Seat 2: HansMSM (11393 in chips) 
Seat 3: priihbueno (9984 in chips) 
Seat 4: DERSO ZL (19499 in chips) 
Seat 5: pmilare (9313 in chips) 
Seat 6: gastao riffel (11020 in chips) 
Seat 7: Rlikek (9563 in chips) 
Seat 8: Måmpa (8421 in chips) 
Mahu2021: posts the ante 8
HansMSM: posts the ante 8
priihbueno: posts the ante 8
DERSO ZL: posts the ante 8
pmilare: posts the ante 8
gastao riffel: posts the ante 8
Rlikek: posts the ante 8
Måmpa: posts the ante 8
Rlikek: posts small blind 30
Måmpa: posts big blind 60
*** HOLE CARDS ***
Dealt to Mahu2021 [Qd 7c]
Mahu2021: folds 
HansMSM: raises 75 to 135
priihbueno: folds 
DERSO ZL: folds 
pmilare: folds 
gastao riffel: folds 
Rlikek: folds 
Måmpa: calls 75
*** FLOP *** [Th 8d 5s]
Måmpa: checks 
HansMSM: bets 146
Måmpa: calls 146
*** TURN *** [Th 8d 5s] [Kh]
Måmpa: checks 
HansMSM: checks 
*** RIVER *** [Th 8d 5s Kh] [3c]
Måmpa: bets 440
HansMSM: folds 
Uncalled bet (440) returned to Måmpa
Måmpa collected 656 from pot
Måmpa: doesn't show hand 
*** SUMMARY ***
Total pot 656 | Rake 0 
Board [Th 8d 5s Kh 3c]
Seat 1: Mahu2021 folded before Flop (didn't bet)
Seat 2: HansMSM folded on the River
Seat 3: priihbueno folded before Flop (didn't bet)
Seat 4: DERSO ZL folded before Flop (didn't bet)
Seat 5: pmilare folded before Flop (didn't bet)
Seat 6: gastao riffel (button) folded before Flop (didn't bet)
Seat 7: Rlikek (small blind) folded before Flop
Seat 8: Måmpa (big blind) collected (656)



PokerStars Hand #243958924614: Tournament #3593289165, $9.80+$1.20 USD Hold'em No Limit - Level II (30/60) - 2023/05/28 20:22:02 CET [2023/05/28 14:22:02 ET]
Table '3593289165 318' 8-max Seat #7 is the button
Seat 1: Mahu2021 (9148 in chips) 
Seat 2: HansMSM (11104 in chips) 
Seat 3: priihbueno (9976 in chips) 
Seat 4: DERSO ZL (19491 in chips) 
Seat 5: pmilare (9305 in chips) 
Seat 6: gastao riffel (11012 in chips) 
Seat 7: Rlikek (9525 in chips) 
Seat 8: Måmpa (8788 in chips) 
Mahu2021: posts the ante 8
HansMSM: posts the ante 8
priihbueno: posts the ante 8
DERSO ZL: posts the ante 8
pmilare: posts the ante 8
gastao riffel: posts the ante 8
Rlikek: posts the ante 8
Måmpa: posts the ante 8
Måmpa: posts small blind 30
Mahu2021: posts big blind 60
*** HOLE CARDS ***
Dealt to Mahu2021 [Qd 5d]
HansMSM: folds 
priihbueno: folds 
DERSO ZL: folds 
pmilare: folds 
gastao riffel: folds 
Rlikek: folds 
Måmpa: calls 30
Mahu2021: checks 
*** FLOP *** [8h 5h Qc]
Måmpa: bets 123
Mahu2021: raises 237 to 360
Måmpa: calls 237
*** TURN *** [8h 5h Qc] [7c]
Måmpa: checks 
Mahu2021: bets 904
Måmpa: calls 904
*** RIVER *** [8h 5h Qc 7c] [7d]
Måmpa: checks 
Mahu2021: checks 
*** SHOW DOWN ***
Måmpa: shows [9h 6h] (a straight, Five to Nine)
Mahu2021: mucks hand 
Måmpa collected 2712 from pot
*** SUMMARY ***
Total pot 2712 | Rake 0 
Board [8h 5h Qc 7c 7d]
Seat 1: Mahu2021 (big blind) mucked [Qd 5d]
Seat 2: HansMSM folded before Flop (didn't bet)
Seat 3: priihbueno folded before Flop (didn't bet)
Seat 4: DERSO ZL folded before Flop (didn't bet)
Seat 5: pmilare folded before Flop (didn't bet)
Seat 6: gastao riffel folded before Flop (didn't bet)
Seat 7: Rlikek (button) folded before Flop (didn't bet)
Seat 8: Måmpa (small blind) showed [9h 6h] and won (2712) with a straight, Five to Nine



PokerStars Hand #243958956394: Tournament #3593289165, $9.80+$1.20 USD Hold'em No Limit - Level III (40/80) - 2023/05/28 20:23:16 CET [2023/05/28 14:23:16 ET]
Table '3593289165 318' 8-max Seat #8 is the button
Seat 1: Mahu2021 (7816 in chips) 
Seat 2: HansMSM (11096 in chips) 
Seat 3: priihbueno (9968 in chips) 
Seat 4: DERSO ZL (19483 in chips) 
Seat 5: pmilare (9297 in chips) 
Seat 6: gastao riffel (11004 in chips) 
Seat 7: Rlikek (9517 in chips) 
Seat 8: Måmpa (10168 in chips) 
Mahu2021: posts the ante 10
HansMSM: posts the ante 10
priihbueno: posts the ante 10
DERSO ZL: posts the ante 10
pmilare: posts the ante 10
gastao riffel: posts the ante 10
Rlikek: posts the ante 10
Måmpa: posts the ante 10
Mahu2021: posts small blind 40
HansMSM: posts big blind 80
*** HOLE CARDS ***
Dealt to Mahu2021 [Td 2h]
priihbueno: folds 
DERSO ZL: folds 
pmilare: raises 96 to 176
gastao riffel: folds 
Rlikek: folds 
Måmpa: folds 
Mahu2021: folds 
HansMSM: folds 
Uncalled bet (96) returned to pmilare
pmilare collected 280 from pot
pmilare: doesn't show hand 
*** SUMMARY ***
Total pot 280 | Rake 0 
Seat 1: Mahu2021 (small blind) folded before Flop
Seat 2: HansMSM (big blind) folded before Flop
Seat 3: priihbueno folded before Flop (didn't bet)
Seat 4: DERSO ZL folded before Flop (didn't bet)
Seat 5: pmilare collected (280)
Seat 6: gastao riffel folded before Flop (didn't bet)
Seat 7: Rlikek folded before Flop (didn't bet)
Seat 8: Måmpa (button) folded before Flop (didn't bet)



PokerStars Hand #243958966206: Tournament #3593289165, $9.80+$1.20 USD Hold'em No Limit - Level III (40/80) - 2023/05/28 20:23:39 CET [2023/05/28 14:23:39 ET]
Table '3593289165 318' 8-max Seat #1 is the button
Seat 1: Mahu2021 (7766 in chips) 
Seat 2: HansMSM (11006 in chips) 
Seat 3: priihbueno (9958 in chips) 
Seat 4: DERSO ZL (19473 in chips) 
Seat 5: pmilare (9487 in chips) 
Seat 6: gastao riffel (10994 in chips) 
Seat 7: Rlikek (9507 in chips) 
Seat 8: Måmpa (10158 in chips) 
Mahu2021: posts the ante 10
HansMSM: posts the ante 10
priihbueno: posts the ante 10
DERSO ZL: posts the ante 10
pmilare: posts the ante 10
gastao riffel: posts the ante 10
Rlikek: posts the ante 10
Måmpa: posts the ante 10
HansMSM: posts small blind 40
priihbueno: posts big blind 80
*** HOLE CARDS ***
Dealt to Mahu2021 [7d 9d]
DERSO ZL: raises 80 to 160
pmilare: folds 
gastao riffel: folds 
Rlikek: folds 
Måmpa: folds 
Mahu2021: calls 160
HansMSM: folds 
priihbueno: calls 80
*** FLOP *** [3s Ad Tc]
priihbueno: checks 
DERSO ZL: bets 180
Mahu2021: folds 
priihbueno: folds 
Uncalled bet (180) returned to DERSO ZL
DERSO ZL collected 600 from pot
DERSO ZL: doesn't show hand 
*** SUMMARY ***
Total pot 600 | Rake 0 
Board [3s Ad Tc]
Seat 1: Mahu2021 (button) folded on the Flop
Seat 2: HansMSM (small blind) folded before Flop
Seat 3: priihbueno (big blind) folded on the Flop
Seat 4: DERSO ZL collected (600)
Seat 5: pmilare folded before Flop (didn't bet)
Seat 6: gastao riffel folded before Flop (didn't bet)
Seat 7: Rlikek folded before Flop (didn't bet)
Seat 8: Måmpa folded before Flop (didn't bet)



PokerStars Hand #243959002301: Tournament #3593289165, $9.80+$1.20 USD Hold'em No Limit - Level III (40/80) - 2023/05/28 20:25:03 CET [2023/05/28 14:25:03 ET]
Table '3593289165 318' 8-max Seat #2 is the button
Seat 1: Mahu2021 (7596 in chips) 
Seat 2: HansMSM (10956 in chips) 
Seat 3: priihbueno (9788 in chips) 
Seat 5: pmilare (9477 in chips) 
Seat 6: gastao riffel (10984 in chips) 
Seat 7: Rlikek (9497 in chips) 
Seat 8: Måmpa (10148 in chips) 
Mahu2021: posts the ante 10
HansMSM: posts the ante 10
priihbueno: posts the ante 10
pmilare: posts the ante 10
gastao riffel: posts the ante 10
Rlikek: posts the ante 10
Måmpa: posts the ante 10
priihbueno: posts small blind 40
pmilare: posts big blind 80
*** HOLE CARDS ***
Dealt to Mahu2021 [5h Ks]
TheTurzerØ is disconnected 
gastao riffel: folds 
Rlikek: folds 
Måmpa: folds 
Mahu2021: folds 
HansMSM: folds 
priihbueno: raises 160 to 240
pmilare: calls 160
*** FLOP *** [Ts As 8h]
priihbueno: bets 275
pmilare: folds 
Uncalled bet (275) returned to priihbueno
priihbueno collected 550 from pot
priihbueno: doesn't show hand 
*** SUMMARY ***
Total pot 550 | Rake 0 
Board [Ts As 8h]
Seat 1: Mahu2021 folded before Flop (didn't bet)
Seat 2: HansMSM (button) folded before Flop (didn't bet)
Seat 3: priihbueno (small blind) collected (550)
Seat 5: pmilare (big blind) folded on the Flop
Seat 6: gastao riffel folded before Flop (didn't bet)
Seat 7: Rlikek folded before Flop (didn't bet)
Seat 8: Måmpa folded before Flop (didn't bet)



PokerStars Hand #243959030186: Tournament #3593289165, $9.80+$1.20 USD Hold'em No Limit - Level III (40/80) - 2023/05/28 20:26:08 CET [2023/05/28 14:26:08 ET]
Table '3593289165 318' 8-max Seat #3 is the button
Seat 1: Mahu2021 (7586 in chips) 
Seat 2: HansMSM (10946 in chips) 
Seat 3: priihbueno (10088 in chips) 
Seat 4: TheTurzerØ (10000 in chips) out of hand (moved from another table into small blind)
Seat 5: pmilare (9227 in chips) 
Seat 6: gastao riffel (10974 in chips) 
Seat 7: Rlikek (9487 in chips) 
Seat 8: Måmpa (10138 in chips) 
TheTurzerØ will be allowed to play after the button
Mahu2021: posts the ante 10
HansMSM: posts the ante 10
priihbueno: posts the ante 10
pmilare: posts the ante 10
gastao riffel: posts the ante 10
Rlikek: posts the ante 10
Måmpa: posts the ante 10
pmilare: posts small blind 40
gastao riffel: posts big blind 80
*** HOLE CARDS ***
Dealt to Mahu2021 [4h 2s]
Rlikek: folds 
Måmpa: folds 
Mahu2021: folds 
HansMSM: folds 
priihbueno: raises 80 to 160
pmilare: folds 
gastao riffel: calls 80
*** FLOP *** [Jc Ad 8s]
gastao riffel: checks 
priihbueno: bets 240
gastao riffel: folds 
Uncalled bet (240) returned to priihbueno
priihbueno collected 430 from pot
priihbueno: doesn't show hand 
*** SUMMARY ***
Total pot 430 | Rake 0 
Board [Jc Ad 8s]
Seat 1: Mahu2021 folded before Flop (didn't bet)
Seat 2: HansMSM folded before Flop (didn't bet)
Seat 3: priihbueno (button) collected (430)
Seat 5: pmilare (small blind) folded before Flop
Seat 6: gastao riffel (big blind) folded on the Flop
Seat 7: Rlikek folded before Flop (didn't bet)
Seat 8: Måmpa folded before Flop (didn't bet)



PokerStars Hand #243959048111: Tournament #3593289165, $9.80+$1.20 USD Hold'em No Limit - Level III (40/80) - 2023/05/28 20:26:50 CET [2023/05/28 14:26:50 ET]
Table '3593289165 318' 8-max Seat #5 is the button
Seat 1: Mahu2021 (7576 in chips) 
Seat 2: HansMSM (10936 in chips) 
Seat 3: priihbueno (10348 in chips) 
Seat 4: TheTurzerØ (10000 in chips) 
Seat 5: pmilare (9177 in chips) 
Seat 6: gastao riffel (10804 in chips) 
Seat 7: Rlikek (9477 in chips) 
Seat 8: Måmpa (10128 in chips) 
Mahu2021: posts the ante 10
HansMSM: posts the ante 10
priihbueno: posts the ante 10
TheTurzerØ: posts the ante 10
pmilare: posts the ante 10
gastao riffel: posts the ante 10
Rlikek: posts the ante 10
Måmpa: posts the ante 10
gastao riffel: posts small blind 40
Rlikek: posts big blind 80
*** HOLE CARDS ***
Dealt to Mahu2021 [7c 2h]
Måmpa: folds 
Mahu2021: folds 
HansMSM: folds 
priihbueno: folds 
TheTurzerØ: folds 
pmilare: raises 96 to 176
gastao riffel: raises 464 to 640
Rlikek: folds 
pmilare: calls 464
*** FLOP *** [Kd 7h 9s]
gastao riffel: bets 880
pmilare: calls 880
*** TURN *** [Kd 7h 9s] [2c]
gastao riffel: bets 2720
pmilare: folds 
Uncalled bet (2720) returned to gastao riffel
gastao riffel collected 3200 from pot
gastao riffel: doesn't show hand 
*** SUMMARY ***
Total pot 3200 | Rake 0 
Board [Kd 7h 9s 2c]
Seat 1: Mahu2021 folded before Flop (didn't bet)
Seat 2: HansMSM folded before Flop (didn't bet)
Seat 3: priihbueno folded before Flop (didn't bet)
Seat 4: TheTurzerØ folded before Flop (didn't bet)
Seat 5: pmilare (button) folded on the Turn
Seat 6: gastao riffel (small blind) collected (3200)
Seat 7: Rlikek (big blind) folded before Flop
Seat 8: Måmpa folded before Flop (didn't bet)



PokerStars Hand #243959070794: Tournament #3593289165, $9.80+$1.20 USD Hold'em No Limit - Level III (40/80) - 2023/05/28 20:27:42 CET [2023/05/28 14:27:42 ET]
Table '3593289165 318' 8-max Seat #6 is the button
Seat 1: Mahu2021 (7566 in chips) 
Seat 2: HansMSM (10926 in chips) 
Seat 3: priihbueno (10338 in chips) 
Seat 4: TheTurzerØ (9990 in chips) 
Seat 5: pmilare (7647 in chips) 
Seat 6: gastao riffel (12474 in chips) 
Seat 7: Rlikek (9387 in chips) 
Seat 8: Måmpa (10118 in chips) 
Mahu2021: posts the ante 10
HansMSM: posts the ante 10
priihbueno: posts the ante 10
TheTurzerØ: posts the ante 10
pmilare: posts the ante 10
gastao riffel: posts the ante 10
Rlikek: posts the ante 10
Måmpa: posts the ante 10
Rlikek: posts small blind 40
Måmpa: posts big blind 80
*** HOLE CARDS ***
Dealt to Mahu2021 [3c Ah]
Mahu2021: folds 
HansMSM: folds 
priihbueno: raises 80 to 160
TheTurzerØ: folds 
pmilare: folds 
gastao riffel: folds 
Rlikek: folds 
Måmpa: raises 560 to 720
priihbueno: folds 
Uncalled bet (560) returned to Måmpa
Måmpa collected 440 from pot
Måmpa: doesn't show hand 
*** SUMMARY ***
Total pot 440 | Rake 0 
Seat 1: Mahu2021 folded before Flop (didn't bet)
Seat 2: HansMSM folded before Flop (didn't bet)
Seat 3: priihbueno folded before Flop
Seat 4: TheTurzerØ folded before Flop (didn't bet)
Seat 5: pmilare folded before Flop (didn't bet)
Seat 6: gastao riffel (button) folded before Flop (didn't bet)
Seat 7: Rlikek (small blind) folded before Flop
Seat 8: Måmpa (big blind) collected (440)



PokerStars Hand #243959086758: Tournament #3593289165, $9.80+$1.20 USD Hold'em No Limit - Level III (40/80) - 2023/05/28 20:28:20 CET [2023/05/28 14:28:20 ET]
Table '3593289165 318' 8-max Seat #7 is the button
Seat 1: Mahu2021 (7556 in chips) 
Seat 2: HansMSM (10916 in chips) 
Seat 3: priihbueno (10168 in chips) 
Seat 4: TheTurzerØ (9980 in chips) 
Seat 5: pmilare (7637 in chips) 
Seat 6: gastao riffel (12464 in chips) 
Seat 7: Rlikek (9337 in chips) 
Seat 8: Måmpa (10388 in chips) 
Mahu2021: posts the ante 10
HansMSM: posts the ante 10
priihbueno: posts the ante 10
TheTurzerØ: posts the ante 10
pmilare: posts the ante 10
gastao riffel: posts the ante 10
Rlikek: posts the ante 10
Måmpa: posts the ante 10
Måmpa: posts small blind 40
Mahu2021: posts big blind 80
*** HOLE CARDS ***
Dealt to Mahu2021 [2d 3c]
HansMSM: folds 
priihbueno: folds 
TheTurzerØ: folds 
pmilare: raises 96 to 176
gastao riffel: folds 
Rlikek: folds 
Måmpa: folds 
Mahu2021: folds 
Uncalled bet (96) returned to pmilare
pmilare collected 280 from pot
pmilare: doesn't show hand 
*** SUMMARY ***
Total pot 280 | Rake 0 
Seat 1: Mahu2021 (big blind) folded before Flop
Seat 2: HansMSM folded before Flop (didn't bet)
Seat 3: priihbueno folded before Flop (didn't bet)
Seat 4: TheTurzerØ folded before Flop (didn't bet)
Seat 5: pmilare collected (280)
Seat 6: gastao riffel folded before Flop (didn't bet)
Seat 7: Rlikek (button) folded before Flop (didn't bet)
Seat 8: Måmpa (small blind) folded before Flop



PokerStars Hand #243959103214: Tournament #3593289165, $9.80+$1.20 USD Hold'em No Limit - Level III (40/80) - 2023/05/28 20:28:59 CET [2023/05/28 14:28:59 ET]
Table '3593289165 318' 8-max Seat #8 is the button
Seat 1: Mahu2021 (7466 in chips) 
Seat 2: HansMSM (10906 in chips) 
Seat 3: priihbueno (10158 in chips) 
Seat 4: TheTurzerØ (9970 in chips) 
Seat 5: pmilare (7827 in chips) 
Seat 6: gastao riffel (12454 in chips) 
Seat 7: Rlikek (9327 in chips) 
Seat 8: Måmpa (10338 in chips) 
Mahu2021: posts the ante 10
HansMSM: posts the ante 10
priihbueno: posts the ante 10
TheTurzerØ: posts the ante 10
pmilare: posts the ante 10
gastao riffel: posts the ante 10
Rlikek: posts the ante 10
Måmpa: posts the ante 10
Mahu2021: posts small blind 40
HansMSM: posts big blind 80
*** HOLE CARDS ***
Dealt to Mahu2021 [5d 7s]
priihbueno: raises 80 to 160
TheTurzerØ: folds 
pmilare: folds 
gastao riffel: folds 
Rlikek: folds 
Måmpa: folds 
Mahu2021: folds 
HansMSM: calls 80
*** FLOP *** [8c 8s 3h]
HansMSM: checks 
priihbueno: checks 
*** TURN *** [8c 8s 3h] [Kh]
HansMSM: checks 
priihbueno: bets 220
HansMSM: calls 220
*** RIVER *** [8c 8s 3h Kh] [3s]
HansMSM: checks 
priihbueno: checks 
*** SHOW DOWN ***
HansMSM: shows [6h 6c] (two pair, Eights and Sixes)
priihbueno: shows [Ah Kc] (two pair, Kings and Eights)
priihbueno collected 880 from pot
*** SUMMARY ***
Total pot 880 | Rake 0 
Board [8c 8s 3h Kh 3s]
Seat 1: Mahu2021 (small blind) folded before Flop
Seat 2: HansMSM (big blind) showed [6h 6c] and lost with two pair, Eights and Sixes
Seat 3: priihbueno showed [Ah Kc] and won (880) with two pair, Kings and Eights
Seat 4: TheTurzerØ folded before Flop (didn't bet)
Seat 5: pmilare folded before Flop (didn't bet)
Seat 6: gastao riffel folded before Flop (didn't bet)
Seat 7: Rlikek folded before Flop (didn't bet)
Seat 8: Måmpa (button) folded before Flop (didn't bet)



PokerStars Hand #243959143572: Tournament #3593289165, $9.80+$1.20 USD Hold'em No Limit - Level III (40/80) - 2023/05/28 20:30:33 CET [2023/05/28 14:30:33 ET]
Table '3593289165 318' 8-max Seat #1 is the button
Seat 1: Mahu2021 (7416 in chips) 
Seat 2: HansMSM (10516 in chips) 
Seat 3: priihbueno (10648 in chips) 
Seat 5: pmilare (7817 in chips) 
Seat 6: gastao riffel (12444 in chips) 
Seat 7: Rlikek (9317 in chips) 
Seat 8: Måmpa (10328 in chips) 
Mahu2021: posts the ante 10
HansMSM: posts the ante 10
priihbueno: posts the ante 10
pmilare: posts the ante 10
gastao riffel: posts the ante 10
Rlikek: posts the ante 10
Måmpa: posts the ante 10
HansMSM: posts small blind 40
priihbueno: posts big blind 80
*** HOLE CARDS ***
Dealt to Mahu2021 [5h 7h]
pmilare: folds 
gastao riffel: raises 80 to 160
Rlikek: folds 
Måmpa: folds 
Mahu2021: calls 160
HansMSM: folds 
priihbueno: folds 
*** FLOP *** [Td 6h 5d]
gastao riffel: bets 160
Mahu2021: calls 160
*** TURN *** [Td 6h 5d] [Qh]
gastao riffel: checks 
Mahu2021: checks 
*** RIVER *** [Td 6h 5d Qh] [Qd]
gastao riffel: bets 320
Mahu2021: calls 320
*** SHOW DOWN ***
gastao riffel: shows [Tc Kd] (two pair, Queens and Tens)
Mahu2021: mucks hand 
gastao riffel collected 1470 from pot
*** SUMMARY ***
Total pot 1470 | Rake 0 
Board [Td 6h 5d Qh Qd]
Seat 1: Mahu2021 (button) mucked [5h 7h]
Seat 2: HansMSM (small blind) folded before Flop
Seat 3: priihbueno (big blind) folded before Flop
Seat 5: pmilare folded before Flop (didn't bet)
Seat 6: gastao riffel showed [Tc Kd] and won (1470) with two pair, Queens and Tens
Seat 7: Rlikek folded before Flop (didn't bet)
Seat 8: Måmpa folded before Flop (didn't bet)



PokerStars Hand #243959161217: Tournament #3593289165, $9.80+$1.20 USD Hold'em No Limit - Level III (40/80) - 2023/05/28 20:31:14 CET [2023/05/28 14:31:14 ET]
Table '3593289165 318' 8-max Seat #2 is the button
Seat 1: Mahu2021 (6766 in chips) 
Seat 2: HansMSM (10466 in chips) 
Seat 3: priihbueno (10558 in chips) 
Seat 4: bubo1111 (10000 in chips) 
Seat 5: pmilare (7807 in chips) 
Seat 6: gastao riffel (13264 in chips) 
Seat 7: Rlikek (9307 in chips) 
Seat 8: Måmpa (10318 in chips) 
Mahu2021: posts the ante 10
HansMSM: posts the ante 10
priihbueno: posts the ante 10
bubo1111: posts the ante 10
pmilare: posts the ante 10
gastao riffel: posts the ante 10
Rlikek: posts the ante 10
Måmpa: posts the ante 10
priihbueno: posts small blind 40
bubo1111: posts big blind 80
*** HOLE CARDS ***
Dealt to Mahu2021 [Ts 9c]
pmilare: folds 
gastao riffel: folds 
Rlikek: folds 
Måmpa: folds 
Mahu2021: folds 
HansMSM: folds 
priihbueno: raises 160 to 240
bubo1111: calls 160
*** FLOP *** [7s 9h 4h]
priihbueno: checks 
bubo1111: checks 
*** TURN *** [7s 9h 4h] [2c]
priihbueno: bets 240
bubo1111: calls 240
*** RIVER *** [7s 9h 4h 2c] [Jc]
priihbueno: checks 
bubo1111: bets 320
priihbueno: folds 
Uncalled bet (320) returned to bubo1111
bubo1111 collected 1040 from pot
bubo1111: doesn't show hand 
*** SUMMARY ***
Total pot 1040 | Rake 0 
Board [7s 9h 4h 2c Jc]
Seat 1: Mahu2021 folded before Flop (didn't bet)
Seat 2: HansMSM (button) folded before Flop (didn't bet)
Seat 3: priihbueno (small blind) folded on the River
Seat 4: bubo1111 (big blind) collected (1040)
Seat 5: pmilare folded before Flop (didn't bet)
Seat 6: gastao riffel folded before Flop (didn't bet)
Seat 7: Rlikek folded before Flop (didn't bet)
Seat 8: Måmpa folded before Flop (didn't bet)



PokerStars Hand #243959199417: Tournament #3593289165, $9.80+$1.20 USD Hold'em No Limit - Level IV (50/100) - 2023/05/28 20:32:42 CET [2023/05/28 14:32:42 ET]
Table '3593289165 318' 8-max Seat #3 is the button
Seat 1: Mahu2021 (6756 in chips) 
Seat 2: HansMSM (10456 in chips) 
Seat 3: priihbueno (10068 in chips) 
Seat 4: bubo1111 (10550 in chips) 
Seat 5: pmilare (7797 in chips) 
Seat 6: gastao riffel (13254 in chips) 
Seat 7: Rlikek (9297 in chips) 
Seat 8: Måmpa (10308 in chips) 
Mahu2021: posts the ante 12
HansMSM: posts the ante 12
priihbueno: posts the ante 12
bubo1111: posts the ante 12
pmilare: posts the ante 12
gastao riffel: posts the ante 12
Rlikek: posts the ante 12
Måmpa: posts the ante 12
bubo1111: posts small blind 50
pmilare: posts big blind 100
*** HOLE CARDS ***
Dealt to Mahu2021 [Ah Qs]
gastao riffel: folds 
Rlikek: folds 
Måmpa: folds 
Mahu2021: raises 200 to 300
HansMSM: folds 
priihbueno: folds 
bubo1111: raises 200 to 500
pmilare: folds 
Mahu2021: calls 200
*** FLOP *** [9s Qc Td]
bubo1111: checks 
Mahu2021: bets 1196
bubo1111: calls 1196
*** TURN *** [9s Qc Td] [9h]
bubo1111: checks 
Mahu2021: bets 3588
bubo1111: folds 
Uncalled bet (3588) returned to Mahu2021
Mahu2021 collected 3588 from pot
Mahu2021: doesn't show hand 
*** SUMMARY ***
Total pot 3588 | Rake 0 
Board [9s Qc Td 9h]
Seat 1: Mahu2021 collected (3588)
Seat 2: HansMSM folded before Flop (didn't bet)
Seat 3: priihbueno (button) folded before Flop (didn't bet)
Seat 4: bubo1111 (small blind) folded on the Turn
Seat 5: pmilare (big blind) folded before Flop
Seat 6: gastao riffel folded before Flop (didn't bet)
Seat 7: Rlikek folded before Flop (didn't bet)
Seat 8: Måmpa folded before Flop (didn't bet)



PokerStars Hand #243959220850: Tournament #3593289165, $9.80+$1.20 USD Hold'em No Limit - Level IV (50/100) - 2023/05/28 20:33:32 CET [2023/05/28 14:33:32 ET]
Table '3593289165 318' 8-max Seat #4 is the button
Seat 1: Mahu2021 (8636 in chips) 
Seat 2: HansMSM (10444 in chips) 
Seat 3: priihbueno (10056 in chips) 
Seat 4: bubo1111 (8842 in chips) 
Seat 5: pmilare (7685 in chips) 
Seat 6: gastao riffel (13242 in chips) 
Seat 7: Rlikek (9285 in chips) 
Seat 8: Måmpa (10296 in chips) 
Mahu2021: posts the ante 12
HansMSM: posts the ante 12
priihbueno: posts the ante 12
bubo1111: posts the ante 12
pmilare: posts the ante 12
gastao riffel: posts the ante 12
Rlikek: posts the ante 12
Måmpa: posts the ante 12
pmilare: posts small blind 50
gastao riffel: posts big blind 100
*** HOLE CARDS ***
Dealt to Mahu2021 [4s Jh]
Rlikek: raises 100 to 200
Måmpa: folds 
Mahu2021: folds 
HansMSM: calls 200
priihbueno: folds 
bubo1111: folds 
pmilare: folds 
gastao riffel: calls 100
*** FLOP *** [2d Th 9h]
gastao riffel: checks 
Rlikek: checks 
HansMSM: checks 
*** TURN *** [2d Th 9h] [Td]
gastao riffel: bets 348
Rlikek: folds 
HansMSM: folds 
Uncalled bet (348) returned to gastao riffel
gastao riffel collected 746 from pot
gastao riffel: doesn't show hand 
*** SUMMARY ***
Total pot 746 | Rake 0 
Board [2d Th 9h Td]
Seat 1: Mahu2021 folded before Flop (didn't bet)
Seat 2: HansMSM folded on the Turn
Seat 3: priihbueno folded before Flop (didn't bet)
Seat 4: bubo1111 (button) folded before Flop (didn't bet)
Seat 5: pmilare (small blind) folded before Flop
Seat 6: gastao riffel (big blind) collected (746)
Seat 7: Rlikek folded on the Turn
Seat 8: Måmpa folded before Flop (didn't bet)



PokerStars Hand #243959256379: Tournament #3593289165, $9.80+$1.20 USD Hold'em No Limit - Level IV (50/100) - 2023/05/28 20:34:54 CET [2023/05/28 14:34:54 ET]
Table '3593289165 318' 8-max Seat #5 is the button
Seat 1: Mahu2021 (8624 in chips) 
Seat 2: HansMSM (10232 in chips) 
Seat 3: priihbueno (10044 in chips) 
Seat 4: bubo1111 (8830 in chips) 
Seat 5: pmilare (7623 in chips) 
Seat 6: gastao riffel (13776 in chips) 
Seat 7: Rlikek (9073 in chips) 
Seat 8: Måmpa (10284 in chips) 
Mahu2021: posts the ante 12
HansMSM: posts the ante 12
priihbueno: posts the ante 12
bubo1111: posts the ante 12
pmilare: posts the ante 12
gastao riffel: posts the ante 12
Rlikek: posts the ante 12
Måmpa: posts the ante 12
gastao riffel: posts small blind 50
Rlikek: posts big blind 100
*** HOLE CARDS ***
Dealt to Mahu2021 [9h 2s]
Måmpa: folds 
Mahu2021: folds 
HansMSM: folds 
priihbueno: folds 
bubo1111: folds 
pmilare: raises 120 to 220
gastao riffel: folds 
Rlikek: calls 120
*** FLOP *** [Th 2d Ad]
Rlikek: checks 
pmilare: bets 193
Rlikek: calls 193
*** TURN *** [Th 2d Ad] [Jd]
Rlikek: bets 486
pmilare: calls 486
*** RIVER *** [Th 2d Ad Jd] [7d]
Rlikek: checks 
pmilare: checks 
*** SHOW DOWN ***
Rlikek: shows [3d 9d] (a flush, Ace high)
pmilare: mucks hand 
Rlikek collected 1944 from pot
*** SUMMARY ***
Total pot 1944 | Rake 0 
Board [Th 2d Ad Jd 7d]
Seat 1: Mahu2021 folded before Flop (didn't bet)
Seat 2: HansMSM folded before Flop (didn't bet)
Seat 3: priihbueno folded before Flop (didn't bet)
Seat 4: bubo1111 folded before Flop (didn't bet)
Seat 5: pmilare (button) mucked [As Ts]
Seat 6: gastao riffel (small blind) folded before Flop
Seat 7: Rlikek (big blind) showed [3d 9d] and won (1944) with a flush, Ace high
Seat 8: Måmpa folded before Flop (didn't bet)



PokerStars Hand #243959280853: Tournament #3593289165, $9.80+$1.20 USD Hold'em No Limit - Level IV (50/100) - 2023/05/28 20:35:51 CET [2023/05/28 14:35:51 ET]
Table '3593289165 318' 8-max Seat #6 is the button
Seat 1: Mahu2021 (8612 in chips) 
Seat 2: HansMSM (10220 in chips) 
Seat 3: priihbueno (10032 in chips) 
Seat 4: bubo1111 (8818 in chips) 
Seat 5: pmilare (6712 in chips) 
Seat 6: gastao riffel (13714 in chips) 
Seat 7: Rlikek (10106 in chips) 
Seat 8: Måmpa (10272 in chips) 
Mahu2021: posts the ante 12
HansMSM: posts the ante 12
priihbueno: posts the ante 12
bubo1111: posts the ante 12
pmilare: posts the ante 12
gastao riffel: posts the ante 12
Rlikek: posts the ante 12
Måmpa: posts the ante 12
Rlikek: posts small blind 50
Måmpa: posts big blind 100
*** HOLE CARDS ***
Dealt to Mahu2021 [Jd Td]
Mahu2021: raises 100 to 200
HansMSM: folds 
priihbueno: folds 
bubo1111: calls 200
pmilare: folds 
gastao riffel: folds 
Rlikek: folds 
Måmpa: calls 100
*** FLOP *** [6d Qc 4c]
Måmpa: checks 
Mahu2021: checks 
bubo1111: checks 
*** TURN *** [6d Qc 4c] [4d]
Måmpa: checks 
Mahu2021: bets 200
bubo1111: folds 
Måmpa: folds 
Uncalled bet (200) returned to Mahu2021
Mahu2021 collected 746 from pot
Mahu2021: doesn't show hand 
*** SUMMARY ***
Total pot 746 | Rake 0 
Board [6d Qc 4c 4d]
Seat 1: Mahu2021 collected (746)
Seat 2: HansMSM folded before Flop (didn't bet)
Seat 3: priihbueno folded before Flop (didn't bet)
Seat 4: bubo1111 folded on the Turn
Seat 5: pmilare folded before Flop (didn't bet)
Seat 6: gastao riffel (button) folded before Flop (didn't bet)
Seat 7: Rlikek (small blind) folded before Flop
Seat 8: Måmpa (big blind) folded on the Turn



PokerStars Hand #243959314316: Tournament #3593289165, $9.80+$1.20 USD Hold'em No Limit - Level IV (50/100) - 2023/05/28 20:37:08 CET [2023/05/28 14:37:08 ET]
Table '3593289165 318' 8-max Seat #7 is the button
Seat 1: Mahu2021 (9146 in chips) 
Seat 2: HansMSM (10208 in chips) 
Seat 3: priihbueno (10020 in chips) 
Seat 4: bubo1111 (8606 in chips) 
Seat 5: pmilare (6700 in chips) 
Seat 6: gastao riffel (13702 in chips) 
Seat 7: Rlikek (10044 in chips) 
Seat 8: Måmpa (10060 in chips) 
Mahu2021: posts the ante 12
HansMSM: posts the ante 12
priihbueno: posts the ante 12
bubo1111: posts the ante 12
pmilare: posts the ante 12
gastao riffel: posts the ante 12
Rlikek: posts the ante 12
Måmpa: posts the ante 12
Måmpa: posts small blind 50
Mahu2021: posts big blind 100
*** HOLE CARDS ***
Dealt to Mahu2021 [9h Qh]
HansMSM: folds 
priihbueno: folds 
bubo1111: calls 100
pmilare: raises 300 to 400
gastao riffel: folds 
Rlikek: folds 
Måmpa: folds 
Mahu2021: folds 
bubo1111: calls 300
*** FLOP *** [2d 3d Kc]
bubo1111: checks 
pmilare: bets 400
bubo1111: folds 
Uncalled bet (400) returned to pmilare
pmilare collected 1046 from pot
pmilare: doesn't show hand 
*** SUMMARY ***
Total pot 1046 | Rake 0 
Board [2d 3d Kc]
Seat 1: Mahu2021 (big blind) folded before Flop
Seat 2: HansMSM folded before Flop (didn't bet)
Seat 3: priihbueno folded before Flop (didn't bet)
Seat 4: bubo1111 folded on the Flop
Seat 5: pmilare collected (1046)
Seat 6: gastao riffel folded before Flop (didn't bet)
Seat 7: Rlikek (button) folded before Flop (didn't bet)
Seat 8: Måmpa (small blind) folded before Flop



PokerStars Hand #243959356278: Tournament #3593289165, $9.80+$1.20 USD Hold'em No Limit - Level IV (50/100) - 2023/05/28 20:38:45 CET [2023/05/28 14:38:45 ET]
Table '3593289165 318' 8-max Seat #8 is the button
Seat 1: Mahu2021 (9034 in chips) 
Seat 2: HansMSM (10196 in chips) 
Seat 3: priihbueno (10008 in chips) 
Seat 4: bubo1111 (8194 in chips) 
Seat 5: pmilare (7334 in chips) 
Seat 6: gastao riffel (13690 in chips) 
Seat 7: Rlikek (10032 in chips) 
Seat 8: Måmpa (9998 in chips) 
Mahu2021: posts the ante 12
HansMSM: posts the ante 12
priihbueno: posts the ante 12
bubo1111: posts the ante 12
pmilare: posts the ante 12
gastao riffel: posts the ante 12
Rlikek: posts the ante 12
Måmpa: posts the ante 12
Mahu2021: posts small blind 50
HansMSM: posts big blind 100
*** HOLE CARDS ***
Dealt to Mahu2021 [Qh 3d]
priihbueno: folds 
bubo1111: folds 
pmilare: folds 
gastao riffel: folds 
Rlikek: folds 
Måmpa: folds 
Mahu2021: folds 
Uncalled bet (50) returned to HansMSM
HansMSM collected 196 from pot
*** SUMMARY ***
Total pot 196 | Rake 0 
Seat 1: Mahu2021 (small blind) folded before Flop
Seat 2: HansMSM (big blind) collected (196)
Seat 3: priihbueno folded before Flop (didn't bet)
Seat 4: bubo1111 folded before Flop (didn't bet)
Seat 5: pmilare folded before Flop (didn't bet)
Seat 6: gastao riffel folded before Flop (didn't bet)
Seat 7: Rlikek folded before Flop (didn't bet)
Seat 8: Måmpa (button) folded before Flop (didn't bet)



PokerStars Hand #243959369189: Tournament #3593289165, $9.80+$1.20 USD Hold'em No Limit - Level IV (50/100) - 2023/05/28 20:39:15 CET [2023/05/28 14:39:15 ET]
Table '3593289165 318' 8-max Seat #1 is the button
Seat 1: Mahu2021 (8972 in chips) 
Seat 2: HansMSM (10330 in chips) 
Seat 3: priihbueno (9996 in chips) 
Seat 4: bubo1111 (8182 in chips) 
Seat 5: pmilare (7322 in chips) 
Seat 6: gastao riffel (13678 in chips) 
Seat 7: Rlikek (10020 in chips) 
Seat 8: Måmpa (9986 in chips) 
Mahu2021: posts the ante 12
HansMSM: posts the ante 12
priihbueno: posts the ante 12
bubo1111: posts the ante 12
pmilare: posts the ante 12
gastao riffel: posts the ante 12
Rlikek: posts the ante 12
Måmpa: posts the ante 12
HansMSM: posts small blind 50
priihbueno: posts big blind 100
*** HOLE CARDS ***
Dealt to Mahu2021 [4s 8c]
bubo1111: folds 
pmilare: folds 
gastao riffel: folds 
Rlikek: folds 
Måmpa: folds 
Mahu2021: folds 
HansMSM: raises 215 to 315
priihbueno: raises 685 to 1000
HansMSM: raises 1440 to 2440
priihbueno: raises 7544 to 9984 and is all-in
HansMSM: calls 7544
*** FLOP *** [5h 9c Jd]
*** TURN *** [5h 9c Jd] [8h]
*** RIVER *** [5h 9c Jd 8h] [2c]
*** SHOW DOWN ***
HansMSM: shows [Qs Ac] (high card Ace)
priihbueno: shows [Ks Ah] (high card Ace - King kicker)
priihbueno collected 20064 from pot
*** SUMMARY ***
Total pot 20064 | Rake 0 
Board [5h 9c Jd 8h 2c]
Seat 1: Mahu2021 (button) folded before Flop (didn't bet)
Seat 2: HansMSM (small blind) showed [Qs Ac] and lost with high card Ace
Seat 3: priihbueno (big blind) showed [Ks Ah] and won (20064) with high card Ace
Seat 4: bubo1111 folded before Flop (didn't bet)
Seat 5: pmilare folded before Flop (didn't bet)
Seat 6: gastao riffel folded before Flop (didn't bet)
Seat 7: Rlikek folded before Flop (didn't bet)
Seat 8: Måmpa folded before Flop (didn't bet)



PokerStars Hand #243959406848: Tournament #3593289165, $9.80+$1.20 USD Hold'em No Limit - Level IV (50/100) - 2023/05/28 20:40:41 CET [2023/05/28 14:40:41 ET]
Table '3593289165 318' 8-max Seat #2 is the button
Seat 1: Mahu2021 (8960 in chips) 
Seat 2: HansMSM (334 in chips) 
Seat 3: priihbueno (20064 in chips) 
Seat 4: bubo1111 (8170 in chips) 
Seat 5: pmilare (7310 in chips) 
Seat 6: gastao riffel (13666 in chips) 
Seat 7: Rlikek (10008 in chips) 
Seat 8: Måmpa (9974 in chips) 
Mahu2021: posts the ante 12
HansMSM: posts the ante 12
priihbueno: posts the ante 12
bubo1111: posts the ante 12
pmilare: posts the ante 12
gastao riffel: posts the ante 12
Rlikek: posts the ante 12
Måmpa: posts the ante 12
priihbueno: posts small blind 50
bubo1111: posts big blind 100
*** HOLE CARDS ***
Dealt to Mahu2021 [3c 6h]
pmilare: folds 
gastao riffel: folds 
Rlikek: folds 
Måmpa: folds 
Mahu2021: folds 
HansMSM: raises 222 to 322 and is all-in
priihbueno: folds 
bubo1111: calls 222
*** FLOP *** [4c Qc 9c]
*** TURN *** [4c Qc 9c] [7s]
*** RIVER *** [4c Qc 9c 7s] [Qd]
*** SHOW DOWN ***
bubo1111: shows [6d 7c] (two pair, Queens and Sevens)
HansMSM: shows [4d Qs] (a full house, Queens full of Fours)
HansMSM collected 790 from pot
*** SUMMARY ***
Total pot 790 | Rake 0 
Board [4c Qc 9c 7s Qd]
Seat 1: Mahu2021 folded before Flop (didn't bet)
Seat 2: HansMSM (button) showed [4d Qs] and won (790) with a full house, Queens full of Fours
Seat 3: priihbueno (small blind) folded before Flop
Seat 4: bubo1111 (big blind) showed [6d 7c] and lost with two pair, Queens and Sevens
Seat 5: pmilare folded before Flop (didn't bet)
Seat 6: gastao riffel folded before Flop (didn't bet)
Seat 7: Rlikek folded before Flop (didn't bet)
Seat 8: Måmpa folded before Flop (didn't bet)



PokerStars Hand #243959422106: Tournament #3593289165, $9.80+$1.20 USD Hold'em No Limit - Level IV (50/100) - 2023/05/28 20:41:17 CET [2023/05/28 14:41:17 ET]
Table '3593289165 318' 8-max Seat #3 is the button
Seat 1: Mahu2021 (8948 in chips) 
Seat 2: HansMSM (790 in chips) 
Seat 3: priihbueno (20002 in chips) 
Seat 4: bubo1111 (7836 in chips) 
Seat 5: pmilare (7298 in chips) 
Seat 6: gastao riffel (13654 in chips) 
Seat 7: Rlikek (9996 in chips) 
Seat 8: Måmpa (9962 in chips) 
Mahu2021: posts the ante 12
HansMSM: posts the ante 12
priihbueno: posts the ante 12
bubo1111: posts the ante 12
pmilare: posts the ante 12
gastao riffel: posts the ante 12
Rlikek: posts the ante 12
Måmpa: posts the ante 12
bubo1111: posts small blind 50
pmilare: posts big blind 100
*** HOLE CARDS ***
Dealt to Mahu2021 [5c 2h]
gastao riffel: folds 
Rlikek: folds 
Måmpa: folds 
Mahu2021: folds 
HansMSM: raises 678 to 778 and is all-in
priihbueno: folds 
bubo1111: calls 728
pmilare: folds 
*** FLOP *** [Qs 2s 5d]
*** TURN *** [Qs 2s 5d] [Kc]
*** RIVER *** [Qs 2s 5d Kc] [5h]
*** SHOW DOWN ***
bubo1111: shows [9c 9d] (two pair, Nines and Fives)
HansMSM: shows [3d 4d] (a pair of Fives)
bubo1111 collected 1752 from pot
HansMSM finished the tournament
*** SUMMARY ***
Total pot 1752 | Rake 0 
Board [Qs 2s 5d Kc 5h]
Seat 1: Mahu2021 folded before Flop (didn't bet)
Seat 2: HansMSM showed [3d 4d] and lost with a pair of Fives
Seat 3: priihbueno (button) folded before Flop (didn't bet)
Seat 4: bubo1111 (small blind) showed [9c 9d] and won (1752) with two pair, Nines and Fives
Seat 5: pmilare (big blind) folded before Flop
Seat 6: gastao riffel folded before Flop (didn't bet)
Seat 7: Rlikek folded before Flop (didn't bet)
Seat 8: Måmpa folded before Flop (didn't bet)



PokerStars Hand #243959438821: Tournament #3593289165, $9.80+$1.20 USD Hold'em No Limit - Level IV (50/100) - 2023/05/28 20:41:55 CET [2023/05/28 14:41:55 ET]
Table '3593289165 318' 8-max Seat #4 is the button
Seat 1: Mahu2021 (8936 in chips) 
Seat 3: priihbueno (19990 in chips) 
Seat 4: bubo1111 (8798 in chips) 
Seat 5: pmilare (7186 in chips) 
Seat 6: gastao riffel (13642 in chips) 
Seat 7: Rlikek (9984 in chips) 
Seat 8: Måmpa (9950 in chips) 
Mahu2021: posts the ante 12
priihbueno: posts the ante 12
bubo1111: posts the ante 12
pmilare: posts the ante 12
gastao riffel: posts the ante 12
Rlikek: posts the ante 12
Måmpa: posts the ante 12
pmilare: posts small blind 50
gastao riffel: posts big blind 100
*** HOLE CARDS ***
Dealt to Mahu2021 [4c 2h]
Rlikek: folds 
Måmpa: raises 150 to 250
Mahu2021: folds 
priihbueno: calls 250
bubo1111: folds 
pmilare: folds 
gastao riffel: folds 
*** FLOP *** [7s 9c As]
Måmpa: checks 
priihbueno: checks 
*** TURN *** [7s 9c As] [2s]
Måmpa: checks 
priihbueno: bets 300
Måmpa: calls 300
*** RIVER *** [7s 9c As 2s] [8s]
Måmpa: checks 
priihbueno: checks 
*** SHOW DOWN ***
Måmpa: shows [9h Th] (a pair of Nines)
priihbueno: shows [4h 4s] (a flush, Ace high)
priihbueno collected 1334 from pot
*** SUMMARY ***
Total pot 1334 | Rake 0 
Board [7s 9c As 2s 8s]
Seat 1: Mahu2021 folded before Flop (didn't bet)
Seat 3: priihbueno showed [4h 4s] and won (1334) with a flush, Ace high
Seat 4: bubo1111 (button) folded before Flop (didn't bet)
Seat 5: pmilare (small blind) folded before Flop
Seat 6: gastao riffel (big blind) folded before Flop
Seat 7: Rlikek folded before Flop (didn't bet)
Seat 8: Måmpa showed [9h Th] and lost with a pair of Nines



PokerStars Hand #243959477007: Tournament #3593289165, $9.80+$1.20 USD Hold'em No Limit - Level V (60/120) - 2023/05/28 20:43:23 CET [2023/05/28 14:43:23 ET]
Table '3593289165 318' 8-max Seat #5 is the button
Seat 1: Mahu2021 (8924 in chips) 
Seat 2: Stefano2709 (10000 in chips) 
Seat 3: priihbueno (20762 in chips) 
Seat 4: bubo1111 (8786 in chips) 
Seat 5: pmilare (7124 in chips) 
Seat 6: gastao riffel (13530 in chips) 
Seat 7: DaWeEeS (10000 in chips) 
Seat 8: Måmpa (9388 in chips) 
Mahu2021: posts the ante 16
Stefano2709: posts the ante 16
priihbueno: posts the ante 16
bubo1111: posts the ante 16
pmilare: posts the ante 16
gastao riffel: posts the ante 16
DaWeEeS: posts the ante 16
Måmpa: posts the ante 16
gastao riffel: posts small blind 60
DaWeEeS: posts big blind 120
*** HOLE CARDS ***
Dealt to Mahu2021 [Ah 4d]
Måmpa: folds 
Mahu2021: folds 
Stefano2709: calls 120
priihbueno: folds 
bubo1111: calls 120
pmilare: folds 
gastao riffel: calls 60
DaWeEeS: checks 
*** FLOP *** [3c 9c Jc]
gastao riffel: bets 365
DaWeEeS: folds 
Stefano2709: folds 
bubo1111: calls 365
*** TURN *** [3c 9c Jc] [6d]
gastao riffel: bets 803
bubo1111: calls 803
*** RIVER *** [3c 9c Jc 6d] [Ts]
gastao riffel: bets 2355
bubo1111: calls 2355
*** SHOW DOWN ***
gastao riffel: shows [Tc 4c] (a flush, Jack high)
bubo1111: mucks hand 
gastao riffel collected 7654 from pot
*** SUMMARY ***
Total pot 7654 | Rake 0 
Board [3c 9c Jc 6d Ts]
Seat 1: Mahu2021 folded before Flop (didn't bet)
Seat 2: Stefano2709 folded on the Flop
Seat 3: priihbueno folded before Flop (didn't bet)
Seat 4: bubo1111 mucked [Qs Jd]
Seat 5: pmilare (button) folded before Flop (didn't bet)
Seat 6: gastao riffel (small blind) showed [Tc 4c] and won (7654) with a flush, Jack high
Seat 7: DaWeEeS (big blind) folded on the Flop
Seat 8: Måmpa folded before Flop (didn't bet)



PokerStars Hand #243959499186: Tournament #3593289165, $9.80+$1.20 USD Hold'em No Limit - Level V (60/120) - 2023/05/28 20:44:14 CET [2023/05/28 14:44:14 ET]
Table '3593289165 318' 8-max Seat #6 is the button
Seat 1: Mahu2021 (8908 in chips) 
Seat 2: Stefano2709 (9864 in chips) 
Seat 3: priihbueno (20746 in chips) 
Seat 4: bubo1111 (5127 in chips) 
Seat 5: pmilare (7108 in chips) 
Seat 6: gastao riffel (17525 in chips) 
Seat 7: DaWeEeS (9864 in chips) 
Seat 8: Måmpa (9372 in chips) 
Mahu2021: posts the ante 16
Stefano2709: posts the ante 16
priihbueno: posts the ante 16
bubo1111: posts the ante 16
pmilare: posts the ante 16
gastao riffel: posts the ante 16
DaWeEeS: posts the ante 16
Måmpa: posts the ante 16
DaWeEeS: posts small blind 60
Måmpa: posts big blind 120
*** HOLE CARDS ***
Dealt to Mahu2021 [7c Qd]
Mahu2021: folds 
Stefano2709: raises 120 to 240
priihbueno: folds 
bubo1111: folds 
pmilare: folds 
gastao riffel: calls 240
DaWeEeS: calls 180
Måmpa: calls 120
*** FLOP *** [2s Td Ks]
DaWeEeS: checks 
Måmpa: checks 
Stefano2709: bets 544
gastao riffel: folds 
DaWeEeS: folds 
Måmpa: folds 
Uncalled bet (544) returned to Stefano2709
Stefano2709 collected 1088 from pot
*** SUMMARY ***
Total pot 1088 | Rake 0 
Board [2s Td Ks]
Seat 1: Mahu2021 folded before Flop (didn't bet)
Seat 2: Stefano2709 collected (1088)
Seat 3: priihbueno folded before Flop (didn't bet)
Seat 4: bubo1111 folded before Flop (didn't bet)
Seat 5: pmilare folded before Flop (didn't bet)
Seat 6: gastao riffel (button) folded on the Flop
Seat 7: DaWeEeS (small blind) folded on the Flop
Seat 8: Måmpa (big blind) folded on the Flop



PokerStars Hand #243959530219: Tournament #3593289165, $9.80+$1.20 USD Hold'em No Limit - Level V (60/120) - 2023/05/28 20:45:25 CET [2023/05/28 14:45:25 ET]
Table '3593289165 318' 8-max Seat #7 is the button
Seat 1: Mahu2021 (8892 in chips) 
Seat 2: Stefano2709 (10696 in chips) 
Seat 3: priihbueno (20730 in chips) 
Seat 4: bubo1111 (5111 in chips) 
Seat 5: pmilare (7092 in chips) 
Seat 6: gastao riffel (17269 in chips) 
Seat 7: DaWeEeS (9608 in chips) 
Seat 8: Måmpa (9116 in chips) 
Mahu2021: posts the ante 16
Stefano2709: posts the ante 16
priihbueno: posts the ante 16
bubo1111: posts the ante 16
pmilare: posts the ante 16
gastao riffel: posts the ante 16
DaWeEeS: posts the ante 16
Måmpa: posts the ante 16
Måmpa: posts small blind 60
Mahu2021: posts big blind 120
*** HOLE CARDS ***
Dealt to Mahu2021 [Ad Qd]
Stefano2709: folds 
priihbueno: folds 
bubo1111: folds 
pmilare: folds 
gastao riffel: folds 
DaWeEeS: raises 240 to 360
Måmpa: folds 
Mahu2021: calls 240
*** FLOP *** [Ts Jh 6s]
Mahu2021: checks 
DaWeEeS: bets 272
Mahu2021: calls 272
*** TURN *** [Ts Jh 6s] [2s]
Mahu2021: checks 
DaWeEeS: checks 
*** RIVER *** [Ts Jh 6s 2s] [8s]
Mahu2021: bets 480
DaWeEeS: raises 960 to 1440
Mahu2021: folds 
Uncalled bet (960) returned to DaWeEeS
DaWeEeS collected 2412 from pot
DaWeEeS: doesn't show hand 
*** SUMMARY ***
Total pot 2412 | Rake 0 
Board [Ts Jh 6s 2s 8s]
Seat 1: Mahu2021 (big blind) folded on the River
Seat 2: Stefano2709 folded before Flop (didn't bet)
Seat 3: priihbueno folded before Flop (didn't bet)
Seat 4: bubo1111 folded before Flop (didn't bet)
Seat 5: pmilare folded before Flop (didn't bet)
Seat 6: gastao riffel folded before Flop (didn't bet)
Seat 7: DaWeEeS (button) collected (2412)
Seat 8: Måmpa (small blind) folded before Flop



PokerStars Hand #243959567096: Tournament #3593289165, $9.80+$1.20 USD Hold'em No Limit - Level V (60/120) - 2023/05/28 20:46:50 CET [2023/05/28 14:46:50 ET]
Table '3593289165 318' 8-max Seat #8 is the button
Seat 1: Mahu2021 (7764 in chips) 
Seat 2: Stefano2709 (10680 in chips) 
Seat 3: priihbueno (20714 in chips) 
Seat 4: bubo1111 (5095 in chips) 
Seat 5: pmilare (7076 in chips) 
Seat 6: gastao riffel (17253 in chips) 
Seat 7: DaWeEeS (10892 in chips) 
Seat 8: Måmpa (9040 in chips) 
Mahu2021: posts the ante 16
Stefano2709: posts the ante 16
priihbueno: posts the ante 16
bubo1111: posts the ante 16
pmilare: posts the ante 16
gastao riffel: posts the ante 16
DaWeEeS: posts the ante 16
Måmpa: posts the ante 16
Mahu2021: posts small blind 60
Stefano2709: posts big blind 120
*** HOLE CARDS ***
Dealt to Mahu2021 [Kd 6s]
priihbueno: raises 120 to 240
bubo1111: folds 
pmilare: folds 
gastao riffel: folds 
DaWeEeS: calls 240
Måmpa: folds 
Mahu2021: folds 
Stefano2709: calls 120
*** FLOP *** [Qh Jd Jc]
Stefano2709: bets 454
priihbueno: folds 
DaWeEeS: folds 
Uncalled bet (454) returned to Stefano2709
Stefano2709 collected 908 from pot
*** SUMMARY ***
Total pot 908 | Rake 0 
Board [Qh Jd Jc]
Seat 1: Mahu2021 (small blind) folded before Flop
Seat 2: Stefano2709 (big blind) collected (908)
Seat 3: priihbueno folded on the Flop
Seat 4: bubo1111 folded before Flop (didn't bet)
Seat 5: pmilare folded before Flop (didn't bet)
Seat 6: gastao riffel folded before Flop (didn't bet)
Seat 7: DaWeEeS folded on the Flop
Seat 8: Måmpa (button) folded before Flop (didn't bet)



PokerStars Hand #243959590971: Tournament #3593289165, $9.80+$1.20 USD Hold'em No Limit - Level V (60/120) - 2023/05/28 20:47:45 CET [2023/05/28 14:47:45 ET]
Table '3593289165 318' 8-max Seat #1 is the button
Seat 1: Mahu2021 (7688 in chips) 
Seat 2: Stefano2709 (11332 in chips) 
Seat 4: bubo1111 (5079 in chips) 
Seat 5: pmilare (7060 in chips) 
Seat 6: gastao riffel (17237 in chips) 
Seat 7: DaWeEeS (10636 in chips) 
Seat 8: Måmpa (9024 in chips) 
Mahu2021: posts the ante 16
Stefano2709: posts the ante 16
bubo1111: posts the ante 16
pmilare: posts the ante 16
gastao riffel: posts the ante 16
DaWeEeS: posts the ante 16
Måmpa: posts the ante 16
Stefano2709: posts small blind 60
bubo1111: posts big blind 120
*** HOLE CARDS ***
Dealt to Mahu2021 [Qd Js]
pmilare: folds 
gastao riffel: raises 120 to 240
LALOLANDAUY is disconnected 
DaWeEeS: folds 
Måmpa: folds 
Mahu2021: calls 240
Stefano2709: calls 180
bubo1111: folds 
*** FLOP *** [8h 5d Ah]
Stefano2709: bets 476
gastao riffel: folds 
Mahu2021: folds 
Uncalled bet (476) returned to Stefano2709
Stefano2709 collected 952 from pot
*** SUMMARY ***
Total pot 952 | Rake 0 
Board [8h 5d Ah]
Seat 1: Mahu2021 (button) folded on the Flop
Seat 2: Stefano2709 (small blind) collected (952)
Seat 4: bubo1111 (big blind) folded before Flop
Seat 5: pmilare folded before Flop (didn't bet)
Seat 6: gastao riffel folded on the Flop
Seat 7: DaWeEeS folded before Flop (didn't bet)
Seat 8: Måmpa folded before Flop (didn't bet)



PokerStars Hand #243959606904: Tournament #3593289165, $9.80+$1.20 USD Hold'em No Limit - Level V (60/120) - 2023/05/28 20:48:22 CET [2023/05/28 14:48:22 ET]
Table '3593289165 318' 8-max Seat #2 is the button
Seat 1: Mahu2021 (7432 in chips) 
Seat 2: Stefano2709 (12028 in chips) 
Seat 3: LALOLANDAUY (10000 in chips) out of hand (moved from another table into small blind)
Seat 4: bubo1111 (4943 in chips) 
Seat 5: pmilare (7044 in chips) 
Seat 6: gastao riffel (16981 in chips) 
Seat 7: DaWeEeS (10620 in chips) 
Seat 8: Måmpa (9008 in chips) 
LALOLANDAUY will be allowed to play after the button
Mahu2021: posts the ante 16
Stefano2709: posts the ante 16
bubo1111: posts the ante 16
pmilare: posts the ante 16
gastao riffel: posts the ante 16
DaWeEeS: posts the ante 16
Måmpa: posts the ante 16
bubo1111: posts small blind 60
pmilare: posts big blind 120
*** HOLE CARDS ***
Dealt to Mahu2021 [Ts 5s]
gastao riffel: folds 
DaWeEeS: folds 
Måmpa: folds 
Mahu2021: folds 
Stefano2709: raises 412 to 532
bubo1111: folds 
pmilare: calls 412
*** FLOP *** [9d Th 6d]
pmilare: checks 
Stefano2709: bets 618
pmilare: raises 1000 to 1618
Stefano2709: raises 9862 to 11480 and is all-in
pmilare: calls 4878 and is all-in
Uncalled bet (4984) returned to Stefano2709
*** TURN *** [9d Th 6d] [5h]
*** RIVER *** [9d Th 6d 5h] [Qs]
*** SHOW DOWN ***
pmilare: shows [6s 6h] (three of a kind, Sixes)
Stefano2709: shows [As Kc] (high card Ace)
pmilare collected 14228 from pot
*** SUMMARY ***
Total pot 14228 | Rake 0 
Board [9d Th 6d 5h Qs]
Seat 1: Mahu2021 folded before Flop (didn't bet)
Seat 2: Stefano2709 (button) showed [As Kc] and lost with high card Ace
Seat 4: bubo1111 (small blind) folded before Flop
Seat 5: pmilare (big blind) showed [6s 6h] and won (14228) with three of a kind, Sixes
Seat 6: gastao riffel folded before Flop (didn't bet)
Seat 7: DaWeEeS folded before Flop (didn't bet)
Seat 8: Måmpa folded before Flop (didn't bet)



PokerStars Hand #243959632552: Tournament #3593289165, $9.80+$1.20 USD Hold'em No Limit - Level V (60/120) - 2023/05/28 20:49:21 CET [2023/05/28 14:49:21 ET]
Table '3593289165 318' 8-max Seat #4 is the button
Seat 1: Mahu2021 (7416 in chips) 
Seat 2: Stefano2709 (4984 in chips) 
Seat 3: LALOLANDAUY (10000 in chips) 
Seat 4: bubo1111 (4867 in chips) 
Seat 5: pmilare (14228 in chips) 
Seat 6: gastao riffel (16965 in chips) 
Seat 7: DaWeEeS (10604 in chips) 
Seat 8: Måmpa (8992 in chips) 
Mahu2021: posts the ante 16
Stefano2709: posts the ante 16
LALOLANDAUY: posts the ante 16
bubo1111: posts the ante 16
pmilare: posts the ante 16
gastao riffel: posts the ante 16
DaWeEeS: posts the ante 16
Måmpa: posts the ante 16
pmilare: posts small blind 60
gastao riffel: posts big blind 120
*** HOLE CARDS ***
Dealt to Mahu2021 [9d 3h]
DaWeEeS: folds 
Måmpa: folds 
Mahu2021: folds 
Stefano2709: folds 
LALOLANDAUY: folds 
bubo1111: raises 120 to 240
pmilare: folds 
gastao riffel: raises 480 to 720
bubo1111: calls 480
*** FLOP *** [Js 5s Tc]
gastao riffel: bets 1302
bubo1111: raises 1302 to 2604
gastao riffel: raises 13625 to 16229 and is all-in
bubo1111: calls 1527 and is all-in
Uncalled bet (12098) returned to gastao riffel
*** TURN *** [Js 5s Tc] [6c]
*** RIVER *** [Js 5s Tc 6c] [4h]
*** SHOW DOWN ***
gastao riffel: shows [Ks Kc] (a pair of Kings)
bubo1111: shows [Jh Ac] (a pair of Jacks)
gastao riffel collected 9890 from pot
bubo1111 finished the tournament
*** SUMMARY ***
Total pot 9890 | Rake 0 
Board [Js 5s Tc 6c 4h]
Seat 1: Mahu2021 folded before Flop (didn't bet)
Seat 2: Stefano2709 folded before Flop (didn't bet)
Seat 3: LALOLANDAUY folded before Flop (didn't bet)
Seat 4: bubo1111 (button) showed [Jh Ac] and lost with a pair of Jacks
Seat 5: pmilare (small blind) folded before Flop
Seat 6: gastao riffel (big blind) showed [Ks Kc] and won (9890) with a pair of Kings
Seat 7: DaWeEeS folded before Flop (didn't bet)
Seat 8: Måmpa folded before Flop (didn't bet)



PokerStars Hand #243959662541: Tournament #3593289165, $9.80+$1.20 USD Hold'em No Limit - Level V (60/120) - 2023/05/28 20:50:31 CET [2023/05/28 14:50:31 ET]
Table '3593289165 318' 8-max Seat #5 is the button
Seat 1: Mahu2021 (7400 in chips) 
Seat 2: Stefano2709 (4968 in chips) 
Seat 3: LALOLANDAUY (9984 in chips) 
Seat 5: pmilare (14152 in chips) 
Seat 6: gastao riffel (21988 in chips) 
Seat 7: DaWeEeS (10588 in chips) 
Seat 8: Måmpa (8976 in chips) 
Mahu2021: posts the ante 16
Stefano2709: posts the ante 16
LALOLANDAUY: posts the ante 16
pmilare: posts the ante 16
gastao riffel: posts the ante 16
DaWeEeS: posts the ante 16
Måmpa: posts the ante 16
gastao riffel: posts small blind 60
DaWeEeS: posts big blind 120
*** HOLE CARDS ***
Dealt to Mahu2021 [7c 3s]
Aslan 444131 is disconnected 
Måmpa: raises 144 to 264
Mahu2021: folds 
Stefano2709: folds 
LALOLANDAUY: folds 
pmilare: raises 696 to 960
gastao riffel: folds 
DaWeEeS: folds 
Måmpa: calls 696
*** FLOP *** [3h 3c 9s]
Måmpa: checks 
pmilare: bets 730
Måmpa: calls 730
*** TURN *** [3h 3c 9s] [5h]
Måmpa: checks 
pmilare: bets 2280
Måmpa: folds 
Uncalled bet (2280) returned to pmilare
pmilare collected 3672 from pot
pmilare: doesn't show hand 
*** SUMMARY ***
Total pot 3672 | Rake 0 
Board [3h 3c 9s 5h]
Seat 1: Mahu2021 folded before Flop (didn't bet)
Seat 2: Stefano2709 folded before Flop (didn't bet)
Seat 3: LALOLANDAUY folded before Flop (didn't bet)
Seat 5: pmilare (button) collected (3672)
Seat 6: gastao riffel (small blind) folded before Flop
Seat 7: DaWeEeS (big blind) folded before Flop
Seat 8: Måmpa folded on the Turn



PokerStars Hand #243959701675: Tournament #3593289165, $9.80+$1.20 USD Hold'em No Limit - Level V (60/120) - 2023/05/28 20:52:01 CET [2023/05/28 14:52:01 ET]
Table '3593289165 318' 8-max Seat #6 is the button
Seat 1: Mahu2021 (7384 in chips) 
Seat 2: Stefano2709 (4952 in chips) 
Seat 3: LALOLANDAUY (9968 in chips) 
Seat 4: Aslan 444131 (10000 in chips) 
Seat 5: pmilare (16118 in chips) 
Seat 6: gastao riffel (21912 in chips) 
Seat 7: DaWeEeS (10452 in chips) 
Seat 8: Måmpa (7270 in chips) 
Mahu2021: posts the ante 16
Stefano2709: posts the ante 16
LALOLANDAUY: posts the ante 16
Aslan 444131: posts the ante 16
pmilare: posts the ante 16
gastao riffel: posts the ante 16
DaWeEeS: posts the ante 16
Måmpa: posts the ante 16
DaWeEeS: posts small blind 60
Måmpa: posts big blind 120
*** HOLE CARDS ***
Dealt to Mahu2021 [Ac 2s]
Mahu2021: folds 
Stefano2709: folds 
LALOLANDAUY: raises 120 to 240
Aslan 444131: folds 
pmilare: folds 
gastao riffel: folds 
DaWeEeS: calls 180
Måmpa: calls 120
*** FLOP *** [9d 3s Qs]
DaWeEeS: bets 424
Måmpa: raises 836 to 1260
LALOLANDAUY: folds 
DaWeEeS: raises 8936 to 10196 and is all-in
Måmpa: calls 5754 and is all-in
Uncalled bet (3182) returned to DaWeEeS
*** TURN *** [9d 3s Qs] [Qc]
*** RIVER *** [9d 3s Qs Qc] [2h]
*** SHOW DOWN ***
DaWeEeS: shows [Kd Ks] (two pair, Kings and Queens)
Måmpa: shows [8s Ts] (a pair of Queens)
DaWeEeS collected 14876 from pot
Måmpa finished the tournament
*** SUMMARY ***
Total pot 14876 | Rake 0 
Board [9d 3s Qs Qc 2h]
Seat 1: Mahu2021 folded before Flop (didn't bet)
Seat 2: Stefano2709 folded before Flop (didn't bet)
Seat 3: LALOLANDAUY folded on the Flop
Seat 4: Aslan 444131 folded before Flop (didn't bet)
Seat 5: pmilare folded before Flop (didn't bet)
Seat 6: gastao riffel (button) folded before Flop (didn't bet)
Seat 7: DaWeEeS (small blind) showed [Kd Ks] and won (14876) with two pair, Kings and Queens
Seat 8: Måmpa (big blind) showed [8s Ts] and lost with a pair of Queens



PokerStars Hand #243959746320: Tournament #3593289165, $9.80+$1.20 USD Hold'em No Limit - Level VI (80/160) - 2023/05/28 20:53:45 CET [2023/05/28 14:53:45 ET]
Table '3593289165 318' 8-max Seat #7 is the button
Seat 1: Mahu2021 (7368 in chips) 
Seat 2: Stefano2709 (4936 in chips) 
Seat 3: LALOLANDAUY (9712 in chips) 
Seat 4: Aslan 444131 (9984 in chips) 
Seat 5: pmilare (16102 in chips) 
Seat 6: gastao riffel (21896 in chips) 
Seat 7: DaWeEeS (18058 in chips) 
Mahu2021: posts the ante 20
Stefano2709: posts the ante 20
LALOLANDAUY: posts the ante 20
Aslan 444131: posts the ante 20
pmilare: posts the ante 20
gastao riffel: posts the ante 20
DaWeEeS: posts the ante 20
Mahu2021: posts small blind 80
Stefano2709: posts big blind 160
*** HOLE CARDS ***
Dealt to Mahu2021 [4s Jd]
LALOLANDAUY: folds 
Aslan 444131: raises 160 to 320
pmilare: folds 
gastao riffel: folds 
DaWeEeS: calls 320
Mahu2021: folds 
Stefano2709: calls 160
*** FLOP *** [2s Qh 5c]
Stefano2709: checks 
Aslan 444131: checks 
DaWeEeS: checks 
*** TURN *** [2s Qh 5c] [8d]
Stefano2709: checks 
Aslan 444131: bets 430
DaWeEeS: calls 430
Stefano2709: raises 430 to 860
Aslan 444131: folds 
DaWeEeS: calls 430
*** RIVER *** [2s Qh 5c 8d] [5s]
Stefano2709: bets 1665
DaWeEeS: folds 
Uncalled bet (1665) returned to Stefano2709
Stefano2709 collected 3330 from pot
*** SUMMARY ***
Total pot 3330 | Rake 0 
Board [2s Qh 5c 8d 5s]
Seat 1: Mahu2021 (small blind) folded before Flop
Seat 2: Stefano2709 (big blind) collected (3330)
Seat 3: LALOLANDAUY folded before Flop (didn't bet)
Seat 4: Aslan 444131 folded on the Turn
Seat 5: pmilare folded before Flop (didn't bet)
Seat 6: gastao riffel folded before Flop (didn't bet)
Seat 7: DaWeEeS (button) folded on the River



PokerStars Hand #243959776227: Tournament #3593289165, $9.80+$1.20 USD Hold'em No Limit - Level VI (80/160) - 2023/05/28 20:54:55 CET [2023/05/28 14:54:55 ET]
Table '3593289165 318' 8-max Seat #1 is the button
Seat 1: Mahu2021 (7268 in chips) 
Seat 2: Stefano2709 (7066 in chips) 
Seat 3: LALOLANDAUY (9692 in chips) 
Seat 4: Aslan 444131 (9214 in chips) 
Seat 5: pmilare (16082 in chips) 
Seat 6: gastao riffel (21876 in chips) 
Seat 7: DaWeEeS (16858 in chips) 
Seat 8: Cur10sity (10000 in chips) 
Mahu2021: posts the ante 20
Stefano2709: posts the ante 20
LALOLANDAUY: posts the ante 20
Aslan 444131: posts the ante 20
pmilare: posts the ante 20
gastao riffel: posts the ante 20
DaWeEeS: posts the ante 20
Cur10sity: posts the ante 20
Stefano2709: posts small blind 80
LALOLANDAUY: posts big blind 160
*** HOLE CARDS ***
Dealt to Mahu2021 [Ks Kc]
Aslan 444131: folds 
pmilare: raises 192 to 352
gastao riffel: calls 352
DaWeEeS: calls 352
Cur10sity: folds 
Mahu2021: raises 6896 to 7248 and is all-in
Stefano2709: folds 
LALOLANDAUY: folds 
pmilare: folds 
gastao riffel: folds 
DaWeEeS: folds 
Uncalled bet (6896) returned to Mahu2021
Mahu2021 collected 1808 from pot
Mahu2021: doesn't show hand 
*** SUMMARY ***
Total pot 1808 | Rake 0 
Seat 1: Mahu2021 (button) collected (1808)
Seat 2: Stefano2709 (small blind) folded before Flop
Seat 3: LALOLANDAUY (big blind) folded before Flop
Seat 4: Aslan 444131 folded before Flop (didn't bet)
Seat 5: pmilare folded before Flop
Seat 6: gastao riffel folded before Flop
Seat 7: DaWeEeS folded before Flop
Seat 8: Cur10sity folded before Flop (didn't bet)



PokerStars Hand #243959899775: Tournament #3593289165, $9.80+$1.20 USD Hold'em No Limit - Level VI (80/160) - 2023/05/28 21:02:42 CET [2023/05/28 15:02:42 ET]
Table '3593289165 318' 8-max Seat #2 is the button
Seat 1: Mahu2021 (8704 in chips) 
Seat 2: Stefano2709 (6966 in chips) 
Seat 3: LALOLANDAUY (9512 in chips) 
Seat 4: Aslan 444131 (9194 in chips) 
Seat 5: pmilare (15710 in chips) 
Seat 6: gastao riffel (21504 in chips) 
Seat 7: DaWeEeS (16486 in chips) 
Seat 8: rider-rc36 (10000 in chips) 
Mahu2021: posts the ante 20
Stefano2709: posts the ante 20
LALOLANDAUY: posts the ante 20
Aslan 444131: posts the ante 20
pmilare: posts the ante 20
gastao riffel: posts the ante 20
DaWeEeS: posts the ante 20
rider-rc36: posts the ante 20
LALOLANDAUY: posts small blind 80
Aslan 444131: posts big blind 160
*** HOLE CARDS ***
Dealt to Mahu2021 [Jh 2h]
pmilare: raises 192 to 352
gastao riffel: folds 
DaWeEeS: calls 352
rider-rc36: folds 
Mahu2021: folds 
Stefano2709: raises 192 to 544
LALOLANDAUY: folds 
Aslan 444131: folds 
pmilare: calls 192
DaWeEeS: calls 192
*** FLOP *** [5s 4h 7h]
pmilare: checks 
DaWeEeS: checks 
Stefano2709: bets 1016
pmilare: folds 
DaWeEeS: folds 
Uncalled bet (1016) returned to Stefano2709
Stefano2709 collected 2032 from pot
*** SUMMARY ***
Total pot 2032 | Rake 0 
Board [5s 4h 7h]
Seat 1: Mahu2021 folded before Flop (didn't bet)
Seat 2: Stefano2709 (button) collected (2032)
Seat 3: LALOLANDAUY (small blind) folded before Flop
Seat 4: Aslan 444131 (big blind) folded before Flop
Seat 5: pmilare folded on the Flop
Seat 6: gastao riffel folded before Flop (didn't bet)
Seat 7: DaWeEeS folded on the Flop
Seat 8: rider-rc36 folded before Flop (didn't bet)



PokerStars Hand #243959924963: Tournament #3593289165, $9.80+$1.20 USD Hold'em No Limit - Level VI (80/160) - 2023/05/28 21:03:40 CET [2023/05/28 15:03:40 ET]
Table '3593289165 318' 8-max Seat #3 is the button
Seat 1: Mahu2021 (8684 in chips) 
Seat 2: Stefano2709 (8434 in chips) 
Seat 3: LALOLANDAUY (9412 in chips) 
Seat 4: Aslan 444131 (9014 in chips) 
Seat 5: pmilare (15146 in chips) 
Seat 6: gastao riffel (21484 in chips) 
Seat 7: DaWeEeS (15922 in chips) 
Seat 8: rider-rc36 (9980 in chips) 
Mahu2021: posts the ante 20
Stefano2709: posts the ante 20
LALOLANDAUY: posts the ante 20
Aslan 444131: posts the ante 20
pmilare: posts the ante 20
gastao riffel: posts the ante 20
DaWeEeS: posts the ante 20
rider-rc36: posts the ante 20
Aslan 444131: posts small blind 80
pmilare: posts big blind 160
*** HOLE CARDS ***
Dealt to Mahu2021 [8d 7d]
gastao riffel: folds 
DaWeEeS: folds 
rider-rc36: folds 
Mahu2021: raises 160 to 320
Stefano2709: folds 
LALOLANDAUY: folds 
Aslan 444131: folds 
pmilare: calls 160
*** FLOP *** [Ac Js Td]
pmilare: checks 
Mahu2021: bets 640
pmilare: calls 640
*** TURN *** [Ac Js Td] [Ts]
pmilare: checks 
Mahu2021: checks 
*** RIVER *** [Ac Js Td Ts] [3s]
pmilare: checks 
Mahu2021: checks 
*** SHOW DOWN ***
pmilare: shows [3c Jh] (two pair, Jacks and Tens)
Mahu2021: mucks hand 
pmilare collected 2160 from pot
*** SUMMARY ***
Total pot 2160 | Rake 0 
Board [Ac Js Td Ts 3s]
Seat 1: Mahu2021 mucked [8d 7d]
Seat 2: Stefano2709 folded before Flop (didn't bet)
Seat 3: LALOLANDAUY (button) folded before Flop (didn't bet)
Seat 4: Aslan 444131 (small blind) folded before Flop
Seat 5: pmilare (big blind) showed [3c Jh] and won (2160) with two pair, Jacks and Tens
Seat 6: gastao riffel folded before Flop (didn't bet)
Seat 7: DaWeEeS folded before Flop (didn't bet)
Seat 8: rider-rc36 folded before Flop (didn't bet)



PokerStars Hand #243959951615: Tournament #3593289165, $9.80+$1.20 USD Hold'em No Limit - Level VI (80/160) - 2023/05/28 21:04:39 CET [2023/05/28 15:04:39 ET]
Table '3593289165 318' 8-max Seat #4 is the button
Seat 1: Mahu2021 (7704 in chips) 
Seat 2: Stefano2709 (8414 in chips) 
Seat 3: LALOLANDAUY (9392 in chips) 
Seat 4: Aslan 444131 (8914 in chips) 
Seat 5: pmilare (16326 in chips) 
Seat 6: gastao riffel (21464 in chips) 
Seat 7: DaWeEeS (15902 in chips) 
Seat 8: rider-rc36 (9960 in chips) 
Mahu2021: posts the ante 20
Stefano2709: posts the ante 20
LALOLANDAUY: posts the ante 20
Aslan 444131: posts the ante 20
pmilare: posts the ante 20
gastao riffel: posts the ante 20
DaWeEeS: posts the ante 20
rider-rc36: posts the ante 20
pmilare: posts small blind 80
gastao riffel: posts big blind 160
*** HOLE CARDS ***
Dealt to Mahu2021 [5d As]
DaWeEeS: raises 160 to 320
rider-rc36: folds 
Mahu2021: folds 
Stefano2709: calls 320
LALOLANDAUY: calls 320
Aslan 444131: folds 
pmilare: folds 
gastao riffel: calls 160
*** FLOP *** [4d Jd 9d]
gastao riffel: checks 
DaWeEeS: checks 
Stefano2709: bets 760
LALOLANDAUY: folds 
gastao riffel: folds 
DaWeEeS: folds 
Uncalled bet (760) returned to Stefano2709
Stefano2709 collected 1520 from pot
*** SUMMARY ***
Total pot 1520 | Rake 0 
Board [4d Jd 9d]
Seat 1: Mahu2021 folded before Flop (didn't bet)
Seat 2: Stefano2709 collected (1520)
Seat 3: LALOLANDAUY folded on the Flop
Seat 4: Aslan 444131 (button) folded before Flop (didn't bet)
Seat 5: pmilare (small blind) folded before Flop
Seat 6: gastao riffel (big blind) folded on the Flop
Seat 7: DaWeEeS folded on the Flop
Seat 8: rider-rc36 folded before Flop (didn't bet)



PokerStars Hand #243959991473: Tournament #3593289165, $9.80+$1.20 USD Hold'em No Limit - Level VI (80/160) - 2023/05/28 21:06:06 CET [2023/05/28 15:06:06 ET]
Table '3593289165 318' 8-max Seat #5 is the button
Seat 1: Mahu2021 (7684 in chips) 
Seat 2: Stefano2709 (9594 in chips) 
Seat 3: LALOLANDAUY (9052 in chips) 
Seat 4: Aslan 444131 (8894 in chips) 
Seat 5: pmilare (16226 in chips) 
Seat 6: gastao riffel (21124 in chips) 
Seat 7: DaWeEeS (15562 in chips) 
Seat 8: rider-rc36 (9940 in chips) 
Mahu2021: posts the ante 20
Stefano2709: posts the ante 20
LALOLANDAUY: posts the ante 20
Aslan 444131: posts the ante 20
pmilare: posts the ante 20
gastao riffel: posts the ante 20
DaWeEeS: posts the ante 20
rider-rc36: posts the ante 20
gastao riffel: posts small blind 80
DaWeEeS: posts big blind 160
*** HOLE CARDS ***
Dealt to Mahu2021 [Jh Qs]
rider-rc36: folds 
Mahu2021: folds 
Stefano2709: folds 
LALOLANDAUY: raises 160 to 320
Aslan 444131: folds 
pmilare: calls 320
gastao riffel: calls 240
DaWeEeS: calls 160
*** FLOP *** [9s 4c Jd]
gastao riffel: checks 
DaWeEeS: checks 
LALOLANDAUY: bets 1037
pmilare: calls 1037
gastao riffel: folds 
DaWeEeS: folds 
*** TURN *** [9s 4c Jd] [5h]
LALOLANDAUY: bets 2400
pmilare: folds 
Uncalled bet (2400) returned to LALOLANDAUY
LALOLANDAUY collected 3514 from pot
*** SUMMARY ***
Total pot 3514 | Rake 0 
Board [9s 4c Jd 5h]
Seat 1: Mahu2021 folded before Flop (didn't bet)
Seat 2: Stefano2709 folded before Flop (didn't bet)
Seat 3: LALOLANDAUY collected (3514)
Seat 4: Aslan 444131 folded before Flop (didn't bet)
Seat 5: pmilare (button) folded on the Turn
Seat 6: gastao riffel (small blind) folded on the Flop
Seat 7: DaWeEeS (big blind) folded on the Flop
Seat 8: rider-rc36 folded before Flop (didn't bet)



PokerStars Hand #243960014869: Tournament #3593289165, $9.80+$1.20 USD Hold'em No Limit - Level VI (80/160) - 2023/05/28 21:06:55 CET [2023/05/28 15:06:55 ET]
Table '3593289165 318' 8-max Seat #6 is the button
Seat 1: Mahu2021 (7664 in chips) 
Seat 2: Stefano2709 (9574 in chips) 
Seat 3: LALOLANDAUY (11189 in chips) 
Seat 4: Aslan 444131 (8874 in chips) 
Seat 5: pmilare (14849 in chips) 
Seat 6: gastao riffel (20784 in chips) 
Seat 7: DaWeEeS (15222 in chips) 
Seat 8: rider-rc36 (9920 in chips) 
Mahu2021: posts the ante 20
Stefano2709: posts the ante 20
LALOLANDAUY: posts the ante 20
Aslan 444131: posts the ante 20
pmilare: posts the ante 20
gastao riffel: posts the ante 20
DaWeEeS: posts the ante 20
rider-rc36: posts the ante 20
DaWeEeS: posts small blind 80
rider-rc36: posts big blind 160
*** HOLE CARDS ***
Dealt to Mahu2021 [Td Qc]
Mahu2021: folds 
Stefano2709: raises 160 to 320
LALOLANDAUY: folds 
Aslan 444131: folds 
pmilare: raises 960 to 1280
gastao riffel: folds 
DaWeEeS: folds 
rider-rc36: folds 
Stefano2709: raises 8274 to 9554 and is all-in
pmilare: calls 8274
*** FLOP *** [Jd 9d 5s]
*** TURN *** [Jd 9d 5s] [5h]
*** RIVER *** [Jd 9d 5s 5h] [2s]
*** SHOW DOWN ***
Stefano2709: shows [Jc Ks] (two pair, Jacks and Fives)
pmilare: shows [Qh Ac] (a pair of Fives)
Stefano2709 collected 19508 from pot
*** SUMMARY ***
Total pot 19508 | Rake 0 
Board [Jd 9d 5s 5h 2s]
Seat 1: Mahu2021 folded before Flop (didn't bet)
Seat 2: Stefano2709 showed [Jc Ks] and won (19508) with two pair, Jacks and Fives
Seat 3: LALOLANDAUY folded before Flop (didn't bet)
Seat 4: Aslan 444131 folded before Flop (didn't bet)
Seat 5: pmilare showed [Qh Ac] and lost with a pair of Fives
Seat 6: gastao riffel (button) folded before Flop (didn't bet)
Seat 7: DaWeEeS (small blind) folded before Flop
Seat 8: rider-rc36 (big blind) folded before Flop



PokerStars Hand #243960044644: Tournament #3593289165, $9.80+$1.20 USD Hold'em No Limit - Level VI (80/160) - 2023/05/28 21:07:58 CET [2023/05/28 15:07:58 ET]
Table '3593289165 318' 8-max Seat #7 is the button
Seat 1: Mahu2021 (7644 in chips) 
Seat 2: Stefano2709 (19508 in chips) 
Seat 3: LALOLANDAUY (11169 in chips) 
Seat 4: Aslan 444131 (8854 in chips) 
Seat 5: pmilare (5275 in chips) 
Seat 6: gastao riffel (20764 in chips) 
Seat 7: DaWeEeS (15122 in chips) 
Seat 8: rider-rc36 (9740 in chips) 
Mahu2021: posts the ante 20
Stefano2709: posts the ante 20
LALOLANDAUY: posts the ante 20
Aslan 444131: posts the ante 20
pmilare: posts the ante 20
gastao riffel: posts the ante 20
DaWeEeS: posts the ante 20
rider-rc36: posts the ante 20
rider-rc36: posts small blind 80
Mahu2021: posts big blind 160
*** HOLE CARDS ***
Dealt to Mahu2021 [9c 7c]
Stefano2709: folds 
LALOLANDAUY: folds 
Aslan 444131: raises 160 to 320
pmilare: folds 
gastao riffel: folds 
DaWeEeS: calls 320
rider-rc36: folds 
Mahu2021: calls 160
*** FLOP *** [9h 7d Kc]
Mahu2021: bets 1200
Aslan 444131: calls 1200
DaWeEeS: calls 1200
*** TURN *** [9h 7d Kc] [6h]
Mahu2021: bets 6104 and is all-in
Aslan 444131: calls 6104
DaWeEeS: folds 
*** RIVER *** [9h 7d Kc 6h] [3s]
*** SHOW DOWN ***
Mahu2021: shows [9c 7c] (two pair, Nines and Sevens)
Aslan 444131: shows [Kh Ks] (three of a kind, Kings)
Aslan 444131 collected 17008 from pot
Mahu2021 finished the tournament
*** SUMMARY ***
Total pot 17008 | Rake 0 
Board [9h 7d Kc 6h 3s]
Seat 1: Mahu2021 (big blind) showed [9c 7c] and lost with two pair, Nines and Sevens
Seat 2: Stefano2709 folded before Flop (didn't bet)
Seat 3: LALOLANDAUY folded before Flop (didn't bet)
Seat 4: Aslan 444131 showed [Kh Ks] and won (17008) with three of a kind, Kings
Seat 5: pmilare folded before Flop (didn't bet)
Seat 6: gastao riffel folded before Flop (didn't bet)
Seat 7: DaWeEeS (button) folded on the Turn
Seat 8: rider-rc36 (small blind) folded before Flop



