PokerStars Hand #242990696510: Tournament #3575184181, $0.92+$0.08 USD Hold'em No Limit - Level I (10/20) - 2023/04/09 21:53:39 CET [2023/04/09 15:53:39 ET]
Table '3575184181 1' 3-max Seat #1 is the button
Seat 1: mat milsom (500 in chips) 
Seat 2: Rhyann1 (500 in chips) 
Seat 3: Mahu2021 (500 in chips) 
Rhyann1: posts small blind 10
Mahu2021: posts big blind 20
*** HOLE CARDS ***
Dealt to Mahu2021 [Jd 2h]
mat milsom: calls 20
Rhyann1 has timed out
Rhyann1: folds 
Rhyann1 is sitting out
Mahu2021: checks 
*** FLOP *** [Qs 9c Kc]
Mahu2021: bets 20
mat milsom: calls 20
*** TURN *** [Qs 9c Kc] [8h]
Mahu2021: bets 20
mat milsom: calls 20
*** RIVER *** [Qs 9c Kc 8h] [Ks]
Mahu2021: bets 20
mat milsom: calls 20
*** SHOW DOWN ***
Mahu2021: shows [Jd 2h] (a pair of Kings)
mat milsom: shows [Ah 8c] (two pair, Kings and Eights)
mat milsom collected 170 from pot
*** SUMMARY ***
Total pot 170 | Rake 0 
Board [Qs 9c Kc 8h Ks]
Seat 1: mat milsom (button) showed [Ah 8c] and won (170) with two pair, Kings and Eights
Seat 2: Rhyann1 (small blind) folded before Flop
Seat 3: Mahu2021 (big blind) showed [Jd 2h] and lost with a pair of Kings



PokerStars Hand #242990715148: Tournament #3575184181, $0.92+$0.08 USD Hold'em No Limit - Level I (10/20) - 2023/04/09 21:54:20 CET [2023/04/09 15:54:20 ET]
Table '3575184181 1' 3-max Seat #2 is the button
Seat 1: mat milsom (590 in chips) 
Seat 2: Rhyann1 (490 in chips) is sitting out
Seat 3: Mahu2021 (420 in chips) 
Mahu2021: posts small blind 10
mat milsom: posts big blind 20
*** HOLE CARDS ***
Dealt to Mahu2021 [6c 7s]
Rhyann1: folds 
Mahu2021: calls 10
mat milsom: checks 
*** FLOP *** [2d Tc 3s]
Mahu2021: checks 
mat milsom: checks 
*** TURN *** [2d Tc 3s] [3d]
Mahu2021: checks 
mat milsom: checks 
*** RIVER *** [2d Tc 3s 3d] [5c]
Mahu2021: bets 40
mat milsom: calls 40
*** SHOW DOWN ***
Mahu2021: shows [6c 7s] (a pair of Threes)
mat milsom: shows [Js 8s] (a pair of Threes - Jack kicker)
mat milsom collected 120 from pot
*** SUMMARY ***
Total pot 120 | Rake 0 
Board [2d Tc 3s 3d 5c]
Seat 1: mat milsom (big blind) showed [Js 8s] and won (120) with a pair of Threes
Seat 2: Rhyann1 (button) folded before Flop (didn't bet)
Seat 3: Mahu2021 (small blind) showed [6c 7s] and lost with a pair of Threes



PokerStars Hand #242990722741: Tournament #3575184181, $0.92+$0.08 USD Hold'em No Limit - Level I (10/20) - 2023/04/09 21:54:36 CET [2023/04/09 15:54:36 ET]
Table '3575184181 1' 3-max Seat #3 is the button
Seat 1: mat milsom (650 in chips) 
Seat 2: Rhyann1 (490 in chips) is sitting out
Seat 3: Mahu2021 (360 in chips) 
mat milsom: posts small blind 10
Rhyann1: posts big blind 20
*** HOLE CARDS ***
Dealt to Mahu2021 [3s 5d]
Mahu2021: folds 
mat milsom: raises 20 to 40
Rhyann1: folds 
Uncalled bet (20) returned to mat milsom
mat milsom collected 40 from pot
*** SUMMARY ***
Total pot 40 | Rake 0 
Seat 1: mat milsom (small blind) collected (40)
Seat 2: Rhyann1 (big blind) folded before Flop
Seat 3: Mahu2021 (button) folded before Flop (didn't bet)



PokerStars Hand #242990725573: Tournament #3575184181, $0.92+$0.08 USD Hold'em No Limit - Level I (10/20) - 2023/04/09 21:54:42 CET [2023/04/09 15:54:42 ET]
Table '3575184181 1' 3-max Seat #1 is the button
Seat 1: mat milsom (670 in chips) 
Seat 2: Rhyann1 (470 in chips) is sitting out
Seat 3: Mahu2021 (360 in chips) 
Rhyann1: posts small blind 10
Mahu2021: posts big blind 20
*** HOLE CARDS ***
Dealt to Mahu2021 [2h Ts]
mat milsom: folds 
Rhyann1: folds 
Uncalled bet (10) returned to Mahu2021
Mahu2021 collected 20 from pot
Mahu2021: doesn't show hand 
*** SUMMARY ***
Total pot 20 | Rake 0 
Seat 1: mat milsom (button) folded before Flop (didn't bet)
Seat 2: Rhyann1 (small blind) folded before Flop
Seat 3: Mahu2021 (big blind) collected (20)



PokerStars Hand #242990728056: Tournament #3575184181, $0.92+$0.08 USD Hold'em No Limit - Level I (10/20) - 2023/04/09 21:54:48 CET [2023/04/09 15:54:48 ET]
Table '3575184181 1' 3-max Seat #2 is the button
Seat 1: mat milsom (670 in chips) 
Seat 2: Rhyann1 (460 in chips) is sitting out
Seat 3: Mahu2021 (370 in chips) 
Mahu2021: posts small blind 10
mat milsom: posts big blind 20
*** HOLE CARDS ***
Dealt to Mahu2021 [6d 9c]
Rhyann1: folds 
Mahu2021: folds 
Uncalled bet (10) returned to mat milsom
Rhyann1 has returned
mat milsom collected 20 from pot
*** SUMMARY ***
Total pot 20 | Rake 0 
Seat 1: mat milsom (big blind) collected (20)
Seat 2: Rhyann1 (button) folded before Flop (didn't bet)
Seat 3: Mahu2021 (small blind) folded before Flop



PokerStars Hand #242990730326: Tournament #3575184181, $0.92+$0.08 USD Hold'em No Limit - Level I (10/20) - 2023/04/09 21:54:52 CET [2023/04/09 15:54:52 ET]
Table '3575184181 1' 3-max Seat #3 is the button
Seat 1: mat milsom (680 in chips) 
Seat 2: Rhyann1 (460 in chips) 
Seat 3: Mahu2021 (360 in chips) 
mat milsom: posts small blind 10
Rhyann1: posts big blind 20
*** HOLE CARDS ***
Dealt to Mahu2021 [Kh 8d]
Mahu2021: raises 20 to 40
mat milsom: calls 30
Rhyann1: calls 20
*** FLOP *** [4c 6h Jd]
mat milsom: checks 
Rhyann1: checks 
Mahu2021: checks 
*** TURN *** [4c 6h Jd] [Ks]
mat milsom: checks 
Rhyann1: checks 
Mahu2021: bets 120
mat milsom: calls 120
Rhyann1: folds 
*** RIVER *** [4c 6h Jd Ks] [8c]
mat milsom: checks 
Mahu2021: bets 200 and is all-in
mat milsom: folds 
Uncalled bet (200) returned to Mahu2021
Mahu2021 collected 360 from pot
Mahu2021: doesn't show hand 
*** SUMMARY ***
Total pot 360 | Rake 0 
Board [4c 6h Jd Ks 8c]
Seat 1: mat milsom (small blind) folded on the River
Seat 2: Rhyann1 (big blind) folded on the Turn
Seat 3: Mahu2021 (button) collected (360)



PokerStars Hand #242990742684: Tournament #3575184181, $0.92+$0.08 USD Hold'em No Limit - Level I (10/20) - 2023/04/09 21:55:26 CET [2023/04/09 15:55:26 ET]
Table '3575184181 1' 3-max Seat #1 is the button
Seat 1: mat milsom (520 in chips) 
Seat 2: Rhyann1 (420 in chips) 
Seat 3: Mahu2021 (560 in chips) 
Rhyann1: posts small blind 10
Mahu2021: posts big blind 20
*** HOLE CARDS ***
Dealt to Mahu2021 [Kc 3h]
mat milsom: folds 
Rhyann1: calls 10
Mahu2021: checks 
*** FLOP *** [Qh Kh 9c]
Rhyann1: bets 20
Mahu2021: calls 20
*** TURN *** [Qh Kh 9c] [2h]
Rhyann1: checks 
Mahu2021: checks 
*** RIVER *** [Qh Kh 9c 2h] [7d]
Rhyann1: checks 
Mahu2021: checks 
*** SHOW DOWN ***
Rhyann1: shows [4h Th] (a flush, King high)
Mahu2021: mucks hand 
Rhyann1 collected 80 from pot
*** SUMMARY ***
Total pot 80 | Rake 0 
Board [Qh Kh 9c 2h 7d]
Seat 1: mat milsom (button) folded before Flop (didn't bet)
Seat 2: Rhyann1 (small blind) showed [4h Th] and won (80) with a flush, King high
Seat 3: Mahu2021 (big blind) mucked [Kc 3h]



PokerStars Hand #242990747731: Tournament #3575184181, $0.92+$0.08 USD Hold'em No Limit - Level I (10/20) - 2023/04/09 21:55:46 CET [2023/04/09 15:55:46 ET]
Table '3575184181 1' 3-max Seat #2 is the button
Seat 1: mat milsom (520 in chips) 
Seat 2: Rhyann1 (460 in chips) 
Seat 3: Mahu2021 (520 in chips) 
Mahu2021: posts small blind 10
mat milsom: posts big blind 20
*** HOLE CARDS ***
Dealt to Mahu2021 [9s 6h]
Rhyann1: folds 
Mahu2021: calls 10
mat milsom: checks 
*** FLOP *** [2d 2c 4c]
Mahu2021: checks 
mat milsom: bets 20
Mahu2021: folds 
Uncalled bet (20) returned to mat milsom
mat milsom collected 40 from pot
*** SUMMARY ***
Total pot 40 | Rake 0 
Board [2d 2c 4c]
Seat 1: mat milsom (big blind) collected (40)
Seat 2: Rhyann1 (button) folded before Flop (didn't bet)
Seat 3: Mahu2021 (small blind) folded on the Flop



PokerStars Hand #242990751314: Tournament #3575184181, $0.92+$0.08 USD Hold'em No Limit - Level I (10/20) - 2023/04/09 21:56:00 CET [2023/04/09 15:56:00 ET]
Table '3575184181 1' 3-max Seat #3 is the button
Seat 1: mat milsom (540 in chips) 
Seat 2: Rhyann1 (460 in chips) 
Seat 3: Mahu2021 (500 in chips) 
mat milsom: posts small blind 10
Rhyann1: posts big blind 20
*** HOLE CARDS ***
Dealt to Mahu2021 [Kc 9d]
Mahu2021: raises 20 to 40
mat milsom: calls 30
Rhyann1 has timed out
Rhyann1: folds 
Rhyann1 is sitting out
*** FLOP *** [Kd 5c 8s]
mat milsom: checks 
Mahu2021: bets 40
mat milsom: folds 
Uncalled bet (40) returned to Mahu2021
Mahu2021 collected 100 from pot
Mahu2021: doesn't show hand 
*** SUMMARY ***
Total pot 100 | Rake 0 
Board [Kd 5c 8s]
Seat 1: mat milsom (small blind) folded on the Flop
Seat 2: Rhyann1 (big blind) folded before Flop
Seat 3: Mahu2021 (button) collected (100)



PokerStars Hand #242990758208: Tournament #3575184181, $0.92+$0.08 USD Hold'em No Limit - Level I (10/20) - 2023/04/09 21:56:26 CET [2023/04/09 15:56:26 ET]
Table '3575184181 1' 3-max Seat #1 is the button
Seat 1: mat milsom (500 in chips) 
Seat 2: Rhyann1 (440 in chips) is sitting out
Seat 3: Mahu2021 (560 in chips) 
Rhyann1: posts small blind 10
Mahu2021: posts big blind 20
*** HOLE CARDS ***
Dealt to Mahu2021 [7c 3s]
Rhyann1 has returned
mat milsom: folds 
Rhyann1: calls 10
Mahu2021: checks 
*** FLOP *** [2s Jc 7d]
Rhyann1: checks 
Mahu2021: bets 20
Rhyann1: folds 
Uncalled bet (20) returned to Mahu2021
Mahu2021 collected 40 from pot
Mahu2021: doesn't show hand 
*** SUMMARY ***
Total pot 40 | Rake 0 
Board [2s Jc 7d]
Seat 1: mat milsom (button) folded before Flop (didn't bet)
Seat 2: Rhyann1 (small blind) folded on the Flop
Seat 3: Mahu2021 (big blind) collected (40)



PokerStars Hand #242990761886: Tournament #3575184181, $0.92+$0.08 USD Hold'em No Limit - Level I (10/20) - 2023/04/09 21:56:40 CET [2023/04/09 15:56:40 ET]
Table '3575184181 1' 3-max Seat #2 is the button
Seat 1: mat milsom (500 in chips) 
Seat 2: Rhyann1 (420 in chips) 
Seat 3: Mahu2021 (580 in chips) 
Mahu2021: posts small blind 10
mat milsom: posts big blind 20
*** HOLE CARDS ***
Dealt to Mahu2021 [Kh Ts]
Rhyann1: calls 20
Mahu2021: calls 10
mat milsom: checks 
*** FLOP *** [6d Qc Jd]
Mahu2021: bets 60
mat milsom: calls 60
Rhyann1: calls 60
*** TURN *** [6d Qc Jd] [9d]
Mahu2021: checks 
mat milsom: bets 40
Rhyann1: folds 
Mahu2021: calls 40
*** RIVER *** [6d Qc Jd 9d] [8c]
Mahu2021: checks 
mat milsom: checks 
*** SHOW DOWN ***
Mahu2021: shows [Kh Ts] (a straight, Nine to King)
mat milsom: mucks hand 
Mahu2021 collected 320 from pot
*** SUMMARY ***
Total pot 320 | Rake 0 
Board [6d Qc Jd 9d 8c]
Seat 1: mat milsom (big blind) mucked [Jc 3s]
Seat 2: Rhyann1 (button) folded on the Turn
Seat 3: Mahu2021 (small blind) showed [Kh Ts] and won (320) with a straight, Nine to King



PokerStars Hand #242990770397: Tournament #3575184181, $0.92+$0.08 USD Hold'em No Limit - Level II (15/30) - 2023/04/09 21:57:12 CET [2023/04/09 15:57:12 ET]
Table '3575184181 1' 3-max Seat #3 is the button
Seat 1: mat milsom (380 in chips) 
Seat 2: Rhyann1 (340 in chips) 
Seat 3: Mahu2021 (780 in chips) 
mat milsom: posts small blind 15
Rhyann1: posts big blind 30
*** HOLE CARDS ***
Dealt to Mahu2021 [4s Kd]
Mahu2021: folds 
mat milsom: calls 15
Rhyann1: checks 
*** FLOP *** [2d As 7h]
mat milsom: checks 
Rhyann1: checks 
*** TURN *** [2d As 7h] [4c]
mat milsom: checks 
Rhyann1: bets 30
mat milsom: calls 30
*** RIVER *** [2d As 7h 4c] [Kc]
mat milsom: checks 
Rhyann1: checks 
*** SHOW DOWN ***
mat milsom: shows [9c Th] (high card Ace)
Rhyann1: shows [4d 5c] (a pair of Fours)
Rhyann1 collected 120 from pot
*** SUMMARY ***
Total pot 120 | Rake 0 
Board [2d As 7h 4c Kc]
Seat 1: mat milsom (small blind) showed [9c Th] and lost with high card Ace
Seat 2: Rhyann1 (big blind) showed [4d 5c] and won (120) with a pair of Fours
Seat 3: Mahu2021 (button) folded before Flop (didn't bet)



PokerStars Hand #242990780390: Tournament #3575184181, $0.92+$0.08 USD Hold'em No Limit - Level II (15/30) - 2023/04/09 21:57:50 CET [2023/04/09 15:57:50 ET]
Table '3575184181 1' 3-max Seat #1 is the button
Seat 1: mat milsom (320 in chips) 
Seat 2: Rhyann1 (400 in chips) 
Seat 3: Mahu2021 (780 in chips) 
Rhyann1: posts small blind 15
Mahu2021: posts big blind 30
*** HOLE CARDS ***
Dealt to Mahu2021 [3h Kc]
mat milsom: folds 
Rhyann1: calls 15
Mahu2021: checks 
*** FLOP *** [Ts Js Ac]
Rhyann1: checks 
Mahu2021: bets 30
Rhyann1: raises 340 to 370 and is all-in
Mahu2021: folds 
Uncalled bet (340) returned to Rhyann1
Rhyann1 collected 120 from pot
*** SUMMARY ***
Total pot 120 | Rake 0 
Board [Ts Js Ac]
Seat 1: mat milsom (button) folded before Flop (didn't bet)
Seat 2: Rhyann1 (small blind) collected (120)
Seat 3: Mahu2021 (big blind) folded on the Flop



PokerStars Hand #242990784447: Tournament #3575184181, $0.92+$0.08 USD Hold'em No Limit - Level II (15/30) - 2023/04/09 21:58:05 CET [2023/04/09 15:58:05 ET]
Table '3575184181 1' 3-max Seat #2 is the button
Seat 1: mat milsom (320 in chips) 
Seat 2: Rhyann1 (460 in chips) 
Seat 3: Mahu2021 (720 in chips) 
Mahu2021: posts small blind 15
mat milsom: posts big blind 30
*** HOLE CARDS ***
Dealt to Mahu2021 [Js 2c]
Rhyann1: folds 
Mahu2021: calls 15
mat milsom: checks 
*** FLOP *** [5d Ah 9c]
Mahu2021: checks 
mat milsom: bets 30
Mahu2021: folds 
Uncalled bet (30) returned to mat milsom
mat milsom collected 60 from pot
*** SUMMARY ***
Total pot 60 | Rake 0 
Board [5d Ah 9c]
Seat 1: mat milsom (big blind) collected (60)
Seat 2: Rhyann1 (button) folded before Flop (didn't bet)
Seat 3: Mahu2021 (small blind) folded on the Flop



PokerStars Hand #242990788362: Tournament #3575184181, $0.92+$0.08 USD Hold'em No Limit - Level II (15/30) - 2023/04/09 21:58:19 CET [2023/04/09 15:58:19 ET]
Table '3575184181 1' 3-max Seat #3 is the button
Seat 1: mat milsom (350 in chips) 
Seat 2: Rhyann1 (460 in chips) 
Seat 3: Mahu2021 (690 in chips) 
mat milsom: posts small blind 15
Rhyann1: posts big blind 30
*** HOLE CARDS ***
Dealt to Mahu2021 [4h Ts]
Mahu2021: folds 
mat milsom: calls 15
Rhyann1 has timed out
Rhyann1: checks 
*** FLOP *** [Qh 2h Td]
mat milsom: bets 30
Rhyann1 has timed out
Rhyann1: folds 
Rhyann1 is sitting out
Uncalled bet (30) returned to mat milsom
mat milsom collected 60 from pot
*** SUMMARY ***
Total pot 60 | Rake 0 
Board [Qh 2h Td]
Seat 1: mat milsom (small blind) collected (60)
Seat 2: Rhyann1 (big blind) folded on the Flop
Seat 3: Mahu2021 (button) folded before Flop (didn't bet)



PokerStars Hand #242990798433: Tournament #3575184181, $0.92+$0.08 USD Hold'em No Limit - Level II (15/30) - 2023/04/09 21:58:56 CET [2023/04/09 15:58:56 ET]
Table '3575184181 1' 3-max Seat #1 is the button
Seat 1: mat milsom (380 in chips) 
Seat 2: Rhyann1 (430 in chips) is sitting out
Seat 3: Mahu2021 (690 in chips) 
Rhyann1: posts small blind 15
Mahu2021: posts big blind 30
*** HOLE CARDS ***
Dealt to Mahu2021 [4h 2h]
mat milsom: folds 
Rhyann1: folds 
Uncalled bet (15) returned to Mahu2021
Mahu2021 collected 30 from pot
Mahu2021: doesn't show hand 
Rhyann1 has returned
*** SUMMARY ***
Total pot 30 | Rake 0 
Seat 1: mat milsom (button) folded before Flop (didn't bet)
Seat 2: Rhyann1 (small blind) folded before Flop
Seat 3: Mahu2021 (big blind) collected (30)



PokerStars Hand #242990799871: Tournament #3575184181, $0.92+$0.08 USD Hold'em No Limit - Level II (15/30) - 2023/04/09 21:59:02 CET [2023/04/09 15:59:02 ET]
Table '3575184181 1' 3-max Seat #2 is the button
Seat 1: mat milsom (380 in chips) 
Seat 2: Rhyann1 (415 in chips) 
Seat 3: Mahu2021 (705 in chips) 
Mahu2021: posts small blind 15
mat milsom: posts big blind 30
*** HOLE CARDS ***
Dealt to Mahu2021 [2s Kd]
Rhyann1: folds 
Mahu2021: calls 15
mat milsom: checks 
*** FLOP *** [9c 5c 3d]
Mahu2021: bets 30
mat milsom: calls 30
*** TURN *** [9c 5c 3d] [7s]
Mahu2021: checks 
mat milsom: checks 
*** RIVER *** [9c 5c 3d 7s] [6d]
Mahu2021: checks 
mat milsom: bets 30
Mahu2021: folds 
Uncalled bet (30) returned to mat milsom
mat milsom collected 120 from pot
*** SUMMARY ***
Total pot 120 | Rake 0 
Board [9c 5c 3d 7s 6d]
Seat 1: mat milsom (big blind) collected (120)
Seat 2: Rhyann1 (button) folded before Flop (didn't bet)
Seat 3: Mahu2021 (small blind) folded on the River



PokerStars Hand #242990805298: Tournament #3575184181, $0.92+$0.08 USD Hold'em No Limit - Level II (15/30) - 2023/04/09 21:59:22 CET [2023/04/09 15:59:22 ET]
Table '3575184181 1' 3-max Seat #3 is the button
Seat 1: mat milsom (440 in chips) 
Seat 2: Rhyann1 (415 in chips) 
Seat 3: Mahu2021 (645 in chips) 
mat milsom: posts small blind 15
Rhyann1: posts big blind 30
*** HOLE CARDS ***
Dealt to Mahu2021 [7h Ks]
Mahu2021: calls 30
mat milsom: calls 15
Rhyann1: checks 
*** FLOP *** [2h Js 6c]
mat milsom: checks 
Rhyann1: checks 
Mahu2021: bets 30
mat milsom: calls 30
Rhyann1: calls 30
*** TURN *** [2h Js 6c] [Kc]
mat milsom: checks 
Rhyann1: checks 
Mahu2021: bets 585 and is all-in
mat milsom: folds 
Rhyann1: folds 
Uncalled bet (585) returned to Mahu2021
Mahu2021 collected 180 from pot
Mahu2021: doesn't show hand 
*** SUMMARY ***
Total pot 180 | Rake 0 
Board [2h Js 6c Kc]
Seat 1: mat milsom (small blind) folded on the Turn
Seat 2: Rhyann1 (big blind) folded on the Turn
Seat 3: Mahu2021 (button) collected (180)



PokerStars Hand #242990812917: Tournament #3575184181, $0.92+$0.08 USD Hold'em No Limit - Level III (20/40) - 2023/04/09 21:59:50 CET [2023/04/09 15:59:50 ET]
Table '3575184181 1' 3-max Seat #1 is the button
Seat 1: mat milsom (380 in chips) 
Seat 2: Rhyann1 (355 in chips) 
Seat 3: Mahu2021 (765 in chips) 
Rhyann1: posts small blind 20
Mahu2021: posts big blind 40
*** HOLE CARDS ***
Dealt to Mahu2021 [Qd Qc]
mat milsom: calls 40
Rhyann1: folds 
Mahu2021: raises 725 to 765 and is all-in
mat milsom: folds 
Uncalled bet (725) returned to Mahu2021
Mahu2021 collected 100 from pot
Mahu2021: doesn't show hand 
*** SUMMARY ***
Total pot 100 | Rake 0 
Seat 1: mat milsom (button) folded before Flop
Seat 2: Rhyann1 (small blind) folded before Flop
Seat 3: Mahu2021 (big blind) collected (100)



PokerStars Hand #242990815573: Tournament #3575184181, $0.92+$0.08 USD Hold'em No Limit - Level III (20/40) - 2023/04/09 22:00:00 CET [2023/04/09 16:00:00 ET]
Table '3575184181 1' 3-max Seat #2 is the button
Seat 1: mat milsom (340 in chips) 
Seat 2: Rhyann1 (335 in chips) 
Seat 3: Mahu2021 (825 in chips) 
Mahu2021: posts small blind 20
mat milsom: posts big blind 40
*** HOLE CARDS ***
Dealt to Mahu2021 [Kh Th]
Rhyann1: folds 
Mahu2021: raises 40 to 80
mat milsom: folds 
Uncalled bet (40) returned to Mahu2021
Mahu2021 collected 80 from pot
Mahu2021: doesn't show hand 
*** SUMMARY ***
Total pot 80 | Rake 0 
Seat 1: mat milsom (big blind) folded before Flop
Seat 2: Rhyann1 (button) folded before Flop (didn't bet)
Seat 3: Mahu2021 (small blind) collected (80)



PokerStars Hand #242990818385: Tournament #3575184181, $0.92+$0.08 USD Hold'em No Limit - Level III (20/40) - 2023/04/09 22:00:10 CET [2023/04/09 16:00:10 ET]
Table '3575184181 1' 3-max Seat #3 is the button
Seat 1: mat milsom (300 in chips) 
Seat 2: Rhyann1 (335 in chips) 
Seat 3: Mahu2021 (865 in chips) 
mat milsom: posts small blind 20
Rhyann1: posts big blind 40
*** HOLE CARDS ***
Dealt to Mahu2021 [3d Td]
Mahu2021: folds 
mat milsom: calls 20
Rhyann1: checks 
*** FLOP *** [Jc 3h Js]
mat milsom: checks 
Rhyann1: checks 
*** TURN *** [Jc 3h Js] [6h]
mat milsom: checks 
Rhyann1: bets 40
mat milsom: calls 40
*** RIVER *** [Jc 3h Js 6h] [7c]
mat milsom: checks 
Rhyann1: bets 80
mat milsom: folds 
Uncalled bet (80) returned to Rhyann1
Rhyann1 collected 160 from pot
*** SUMMARY ***
Total pot 160 | Rake 0 
Board [Jc 3h Js 6h 7c]
Seat 1: mat milsom (small blind) folded on the River
Seat 2: Rhyann1 (big blind) collected (160)
Seat 3: Mahu2021 (button) folded before Flop (didn't bet)



PokerStars Hand #242990825388: Tournament #3575184181, $0.92+$0.08 USD Hold'em No Limit - Level III (20/40) - 2023/04/09 22:00:33 CET [2023/04/09 16:00:33 ET]
Table '3575184181 1' 3-max Seat #1 is the button
Seat 1: mat milsom (220 in chips) 
Seat 2: Rhyann1 (415 in chips) 
Seat 3: Mahu2021 (865 in chips) 
Rhyann1: posts small blind 20
Mahu2021: posts big blind 40
*** HOLE CARDS ***
Dealt to Mahu2021 [Qd 7s]
mat milsom: folds 
Rhyann1: folds 
Uncalled bet (20) returned to Mahu2021
Mahu2021 collected 40 from pot
Mahu2021: doesn't show hand 
*** SUMMARY ***
Total pot 40 | Rake 0 
Seat 1: mat milsom (button) folded before Flop (didn't bet)
Seat 2: Rhyann1 (small blind) folded before Flop
Seat 3: Mahu2021 (big blind) collected (40)



PokerStars Hand #242990827060: Tournament #3575184181, $0.92+$0.08 USD Hold'em No Limit - Level III (20/40) - 2023/04/09 22:00:38 CET [2023/04/09 16:00:38 ET]
Table '3575184181 1' 3-max Seat #2 is the button
Seat 1: mat milsom (220 in chips) 
Seat 2: Rhyann1 (395 in chips) 
Seat 3: Mahu2021 (885 in chips) 
Mahu2021: posts small blind 20
mat milsom: posts big blind 40
*** HOLE CARDS ***
Dealt to Mahu2021 [Jc 4s]
Rhyann1: folds 
Mahu2021: calls 20
mat milsom: raises 40 to 80
Mahu2021: calls 40
*** FLOP *** [6h 4c 9c]
Mahu2021: checks 
mat milsom: bets 40
Mahu2021: calls 40
*** TURN *** [6h 4c 9c] [Td]
Mahu2021: checks 
mat milsom: bets 40
Mahu2021: calls 40
*** RIVER *** [6h 4c 9c Td] [Js]
Mahu2021: bets 40
mat milsom: calls 40
*** SHOW DOWN ***
Mahu2021: shows [Jc 4s] (two pair, Jacks and Fours)
mat milsom: shows [9h 9d] (three of a kind, Nines)
mat milsom collected 400 from pot
*** SUMMARY ***
Total pot 400 | Rake 0 
Board [6h 4c 9c Td Js]
Seat 1: mat milsom (big blind) showed [9h 9d] and won (400) with three of a kind, Nines
Seat 2: Rhyann1 (button) folded before Flop (didn't bet)
Seat 3: Mahu2021 (small blind) showed [Jc 4s] and lost with two pair, Jacks and Fours



PokerStars Hand #242990835147: Tournament #3575184181, $0.92+$0.08 USD Hold'em No Limit - Level III (20/40) - 2023/04/09 22:01:03 CET [2023/04/09 16:01:03 ET]
Table '3575184181 1' 3-max Seat #3 is the button
Seat 1: mat milsom (420 in chips) 
Seat 2: Rhyann1 (395 in chips) 
Seat 3: Mahu2021 (685 in chips) 
mat milsom: posts small blind 20
Rhyann1: posts big blind 40
*** HOLE CARDS ***
Dealt to Mahu2021 [5h Ac]
Mahu2021: calls 40
mat milsom: calls 20
Rhyann1: checks 
*** FLOP *** [Ks 3h 3s]
mat milsom: bets 40
Rhyann1: folds 
Mahu2021: folds 
Uncalled bet (40) returned to mat milsom
mat milsom collected 120 from pot
*** SUMMARY ***
Total pot 120 | Rake 0 
Board [Ks 3h 3s]
Seat 1: mat milsom (small blind) collected (120)
Seat 2: Rhyann1 (big blind) folded on the Flop
Seat 3: Mahu2021 (button) folded on the Flop



PokerStars Hand #242990839737: Tournament #3575184181, $0.92+$0.08 USD Hold'em No Limit - Level III (20/40) - 2023/04/09 22:01:17 CET [2023/04/09 16:01:17 ET]
Table '3575184181 1' 3-max Seat #1 is the button
Seat 1: mat milsom (500 in chips) 
Seat 2: Rhyann1 (355 in chips) 
Seat 3: Mahu2021 (645 in chips) 
Rhyann1: posts small blind 20
Mahu2021: posts big blind 40
*** HOLE CARDS ***
Dealt to Mahu2021 [Kc 2h]
mat milsom: calls 40
Rhyann1: calls 20
Mahu2021: checks 
*** FLOP *** [Jh 8s 8c]
Rhyann1: checks 
Mahu2021: bets 40
mat milsom: folds 
Rhyann1: folds 
Uncalled bet (40) returned to Mahu2021
Mahu2021 collected 120 from pot
Mahu2021: doesn't show hand 
*** SUMMARY ***
Total pot 120 | Rake 0 
Board [Jh 8s 8c]
Seat 1: mat milsom (button) folded on the Flop
Seat 2: Rhyann1 (small blind) folded on the Flop
Seat 3: Mahu2021 (big blind) collected (120)



PokerStars Hand #242990849647: Tournament #3575184181, $0.92+$0.08 USD Hold'em No Limit - Level III (20/40) - 2023/04/09 22:01:44 CET [2023/04/09 16:01:44 ET]
Table '3575184181 1' 3-max Seat #2 is the button
Seat 1: mat milsom (460 in chips) 
Seat 2: Rhyann1 (315 in chips) 
Seat 3: Mahu2021 (725 in chips) 
Mahu2021: posts small blind 20
mat milsom: posts big blind 40
*** HOLE CARDS ***
Dealt to Mahu2021 [9c 8h]
Rhyann1: raises 275 to 315 and is all-in
Mahu2021: folds 
mat milsom: calls 275
*** FLOP *** [6c 2s 9s]
*** TURN *** [6c 2s 9s] [Td]
*** RIVER *** [6c 2s 9s Td] [Jd]
*** SHOW DOWN ***
mat milsom: shows [Ad 7d] (high card Ace)
Rhyann1: shows [3s 3c] (a pair of Threes)
Rhyann1 collected 650 from pot
*** SUMMARY ***
Total pot 650 | Rake 0 
Board [6c 2s 9s Td Jd]
Seat 1: mat milsom (big blind) showed [Ad 7d] and lost with high card Ace
Seat 2: Rhyann1 (button) showed [3s 3c] and won (650) with a pair of Threes
Seat 3: Mahu2021 (small blind) folded before Flop



PokerStars Hand #242990860206: Tournament #3575184181, $0.92+$0.08 USD Hold'em No Limit - Level III (20/40) - 2023/04/09 22:02:11 CET [2023/04/09 16:02:11 ET]
Table '3575184181 1' 3-max Seat #3 is the button
Seat 1: mat milsom (145 in chips) 
Seat 2: Rhyann1 (650 in chips) 
Seat 3: Mahu2021 (705 in chips) 
mat milsom: posts small blind 20
Rhyann1: posts big blind 40
*** HOLE CARDS ***
Dealt to Mahu2021 [2d Td]
Mahu2021: folds 
mat milsom: calls 20
Rhyann1: raises 610 to 650 and is all-in
mat milsom: folds 
Uncalled bet (610) returned to Rhyann1
Rhyann1 collected 80 from pot
*** SUMMARY ***
Total pot 80 | Rake 0 
Seat 1: mat milsom (small blind) folded before Flop
Seat 2: Rhyann1 (big blind) collected (80)
Seat 3: Mahu2021 (button) folded before Flop (didn't bet)



PokerStars Hand #242990868447: Tournament #3575184181, $0.92+$0.08 USD Hold'em No Limit - Level III (20/40) - 2023/04/09 22:02:28 CET [2023/04/09 16:02:28 ET]
Table '3575184181 1' 3-max Seat #1 is the button
Seat 1: mat milsom (105 in chips) 
Seat 2: Rhyann1 (690 in chips) 
Seat 3: Mahu2021 (705 in chips) 
Rhyann1: posts small blind 20
Mahu2021: posts big blind 40
*** HOLE CARDS ***
Dealt to Mahu2021 [Kh 6h]
mat milsom: folds 
Rhyann1: calls 20
Mahu2021: checks 
*** FLOP *** [As Qd Kc]
Rhyann1: checks 
Mahu2021: bets 40
Rhyann1: calls 40
*** TURN *** [As Qd Kc] [2d]
Rhyann1: checks 
Mahu2021: checks 
*** RIVER *** [As Qd Kc 2d] [Jh]
Rhyann1: checks 
Mahu2021: checks 
*** SHOW DOWN ***
Rhyann1: shows [Ts 8h] (a straight, Ten to Ace)
Mahu2021: mucks hand 
Rhyann1 collected 160 from pot
*** SUMMARY ***
Total pot 160 | Rake 0 
Board [As Qd Kc 2d Jh]
Seat 1: mat milsom (button) folded before Flop (didn't bet)
Seat 2: Rhyann1 (small blind) showed [Ts 8h] and won (160) with a straight, Ten to Ace
Seat 3: Mahu2021 (big blind) mucked [Kh 6h]



PokerStars Hand #242990878947: Tournament #3575184181, $0.92+$0.08 USD Hold'em No Limit - Level IV (30/60) - 2023/04/09 22:02:52 CET [2023/04/09 16:02:52 ET]
Table '3575184181 1' 3-max Seat #2 is the button
Seat 1: mat milsom (105 in chips) 
Seat 2: Rhyann1 (770 in chips) 
Seat 3: Mahu2021 (625 in chips) 
Mahu2021: posts small blind 30
mat milsom: posts big blind 60
*** HOLE CARDS ***
Dealt to Mahu2021 [2c Kc]
Rhyann1: calls 60
Mahu2021: raises 60 to 120
mat milsom: calls 45 and is all-in
Rhyann1: calls 60
*** FLOP *** [Ac Jh 3d]
Mahu2021: checks 
Rhyann1: checks 
*** TURN *** [Ac Jh 3d] [9c]
Mahu2021: checks 
Rhyann1: checks 
*** RIVER *** [Ac Jh 3d 9c] [2d]
Mahu2021: bets 505 and is all-in
Rhyann1: folds 
Uncalled bet (505) returned to Mahu2021
*** SHOW DOWN ***
Mahu2021: shows [2c Kc] (a pair of Deuces)
Mahu2021 collected 30 from side pot
mat milsom: shows [Qc Ah] (a pair of Aces)
mat milsom collected 315 from main pot
*** SUMMARY ***
Total pot 345 Main pot 315. Side pot 30. | Rake 0 
Board [Ac Jh 3d 9c 2d]
Seat 1: mat milsom (big blind) showed [Qc Ah] and won (315) with a pair of Aces
Seat 2: Rhyann1 (button) folded on the River
Seat 3: Mahu2021 (small blind) showed [2c Kc] and won (30) with a pair of Deuces



PokerStars Hand #242990891799: Tournament #3575184181, $0.92+$0.08 USD Hold'em No Limit - Level IV (30/60) - 2023/04/09 22:03:19 CET [2023/04/09 16:03:19 ET]
Table '3575184181 1' 3-max Seat #3 is the button
Seat 1: mat milsom (315 in chips) 
Seat 2: Rhyann1 (650 in chips) 
Seat 3: Mahu2021 (535 in chips) 
mat milsom: posts small blind 30
Rhyann1: posts big blind 60
*** HOLE CARDS ***
Dealt to Mahu2021 [5h Ad]
Mahu2021: raises 475 to 535 and is all-in
mat milsom: folds 
Rhyann1: folds 
Uncalled bet (475) returned to Mahu2021
Mahu2021 collected 150 from pot
Mahu2021: doesn't show hand 
*** SUMMARY ***
Total pot 150 | Rake 0 
Seat 1: mat milsom (small blind) folded before Flop
Seat 2: Rhyann1 (big blind) folded before Flop
Seat 3: Mahu2021 (button) collected (150)



PokerStars Hand #242990897319: Tournament #3575184181, $0.92+$0.08 USD Hold'em No Limit - Level IV (30/60) - 2023/04/09 22:03:32 CET [2023/04/09 16:03:32 ET]
Table '3575184181 1' 3-max Seat #1 is the button
Seat 1: mat milsom (285 in chips) 
Seat 2: Rhyann1 (590 in chips) 
Seat 3: Mahu2021 (625 in chips) 
Rhyann1: posts small blind 30
Mahu2021: posts big blind 60
*** HOLE CARDS ***
Dealt to Mahu2021 [9s Js]
mat milsom: folds 
Rhyann1: calls 30
Mahu2021: checks 
*** FLOP *** [9h 6c 3h]
Rhyann1: checks 
Mahu2021: bets 565 and is all-in
Rhyann1: folds 
Uncalled bet (565) returned to Mahu2021
Mahu2021 collected 120 from pot
Mahu2021: doesn't show hand 
*** SUMMARY ***
Total pot 120 | Rake 0 
Board [9h 6c 3h]
Seat 1: mat milsom (button) folded before Flop (didn't bet)
Seat 2: Rhyann1 (small blind) folded on the Flop
Seat 3: Mahu2021 (big blind) collected (120)



PokerStars Hand #242990904534: Tournament #3575184181, $0.92+$0.08 USD Hold'em No Limit - Level IV (30/60) - 2023/04/09 22:03:47 CET [2023/04/09 16:03:47 ET]
Table '3575184181 1' 3-max Seat #2 is the button
Seat 1: mat milsom (285 in chips) 
Seat 2: Rhyann1 (530 in chips) 
Seat 3: Mahu2021 (685 in chips) 
Mahu2021: posts small blind 30
mat milsom: posts big blind 60
*** HOLE CARDS ***
Dealt to Mahu2021 [Tc 4c]
Rhyann1: folds 
Mahu2021: folds 
Uncalled bet (30) returned to mat milsom
mat milsom collected 60 from pot
*** SUMMARY ***
Total pot 60 | Rake 0 
Seat 1: mat milsom (big blind) collected (60)
Seat 2: Rhyann1 (button) folded before Flop (didn't bet)
Seat 3: Mahu2021 (small blind) folded before Flop



PokerStars Hand #242990907152: Tournament #3575184181, $0.92+$0.08 USD Hold'em No Limit - Level IV (30/60) - 2023/04/09 22:03:53 CET [2023/04/09 16:03:53 ET]
Table '3575184181 1' 3-max Seat #3 is the button
Seat 1: mat milsom (315 in chips) 
Seat 2: Rhyann1 (530 in chips) 
Seat 3: Mahu2021 (655 in chips) 
mat milsom: posts small blind 30
Rhyann1: posts big blind 60
*** HOLE CARDS ***
Dealt to Mahu2021 [Ts 3s]
Mahu2021: folds 
mat milsom: calls 30
Rhyann1: checks 
*** FLOP *** [3h 4s 8s]
mat milsom: checks 
Rhyann1: bets 470 and is all-in
mat milsom: folds 
Uncalled bet (470) returned to Rhyann1
Rhyann1 collected 120 from pot
*** SUMMARY ***
Total pot 120 | Rake 0 
Board [3h 4s 8s]
Seat 1: mat milsom (small blind) folded on the Flop
Seat 2: Rhyann1 (big blind) collected (120)
Seat 3: Mahu2021 (button) folded before Flop (didn't bet)



PokerStars Hand #242990915728: Tournament #3575184181, $0.92+$0.08 USD Hold'em No Limit - Level IV (30/60) - 2023/04/09 22:04:11 CET [2023/04/09 16:04:11 ET]
Table '3575184181 1' 3-max Seat #1 is the button
Seat 1: mat milsom (255 in chips) 
Seat 2: Rhyann1 (590 in chips) 
Seat 3: Mahu2021 (655 in chips) 
Rhyann1: posts small blind 30
Mahu2021: posts big blind 60
*** HOLE CARDS ***
Dealt to Mahu2021 [9s Kh]
mat milsom: folds 
Rhyann1: raises 530 to 590 and is all-in
Mahu2021: calls 530
*** FLOP *** [2s Jh 8d]
*** TURN *** [2s Jh 8d] [2d]
*** RIVER *** [2s Jh 8d 2d] [Jc]
*** SHOW DOWN ***
Rhyann1: shows [7s 7h] (two pair, Jacks and Sevens)
Mahu2021: shows [9s Kh] (two pair, Jacks and Deuces)
Rhyann1 collected 1180 from pot
*** SUMMARY ***
Total pot 1180 | Rake 0 
Board [2s Jh 8d 2d Jc]
Seat 1: mat milsom (button) folded before Flop (didn't bet)
Seat 2: Rhyann1 (small blind) showed [7s 7h] and won (1180) with two pair, Jacks and Sevens
Seat 3: Mahu2021 (big blind) showed [9s Kh] and lost with two pair, Jacks and Deuces



PokerStars Hand #242990922453: Tournament #3575184181, $0.92+$0.08 USD Hold'em No Limit - Level IV (30/60) - 2023/04/09 22:04:25 CET [2023/04/09 16:04:25 ET]
Table '3575184181 1' 3-max Seat #2 is the button
Seat 1: mat milsom (255 in chips) 
Seat 2: Rhyann1 (1180 in chips) 
Seat 3: Mahu2021 (65 in chips) 
Mahu2021: posts small blind 30
mat milsom: posts big blind 60
*** HOLE CARDS ***
Dealt to Mahu2021 [8c 7c]
Rhyann1: calls 60
Mahu2021: calls 30
mat milsom: raises 60 to 120
Rhyann1: calls 60
Mahu2021: calls 5 and is all-in
*** FLOP *** [5h 2d 3d]
mat milsom: bets 135 and is all-in
Rhyann1: calls 135
*** TURN *** [5h 2d 3d] [5s]
*** RIVER *** [5h 2d 3d 5s] [9s]
*** SHOW DOWN ***
mat milsom: shows [9c Ks] (two pair, Nines and Fives)
Rhyann1: shows [4c Qc] (a pair of Fives)
mat milsom collected 380 from side pot
Mahu2021: shows [8c 7c] (a pair of Fives)
mat milsom collected 195 from main pot
Mahu2021 finished the tournament in 3rd place
*** SUMMARY ***
Total pot 575 Main pot 195. Side pot 380. | Rake 0 
Board [5h 2d 3d 5s 9s]
Seat 1: mat milsom (big blind) showed [9c Ks] and won (575) with two pair, Nines and Fives
Seat 2: Rhyann1 (button) showed [4c Qc] and lost with a pair of Fives
Seat 3: Mahu2021 (small blind) showed [8c 7c] and lost with a pair of Fives



