PokerStars Hand #248909732156: Tournament #3716465785, $1.84+$0.16 USD Hold'em No Limit - Level I (10/20) - 2024/02/16 13:36:04 CET [2024/02/16 7:36:04 ET]
Table '3716465785 1' 3-max Seat #1 is the button
Seat 1: SaÏdok (500 in chips) 
Seat 2: Mahu2021 (500 in chips) 
Seat 3: RuskiThermos (500 in chips) 
Mahu2021: posts small blind 10
RuskiThermos: posts big blind 20
*** HOLE CARDS ***
Dealt to Mahu2021 [6s Kd]
SaÏdok: calls 20
Mahu2021: calls 10
RuskiThermos: checks 
*** FLOP *** [7s 9c Ks]
Mahu2021: bets 20
RuskiThermos: calls 20
SaÏdok: folds 
*** TURN *** [7s 9c Ks] [6d]
Mahu2021: bets 100
RuskiThermos: calls 100
*** RIVER *** [7s 9c Ks 6d] [7c]
Mahu2021: checks 
RuskiThermos: bets 120
Mahu2021: calls 120
*** SHOW DOWN ***
RuskiThermos: shows [8d Th] (a straight, Six to Ten)
Mahu2021: mucks hand 
RuskiThermos collected 540 from pot
*** SUMMARY ***
Total pot 540 | Rake 0 
Board [7s 9c Ks 6d 7c]
Seat 1: SaÏdok (button) folded on the Flop
Seat 2: Mahu2021 (small blind) mucked [6s Kd]
Seat 3: RuskiThermos (big blind) showed [8d Th] and won (540) with a straight, Six to Ten



PokerStars Hand #248909740224: Tournament #3716465785, $1.84+$0.16 USD Hold'em No Limit - Level I (10/20) - 2024/02/16 13:36:49 CET [2024/02/16 7:36:49 ET]
Table '3716465785 1' 3-max Seat #2 is the button
Seat 1: SaÏdok (480 in chips) 
Seat 2: Mahu2021 (240 in chips) 
Seat 3: RuskiThermos (780 in chips) 
RuskiThermos: posts small blind 10
SaÏdok: posts big blind 20
*** HOLE CARDS ***
Dealt to Mahu2021 [9s 5c]
Mahu2021: folds 
RuskiThermos: folds 
Uncalled bet (10) returned to SaÏdok
SaÏdok collected 20 from pot
SaÏdok: doesn't show hand 
*** SUMMARY ***
Total pot 20 | Rake 0 
Seat 1: SaÏdok (big blind) collected (20)
Seat 2: Mahu2021 (button) folded before Flop (didn't bet)
Seat 3: RuskiThermos (small blind) folded before Flop



PokerStars Hand #248909741103: Tournament #3716465785, $1.84+$0.16 USD Hold'em No Limit - Level I (10/20) - 2024/02/16 13:36:54 CET [2024/02/16 7:36:54 ET]
Table '3716465785 1' 3-max Seat #3 is the button
Seat 1: SaÏdok (490 in chips) 
Seat 2: Mahu2021 (240 in chips) 
Seat 3: RuskiThermos (770 in chips) 
SaÏdok: posts small blind 10
Mahu2021: posts big blind 20
*** HOLE CARDS ***
Dealt to Mahu2021 [As Qc]
RuskiThermos: calls 20
SaÏdok: calls 10
Mahu2021: raises 220 to 240 and is all-in
RuskiThermos: folds 
SaÏdok: folds 
Uncalled bet (220) returned to Mahu2021
Mahu2021 collected 60 from pot
Mahu2021: doesn't show hand 
*** SUMMARY ***
Total pot 60 | Rake 0 
Seat 1: SaÏdok (small blind) folded before Flop
Seat 2: Mahu2021 (big blind) collected (60)
Seat 3: RuskiThermos (button) folded before Flop



PokerStars Hand #248909743651: Tournament #3716465785, $1.84+$0.16 USD Hold'em No Limit - Level I (10/20) - 2024/02/16 13:37:08 CET [2024/02/16 7:37:08 ET]
Table '3716465785 1' 3-max Seat #1 is the button
Seat 1: SaÏdok (470 in chips) 
Seat 2: Mahu2021 (280 in chips) 
Seat 3: RuskiThermos (750 in chips) 
Mahu2021: posts small blind 10
RuskiThermos: posts big blind 20
*** HOLE CARDS ***
Dealt to Mahu2021 [7d 6h]
SaÏdok: raises 20 to 40
Mahu2021: calls 30
RuskiThermos: calls 20
*** FLOP *** [4c 9c 8d]
Mahu2021: checks 
RuskiThermos: checks 
SaÏdok: bets 40
Mahu2021: calls 40
RuskiThermos: folds 
*** TURN *** [4c 9c 8d] [3s]
Mahu2021: checks 
SaÏdok: bets 40
Mahu2021: calls 40
*** RIVER *** [4c 9c 8d 3s] [6d]
Mahu2021: checks 
SaÏdok: checks 
*** SHOW DOWN ***
Mahu2021: shows [7d 6h] (a pair of Sixes)
SaÏdok: mucks hand 
Mahu2021 collected 280 from pot
*** SUMMARY ***
Total pot 280 | Rake 0 
Board [4c 9c 8d 3s 6d]
Seat 1: SaÏdok (button) mucked [3d Ah]
Seat 2: Mahu2021 (small blind) showed [7d 6h] and won (280) with a pair of Sixes
Seat 3: RuskiThermos (big blind) folded on the Flop



PokerStars Hand #248909753620: Tournament #3716465785, $1.84+$0.16 USD Hold'em No Limit - Level I (10/20) - 2024/02/16 13:38:05 CET [2024/02/16 7:38:05 ET]
Table '3716465785 1' 3-max Seat #2 is the button
Seat 1: SaÏdok (350 in chips) 
Seat 2: Mahu2021 (440 in chips) 
Seat 3: RuskiThermos (710 in chips) 
RuskiThermos: posts small blind 10
SaÏdok: posts big blind 20
*** HOLE CARDS ***
Dealt to Mahu2021 [8s 3h]
Mahu2021: folds 
RuskiThermos: calls 10
SaÏdok: raises 20 to 40
RuskiThermos: calls 20
*** FLOP *** [3s Qd 6d]
RuskiThermos: checks 
SaÏdok: bets 40
RuskiThermos: folds 
Uncalled bet (40) returned to SaÏdok
SaÏdok collected 80 from pot
SaÏdok: doesn't show hand 
*** SUMMARY ***
Total pot 80 | Rake 0 
Board [3s Qd 6d]
Seat 1: SaÏdok (big blind) collected (80)
Seat 2: Mahu2021 (button) folded before Flop (didn't bet)
Seat 3: RuskiThermos (small blind) folded on the Flop



PokerStars Hand #248909758421: Tournament #3716465785, $1.84+$0.16 USD Hold'em No Limit - Level I (10/20) - 2024/02/16 13:38:32 CET [2024/02/16 7:38:32 ET]
Table '3716465785 1' 3-max Seat #3 is the button
Seat 1: SaÏdok (390 in chips) 
Seat 2: Mahu2021 (440 in chips) 
Seat 3: RuskiThermos (670 in chips) 
SaÏdok: posts small blind 10
Mahu2021: posts big blind 20
*** HOLE CARDS ***
Dealt to Mahu2021 [Jh 2h]
RuskiThermos: calls 20
SaÏdok: raises 20 to 40
Mahu2021: calls 20
RuskiThermos: calls 20
*** FLOP *** [4s 6h Jd]
SaÏdok: checks 
Mahu2021: bets 120
RuskiThermos: folds 
SaÏdok: raises 230 to 350 and is all-in
Mahu2021: calls 230
*** TURN *** [4s 6h Jd] [5d]
*** RIVER *** [4s 6h Jd 5d] [5c]
*** SHOW DOWN ***
SaÏdok: shows [Ad Ac] (two pair, Aces and Fives)
Mahu2021: shows [Jh 2h] (two pair, Jacks and Fives)
SaÏdok collected 820 from pot
*** SUMMARY ***
Total pot 820 | Rake 0 
Board [4s 6h Jd 5d 5c]
Seat 1: SaÏdok (small blind) showed [Ad Ac] and won (820) with two pair, Aces and Fives
Seat 2: Mahu2021 (big blind) showed [Jh 2h] and lost with two pair, Jacks and Fives
Seat 3: RuskiThermos (button) folded on the Flop



PokerStars Hand #248909767038: Tournament #3716465785, $1.84+$0.16 USD Hold'em No Limit - Level II (15/30) - 2024/02/16 13:39:20 CET [2024/02/16 7:39:20 ET]
Table '3716465785 1' 3-max Seat #1 is the button
Seat 1: SaÏdok (820 in chips) 
Seat 2: Mahu2021 (50 in chips) 
Seat 3: RuskiThermos (630 in chips) 
Mahu2021: posts small blind 15
RuskiThermos: posts big blind 30
*** HOLE CARDS ***
Dealt to Mahu2021 [Qs 8c]
SaÏdok: raises 30 to 60
Mahu2021: calls 35 and is all-in
RuskiThermos: folds 
Uncalled bet (10) returned to SaÏdok
*** FLOP *** [Js Qh 3c]
*** TURN *** [Js Qh 3c] [Qd]
*** RIVER *** [Js Qh 3c Qd] [6d]
*** SHOW DOWN ***
Mahu2021: shows [Qs 8c] (three of a kind, Queens)
SaÏdok: shows [8s Ks] (a pair of Queens)
Mahu2021 collected 130 from pot
*** SUMMARY ***
Total pot 130 | Rake 0 
Board [Js Qh 3c Qd 6d]
Seat 1: SaÏdok (button) showed [8s Ks] and lost with a pair of Queens
Seat 2: Mahu2021 (small blind) showed [Qs 8c] and won (130) with three of a kind, Queens
Seat 3: RuskiThermos (big blind) folded before Flop



PokerStars Hand #248909769444: Tournament #3716465785, $1.84+$0.16 USD Hold'em No Limit - Level II (15/30) - 2024/02/16 13:39:34 CET [2024/02/16 7:39:34 ET]
Table '3716465785 1' 3-max Seat #2 is the button
Seat 1: SaÏdok (770 in chips) 
Seat 2: Mahu2021 (130 in chips) 
Seat 3: RuskiThermos (600 in chips) 
RuskiThermos: posts small blind 15
SaÏdok: posts big blind 30
*** HOLE CARDS ***
Dealt to Mahu2021 [Jd Tc]
Mahu2021: raises 100 to 130 and is all-in
RuskiThermos: calls 115
SaÏdok: folds 
*** FLOP *** [Td 8c 4h]
*** TURN *** [Td 8c 4h] [6d]
*** RIVER *** [Td 8c 4h 6d] [Qc]
*** SHOW DOWN ***
RuskiThermos: shows [Qh Js] (a pair of Queens)
Mahu2021: shows [Jd Tc] (a pair of Tens)
RuskiThermos collected 290 from pot
Mahu2021 finished the tournament in 3rd place
*** SUMMARY ***
Total pot 290 | Rake 0 
Board [Td 8c 4h 6d Qc]
Seat 1: SaÏdok (big blind) folded before Flop
Seat 2: Mahu2021 (button) showed [Jd Tc] and lost with a pair of Tens
Seat 3: RuskiThermos (small blind) showed [Qh Js] and won (290) with a pair of Queens



