PokerStars Hand #248406167765: Tournament #3704204403, $1.84+$0.16 USD Hold'em No Limit - Level I (10/20) - 2024/01/21 9:39:28 CET [2024/01/21 3:39:28 ET]
Table '3704204403 1' 3-max Seat #1 is the button
Seat 1: GROOT1212 (500 in chips) 
Seat 2: Stiko22 (500 in chips) 
Seat 3: Mahu2021 (500 in chips) 
Stiko22: posts small blind 10
Mahu2021: posts big blind 20
*** HOLE CARDS ***
Dealt to Mahu2021 [2d 9h]
GROOT1212: calls 20
Stiko22: calls 10
Mahu2021: checks 
*** FLOP *** [Qc 3d 5s]
Stiko22: bets 30
Mahu2021: folds 
GROOT1212: folds 
Uncalled bet (30) returned to Stiko22
Stiko22 collected 60 from pot
*** SUMMARY ***
Total pot 60 | Rake 0 
Board [Qc 3d 5s]
Seat 1: GROOT1212 (button) folded on the Flop
Seat 2: Stiko22 (small blind) collected (60)
Seat 3: Mahu2021 (big blind) folded on the Flop



PokerStars Hand #248406169761: Tournament #3704204403, $1.84+$0.16 USD Hold'em No Limit - Level I (10/20) - 2024/01/21 9:39:44 CET [2024/01/21 3:39:44 ET]
Table '3704204403 1' 3-max Seat #2 is the button
Seat 1: GROOT1212 (480 in chips) 
Seat 2: Stiko22 (540 in chips) 
Seat 3: Mahu2021 (480 in chips) 
Mahu2021: posts small blind 10
GROOT1212: posts big blind 20
*** HOLE CARDS ***
Dealt to Mahu2021 [7h Jc]
Stiko22: raises 20 to 40
Mahu2021: folds 
GROOT1212: calls 20
*** FLOP *** [5c Qd 4h]
GROOT1212: bets 45
Stiko22: calls 45
*** TURN *** [5c Qd 4h] [2s]
GROOT1212: checks 
Stiko22: checks 
*** RIVER *** [5c Qd 4h 2s] [2h]
GROOT1212: bets 90
Stiko22: folds 
Uncalled bet (90) returned to GROOT1212
GROOT1212 collected 180 from pot
*** SUMMARY ***
Total pot 180 | Rake 0 
Board [5c Qd 4h 2s 2h]
Seat 1: GROOT1212 (big blind) collected (180)
Seat 2: Stiko22 (button) folded on the River
Seat 3: Mahu2021 (small blind) folded before Flop



PokerStars Hand #248406173434: Tournament #3704204403, $1.84+$0.16 USD Hold'em No Limit - Level I (10/20) - 2024/01/21 9:40:15 CET [2024/01/21 3:40:15 ET]
Table '3704204403 1' 3-max Seat #3 is the button
Seat 1: GROOT1212 (575 in chips) 
Seat 2: Stiko22 (455 in chips) 
Seat 3: Mahu2021 (470 in chips) 
GROOT1212: posts small blind 10
Stiko22: posts big blind 20
*** HOLE CARDS ***
Dealt to Mahu2021 [6c 4c]
Mahu2021: calls 20
GROOT1212: calls 10
Stiko22: checks 
*** FLOP *** [Tc 8h Ac]
GROOT1212: checks 
Stiko22: checks 
Mahu2021: bets 60
GROOT1212: folds 
Stiko22: folds 
Uncalled bet (60) returned to Mahu2021
Mahu2021 collected 60 from pot
Mahu2021: doesn't show hand 
*** SUMMARY ***
Total pot 60 | Rake 0 
Board [Tc 8h Ac]
Seat 1: GROOT1212 (small blind) folded on the Flop
Seat 2: Stiko22 (big blind) folded on the Flop
Seat 3: Mahu2021 (button) collected (60)



PokerStars Hand #248406175617: Tournament #3704204403, $1.84+$0.16 USD Hold'em No Limit - Level I (10/20) - 2024/01/21 9:40:33 CET [2024/01/21 3:40:33 ET]
Table '3704204403 1' 3-max Seat #1 is the button
Seat 1: GROOT1212 (555 in chips) 
Seat 2: Stiko22 (435 in chips) 
Seat 3: Mahu2021 (510 in chips) 
Stiko22: posts small blind 10
Mahu2021: posts big blind 20
*** HOLE CARDS ***
Dealt to Mahu2021 [2s 9d]
GROOT1212: folds 
Stiko22: raises 20 to 40
Mahu2021: folds 
Uncalled bet (20) returned to Stiko22
Stiko22 collected 40 from pot
*** SUMMARY ***
Total pot 40 | Rake 0 
Seat 1: GROOT1212 (button) folded before Flop (didn't bet)
Seat 2: Stiko22 (small blind) collected (40)
Seat 3: Mahu2021 (big blind) folded before Flop



PokerStars Hand #248406176571: Tournament #3704204403, $1.84+$0.16 USD Hold'em No Limit - Level I (10/20) - 2024/01/21 9:40:41 CET [2024/01/21 3:40:41 ET]
Table '3704204403 1' 3-max Seat #2 is the button
Seat 1: GROOT1212 (555 in chips) 
Seat 2: Stiko22 (455 in chips) 
Seat 3: Mahu2021 (490 in chips) 
Mahu2021: posts small blind 10
GROOT1212: posts big blind 20
*** HOLE CARDS ***
Dealt to Mahu2021 [5s 9d]
Stiko22: raises 20 to 40
Mahu2021: folds 
GROOT1212: calls 20
*** FLOP *** [Tc Ad Jh]
GROOT1212: bets 45
Stiko22: calls 45
*** TURN *** [Tc Ad Jh] [2h]
GROOT1212: checks 
Stiko22: checks 
*** RIVER *** [Tc Ad Jh 2h] [8c]
GROOT1212: bets 90
Stiko22: folds 
Uncalled bet (90) returned to GROOT1212
GROOT1212 collected 180 from pot
*** SUMMARY ***
Total pot 180 | Rake 0 
Board [Tc Ad Jh 2h 8c]
Seat 1: GROOT1212 (big blind) collected (180)
Seat 2: Stiko22 (button) folded on the River
Seat 3: Mahu2021 (small blind) folded before Flop



PokerStars Hand #248406179779: Tournament #3704204403, $1.84+$0.16 USD Hold'em No Limit - Level I (10/20) - 2024/01/21 9:41:08 CET [2024/01/21 3:41:08 ET]
Table '3704204403 1' 3-max Seat #3 is the button
Seat 1: GROOT1212 (650 in chips) 
Seat 2: Stiko22 (370 in chips) 
Seat 3: Mahu2021 (480 in chips) 
GROOT1212: posts small blind 10
Stiko22: posts big blind 20
*** HOLE CARDS ***
Dealt to Mahu2021 [Ah 2d]
Mahu2021: folds 
GROOT1212: raises 20 to 40
Stiko22: raises 80 to 120
GROOT1212: folds 
Uncalled bet (80) returned to Stiko22
Stiko22 collected 80 from pot
*** SUMMARY ***
Total pot 80 | Rake 0 
Seat 1: GROOT1212 (small blind) folded before Flop
Seat 2: Stiko22 (big blind) collected (80)
Seat 3: Mahu2021 (button) folded before Flop (didn't bet)



PokerStars Hand #248406182296: Tournament #3704204403, $1.84+$0.16 USD Hold'em No Limit - Level I (10/20) - 2024/01/21 9:41:28 CET [2024/01/21 3:41:28 ET]
Table '3704204403 1' 3-max Seat #1 is the button
Seat 1: GROOT1212 (610 in chips) 
Seat 2: Stiko22 (410 in chips) 
Seat 3: Mahu2021 (480 in chips) 
Stiko22: posts small blind 10
Mahu2021: posts big blind 20
*** HOLE CARDS ***
Dealt to Mahu2021 [4d 3c]
GROOT1212: raises 20 to 40
Stiko22: raises 100 to 140
Mahu2021: folds 
GROOT1212: folds 
Uncalled bet (100) returned to Stiko22
Stiko22 collected 100 from pot
*** SUMMARY ***
Total pot 100 | Rake 0 
Seat 1: GROOT1212 (button) folded before Flop
Seat 2: Stiko22 (small blind) collected (100)
Seat 3: Mahu2021 (big blind) folded before Flop



PokerStars Hand #248406183894: Tournament #3704204403, $1.84+$0.16 USD Hold'em No Limit - Level I (10/20) - 2024/01/21 9:41:42 CET [2024/01/21 3:41:42 ET]
Table '3704204403 1' 3-max Seat #2 is the button
Seat 1: GROOT1212 (570 in chips) 
Seat 2: Stiko22 (470 in chips) 
Seat 3: Mahu2021 (460 in chips) 
Mahu2021: posts small blind 10
GROOT1212: posts big blind 20
*** HOLE CARDS ***
Dealt to Mahu2021 [Ac Tc]
Stiko22: raises 20 to 40
Mahu2021: calls 30
GROOT1212: raises 60 to 100
Stiko22: calls 60
Mahu2021: calls 60
*** FLOP *** [Ks 9h 4d]
Mahu2021: checks 
GROOT1212: bets 150
Stiko22: raises 220 to 370 and is all-in
Mahu2021: folds 
GROOT1212: folds 
Uncalled bet (220) returned to Stiko22
Stiko22 collected 600 from pot
*** SUMMARY ***
Total pot 600 | Rake 0 
Board [Ks 9h 4d]
Seat 1: GROOT1212 (big blind) folded on the Flop
Seat 2: Stiko22 (button) collected (600)
Seat 3: Mahu2021 (small blind) folded on the Flop



PokerStars Hand #248406187128: Tournament #3704204403, $1.84+$0.16 USD Hold'em No Limit - Level I (10/20) - 2024/01/21 9:42:09 CET [2024/01/21 3:42:09 ET]
Table '3704204403 1' 3-max Seat #3 is the button
Seat 1: GROOT1212 (320 in chips) 
Seat 2: Stiko22 (820 in chips) 
Seat 3: Mahu2021 (360 in chips) 
GROOT1212: posts small blind 10
Stiko22: posts big blind 20
*** HOLE CARDS ***
Dealt to Mahu2021 [9c 5s]
Mahu2021: folds 
GROOT1212: calls 10
Stiko22: raises 40 to 60
GROOT1212: folds 
Uncalled bet (40) returned to Stiko22
Stiko22 collected 40 from pot
*** SUMMARY ***
Total pot 40 | Rake 0 
Seat 1: GROOT1212 (small blind) folded before Flop
Seat 2: Stiko22 (big blind) collected (40)
Seat 3: Mahu2021 (button) folded before Flop (didn't bet)



PokerStars Hand #248406188481: Tournament #3704204403, $1.84+$0.16 USD Hold'em No Limit - Level I (10/20) - 2024/01/21 9:42:20 CET [2024/01/21 3:42:20 ET]
Table '3704204403 1' 3-max Seat #1 is the button
Seat 1: GROOT1212 (300 in chips) 
Seat 2: Stiko22 (840 in chips) 
Seat 3: Mahu2021 (360 in chips) 
Stiko22: posts small blind 10
Mahu2021: posts big blind 20
*** HOLE CARDS ***
Dealt to Mahu2021 [8s 4h]
GROOT1212: calls 20
Stiko22: calls 10
Mahu2021: checks 
*** FLOP *** [8c 7h 2c]
Stiko22: bets 20
Mahu2021: calls 20
GROOT1212: calls 20
*** TURN *** [8c 7h 2c] [Ad]
Stiko22: bets 20
Mahu2021: folds 
GROOT1212: calls 20
*** RIVER *** [8c 7h 2c Ad] [5c]
Stiko22: bets 160
GROOT1212: calls 160
*** SHOW DOWN ***
Stiko22: shows [4c Tc] (a flush, Ten high)
GROOT1212: mucks hand 
Stiko22 collected 480 from pot
*** SUMMARY ***
Total pot 480 | Rake 0 
Board [8c 7h 2c Ad 5c]
Seat 1: GROOT1212 (button) mucked [4d Ac]
Seat 2: Stiko22 (small blind) showed [4c Tc] and won (480) with a flush, Ten high
Seat 3: Mahu2021 (big blind) folded on the Turn



PokerStars Hand #248406191524: Tournament #3704204403, $1.84+$0.16 USD Hold'em No Limit - Level I (10/20) - 2024/01/21 9:42:45 CET [2024/01/21 3:42:45 ET]
Table '3704204403 1' 3-max Seat #2 is the button
Seat 1: GROOT1212 (80 in chips) 
Seat 2: Stiko22 (1100 in chips) 
Seat 3: Mahu2021 (320 in chips) 
Mahu2021: posts small blind 10
GROOT1212: posts big blind 20
*** HOLE CARDS ***
Dealt to Mahu2021 [4s 9d]
Stiko22: folds 
Mahu2021: folds 
Uncalled bet (10) returned to GROOT1212
GROOT1212 collected 20 from pot
*** SUMMARY ***
Total pot 20 | Rake 0 
Seat 1: GROOT1212 (big blind) collected (20)
Seat 2: Stiko22 (button) folded before Flop (didn't bet)
Seat 3: Mahu2021 (small blind) folded before Flop



PokerStars Hand #248406192164: Tournament #3704204403, $1.84+$0.16 USD Hold'em No Limit - Level I (10/20) - 2024/01/21 9:42:51 CET [2024/01/21 3:42:51 ET]
Table '3704204403 1' 3-max Seat #3 is the button
Seat 1: GROOT1212 (90 in chips) 
Seat 2: Stiko22 (1100 in chips) 
Seat 3: Mahu2021 (310 in chips) 
GROOT1212: posts small blind 10
Stiko22: posts big blind 20
*** HOLE CARDS ***
Dealt to Mahu2021 [9c 3d]
Mahu2021: folds 
GROOT1212: raises 70 to 90 and is all-in
Stiko22: calls 70
*** FLOP *** [4h 3h 5s]
*** TURN *** [4h 3h 5s] [2h]
*** RIVER *** [4h 3h 5s 2h] [8d]
*** SHOW DOWN ***
GROOT1212: shows [Tc 2c] (a pair of Deuces)
Stiko22: shows [Ts Kh] (high card King)
GROOT1212 collected 180 from pot
*** SUMMARY ***
Total pot 180 | Rake 0 
Board [4h 3h 5s 2h 8d]
Seat 1: GROOT1212 (small blind) showed [Tc 2c] and won (180) with a pair of Deuces
Seat 2: Stiko22 (big blind) showed [Ts Kh] and lost with high card King
Seat 3: Mahu2021 (button) folded before Flop (didn't bet)



PokerStars Hand #248406193938: Tournament #3704204403, $1.84+$0.16 USD Hold'em No Limit - Level I (10/20) - 2024/01/21 9:43:05 CET [2024/01/21 3:43:05 ET]
Table '3704204403 1' 3-max Seat #1 is the button
Seat 1: GROOT1212 (180 in chips) 
Seat 2: Stiko22 (1010 in chips) 
Seat 3: Mahu2021 (310 in chips) 
Stiko22: posts small blind 10
Mahu2021: posts big blind 20
*** HOLE CARDS ***
Dealt to Mahu2021 [8s 2c]
GROOT1212: folds 
Stiko22: raises 40 to 60
Mahu2021: folds 
Uncalled bet (40) returned to Stiko22
Stiko22 collected 40 from pot
*** SUMMARY ***
Total pot 40 | Rake 0 
Seat 1: GROOT1212 (button) folded before Flop (didn't bet)
Seat 2: Stiko22 (small blind) collected (40)
Seat 3: Mahu2021 (big blind) folded before Flop



PokerStars Hand #248406194854: Tournament #3704204403, $1.84+$0.16 USD Hold'em No Limit - Level I (10/20) - 2024/01/21 9:43:13 CET [2024/01/21 3:43:13 ET]
Table '3704204403 1' 3-max Seat #2 is the button
Seat 1: GROOT1212 (180 in chips) 
Seat 2: Stiko22 (1030 in chips) 
Seat 3: Mahu2021 (290 in chips) 
Mahu2021: posts small blind 10
GROOT1212: posts big blind 20
*** HOLE CARDS ***
Dealt to Mahu2021 [5c Jc]
Stiko22: raises 20 to 40
Mahu2021: folds 
GROOT1212: raises 140 to 180 and is all-in
Stiko22: calls 140
*** FLOP *** [7c As 9h]
*** TURN *** [7c As 9h] [Kd]
*** RIVER *** [7c As 9h Kd] [Kh]
*** SHOW DOWN ***
GROOT1212: shows [Tc Qc] (a pair of Kings)
Stiko22: shows [Qd Ad] (two pair, Aces and Kings)
Stiko22 collected 370 from pot
GROOT1212 finished the tournament in 3rd place
*** SUMMARY ***
Total pot 370 | Rake 0 
Board [7c As 9h Kd Kh]
Seat 1: GROOT1212 (big blind) showed [Tc Qc] and lost with a pair of Kings
Seat 2: Stiko22 (button) showed [Qd Ad] and won (370) with two pair, Aces and Kings
Seat 3: Mahu2021 (small blind) folded before Flop



PokerStars Hand #248406197051: Tournament #3704204403, $1.84+$0.16 USD Hold'em No Limit - Level I (10/20) - 2024/01/21 9:43:32 CET [2024/01/21 3:43:32 ET]
Table '3704204403 1' 3-max Seat #3 is the button
Seat 2: Stiko22 (1220 in chips) 
Seat 3: Mahu2021 (280 in chips) 
Mahu2021: posts small blind 10
Stiko22: posts big blind 20
*** HOLE CARDS ***
Dealt to Mahu2021 [3d Kd]
Mahu2021: calls 10
Stiko22: checks 
*** FLOP *** [3h 3c 5s]
Stiko22: checks 
Mahu2021: checks 
*** TURN *** [3h 3c 5s] [7d]
Stiko22: checks 
Mahu2021: bets 20
Stiko22: folds 
Uncalled bet (20) returned to Mahu2021
Mahu2021 collected 40 from pot
Mahu2021: doesn't show hand 
*** SUMMARY ***
Total pot 40 | Rake 0 
Board [3h 3c 5s 7d]
Seat 2: Stiko22 (big blind) folded on the Turn
Seat 3: Mahu2021 (button) (small blind) collected (40)



PokerStars Hand #248406199665: Tournament #3704204403, $1.84+$0.16 USD Hold'em No Limit - Level II (15/30) - 2024/01/21 9:43:53 CET [2024/01/21 3:43:53 ET]
Table '3704204403 1' 3-max Seat #2 is the button
Seat 2: Stiko22 (1200 in chips) 
Seat 3: Mahu2021 (300 in chips) 
Stiko22: posts small blind 15
Mahu2021: posts big blind 30
*** HOLE CARDS ***
Dealt to Mahu2021 [Qc Th]
Stiko22: calls 15
Mahu2021: checks 
*** FLOP *** [7c Ah 8h]
Mahu2021: checks 
Stiko22: bets 30
Mahu2021: folds 
Uncalled bet (30) returned to Stiko22
Stiko22 collected 60 from pot
*** SUMMARY ***
Total pot 60 | Rake 0 
Board [7c Ah 8h]
Seat 2: Stiko22 (button) (small blind) collected (60)
Seat 3: Mahu2021 (big blind) folded on the Flop



PokerStars Hand #248406200988: Tournament #3704204403, $1.84+$0.16 USD Hold'em No Limit - Level II (15/30) - 2024/01/21 9:44:04 CET [2024/01/21 3:44:04 ET]
Table '3704204403 1' 3-max Seat #3 is the button
Seat 2: Stiko22 (1230 in chips) 
Seat 3: Mahu2021 (270 in chips) 
Mahu2021: posts small blind 15
Stiko22: posts big blind 30
*** HOLE CARDS ***
Dealt to Mahu2021 [6c 7d]
Mahu2021: calls 15
Stiko22: checks 
*** FLOP *** [Js 4c Kh]
Stiko22: checks 
Mahu2021: bets 30
Stiko22: folds 
Uncalled bet (30) returned to Mahu2021
Mahu2021 collected 60 from pot
Mahu2021: doesn't show hand 
*** SUMMARY ***
Total pot 60 | Rake 0 
Board [Js 4c Kh]
Seat 2: Stiko22 (big blind) folded on the Flop
Seat 3: Mahu2021 (button) (small blind) collected (60)



PokerStars Hand #248406202724: Tournament #3704204403, $1.84+$0.16 USD Hold'em No Limit - Level II (15/30) - 2024/01/21 9:44:19 CET [2024/01/21 3:44:19 ET]
Table '3704204403 1' 3-max Seat #2 is the button
Seat 2: Stiko22 (1200 in chips) 
Seat 3: Mahu2021 (300 in chips) 
Stiko22: posts small blind 15
Mahu2021: posts big blind 30
*** HOLE CARDS ***
Dealt to Mahu2021 [6h 5h]
Stiko22: raises 30 to 60
Mahu2021: calls 30
*** FLOP *** [8d Ad Qh]
Mahu2021: checks 
Stiko22: checks 
*** TURN *** [8d Ad Qh] [7s]
Mahu2021: bets 60
Stiko22: calls 60
*** RIVER *** [8d Ad Qh 7s] [Qs]
Mahu2021: checks 
Stiko22: checks 
*** SHOW DOWN ***
Mahu2021: shows [6h 5h] (a pair of Queens)
Stiko22: shows [Js Td] (a pair of Queens - Ace+Jack kicker)
Stiko22 collected 240 from pot
*** SUMMARY ***
Total pot 240 | Rake 0 
Board [8d Ad Qh 7s Qs]
Seat 2: Stiko22 (button) (small blind) showed [Js Td] and won (240) with a pair of Queens
Seat 3: Mahu2021 (big blind) showed [6h 5h] and lost with a pair of Queens



PokerStars Hand #248406205316: Tournament #3704204403, $1.84+$0.16 USD Hold'em No Limit - Level II (15/30) - 2024/01/21 9:44:40 CET [2024/01/21 3:44:40 ET]
Table '3704204403 1' 3-max Seat #3 is the button
Seat 2: Stiko22 (1320 in chips) 
Seat 3: Mahu2021 (180 in chips) 
Mahu2021: posts small blind 15
Stiko22: posts big blind 30
*** HOLE CARDS ***
Dealt to Mahu2021 [3c 3d]
Mahu2021: raises 150 to 180 and is all-in
Stiko22: calls 150
*** FLOP *** [7d Js 7s]
*** TURN *** [7d Js 7s] [4d]
*** RIVER *** [7d Js 7s 4d] [Jd]
*** SHOW DOWN ***
Stiko22: shows [4s Qs] (two pair, Jacks and Sevens)
Mahu2021: shows [3c 3d] (two pair, Jacks and Sevens - lower kicker)
Stiko22 collected 360 from pot
Mahu2021 finished the tournament in 2nd place and received $4.00.
Stiko22 wins the tournament and receives $16.00 - congratulations!
*** SUMMARY ***
Total pot 360 | Rake 0 
Board [7d Js 7s 4d Jd]
Seat 2: Stiko22 (big blind) showed [4s Qs] and won (360) with two pair, Jacks and Sevens
Seat 3: Mahu2021 (button) (small blind) showed [3c 3d] and lost with two pair, Jacks and Sevens



