PokerStars Hand #243271006618: Tournament #3581610199, $0.92+$0.08 USD Hold'em No Limit - Level I (10/20) - 2023/04/23 18:30:47 CET [2023/04/23 12:30:47 ET]
Table '3581610199 1' 3-max Seat #1 is the button
Seat 1: Oskar Evr (500 in chips) 
Seat 2: Mahu2021 (500 in chips) 
Seat 3: tetzenbach (500 in chips) 
Mahu2021: posts small blind 10
tetzenbach: posts big blind 20
*** HOLE CARDS ***
Dealt to Mahu2021 [5d 9s]
Oskar Evr: raises 480 to 500 and is all-in
Mahu2021: folds 
tetzenbach: calls 480 and is all-in
*** FLOP *** [Jd 8d Qc]
*** TURN *** [Jd 8d Qc] [3s]
*** RIVER *** [Jd 8d Qc 3s] [As]
*** SHOW DOWN ***
tetzenbach: shows [Kh Jc] (a pair of Jacks)
Oskar Evr: shows [2h 9h] (high card Ace)
tetzenbach collected 1010 from pot
Oskar Evr finished the tournament in 3rd place
*** SUMMARY ***
Total pot 1010 | Rake 0 
Board [Jd 8d Qc 3s As]
Seat 1: Oskar Evr (button) showed [2h 9h] and lost with high card Ace
Seat 2: Mahu2021 (small blind) folded before Flop
Seat 3: tetzenbach (big blind) showed [Kh Jc] and won (1010) with a pair of Jacks



PokerStars Hand #243271012531: Tournament #3581610199, $0.92+$0.08 USD Hold'em No Limit - Level I (10/20) - 2023/04/23 18:31:02 CET [2023/04/23 12:31:02 ET]
Table '3581610199 1' 3-max Seat #3 is the button
Seat 2: Mahu2021 (490 in chips) 
Seat 3: tetzenbach (1010 in chips) 
tetzenbach: posts small blind 10
Mahu2021: posts big blind 20
*** HOLE CARDS ***
Dealt to Mahu2021 [Kh 8d]
tetzenbach: raises 990 to 1010 and is all-in
Mahu2021: folds 
Uncalled bet (990) returned to tetzenbach
tetzenbach collected 40 from pot
tetzenbach: doesn't show hand 
*** SUMMARY ***
Total pot 40 | Rake 0 
Seat 2: Mahu2021 (big blind) folded before Flop
Seat 3: tetzenbach (button) (small blind) collected (40)



PokerStars Hand #243271015745: Tournament #3581610199, $0.92+$0.08 USD Hold'em No Limit - Level I (10/20) - 2023/04/23 18:31:11 CET [2023/04/23 12:31:11 ET]
Table '3581610199 1' 3-max Seat #2 is the button
Seat 2: Mahu2021 (470 in chips) 
Seat 3: tetzenbach (1030 in chips) 
Mahu2021: posts small blind 10
tetzenbach: posts big blind 20
*** HOLE CARDS ***
Dealt to Mahu2021 [Ks 7c]
Mahu2021: calls 10
tetzenbach: checks 
*** FLOP *** [5s 4s Kc]
tetzenbach: bets 27
Mahu2021: calls 27
*** TURN *** [5s 4s Kc] [Kh]
tetzenbach: bets 63
Mahu2021: calls 63
*** RIVER *** [5s 4s Kc Kh] [2h]
tetzenbach: bets 147
Mahu2021: raises 213 to 360 and is all-in
tetzenbach: calls 213
*** SHOW DOWN ***
Mahu2021: shows [Ks 7c] (three of a kind, Kings)
tetzenbach: shows [5c 7s] (two pair, Kings and Fives)
Mahu2021 collected 940 from pot
*** SUMMARY ***
Total pot 940 | Rake 0 
Board [5s 4s Kc Kh 2h]
Seat 2: Mahu2021 (button) (small blind) showed [Ks 7c] and won (940) with three of a kind, Kings
Seat 3: tetzenbach (big blind) showed [5c 7s] and lost with two pair, Kings and Fives



PokerStars Hand #243271024670: Tournament #3581610199, $0.92+$0.08 USD Hold'em No Limit - Level I (10/20) - 2023/04/23 18:31:34 CET [2023/04/23 12:31:34 ET]
Table '3581610199 1' 3-max Seat #3 is the button
Seat 2: Mahu2021 (940 in chips) 
Seat 3: tetzenbach (560 in chips) 
tetzenbach: posts small blind 10
Mahu2021: posts big blind 20
*** HOLE CARDS ***
Dealt to Mahu2021 [3h 6c]
tetzenbach: raises 540 to 560 and is all-in
Mahu2021: folds 
Uncalled bet (540) returned to tetzenbach
tetzenbach collected 40 from pot
tetzenbach: doesn't show hand 
*** SUMMARY ***
Total pot 40 | Rake 0 
Seat 2: Mahu2021 (big blind) folded before Flop
Seat 3: tetzenbach (button) (small blind) collected (40)



PokerStars Hand #243271027093: Tournament #3581610199, $0.92+$0.08 USD Hold'em No Limit - Level I (10/20) - 2023/04/23 18:31:40 CET [2023/04/23 12:31:40 ET]
Table '3581610199 1' 3-max Seat #2 is the button
Seat 2: Mahu2021 (920 in chips) 
Seat 3: tetzenbach (580 in chips) 
Mahu2021: posts small blind 10
tetzenbach: posts big blind 20
*** HOLE CARDS ***
Dealt to Mahu2021 [5s Ac]
Mahu2021: calls 10
tetzenbach: checks 
*** FLOP *** [Js 2c Ks]
tetzenbach: checks 
Mahu2021: bets 20
tetzenbach: folds 
Uncalled bet (20) returned to Mahu2021
Mahu2021 collected 40 from pot
Mahu2021: doesn't show hand 
*** SUMMARY ***
Total pot 40 | Rake 0 
Board [Js 2c Ks]
Seat 2: Mahu2021 (button) (small blind) collected (40)
Seat 3: tetzenbach (big blind) folded on the Flop



PokerStars Hand #243271031281: Tournament #3581610199, $0.92+$0.08 USD Hold'em No Limit - Level I (10/20) - 2023/04/23 18:31:50 CET [2023/04/23 12:31:50 ET]
Table '3581610199 1' 3-max Seat #3 is the button
Seat 2: Mahu2021 (940 in chips) 
Seat 3: tetzenbach (560 in chips) 
tetzenbach: posts small blind 10
Mahu2021: posts big blind 20
*** HOLE CARDS ***
Dealt to Mahu2021 [4d 3h]
tetzenbach: raises 540 to 560 and is all-in
Mahu2021: folds 
Uncalled bet (540) returned to tetzenbach
tetzenbach collected 40 from pot
tetzenbach: doesn't show hand 
*** SUMMARY ***
Total pot 40 | Rake 0 
Seat 2: Mahu2021 (big blind) folded before Flop
Seat 3: tetzenbach (button) (small blind) collected (40)



PokerStars Hand #243271033970: Tournament #3581610199, $0.92+$0.08 USD Hold'em No Limit - Level I (10/20) - 2023/04/23 18:31:57 CET [2023/04/23 12:31:57 ET]
Table '3581610199 1' 3-max Seat #2 is the button
Seat 2: Mahu2021 (920 in chips) 
Seat 3: tetzenbach (580 in chips) 
Mahu2021: posts small blind 10
tetzenbach: posts big blind 20
*** HOLE CARDS ***
Dealt to Mahu2021 [6c Th]
Mahu2021: folds 
Uncalled bet (10) returned to tetzenbach
tetzenbach collected 20 from pot
tetzenbach: doesn't show hand 
*** SUMMARY ***
Total pot 20 | Rake 0 
Seat 2: Mahu2021 (button) (small blind) folded before Flop
Seat 3: tetzenbach (big blind) collected (20)



PokerStars Hand #243271035773: Tournament #3581610199, $0.92+$0.08 USD Hold'em No Limit - Level I (10/20) - 2023/04/23 18:32:02 CET [2023/04/23 12:32:02 ET]
Table '3581610199 1' 3-max Seat #3 is the button
Seat 2: Mahu2021 (910 in chips) 
Seat 3: tetzenbach (590 in chips) 
tetzenbach: posts small blind 10
Mahu2021: posts big blind 20
*** HOLE CARDS ***
Dealt to Mahu2021 [Jh Jc]
tetzenbach: folds 
Uncalled bet (10) returned to Mahu2021
Mahu2021 collected 20 from pot
Mahu2021: doesn't show hand 
*** SUMMARY ***
Total pot 20 | Rake 0 
Seat 2: Mahu2021 (big blind) collected (20)
Seat 3: tetzenbach (button) (small blind) folded before Flop



PokerStars Hand #243271037402: Tournament #3581610199, $0.92+$0.08 USD Hold'em No Limit - Level I (10/20) - 2023/04/23 18:32:06 CET [2023/04/23 12:32:06 ET]
Table '3581610199 1' 3-max Seat #2 is the button
Seat 2: Mahu2021 (920 in chips) 
Seat 3: tetzenbach (580 in chips) 
Mahu2021: posts small blind 10
tetzenbach: posts big blind 20
*** HOLE CARDS ***
Dealt to Mahu2021 [8c 8h]
Mahu2021: raises 900 to 920 and is all-in
tetzenbach: folds 
Uncalled bet (900) returned to Mahu2021
Mahu2021 collected 40 from pot
Mahu2021: doesn't show hand 
*** SUMMARY ***
Total pot 40 | Rake 0 
Seat 2: Mahu2021 (button) (small blind) collected (40)
Seat 3: tetzenbach (big blind) folded before Flop



PokerStars Hand #243271040087: Tournament #3581610199, $0.92+$0.08 USD Hold'em No Limit - Level I (10/20) - 2023/04/23 18:32:13 CET [2023/04/23 12:32:13 ET]
Table '3581610199 1' 3-max Seat #3 is the button
Seat 2: Mahu2021 (940 in chips) 
Seat 3: tetzenbach (560 in chips) 
tetzenbach: posts small blind 10
Mahu2021: posts big blind 20
*** HOLE CARDS ***
Dealt to Mahu2021 [3s 6s]
tetzenbach: calls 10
Mahu2021: checks 
*** FLOP *** [Qh 9d 2c]
Mahu2021: checks 
tetzenbach: checks 
*** TURN *** [Qh 9d 2c] [7c]
Mahu2021: checks 
tetzenbach: checks 
*** RIVER *** [Qh 9d 2c 7c] [3h]
Mahu2021: checks 
tetzenbach: checks 
*** SHOW DOWN ***
Mahu2021: shows [3s 6s] (a pair of Threes)
tetzenbach: mucks hand 
Mahu2021 collected 40 from pot
*** SUMMARY ***
Total pot 40 | Rake 0 
Board [Qh 9d 2c 7c 3h]
Seat 2: Mahu2021 (big blind) showed [3s 6s] and won (40) with a pair of Threes
Seat 3: tetzenbach (button) (small blind) mucked [5s 6d]



PokerStars Hand #243271051523: Tournament #3581610199, $0.92+$0.08 USD Hold'em No Limit - Level I (10/20) - 2023/04/23 18:32:43 CET [2023/04/23 12:32:43 ET]
Table '3581610199 1' 3-max Seat #2 is the button
Seat 2: Mahu2021 (960 in chips) 
Seat 3: tetzenbach (540 in chips) 
Mahu2021: posts small blind 10
tetzenbach: posts big blind 20
*** HOLE CARDS ***
Dealt to Mahu2021 [7d Th]
Mahu2021: calls 10
tetzenbach: raises 520 to 540 and is all-in
Mahu2021: folds 
Uncalled bet (520) returned to tetzenbach
tetzenbach collected 40 from pot
tetzenbach: doesn't show hand 
*** SUMMARY ***
Total pot 40 | Rake 0 
Seat 2: Mahu2021 (button) (small blind) folded before Flop
Seat 3: tetzenbach (big blind) collected (40)



PokerStars Hand #243271055317: Tournament #3581610199, $0.92+$0.08 USD Hold'em No Limit - Level I (10/20) - 2023/04/23 18:32:53 CET [2023/04/23 12:32:53 ET]
Table '3581610199 1' 3-max Seat #3 is the button
Seat 2: Mahu2021 (940 in chips) 
Seat 3: tetzenbach (560 in chips) 
tetzenbach: posts small blind 10
Mahu2021: posts big blind 20
*** HOLE CARDS ***
Dealt to Mahu2021 [5s 3d]
tetzenbach: raises 540 to 560 and is all-in
Mahu2021: folds 
Uncalled bet (540) returned to tetzenbach
tetzenbach collected 40 from pot
tetzenbach: doesn't show hand 
*** SUMMARY ***
Total pot 40 | Rake 0 
Seat 2: Mahu2021 (big blind) folded before Flop
Seat 3: tetzenbach (button) (small blind) collected (40)



PokerStars Hand #243271058549: Tournament #3581610199, $0.92+$0.08 USD Hold'em No Limit - Level I (10/20) - 2023/04/23 18:33:02 CET [2023/04/23 12:33:02 ET]
Table '3581610199 1' 3-max Seat #2 is the button
Seat 2: Mahu2021 (920 in chips) 
Seat 3: tetzenbach (580 in chips) 
Mahu2021: posts small blind 10
tetzenbach: posts big blind 20
*** HOLE CARDS ***
Dealt to Mahu2021 [7h Js]
Mahu2021: calls 10
tetzenbach: checks 
*** FLOP *** [Td 5h 3c]
tetzenbach: checks 
Mahu2021: bets 20
tetzenbach: folds 
Uncalled bet (20) returned to Mahu2021
Mahu2021 collected 40 from pot
Mahu2021: doesn't show hand 
*** SUMMARY ***
Total pot 40 | Rake 0 
Board [Td 5h 3c]
Seat 2: Mahu2021 (button) (small blind) collected (40)
Seat 3: tetzenbach (big blind) folded on the Flop



PokerStars Hand #243271063776: Tournament #3581610199, $0.92+$0.08 USD Hold'em No Limit - Level I (10/20) - 2023/04/23 18:33:15 CET [2023/04/23 12:33:15 ET]
Table '3581610199 1' 3-max Seat #3 is the button
Seat 2: Mahu2021 (940 in chips) 
Seat 3: tetzenbach (560 in chips) 
tetzenbach: posts small blind 10
Mahu2021: posts big blind 20
*** HOLE CARDS ***
Dealt to Mahu2021 [Qs Ah]
tetzenbach: calls 10
Mahu2021: raises 40 to 60
tetzenbach: folds 
Uncalled bet (40) returned to Mahu2021
Mahu2021 collected 40 from pot
Mahu2021: doesn't show hand 
*** SUMMARY ***
Total pot 40 | Rake 0 
Seat 2: Mahu2021 (big blind) collected (40)
Seat 3: tetzenbach (button) (small blind) folded before Flop



PokerStars Hand #243271067468: Tournament #3581610199, $0.92+$0.08 USD Hold'em No Limit - Level I (10/20) - 2023/04/23 18:33:25 CET [2023/04/23 12:33:25 ET]
Table '3581610199 1' 3-max Seat #2 is the button
Seat 2: Mahu2021 (960 in chips) 
Seat 3: tetzenbach (540 in chips) 
Mahu2021: posts small blind 10
tetzenbach: posts big blind 20
*** HOLE CARDS ***
Dealt to Mahu2021 [Kd 8c]
Mahu2021: calls 10
tetzenbach: checks 
*** FLOP *** [7s 9d 3d]
tetzenbach: checks 
Mahu2021: bets 20
tetzenbach: folds 
Uncalled bet (20) returned to Mahu2021
Mahu2021 collected 40 from pot
Mahu2021: doesn't show hand 
*** SUMMARY ***
Total pot 40 | Rake 0 
Board [7s 9d 3d]
Seat 2: Mahu2021 (button) (small blind) collected (40)
Seat 3: tetzenbach (big blind) folded on the Flop



PokerStars Hand #243271074708: Tournament #3581610199, $0.92+$0.08 USD Hold'em No Limit - Level I (10/20) - 2023/04/23 18:33:43 CET [2023/04/23 12:33:43 ET]
Table '3581610199 1' 3-max Seat #3 is the button
Seat 2: Mahu2021 (980 in chips) 
Seat 3: tetzenbach (520 in chips) 
tetzenbach: posts small blind 10
Mahu2021: posts big blind 20
*** HOLE CARDS ***
Dealt to Mahu2021 [Qc 7d]
tetzenbach: folds 
Uncalled bet (10) returned to Mahu2021
Mahu2021 collected 20 from pot
Mahu2021: doesn't show hand 
*** SUMMARY ***
Total pot 20 | Rake 0 
Seat 2: Mahu2021 (big blind) collected (20)
Seat 3: tetzenbach (button) (small blind) folded before Flop



PokerStars Hand #243271078120: Tournament #3581610199, $0.92+$0.08 USD Hold'em No Limit - Level II (15/30) - 2023/04/23 18:33:52 CET [2023/04/23 12:33:52 ET]
Table '3581610199 1' 3-max Seat #2 is the button
Seat 2: Mahu2021 (990 in chips) 
Seat 3: tetzenbach (510 in chips) 
Mahu2021: posts small blind 15
tetzenbach: posts big blind 30
*** HOLE CARDS ***
Dealt to Mahu2021 [5s Kc]
Mahu2021: calls 15
tetzenbach: checks 
*** FLOP *** [4h 9h 9d]
tetzenbach: checks 
Mahu2021: bets 30
tetzenbach: folds 
Uncalled bet (30) returned to Mahu2021
Mahu2021 collected 60 from pot
Mahu2021: doesn't show hand 
*** SUMMARY ***
Total pot 60 | Rake 0 
Board [4h 9h 9d]
Seat 2: Mahu2021 (button) (small blind) collected (60)
Seat 3: tetzenbach (big blind) folded on the Flop



PokerStars Hand #243271085334: Tournament #3581610199, $0.92+$0.08 USD Hold'em No Limit - Level II (15/30) - 2023/04/23 18:34:10 CET [2023/04/23 12:34:10 ET]
Table '3581610199 1' 3-max Seat #3 is the button
Seat 2: Mahu2021 (1020 in chips) 
Seat 3: tetzenbach (480 in chips) 
tetzenbach: posts small blind 15
Mahu2021: posts big blind 30
*** HOLE CARDS ***
Dealt to Mahu2021 [Jc Qc]
tetzenbach: folds 
Uncalled bet (15) returned to Mahu2021
Mahu2021 collected 30 from pot
Mahu2021: doesn't show hand 
*** SUMMARY ***
Total pot 30 | Rake 0 
Seat 2: Mahu2021 (big blind) collected (30)
Seat 3: tetzenbach (button) (small blind) folded before Flop



PokerStars Hand #243271087143: Tournament #3581610199, $0.92+$0.08 USD Hold'em No Limit - Level II (15/30) - 2023/04/23 18:34:15 CET [2023/04/23 12:34:15 ET]
Table '3581610199 1' 3-max Seat #2 is the button
Seat 2: Mahu2021 (1035 in chips) 
Seat 3: tetzenbach (465 in chips) 
Mahu2021: posts small blind 15
tetzenbach: posts big blind 30
*** HOLE CARDS ***
Dealt to Mahu2021 [8h Jh]
Mahu2021: calls 15
tetzenbach: checks 
*** FLOP *** [5s 7d 7c]
tetzenbach: checks 
Mahu2021: checks 
*** TURN *** [5s 7d 7c] [Kd]
tetzenbach: bets 40
Mahu2021: folds 
Uncalled bet (40) returned to tetzenbach
tetzenbach collected 60 from pot
tetzenbach: doesn't show hand 
*** SUMMARY ***
Total pot 60 | Rake 0 
Board [5s 7d 7c Kd]
Seat 2: Mahu2021 (button) (small blind) folded on the Turn
Seat 3: tetzenbach (big blind) collected (60)



PokerStars Hand #243271092873: Tournament #3581610199, $0.92+$0.08 USD Hold'em No Limit - Level II (15/30) - 2023/04/23 18:34:29 CET [2023/04/23 12:34:29 ET]
Table '3581610199 1' 3-max Seat #3 is the button
Seat 2: Mahu2021 (1005 in chips) 
Seat 3: tetzenbach (495 in chips) 
tetzenbach: posts small blind 15
Mahu2021: posts big blind 30
*** HOLE CARDS ***
Dealt to Mahu2021 [7h Js]
tetzenbach: raises 465 to 495 and is all-in
Mahu2021: folds 
Uncalled bet (465) returned to tetzenbach
tetzenbach collected 60 from pot
tetzenbach: doesn't show hand 
*** SUMMARY ***
Total pot 60 | Rake 0 
Seat 2: Mahu2021 (big blind) folded before Flop
Seat 3: tetzenbach (button) (small blind) collected (60)



PokerStars Hand #243271095525: Tournament #3581610199, $0.92+$0.08 USD Hold'em No Limit - Level II (15/30) - 2023/04/23 18:34:36 CET [2023/04/23 12:34:36 ET]
Table '3581610199 1' 3-max Seat #2 is the button
Seat 2: Mahu2021 (975 in chips) 
Seat 3: tetzenbach (525 in chips) 
Mahu2021: posts small blind 15
tetzenbach: posts big blind 30
*** HOLE CARDS ***
Dealt to Mahu2021 [Qc Tc]
Mahu2021: raises 30 to 60
tetzenbach: folds 
Uncalled bet (30) returned to Mahu2021
Mahu2021 collected 60 from pot
Mahu2021: doesn't show hand 
*** SUMMARY ***
Total pot 60 | Rake 0 
Seat 2: Mahu2021 (button) (small blind) collected (60)
Seat 3: tetzenbach (big blind) folded before Flop



PokerStars Hand #243271098184: Tournament #3581610199, $0.92+$0.08 USD Hold'em No Limit - Level II (15/30) - 2023/04/23 18:34:43 CET [2023/04/23 12:34:43 ET]
Table '3581610199 1' 3-max Seat #3 is the button
Seat 2: Mahu2021 (1005 in chips) 
Seat 3: tetzenbach (495 in chips) 
tetzenbach: posts small blind 15
Mahu2021: posts big blind 30
*** HOLE CARDS ***
Dealt to Mahu2021 [5d 6h]
tetzenbach: raises 465 to 495 and is all-in
Mahu2021: folds 
Uncalled bet (465) returned to tetzenbach
tetzenbach collected 60 from pot
tetzenbach: doesn't show hand 
*** SUMMARY ***
Total pot 60 | Rake 0 
Seat 2: Mahu2021 (big blind) folded before Flop
Seat 3: tetzenbach (button) (small blind) collected (60)



PokerStars Hand #243271100660: Tournament #3581610199, $0.92+$0.08 USD Hold'em No Limit - Level II (15/30) - 2023/04/23 18:34:49 CET [2023/04/23 12:34:49 ET]
Table '3581610199 1' 3-max Seat #2 is the button
Seat 2: Mahu2021 (975 in chips) 
Seat 3: tetzenbach (525 in chips) 
Mahu2021: posts small blind 15
tetzenbach: posts big blind 30
*** HOLE CARDS ***
Dealt to Mahu2021 [3d As]
Mahu2021: raises 30 to 60
tetzenbach: raises 465 to 525 and is all-in
Mahu2021: calls 465
*** FLOP *** [Ah Qc 3c]
*** TURN *** [Ah Qc 3c] [4h]
*** RIVER *** [Ah Qc 3c 4h] [Qh]
*** SHOW DOWN ***
tetzenbach: shows [Kd Kh] (two pair, Kings and Queens)
Mahu2021: shows [3d As] (two pair, Aces and Queens)
Mahu2021 collected 1050 from pot
tetzenbach finished the tournament in 2nd place
Mahu2021 wins the tournament and receives $3.00 - congratulations!
*** SUMMARY ***
Total pot 1050 | Rake 0 
Board [Ah Qc 3c 4h Qh]
Seat 2: Mahu2021 (button) (small blind) showed [3d As] and won (1050) with two pair, Aces and Queens
Seat 3: tetzenbach (big blind) showed [Kd Kh] and lost with two pair, Kings and Queens



