PokerStars Hand #250598156613: Tournament #3756655759, $0.46+$0.04 USD Hold'em No Limit - Level I (10/20) - 2024/05/20 11:03:47 CET [2024/05/20 5:03:47 ET]
Table '3756655759 1' 3-max Seat #1 is the button
Seat 1: fruityp1996 (500 in chips) 
Seat 2: Mahu2021 (500 in chips) 
Seat 3: kensuke1031 (500 in chips) 
Mahu2021: posts small blind 10
kensuke1031: posts big blind 20
*** HOLE CARDS ***
Dealt to Mahu2021 [3c 8c]
fruityp1996: folds 
Mahu2021: folds 
Uncalled bet (10) returned to kensuke1031
kensuke1031 collected 20 from pot
*** SUMMARY ***
Total pot 20 | Rake 0 
Seat 1: fruityp1996 (button) folded before Flop (didn't bet)
Seat 2: Mahu2021 (small blind) folded before Flop
Seat 3: kensuke1031 (big blind) collected (20)



PokerStars Hand #250598157198: Tournament #3756655759, $0.46+$0.04 USD Hold'em No Limit - Level I (10/20) - 2024/05/20 11:03:52 CET [2024/05/20 5:03:52 ET]
Table '3756655759 1' 3-max Seat #2 is the button
Seat 1: fruityp1996 (500 in chips) 
Seat 2: Mahu2021 (490 in chips) 
Seat 3: kensuke1031 (510 in chips) 
kensuke1031: posts small blind 10
fruityp1996: posts big blind 20
*** HOLE CARDS ***
Dealt to Mahu2021 [Jh Td]
Mahu2021: raises 20 to 40
kensuke1031: calls 30
fruityp1996: calls 20
*** FLOP *** [3c Ah Jc]
kensuke1031: checks 
fruityp1996: checks 
Mahu2021: bets 40
kensuke1031: raises 40 to 80
fruityp1996: folds 
Mahu2021: calls 40
*** TURN *** [3c Ah Jc] [2d]
kensuke1031: checks 
Mahu2021: checks 
*** RIVER *** [3c Ah Jc 2d] [5s]
kensuke1031: bets 280
Mahu2021: folds 
Uncalled bet (280) returned to kensuke1031
kensuke1031 collected 280 from pot
*** SUMMARY ***
Total pot 280 | Rake 0 
Board [3c Ah Jc 2d 5s]
Seat 1: fruityp1996 (big blind) folded on the Flop
Seat 2: Mahu2021 (button) folded on the River
Seat 3: kensuke1031 (small blind) collected (280)



PokerStars Hand #250598160403: Tournament #3756655759, $0.46+$0.04 USD Hold'em No Limit - Level I (10/20) - 2024/05/20 11:04:20 CET [2024/05/20 5:04:20 ET]
Table '3756655759 1' 3-max Seat #3 is the button
Seat 1: fruityp1996 (460 in chips) 
Seat 2: Mahu2021 (370 in chips) 
Seat 3: kensuke1031 (670 in chips) 
fruityp1996: posts small blind 10
Mahu2021: posts big blind 20
*** HOLE CARDS ***
Dealt to Mahu2021 [2c Qh]
kensuke1031: folds 
fruityp1996: calls 10
Mahu2021: checks 
*** FLOP *** [6c As Jd]
fruityp1996: bets 20
Mahu2021: folds 
Uncalled bet (20) returned to fruityp1996
fruityp1996 collected 40 from pot
*** SUMMARY ***
Total pot 40 | Rake 0 
Board [6c As Jd]
Seat 1: fruityp1996 (small blind) collected (40)
Seat 2: Mahu2021 (big blind) folded on the Flop
Seat 3: kensuke1031 (button) folded before Flop (didn't bet)



PokerStars Hand #250598161513: Tournament #3756655759, $0.46+$0.04 USD Hold'em No Limit - Level I (10/20) - 2024/05/20 11:04:30 CET [2024/05/20 5:04:30 ET]
Table '3756655759 1' 3-max Seat #1 is the button
Seat 1: fruityp1996 (480 in chips) 
Seat 2: Mahu2021 (350 in chips) 
Seat 3: kensuke1031 (670 in chips) 
Mahu2021: posts small blind 10
kensuke1031: posts big blind 20
*** HOLE CARDS ***
Dealt to Mahu2021 [Qc 7s]
fruityp1996: folds 
Mahu2021: raises 20 to 40
kensuke1031: folds 
Uncalled bet (20) returned to Mahu2021
Mahu2021 collected 40 from pot
Mahu2021: doesn't show hand 
*** SUMMARY ***
Total pot 40 | Rake 0 
Seat 1: fruityp1996 (button) folded before Flop (didn't bet)
Seat 2: Mahu2021 (small blind) collected (40)
Seat 3: kensuke1031 (big blind) folded before Flop



PokerStars Hand #250598162178: Tournament #3756655759, $0.46+$0.04 USD Hold'em No Limit - Level I (10/20) - 2024/05/20 11:04:35 CET [2024/05/20 5:04:35 ET]
Table '3756655759 1' 3-max Seat #2 is the button
Seat 1: fruityp1996 (480 in chips) 
Seat 2: Mahu2021 (370 in chips) 
Seat 3: kensuke1031 (650 in chips) 
kensuke1031: posts small blind 10
fruityp1996: posts big blind 20
*** HOLE CARDS ***
Dealt to Mahu2021 [Kc Ah]
Mahu2021: raises 20 to 40
kensuke1031: raises 20 to 60
fruityp1996: folds 
Mahu2021: raises 310 to 370 and is all-in
kensuke1031: calls 310
*** FLOP *** [4h 2s 5d]
*** TURN *** [4h 2s 5d] [Jd]
*** RIVER *** [4h 2s 5d Jd] [Ts]
*** SHOW DOWN ***
kensuke1031: shows [Qh Jc] (a pair of Jacks)
Mahu2021: shows [Kc Ah] (high card Ace)
kensuke1031 collected 760 from pot
Mahu2021 finished the tournament in 3rd place
*** SUMMARY ***
Total pot 760 | Rake 0 
Board [4h 2s 5d Jd Ts]
Seat 1: fruityp1996 (big blind) folded before Flop
Seat 2: Mahu2021 (button) showed [Kc Ah] and lost with high card Ace
Seat 3: kensuke1031 (small blind) showed [Qh Jc] and won (760) with a pair of Jacks



