PokerStars Hand #249432230940: Tournament #3729131161, $1.84+$0.16 USD Hold'em No Limit - Level I (10/20) - 2024/03/15 15:08:22 CET [2024/03/15 10:08:22 ET]
Table '3729131161 1' 3-max Seat #1 is the button
Seat 1: tunanmayo (500 in chips) 
Seat 2: best naso (500 in chips) 
Seat 3: Mahu2021 (500 in chips) 
best naso: posts small blind 10
Mahu2021: posts big blind 20
*** HOLE CARDS ***
Dealt to Mahu2021 [As Tc]
tunanmayo: folds 
best naso: calls 10
Mahu2021: checks 
*** FLOP *** [5h 6h 8c]
best naso: checks 
Mahu2021: checks 
*** TURN *** [5h 6h 8c] [Th]
best naso: checks 
Mahu2021: bets 40
best naso: folds 
Uncalled bet (40) returned to Mahu2021
Mahu2021 collected 40 from pot
Mahu2021: doesn't show hand 
*** SUMMARY ***
Total pot 40 | Rake 0 
Board [5h 6h 8c Th]
Seat 1: tunanmayo (button) folded before Flop (didn't bet)
Seat 2: best naso (small blind) folded on the Turn
Seat 3: Mahu2021 (big blind) collected (40)



PokerStars Hand #249432237073: Tournament #3729131161, $1.84+$0.16 USD Hold'em No Limit - Level I (10/20) - 2024/03/15 15:08:51 CET [2024/03/15 10:08:51 ET]
Table '3729131161 1' 3-max Seat #2 is the button
Seat 1: tunanmayo (500 in chips) 
Seat 2: best naso (480 in chips) 
Seat 3: Mahu2021 (520 in chips) 
Mahu2021: posts small blind 10
tunanmayo: posts big blind 20
*** HOLE CARDS ***
Dealt to Mahu2021 [3d 6h]
best naso: folds 
Mahu2021: folds 
Uncalled bet (10) returned to tunanmayo
tunanmayo collected 20 from pot
*** SUMMARY ***
Total pot 20 | Rake 0 
Seat 1: tunanmayo (big blind) collected (20)
Seat 2: best naso (button) folded before Flop (didn't bet)
Seat 3: Mahu2021 (small blind) folded before Flop



PokerStars Hand #249432238014: Tournament #3729131161, $1.84+$0.16 USD Hold'em No Limit - Level I (10/20) - 2024/03/15 15:08:56 CET [2024/03/15 10:08:56 ET]
Table '3729131161 1' 3-max Seat #3 is the button
Seat 1: tunanmayo (510 in chips) 
Seat 2: best naso (480 in chips) 
Seat 3: Mahu2021 (510 in chips) 
tunanmayo: posts small blind 10
best naso: posts big blind 20
*** HOLE CARDS ***
Dealt to Mahu2021 [As Td]
Mahu2021: raises 20 to 40
tunanmayo: folds 
best naso: calls 20
*** FLOP *** [Ac 4c 9s]
best naso: checks 
Mahu2021: bets 40
best naso: folds 
Uncalled bet (40) returned to Mahu2021
Mahu2021 collected 90 from pot
Mahu2021: doesn't show hand 
*** SUMMARY ***
Total pot 90 | Rake 0 
Board [Ac 4c 9s]
Seat 1: tunanmayo (small blind) folded before Flop
Seat 2: best naso (big blind) folded on the Flop
Seat 3: Mahu2021 (button) collected (90)



PokerStars Hand #249432242899: Tournament #3729131161, $1.84+$0.16 USD Hold'em No Limit - Level I (10/20) - 2024/03/15 15:09:20 CET [2024/03/15 10:09:20 ET]
Table '3729131161 1' 3-max Seat #1 is the button
Seat 1: tunanmayo (500 in chips) 
Seat 2: best naso (440 in chips) 
Seat 3: Mahu2021 (560 in chips) 
best naso: posts small blind 10
Mahu2021: posts big blind 20
*** HOLE CARDS ***
Dealt to Mahu2021 [Kc 6d]
tunanmayo: folds 
best naso: calls 10
Mahu2021: checks 
*** FLOP *** [Jd 4d 9d]
best naso: checks 
Mahu2021: checks 
*** TURN *** [Jd 4d 9d] [7c]
best naso: checks 
Mahu2021: checks 
*** RIVER *** [Jd 4d 9d 7c] [Ks]
best naso: checks 
Mahu2021: bets 20
best naso: folds 
Uncalled bet (20) returned to Mahu2021
Mahu2021 collected 40 from pot
Mahu2021: doesn't show hand 
*** SUMMARY ***
Total pot 40 | Rake 0 
Board [Jd 4d 9d 7c Ks]
Seat 1: tunanmayo (button) folded before Flop (didn't bet)
Seat 2: best naso (small blind) folded on the River
Seat 3: Mahu2021 (big blind) collected (40)



PokerStars Hand #249432251566: Tournament #3729131161, $1.84+$0.16 USD Hold'em No Limit - Level I (10/20) - 2024/03/15 15:10:02 CET [2024/03/15 10:10:02 ET]
Table '3729131161 1' 3-max Seat #2 is the button
Seat 1: tunanmayo (500 in chips) 
Seat 2: best naso (420 in chips) 
Seat 3: Mahu2021 (580 in chips) 
Mahu2021: posts small blind 10
tunanmayo: posts big blind 20
*** HOLE CARDS ***
Dealt to Mahu2021 [2c Ah]
best naso: folds 
Mahu2021: folds 
Uncalled bet (10) returned to tunanmayo
tunanmayo collected 20 from pot
*** SUMMARY ***
Total pot 20 | Rake 0 
Seat 1: tunanmayo (big blind) collected (20)
Seat 2: best naso (button) folded before Flop (didn't bet)
Seat 3: Mahu2021 (small blind) folded before Flop



PokerStars Hand #249432252568: Tournament #3729131161, $1.84+$0.16 USD Hold'em No Limit - Level I (10/20) - 2024/03/15 15:10:07 CET [2024/03/15 10:10:07 ET]
Table '3729131161 1' 3-max Seat #3 is the button
Seat 1: tunanmayo (510 in chips) 
Seat 2: best naso (420 in chips) 
Seat 3: Mahu2021 (570 in chips) 
tunanmayo: posts small blind 10
best naso: posts big blind 20
*** HOLE CARDS ***
Dealt to Mahu2021 [Td 3s]
Mahu2021: folds 
tunanmayo: calls 10
best naso: checks 
*** FLOP *** [2c 3h Jd]
tunanmayo: checks 
best naso: checks 
*** TURN *** [2c 3h Jd] [8c]
tunanmayo: bets 20
best naso: calls 20
*** RIVER *** [2c 3h Jd 8c] [5h]
tunanmayo: bets 60
best naso: calls 60
*** SHOW DOWN ***
tunanmayo: shows [4c 6s] (a straight, Deuce to Six)
best naso: mucks hand 
tunanmayo collected 200 from pot
*** SUMMARY ***
Total pot 200 | Rake 0 
Board [2c 3h Jd 8c 5h]
Seat 1: tunanmayo (small blind) showed [4c 6s] and won (200) with a straight, Deuce to Six
Seat 2: best naso (big blind) mucked [8s 9c]
Seat 3: Mahu2021 (button) folded before Flop (didn't bet)



PokerStars Hand #249432261591: Tournament #3729131161, $1.84+$0.16 USD Hold'em No Limit - Level I (10/20) - 2024/03/15 15:10:50 CET [2024/03/15 10:10:50 ET]
Table '3729131161 1' 3-max Seat #1 is the button
Seat 1: tunanmayo (610 in chips) 
Seat 2: best naso (320 in chips) 
Seat 3: Mahu2021 (570 in chips) 
best naso: posts small blind 10
Mahu2021: posts big blind 20
*** HOLE CARDS ***
Dealt to Mahu2021 [Qh Ks]
tunanmayo: folds 
best naso: folds 
Uncalled bet (10) returned to Mahu2021
Mahu2021 collected 20 from pot
Mahu2021: doesn't show hand 
*** SUMMARY ***
Total pot 20 | Rake 0 
Seat 1: tunanmayo (button) folded before Flop (didn't bet)
Seat 2: best naso (small blind) folded before Flop
Seat 3: Mahu2021 (big blind) collected (20)



PokerStars Hand #249432262821: Tournament #3729131161, $1.84+$0.16 USD Hold'em No Limit - Level I (10/20) - 2024/03/15 15:10:56 CET [2024/03/15 10:10:56 ET]
Table '3729131161 1' 3-max Seat #2 is the button
Seat 1: tunanmayo (610 in chips) 
Seat 2: best naso (310 in chips) 
Seat 3: Mahu2021 (580 in chips) 
Mahu2021: posts small blind 10
tunanmayo: posts big blind 20
*** HOLE CARDS ***
Dealt to Mahu2021 [8h Qc]
best naso: folds 
Mahu2021: raises 20 to 40
tunanmayo: folds 
Uncalled bet (20) returned to Mahu2021
Mahu2021 collected 40 from pot
Mahu2021: doesn't show hand 
*** SUMMARY ***
Total pot 40 | Rake 0 
Seat 1: tunanmayo (big blind) folded before Flop
Seat 2: best naso (button) folded before Flop (didn't bet)
Seat 3: Mahu2021 (small blind) collected (40)



PokerStars Hand #249432264559: Tournament #3729131161, $1.84+$0.16 USD Hold'em No Limit - Level I (10/20) - 2024/03/15 15:11:04 CET [2024/03/15 10:11:04 ET]
Table '3729131161 1' 3-max Seat #3 is the button
Seat 1: tunanmayo (590 in chips) 
Seat 2: best naso (310 in chips) 
Seat 3: Mahu2021 (600 in chips) 
tunanmayo: posts small blind 10
best naso: posts big blind 20
*** HOLE CARDS ***
Dealt to Mahu2021 [6c 4c]
Mahu2021: folds 
tunanmayo: folds 
Uncalled bet (10) returned to best naso
best naso collected 20 from pot
*** SUMMARY ***
Total pot 20 | Rake 0 
Seat 1: tunanmayo (small blind) folded before Flop
Seat 2: best naso (big blind) collected (20)
Seat 3: Mahu2021 (button) folded before Flop (didn't bet)



PokerStars Hand #249432265533: Tournament #3729131161, $1.84+$0.16 USD Hold'em No Limit - Level I (10/20) - 2024/03/15 15:11:09 CET [2024/03/15 10:11:09 ET]
Table '3729131161 1' 3-max Seat #1 is the button
Seat 1: tunanmayo (580 in chips) 
Seat 2: best naso (320 in chips) 
Seat 3: Mahu2021 (600 in chips) 
best naso: posts small blind 10
Mahu2021: posts big blind 20
*** HOLE CARDS ***
Dealt to Mahu2021 [Jh 3c]
tunanmayo: raises 40 to 60
best naso: folds 
Mahu2021: folds 
Uncalled bet (40) returned to tunanmayo
tunanmayo collected 50 from pot
*** SUMMARY ***
Total pot 50 | Rake 0 
Seat 1: tunanmayo (button) collected (50)
Seat 2: best naso (small blind) folded before Flop
Seat 3: Mahu2021 (big blind) folded before Flop



PokerStars Hand #249432267162: Tournament #3729131161, $1.84+$0.16 USD Hold'em No Limit - Level I (10/20) - 2024/03/15 15:11:17 CET [2024/03/15 10:11:17 ET]
Table '3729131161 1' 3-max Seat #2 is the button
Seat 1: tunanmayo (610 in chips) 
Seat 2: best naso (310 in chips) 
Seat 3: Mahu2021 (580 in chips) 
Mahu2021: posts small blind 10
tunanmayo: posts big blind 20
*** HOLE CARDS ***
Dealt to Mahu2021 [5c 8c]
best naso: folds 
Mahu2021: calls 10
tunanmayo: checks 
*** FLOP *** [Ah 9h Tc]
Mahu2021: checks 
tunanmayo: checks 
*** TURN *** [Ah 9h Tc] [Qs]
Mahu2021: checks 
tunanmayo: bets 40
Mahu2021: folds 
Uncalled bet (40) returned to tunanmayo
tunanmayo collected 40 from pot
*** SUMMARY ***
Total pot 40 | Rake 0 
Board [Ah 9h Tc Qs]
Seat 1: tunanmayo (big blind) collected (40)
Seat 2: best naso (button) folded before Flop (didn't bet)
Seat 3: Mahu2021 (small blind) folded on the Turn



PokerStars Hand #249432271806: Tournament #3729131161, $1.84+$0.16 USD Hold'em No Limit - Level II (15/30) - 2024/03/15 15:11:39 CET [2024/03/15 10:11:39 ET]
Table '3729131161 1' 3-max Seat #3 is the button
Seat 1: tunanmayo (630 in chips) 
Seat 2: best naso (310 in chips) 
Seat 3: Mahu2021 (560 in chips) 
tunanmayo: posts small blind 15
best naso: posts big blind 30
*** HOLE CARDS ***
Dealt to Mahu2021 [Th Qs]
Mahu2021: raises 30 to 60
tunanmayo: folds 
best naso: folds 
Uncalled bet (30) returned to Mahu2021
Mahu2021 collected 75 from pot
Mahu2021: doesn't show hand 
*** SUMMARY ***
Total pot 75 | Rake 0 
Seat 1: tunanmayo (small blind) folded before Flop
Seat 2: best naso (big blind) folded before Flop
Seat 3: Mahu2021 (button) collected (75)



PokerStars Hand #249432275163: Tournament #3729131161, $1.84+$0.16 USD Hold'em No Limit - Level II (15/30) - 2024/03/15 15:11:55 CET [2024/03/15 10:11:55 ET]
Table '3729131161 1' 3-max Seat #1 is the button
Seat 1: tunanmayo (615 in chips) 
Seat 2: best naso (280 in chips) 
Seat 3: Mahu2021 (605 in chips) 
best naso: posts small blind 15
Mahu2021: posts big blind 30
*** HOLE CARDS ***
Dealt to Mahu2021 [Ac Kd]
tunanmayo: calls 30
best naso: folds 
Mahu2021: checks 
*** FLOP *** [6d 4c 3c]
Mahu2021: checks 
tunanmayo: checks 
*** TURN *** [6d 4c 3c] [3s]
Mahu2021: checks 
tunanmayo: bets 60
Mahu2021: calls 60
*** RIVER *** [6d 4c 3c 3s] [7c]
Mahu2021: checks 
tunanmayo: checks 
*** SHOW DOWN ***
Mahu2021: shows [Ac Kd] (a pair of Threes)
tunanmayo: mucks hand 
Mahu2021 collected 195 from pot
*** SUMMARY ***
Total pot 195 | Rake 0 
Board [6d 4c 3c 3s 7c]
Seat 1: tunanmayo (button) mucked [Ts Ks]
Seat 2: best naso (small blind) folded before Flop
Seat 3: Mahu2021 (big blind) showed [Ac Kd] and won (195) with a pair of Threes



PokerStars Hand #249432280118: Tournament #3729131161, $1.84+$0.16 USD Hold'em No Limit - Level II (15/30) - 2024/03/15 15:12:19 CET [2024/03/15 10:12:19 ET]
Table '3729131161 1' 3-max Seat #2 is the button
Seat 1: tunanmayo (525 in chips) 
Seat 2: best naso (265 in chips) 
Seat 3: Mahu2021 (710 in chips) 
Mahu2021: posts small blind 15
tunanmayo: posts big blind 30
*** HOLE CARDS ***
Dealt to Mahu2021 [Qc Qd]
best naso: folds 
Mahu2021: raises 30 to 60
tunanmayo: calls 30
*** FLOP *** [7h 4c 7s]
Mahu2021: bets 120
tunanmayo: folds 
Uncalled bet (120) returned to Mahu2021
Mahu2021 collected 120 from pot
Mahu2021: doesn't show hand 
*** SUMMARY ***
Total pot 120 | Rake 0 
Board [7h 4c 7s]
Seat 1: tunanmayo (big blind) folded on the Flop
Seat 2: best naso (button) folded before Flop (didn't bet)
Seat 3: Mahu2021 (small blind) collected (120)



PokerStars Hand #249432282696: Tournament #3729131161, $1.84+$0.16 USD Hold'em No Limit - Level II (15/30) - 2024/03/15 15:12:31 CET [2024/03/15 10:12:31 ET]
Table '3729131161 1' 3-max Seat #3 is the button
Seat 1: tunanmayo (465 in chips) 
Seat 2: best naso (265 in chips) 
Seat 3: Mahu2021 (770 in chips) 
tunanmayo: posts small blind 15
best naso: posts big blind 30
*** HOLE CARDS ***
Dealt to Mahu2021 [5s Kc]
Mahu2021: folds 
tunanmayo: calls 15
best naso: checks 
*** FLOP *** [Ad 6c 4c]
tunanmayo: bets 60
best naso: folds 
Uncalled bet (60) returned to tunanmayo
tunanmayo collected 60 from pot
*** SUMMARY ***
Total pot 60 | Rake 0 
Board [Ad 6c 4c]
Seat 1: tunanmayo (small blind) collected (60)
Seat 2: best naso (big blind) folded on the Flop
Seat 3: Mahu2021 (button) folded before Flop (didn't bet)



PokerStars Hand #249432286162: Tournament #3729131161, $1.84+$0.16 USD Hold'em No Limit - Level II (15/30) - 2024/03/15 15:12:48 CET [2024/03/15 10:12:48 ET]
Table '3729131161 1' 3-max Seat #1 is the button
Seat 1: tunanmayo (495 in chips) 
Seat 2: best naso (235 in chips) 
Seat 3: Mahu2021 (770 in chips) 
best naso: posts small blind 15
Mahu2021: posts big blind 30
*** HOLE CARDS ***
Dealt to Mahu2021 [2c 9h]
tunanmayo: folds 
best naso: raises 205 to 235 and is all-in
Mahu2021: folds 
Uncalled bet (205) returned to best naso
best naso collected 60 from pot
*** SUMMARY ***
Total pot 60 | Rake 0 
Seat 1: tunanmayo (button) folded before Flop (didn't bet)
Seat 2: best naso (small blind) collected (60)
Seat 3: Mahu2021 (big blind) folded before Flop



PokerStars Hand #249432287722: Tournament #3729131161, $1.84+$0.16 USD Hold'em No Limit - Level II (15/30) - 2024/03/15 15:12:55 CET [2024/03/15 10:12:55 ET]
Table '3729131161 1' 3-max Seat #2 is the button
Seat 1: tunanmayo (495 in chips) 
Seat 2: best naso (265 in chips) 
Seat 3: Mahu2021 (740 in chips) 
Mahu2021: posts small blind 15
tunanmayo: posts big blind 30
*** HOLE CARDS ***
Dealt to Mahu2021 [Qs 7d]
best naso: folds 
Mahu2021: calls 15
tunanmayo: checks 
*** FLOP *** [Js 9c 6s]
Mahu2021: checks 
tunanmayo: checks 
*** TURN *** [Js 9c 6s] [9d]
Mahu2021: checks 
tunanmayo: checks 
*** RIVER *** [Js 9c 6s 9d] [2d]
Mahu2021: checks 
tunanmayo: checks 
*** SHOW DOWN ***
Mahu2021: shows [Qs 7d] (a pair of Nines)
tunanmayo: mucks hand 
Mahu2021 collected 60 from pot
*** SUMMARY ***
Total pot 60 | Rake 0 
Board [Js 9c 6s 9d 2d]
Seat 1: tunanmayo (big blind) mucked [5h Ts]
Seat 2: best naso (button) folded before Flop (didn't bet)
Seat 3: Mahu2021 (small blind) showed [Qs 7d] and won (60) with a pair of Nines



PokerStars Hand #249432293386: Tournament #3729131161, $1.84+$0.16 USD Hold'em No Limit - Level II (15/30) - 2024/03/15 15:13:22 CET [2024/03/15 10:13:22 ET]
Table '3729131161 1' 3-max Seat #3 is the button
Seat 1: tunanmayo (465 in chips) 
Seat 2: best naso (265 in chips) 
Seat 3: Mahu2021 (770 in chips) 
tunanmayo: posts small blind 15
best naso: posts big blind 30
*** HOLE CARDS ***
Dealt to Mahu2021 [5d Ad]
Mahu2021: calls 30
tunanmayo: folds 
best naso: checks 
*** FLOP *** [7h 6d 8h]
best naso: checks 
Mahu2021: checks 
*** TURN *** [7h 6d 8h] [Qc]
best naso: bets 56
Mahu2021: folds 
Uncalled bet (56) returned to best naso
best naso collected 75 from pot
*** SUMMARY ***
Total pot 75 | Rake 0 
Board [7h 6d 8h Qc]
Seat 1: tunanmayo (small blind) folded before Flop
Seat 2: best naso (big blind) collected (75)
Seat 3: Mahu2021 (button) folded on the Turn



PokerStars Hand #249432300525: Tournament #3729131161, $1.84+$0.16 USD Hold'em No Limit - Level II (15/30) - 2024/03/15 15:13:57 CET [2024/03/15 10:13:57 ET]
Table '3729131161 1' 3-max Seat #1 is the button
Seat 1: tunanmayo (450 in chips) 
Seat 2: best naso (310 in chips) 
Seat 3: Mahu2021 (740 in chips) 
best naso: posts small blind 15
Mahu2021: posts big blind 30
*** HOLE CARDS ***
Dealt to Mahu2021 [Qd Kh]
tunanmayo: calls 30
best naso: folds 
Mahu2021: checks 
*** FLOP *** [4d 6c Js]
Mahu2021: checks 
tunanmayo: checks 
*** TURN *** [4d 6c Js] [9d]
Mahu2021: checks 
tunanmayo: bets 30
Mahu2021: calls 30
*** RIVER *** [4d 6c Js 9d] [7c]
Mahu2021: checks 
tunanmayo: bets 68
Mahu2021: folds 
Uncalled bet (68) returned to tunanmayo
tunanmayo collected 135 from pot
*** SUMMARY ***
Total pot 135 | Rake 0 
Board [4d 6c Js 9d 7c]
Seat 1: tunanmayo (button) collected (135)
Seat 2: best naso (small blind) folded before Flop
Seat 3: Mahu2021 (big blind) folded on the River



PokerStars Hand #249432305674: Tournament #3729131161, $1.84+$0.16 USD Hold'em No Limit - Level II (15/30) - 2024/03/15 15:14:21 CET [2024/03/15 10:14:21 ET]
Table '3729131161 1' 3-max Seat #2 is the button
Seat 1: tunanmayo (525 in chips) 
Seat 2: best naso (295 in chips) 
Seat 3: Mahu2021 (680 in chips) 
Mahu2021: posts small blind 15
tunanmayo: posts big blind 30
*** HOLE CARDS ***
Dealt to Mahu2021 [Td 8d]
best naso: folds 
Mahu2021: calls 15
tunanmayo: checks 
*** FLOP *** [8c 3s Jc]
Mahu2021: bets 30
tunanmayo: calls 30
*** TURN *** [8c 3s Jc] [8s]
Mahu2021: bets 60
tunanmayo: folds 
Uncalled bet (60) returned to Mahu2021
Mahu2021 collected 120 from pot
Mahu2021: doesn't show hand 
*** SUMMARY ***
Total pot 120 | Rake 0 
Board [8c 3s Jc 8s]
Seat 1: tunanmayo (big blind) folded on the Turn
Seat 2: best naso (button) folded before Flop (didn't bet)
Seat 3: Mahu2021 (small blind) collected (120)



PokerStars Hand #249432310365: Tournament #3729131161, $1.84+$0.16 USD Hold'em No Limit - Level III (20/40) - 2024/03/15 15:14:44 CET [2024/03/15 10:14:44 ET]
Table '3729131161 1' 3-max Seat #3 is the button
Seat 1: tunanmayo (465 in chips) 
Seat 2: best naso (295 in chips) 
Seat 3: Mahu2021 (740 in chips) 
tunanmayo: posts small blind 20
best naso: posts big blind 40
*** HOLE CARDS ***
Dealt to Mahu2021 [8s Jc]
Mahu2021: folds 
tunanmayo: calls 20
best naso: checks 
*** FLOP *** [Th 9s Kc]
tunanmayo: checks 
best naso: checks 
*** TURN *** [Th 9s Kc] [8d]
tunanmayo: checks 
best naso: bets 40
tunanmayo: folds 
Uncalled bet (40) returned to best naso
best naso collected 80 from pot
*** SUMMARY ***
Total pot 80 | Rake 0 
Board [Th 9s Kc 8d]
Seat 1: tunanmayo (small blind) folded on the Turn
Seat 2: best naso (big blind) collected (80)
Seat 3: Mahu2021 (button) folded before Flop (didn't bet)



PokerStars Hand #249432315836: Tournament #3729131161, $1.84+$0.16 USD Hold'em No Limit - Level III (20/40) - 2024/03/15 15:15:10 CET [2024/03/15 10:15:10 ET]
Table '3729131161 1' 3-max Seat #1 is the button
Seat 1: tunanmayo (425 in chips) 
Seat 2: best naso (335 in chips) 
Seat 3: Mahu2021 (740 in chips) 
best naso: posts small blind 20
Mahu2021: posts big blind 40
*** HOLE CARDS ***
Dealt to Mahu2021 [4h Ks]
tunanmayo: folds 
best naso: raises 295 to 335 and is all-in
Mahu2021: folds 
Uncalled bet (295) returned to best naso
best naso collected 80 from pot
*** SUMMARY ***
Total pot 80 | Rake 0 
Seat 1: tunanmayo (button) folded before Flop (didn't bet)
Seat 2: best naso (small blind) collected (80)
Seat 3: Mahu2021 (big blind) folded before Flop



PokerStars Hand #249432318030: Tournament #3729131161, $1.84+$0.16 USD Hold'em No Limit - Level III (20/40) - 2024/03/15 15:15:20 CET [2024/03/15 10:15:20 ET]
Table '3729131161 1' 3-max Seat #2 is the button
Seat 1: tunanmayo (425 in chips) 
Seat 2: best naso (375 in chips) 
Seat 3: Mahu2021 (700 in chips) 
Mahu2021: posts small blind 20
tunanmayo: posts big blind 40
*** HOLE CARDS ***
Dealt to Mahu2021 [8c 6d]
best naso: folds 
Mahu2021: folds 
Uncalled bet (20) returned to tunanmayo
tunanmayo collected 40 from pot
*** SUMMARY ***
Total pot 40 | Rake 0 
Seat 1: tunanmayo (big blind) collected (40)
Seat 2: best naso (button) folded before Flop (didn't bet)
Seat 3: Mahu2021 (small blind) folded before Flop



PokerStars Hand #249432319061: Tournament #3729131161, $1.84+$0.16 USD Hold'em No Limit - Level III (20/40) - 2024/03/15 15:15:25 CET [2024/03/15 10:15:25 ET]
Table '3729131161 1' 3-max Seat #3 is the button
Seat 1: tunanmayo (445 in chips) 
Seat 2: best naso (375 in chips) 
Seat 3: Mahu2021 (680 in chips) 
tunanmayo: posts small blind 20
best naso: posts big blind 40
*** HOLE CARDS ***
Dealt to Mahu2021 [2c 8c]
Mahu2021: folds 
tunanmayo: calls 20
best naso: raises 335 to 375 and is all-in
tunanmayo: calls 335
*** FLOP *** [8h 4s 5s]
*** TURN *** [8h 4s 5s] [Ks]
*** RIVER *** [8h 4s 5s Ks] [9c]
*** SHOW DOWN ***
tunanmayo: shows [Ad 8d] (a pair of Eights)
best naso: shows [As Kh] (a pair of Kings)
best naso collected 750 from pot
*** SUMMARY ***
Total pot 750 | Rake 0 
Board [8h 4s 5s Ks 9c]
Seat 1: tunanmayo (small blind) showed [Ad 8d] and lost with a pair of Eights
Seat 2: best naso (big blind) showed [As Kh] and won (750) with a pair of Kings
Seat 3: Mahu2021 (button) folded before Flop (didn't bet)



PokerStars Hand #249432322954: Tournament #3729131161, $1.84+$0.16 USD Hold'em No Limit - Level III (20/40) - 2024/03/15 15:15:42 CET [2024/03/15 10:15:42 ET]
Table '3729131161 1' 3-max Seat #1 is the button
Seat 1: tunanmayo (70 in chips) 
Seat 2: best naso (750 in chips) 
Seat 3: Mahu2021 (680 in chips) 
best naso: posts small blind 20
Mahu2021: posts big blind 40
*** HOLE CARDS ***
Dealt to Mahu2021 [Qc Ad]
tunanmayo: raises 30 to 70 and is all-in
best naso: folds 
Mahu2021: calls 30
*** FLOP *** [Ks Kc 5h]
*** TURN *** [Ks Kc 5h] [2d]
*** RIVER *** [Ks Kc 5h 2d] [9s]
*** SHOW DOWN ***
Mahu2021: shows [Qc Ad] (a pair of Kings)
tunanmayo: shows [8d 9d] (two pair, Kings and Nines)
tunanmayo collected 160 from pot
*** SUMMARY ***
Total pot 160 | Rake 0 
Board [Ks Kc 5h 2d 9s]
Seat 1: tunanmayo (button) showed [8d 9d] and won (160) with two pair, Kings and Nines
Seat 2: best naso (small blind) folded before Flop
Seat 3: Mahu2021 (big blind) showed [Qc Ad] and lost with a pair of Kings



PokerStars Hand #249432326149: Tournament #3729131161, $1.84+$0.16 USD Hold'em No Limit - Level III (20/40) - 2024/03/15 15:15:57 CET [2024/03/15 10:15:57 ET]
Table '3729131161 1' 3-max Seat #2 is the button
Seat 1: tunanmayo (160 in chips) 
Seat 2: best naso (730 in chips) 
Seat 3: Mahu2021 (610 in chips) 
Mahu2021: posts small blind 20
tunanmayo: posts big blind 40
*** HOLE CARDS ***
Dealt to Mahu2021 [8s 4h]
best naso: folds 
Mahu2021: folds 
Uncalled bet (20) returned to tunanmayo
tunanmayo collected 40 from pot
*** SUMMARY ***
Total pot 40 | Rake 0 
Seat 1: tunanmayo (big blind) collected (40)
Seat 2: best naso (button) folded before Flop (didn't bet)
Seat 3: Mahu2021 (small blind) folded before Flop



PokerStars Hand #249432327366: Tournament #3729131161, $1.84+$0.16 USD Hold'em No Limit - Level III (20/40) - 2024/03/15 15:16:03 CET [2024/03/15 10:16:03 ET]
Table '3729131161 1' 3-max Seat #3 is the button
Seat 1: tunanmayo (180 in chips) 
Seat 2: best naso (730 in chips) 
Seat 3: Mahu2021 (590 in chips) 
tunanmayo: posts small blind 20
best naso: posts big blind 40
*** HOLE CARDS ***
Dealt to Mahu2021 [Ad Js]
Mahu2021: raises 40 to 80
tunanmayo: folds 
best naso: calls 40
*** FLOP *** [Kd 9c 3h]
best naso: checks 
Mahu2021: checks 
*** TURN *** [Kd 9c 3h] [Ts]
best naso: bets 90
Mahu2021: calls 90
*** RIVER *** [Kd 9c 3h Ts] [9s]
best naso: bets 180
Mahu2021: folds 
Uncalled bet (180) returned to best naso
best naso collected 360 from pot
*** SUMMARY ***
Total pot 360 | Rake 0 
Board [Kd 9c 3h Ts 9s]
Seat 1: tunanmayo (small blind) folded before Flop
Seat 2: best naso (big blind) collected (360)
Seat 3: Mahu2021 (button) folded on the River



PokerStars Hand #249432335192: Tournament #3729131161, $1.84+$0.16 USD Hold'em No Limit - Level III (20/40) - 2024/03/15 15:16:39 CET [2024/03/15 10:16:39 ET]
Table '3729131161 1' 3-max Seat #1 is the button
Seat 1: tunanmayo (160 in chips) 
Seat 2: best naso (920 in chips) 
Seat 3: Mahu2021 (420 in chips) 
best naso: posts small blind 20
Mahu2021: posts big blind 40
*** HOLE CARDS ***
Dealt to Mahu2021 [6h 3h]
tunanmayo: folds 
best naso: calls 20
Mahu2021: checks 
*** FLOP *** [Th Ts 4c]
best naso: checks 
Mahu2021: checks 
*** TURN *** [Th Ts 4c] [Ks]
best naso: checks 
Mahu2021: checks 
*** RIVER *** [Th Ts 4c Ks] [3s]
best naso: checks 
Mahu2021: bets 40
best naso: calls 40
*** SHOW DOWN ***
Mahu2021: shows [6h 3h] (two pair, Tens and Threes)
best naso: shows [3d 6d] (two pair, Tens and Threes)
best naso collected 80 from pot
Mahu2021 collected 80 from pot
*** SUMMARY ***
Total pot 160 | Rake 0 
Board [Th Ts 4c Ks 3s]
Seat 1: tunanmayo (button) folded before Flop (didn't bet)
Seat 2: best naso (small blind) showed [3d 6d] and won (80) with two pair, Tens and Threes
Seat 3: Mahu2021 (big blind) showed [6h 3h] and won (80) with two pair, Tens and Threes



PokerStars Hand #249432339667: Tournament #3729131161, $1.84+$0.16 USD Hold'em No Limit - Level III (20/40) - 2024/03/15 15:17:00 CET [2024/03/15 10:17:00 ET]
Table '3729131161 1' 3-max Seat #2 is the button
Seat 1: tunanmayo (160 in chips) 
Seat 2: best naso (920 in chips) 
Seat 3: Mahu2021 (420 in chips) 
Mahu2021: posts small blind 20
tunanmayo: posts big blind 40
*** HOLE CARDS ***
Dealt to Mahu2021 [2d 5h]
best naso: folds 
Mahu2021: folds 
Uncalled bet (20) returned to tunanmayo
tunanmayo collected 40 from pot
*** SUMMARY ***
Total pot 40 | Rake 0 
Seat 1: tunanmayo (big blind) collected (40)
Seat 2: best naso (button) folded before Flop (didn't bet)
Seat 3: Mahu2021 (small blind) folded before Flop



PokerStars Hand #249432340729: Tournament #3729131161, $1.84+$0.16 USD Hold'em No Limit - Level III (20/40) - 2024/03/15 15:17:04 CET [2024/03/15 10:17:04 ET]
Table '3729131161 1' 3-max Seat #3 is the button
Seat 1: tunanmayo (180 in chips) 
Seat 2: best naso (920 in chips) 
Seat 3: Mahu2021 (400 in chips) 
tunanmayo: posts small blind 20
best naso: posts big blind 40
*** HOLE CARDS ***
Dealt to Mahu2021 [Td 5c]
Mahu2021: folds 
tunanmayo: folds 
Uncalled bet (20) returned to best naso
best naso collected 40 from pot
*** SUMMARY ***
Total pot 40 | Rake 0 
Seat 1: tunanmayo (small blind) folded before Flop
Seat 2: best naso (big blind) collected (40)
Seat 3: Mahu2021 (button) folded before Flop (didn't bet)



PokerStars Hand #249432341972: Tournament #3729131161, $1.84+$0.16 USD Hold'em No Limit - Level III (20/40) - 2024/03/15 15:17:10 CET [2024/03/15 10:17:10 ET]
Table '3729131161 1' 3-max Seat #1 is the button
Seat 1: tunanmayo (160 in chips) 
Seat 2: best naso (940 in chips) 
Seat 3: Mahu2021 (400 in chips) 
best naso: posts small blind 20
Mahu2021: posts big blind 40
*** HOLE CARDS ***
Dealt to Mahu2021 [4s Qh]
tunanmayo: folds 
best naso: calls 20
Mahu2021: checks 
*** FLOP *** [5d 2h 8d]
best naso: checks 
Mahu2021: checks 
*** TURN *** [5d 2h 8d] [9h]
best naso: bets 40
Mahu2021: folds 
Uncalled bet (40) returned to best naso
best naso collected 80 from pot
*** SUMMARY ***
Total pot 80 | Rake 0 
Board [5d 2h 8d 9h]
Seat 1: tunanmayo (button) folded before Flop (didn't bet)
Seat 2: best naso (small blind) collected (80)
Seat 3: Mahu2021 (big blind) folded on the Turn



PokerStars Hand #249432346254: Tournament #3729131161, $1.84+$0.16 USD Hold'em No Limit - Level IV (30/60) - 2024/03/15 15:17:30 CET [2024/03/15 10:17:30 ET]
Table '3729131161 1' 3-max Seat #2 is the button
Seat 1: tunanmayo (160 in chips) 
Seat 2: best naso (980 in chips) 
Seat 3: Mahu2021 (360 in chips) 
Mahu2021: posts small blind 30
tunanmayo: posts big blind 60
*** HOLE CARDS ***
Dealt to Mahu2021 [4h 5h]
best naso: raises 920 to 980 and is all-in
Mahu2021: folds 
tunanmayo: folds 
Uncalled bet (920) returned to best naso
best naso collected 150 from pot
*** SUMMARY ***
Total pot 150 | Rake 0 
Seat 1: tunanmayo (big blind) folded before Flop
Seat 2: best naso (button) collected (150)
Seat 3: Mahu2021 (small blind) folded before Flop



PokerStars Hand #249432348019: Tournament #3729131161, $1.84+$0.16 USD Hold'em No Limit - Level IV (30/60) - 2024/03/15 15:17:39 CET [2024/03/15 10:17:39 ET]
Table '3729131161 1' 3-max Seat #3 is the button
Seat 1: tunanmayo (100 in chips) 
Seat 2: best naso (1070 in chips) 
Seat 3: Mahu2021 (330 in chips) 
tunanmayo: posts small blind 30
best naso: posts big blind 60
*** HOLE CARDS ***
Dealt to Mahu2021 [Ad Th]
Mahu2021: raises 120 to 180
tunanmayo: calls 70 and is all-in
best naso: folds 
Uncalled bet (80) returned to Mahu2021
*** FLOP *** [8h 5d Qd]
*** TURN *** [8h 5d Qd] [9d]
*** RIVER *** [8h 5d Qd 9d] [3c]
*** SHOW DOWN ***
tunanmayo: shows [Jc 9c] (a pair of Nines)
Mahu2021: shows [Ad Th] (high card Ace)
tunanmayo collected 260 from pot
*** SUMMARY ***
Total pot 260 | Rake 0 
Board [8h 5d Qd 9d 3c]
Seat 1: tunanmayo (small blind) showed [Jc 9c] and won (260) with a pair of Nines
Seat 2: best naso (big blind) folded before Flop
Seat 3: Mahu2021 (button) showed [Ad Th] and lost with high card Ace



PokerStars Hand #249432352946: Tournament #3729131161, $1.84+$0.16 USD Hold'em No Limit - Level IV (30/60) - 2024/03/15 15:18:02 CET [2024/03/15 10:18:02 ET]
Table '3729131161 1' 3-max Seat #1 is the button
Seat 1: tunanmayo (260 in chips) 
Seat 2: best naso (1010 in chips) 
Seat 3: Mahu2021 (230 in chips) 
best naso: posts small blind 30
Mahu2021: posts big blind 60
*** HOLE CARDS ***
Dealt to Mahu2021 [Kh 6h]
tunanmayo: raises 200 to 260 and is all-in
best naso: calls 230
Mahu2021: calls 170 and is all-in
*** FLOP *** [7c 7s 8c]
*** TURN *** [7c 7s 8c] [Td]
*** RIVER *** [7c 7s 8c Td] [2s]
*** SHOW DOWN ***
best naso: shows [Ts Qc] (two pair, Tens and Sevens)
tunanmayo: shows [9c Ac] (a pair of Sevens)
best naso collected 60 from side pot
Mahu2021: shows [Kh 6h] (a pair of Sevens)
best naso collected 690 from main pot
tunanmayo finished the tournament in 2nd place
Mahu2021 finished the tournament in 3rd place
best naso wins the tournament and receives $6.00 - congratulations!
*** SUMMARY ***
Total pot 750 Main pot 690. Side pot 60. | Rake 0 
Board [7c 7s 8c Td 2s]
Seat 1: tunanmayo (button) showed [9c Ac] and lost with a pair of Sevens
Seat 2: best naso (small blind) showed [Ts Qc] and won (750) with two pair, Tens and Sevens
Seat 3: Mahu2021 (big blind) showed [Kh 6h] and lost with a pair of Sevens



