PokerStars Hand #247845603777: Tournament #3690955337, $1.84+$0.16 USD Hold'em No Limit - Level I (10/20) - 2023/12/24 20:09:55 CET [2023/12/24 14:09:55 ET]
Table '3690955337 1' 3-max Seat #1 is the button
Seat 1: PeatyDram (500 in chips) 
Seat 2: Mahu2021 (500 in chips) 
Seat 3: Yuhiaht (500 in chips) 
Mahu2021: posts small blind 10
Yuhiaht: posts big blind 20
*** HOLE CARDS ***
Dealt to Mahu2021 [Qh Th]
PeatyDram: folds 
Mahu2021: raises 20 to 40
Yuhiaht: folds 
Uncalled bet (20) returned to Mahu2021
Mahu2021 collected 40 from pot
Mahu2021: doesn't show hand 
*** SUMMARY ***
Total pot 40 | Rake 0 
Seat 1: PeatyDram (button) folded before Flop (didn't bet)
Seat 2: Mahu2021 (small blind) collected (40)
Seat 3: Yuhiaht (big blind) folded before Flop



PokerStars Hand #247845606276: Tournament #3690955337, $1.84+$0.16 USD Hold'em No Limit - Level I (10/20) - 2023/12/24 20:10:04 CET [2023/12/24 14:10:04 ET]
Table '3690955337 1' 3-max Seat #2 is the button
Seat 1: PeatyDram (500 in chips) 
Seat 2: Mahu2021 (520 in chips) 
Seat 3: Yuhiaht (480 in chips) 
Yuhiaht: posts small blind 10
PeatyDram: posts big blind 20
*** HOLE CARDS ***
Dealt to Mahu2021 [Th Td]
Mahu2021: calls 20
Yuhiaht: calls 10
PeatyDram: checks 
*** FLOP *** [2c 9d 3s]
Yuhiaht: checks 
PeatyDram: bets 20
Mahu2021: calls 20
Yuhiaht: calls 20
*** TURN *** [2c 9d 3s] [7h]
Yuhiaht: checks 
PeatyDram: bets 40
Mahu2021: calls 40
Yuhiaht: calls 40
*** RIVER *** [2c 9d 3s 7h] [Qh]
Yuhiaht: checks 
PeatyDram: bets 120
Mahu2021: folds 
Yuhiaht: folds 
Uncalled bet (120) returned to PeatyDram
PeatyDram collected 240 from pot
*** SUMMARY ***
Total pot 240 | Rake 0 
Board [2c 9d 3s 7h Qh]
Seat 1: PeatyDram (big blind) collected (240)
Seat 2: Mahu2021 (button) folded on the River
Seat 3: Yuhiaht (small blind) folded on the River



PokerStars Hand #247845615534: Tournament #3690955337, $1.84+$0.16 USD Hold'em No Limit - Level I (10/20) - 2023/12/24 20:10:38 CET [2023/12/24 14:10:38 ET]
Table '3690955337 1' 3-max Seat #3 is the button
Seat 1: PeatyDram (660 in chips) 
Seat 2: Mahu2021 (440 in chips) 
Seat 3: Yuhiaht (400 in chips) 
PeatyDram: posts small blind 10
Mahu2021: posts big blind 20
*** HOLE CARDS ***
Dealt to Mahu2021 [Td 5s]
Yuhiaht: calls 20
PeatyDram: raises 60 to 80
Mahu2021: folds 
Yuhiaht: folds 
Uncalled bet (60) returned to PeatyDram
PeatyDram collected 60 from pot
*** SUMMARY ***
Total pot 60 | Rake 0 
Seat 1: PeatyDram (small blind) collected (60)
Seat 2: Mahu2021 (big blind) folded before Flop
Seat 3: Yuhiaht (button) folded before Flop



PokerStars Hand #247845619051: Tournament #3690955337, $1.84+$0.16 USD Hold'em No Limit - Level I (10/20) - 2023/12/24 20:10:52 CET [2023/12/24 14:10:52 ET]
Table '3690955337 1' 3-max Seat #1 is the button
Seat 1: PeatyDram (700 in chips) 
Seat 2: Mahu2021 (420 in chips) 
Seat 3: Yuhiaht (380 in chips) 
Mahu2021: posts small blind 10
Yuhiaht: posts big blind 20
*** HOLE CARDS ***
Dealt to Mahu2021 [Jh Ac]
PeatyDram: folds 
Mahu2021: raises 20 to 40
Yuhiaht: calls 20
*** FLOP *** [9s 5c 6c]
Mahu2021: checks 
Yuhiaht: bets 340 and is all-in
Mahu2021: folds 
Uncalled bet (340) returned to Yuhiaht
Yuhiaht collected 80 from pot
*** SUMMARY ***
Total pot 80 | Rake 0 
Board [9s 5c 6c]
Seat 1: PeatyDram (button) folded before Flop (didn't bet)
Seat 2: Mahu2021 (small blind) folded on the Flop
Seat 3: Yuhiaht (big blind) collected (80)



PokerStars Hand #247845622966: Tournament #3690955337, $1.84+$0.16 USD Hold'em No Limit - Level I (10/20) - 2023/12/24 20:11:06 CET [2023/12/24 14:11:06 ET]
Table '3690955337 1' 3-max Seat #2 is the button
Seat 1: PeatyDram (700 in chips) 
Seat 2: Mahu2021 (380 in chips) 
Seat 3: Yuhiaht (420 in chips) 
Yuhiaht: posts small blind 10
PeatyDram: posts big blind 20
*** HOLE CARDS ***
Dealt to Mahu2021 [Kh 2d]
Mahu2021: folds 
Yuhiaht: calls 10
PeatyDram: checks 
*** FLOP *** [Qs 3h 7c]
Yuhiaht: checks 
PeatyDram: bets 20
Yuhiaht: folds 
Uncalled bet (20) returned to PeatyDram
PeatyDram collected 40 from pot
*** SUMMARY ***
Total pot 40 | Rake 0 
Board [Qs 3h 7c]
Seat 1: PeatyDram (big blind) collected (40)
Seat 2: Mahu2021 (button) folded before Flop (didn't bet)
Seat 3: Yuhiaht (small blind) folded on the Flop



PokerStars Hand #247845632110: Tournament #3690955337, $1.84+$0.16 USD Hold'em No Limit - Level I (10/20) - 2023/12/24 20:11:41 CET [2023/12/24 14:11:41 ET]
Table '3690955337 1' 3-max Seat #3 is the button
Seat 1: PeatyDram (720 in chips) 
Seat 2: Mahu2021 (380 in chips) 
Seat 3: Yuhiaht (400 in chips) 
PeatyDram: posts small blind 10
Mahu2021: posts big blind 20
*** HOLE CARDS ***
Dealt to Mahu2021 [3c Qd]
Yuhiaht: calls 20
PeatyDram: folds 
Mahu2021: checks 
*** FLOP *** [Td 5d 5s]
Mahu2021: checks 
Yuhiaht: bets 20
Mahu2021: folds 
Uncalled bet (20) returned to Yuhiaht
Yuhiaht collected 50 from pot
*** SUMMARY ***
Total pot 50 | Rake 0 
Board [Td 5d 5s]
Seat 1: PeatyDram (small blind) folded before Flop
Seat 2: Mahu2021 (big blind) folded on the Flop
Seat 3: Yuhiaht (button) collected (50)



PokerStars Hand #247845635686: Tournament #3690955337, $1.84+$0.16 USD Hold'em No Limit - Level I (10/20) - 2023/12/24 20:11:54 CET [2023/12/24 14:11:54 ET]
Table '3690955337 1' 3-max Seat #1 is the button
Seat 1: PeatyDram (710 in chips) 
Seat 2: Mahu2021 (360 in chips) 
Seat 3: Yuhiaht (430 in chips) 
Mahu2021: posts small blind 10
Yuhiaht: posts big blind 20
*** HOLE CARDS ***
Dealt to Mahu2021 [4h 5c]
PeatyDram: raises 20 to 40
Mahu2021: calls 30
Yuhiaht: raises 390 to 430 and is all-in
PeatyDram: folds 
Mahu2021: folds 
Uncalled bet (390) returned to Yuhiaht
Yuhiaht collected 120 from pot
*** SUMMARY ***
Total pot 120 | Rake 0 
Seat 1: PeatyDram (button) folded before Flop
Seat 2: Mahu2021 (small blind) folded before Flop
Seat 3: Yuhiaht (big blind) collected (120)



PokerStars Hand #247845638591: Tournament #3690955337, $1.84+$0.16 USD Hold'em No Limit - Level I (10/20) - 2023/12/24 20:12:05 CET [2023/12/24 14:12:05 ET]
Table '3690955337 1' 3-max Seat #2 is the button
Seat 1: PeatyDram (670 in chips) 
Seat 2: Mahu2021 (320 in chips) 
Seat 3: Yuhiaht (510 in chips) 
Yuhiaht: posts small blind 10
PeatyDram: posts big blind 20
*** HOLE CARDS ***
Dealt to Mahu2021 [9c 7d]
Mahu2021: folds 
Yuhiaht: calls 10
PeatyDram: checks 
*** FLOP *** [6s Kd Jc]
Yuhiaht: checks 
PeatyDram: checks 
*** TURN *** [6s Kd Jc] [2c]
Yuhiaht: bets 20
PeatyDram: folds 
Uncalled bet (20) returned to Yuhiaht
Yuhiaht collected 40 from pot
*** SUMMARY ***
Total pot 40 | Rake 0 
Board [6s Kd Jc 2c]
Seat 1: PeatyDram (big blind) folded on the Turn
Seat 2: Mahu2021 (button) folded before Flop (didn't bet)
Seat 3: Yuhiaht (small blind) collected (40)



PokerStars Hand #247845641910: Tournament #3690955337, $1.84+$0.16 USD Hold'em No Limit - Level I (10/20) - 2023/12/24 20:12:17 CET [2023/12/24 14:12:17 ET]
Table '3690955337 1' 3-max Seat #3 is the button
Seat 1: PeatyDram (650 in chips) 
Seat 2: Mahu2021 (320 in chips) 
Seat 3: Yuhiaht (530 in chips) 
PeatyDram: posts small blind 10
Mahu2021: posts big blind 20
*** HOLE CARDS ***
Dealt to Mahu2021 [Qs 3h]
Yuhiaht: calls 20
PeatyDram: raises 40 to 60
Mahu2021: folds 
Yuhiaht: calls 40
*** FLOP *** [6c 9h 9d]
PeatyDram: checks 
Yuhiaht: checks 
*** TURN *** [6c 9h 9d] [7h]
PeatyDram: checks 
Yuhiaht: checks 
*** RIVER *** [6c 9h 9d 7h] [7s]
PeatyDram: bets 70
Yuhiaht: folds 
Uncalled bet (70) returned to PeatyDram
PeatyDram collected 140 from pot
*** SUMMARY ***
Total pot 140 | Rake 0 
Board [6c 9h 9d 7h 7s]
Seat 1: PeatyDram (small blind) collected (140)
Seat 2: Mahu2021 (big blind) folded before Flop
Seat 3: Yuhiaht (button) folded on the River



PokerStars Hand #247845647639: Tournament #3690955337, $1.84+$0.16 USD Hold'em No Limit - Level I (10/20) - 2023/12/24 20:12:38 CET [2023/12/24 14:12:38 ET]
Table '3690955337 1' 3-max Seat #1 is the button
Seat 1: PeatyDram (730 in chips) 
Seat 2: Mahu2021 (300 in chips) 
Seat 3: Yuhiaht (470 in chips) 
Mahu2021: posts small blind 10
Yuhiaht: posts big blind 20
*** HOLE CARDS ***
Dealt to Mahu2021 [2s Ts]
PeatyDram: raises 20 to 40
Mahu2021: folds 
Yuhiaht: calls 20
*** FLOP *** [Jd Qc 7d]
Yuhiaht: checks 
PeatyDram: checks 
*** TURN *** [Jd Qc 7d] [Ac]
Yuhiaht: checks 
PeatyDram: checks 
*** RIVER *** [Jd Qc 7d Ac] [6c]
Yuhiaht: checks 
PeatyDram: bets 90
Yuhiaht: folds 
Uncalled bet (90) returned to PeatyDram
PeatyDram collected 90 from pot
*** SUMMARY ***
Total pot 90 | Rake 0 
Board [Jd Qc 7d Ac 6c]
Seat 1: PeatyDram (button) collected (90)
Seat 2: Mahu2021 (small blind) folded before Flop
Seat 3: Yuhiaht (big blind) folded on the River



PokerStars Hand #247845653442: Tournament #3690955337, $1.84+$0.16 USD Hold'em No Limit - Level II (15/30) - 2023/12/24 20:13:00 CET [2023/12/24 14:13:00 ET]
Table '3690955337 1' 3-max Seat #2 is the button
Seat 1: PeatyDram (780 in chips) 
Seat 2: Mahu2021 (290 in chips) 
Seat 3: Yuhiaht (430 in chips) 
Yuhiaht: posts small blind 15
PeatyDram: posts big blind 30
*** HOLE CARDS ***
Dealt to Mahu2021 [Ad 9c]
Mahu2021: raises 260 to 290 and is all-in
Yuhiaht: folds 
PeatyDram: folds 
Uncalled bet (260) returned to Mahu2021
Mahu2021 collected 75 from pot
Mahu2021: doesn't show hand 
*** SUMMARY ***
Total pot 75 | Rake 0 
Seat 1: PeatyDram (big blind) folded before Flop
Seat 2: Mahu2021 (button) collected (75)
Seat 3: Yuhiaht (small blind) folded before Flop



PokerStars Hand #247845656007: Tournament #3690955337, $1.84+$0.16 USD Hold'em No Limit - Level II (15/30) - 2023/12/24 20:13:10 CET [2023/12/24 14:13:10 ET]
Table '3690955337 1' 3-max Seat #3 is the button
Seat 1: PeatyDram (750 in chips) 
Seat 2: Mahu2021 (335 in chips) 
Seat 3: Yuhiaht (415 in chips) 
PeatyDram: posts small blind 15
Mahu2021: posts big blind 30
*** HOLE CARDS ***
Dealt to Mahu2021 [Jd 2s]
Yuhiaht: folds 
PeatyDram: folds 
Uncalled bet (15) returned to Mahu2021
Mahu2021 collected 30 from pot
Mahu2021: doesn't show hand 
*** SUMMARY ***
Total pot 30 | Rake 0 
Seat 1: PeatyDram (small blind) folded before Flop
Seat 2: Mahu2021 (big blind) collected (30)
Seat 3: Yuhiaht (button) folded before Flop (didn't bet)



PokerStars Hand #247845657298: Tournament #3690955337, $1.84+$0.16 USD Hold'em No Limit - Level II (15/30) - 2023/12/24 20:13:15 CET [2023/12/24 14:13:15 ET]
Table '3690955337 1' 3-max Seat #1 is the button
Seat 1: PeatyDram (735 in chips) 
Seat 2: Mahu2021 (350 in chips) 
Seat 3: Yuhiaht (415 in chips) 
Mahu2021: posts small blind 15
Yuhiaht: posts big blind 30
*** HOLE CARDS ***
Dealt to Mahu2021 [2d Kd]
PeatyDram: folds 
Mahu2021: calls 15
Yuhiaht: checks 
*** FLOP *** [Ks 8c 9s]
Mahu2021: bets 30
Yuhiaht: folds 
Uncalled bet (30) returned to Mahu2021
Mahu2021 collected 60 from pot
Mahu2021: doesn't show hand 
*** SUMMARY ***
Total pot 60 | Rake 0 
Board [Ks 8c 9s]
Seat 1: PeatyDram (button) folded before Flop (didn't bet)
Seat 2: Mahu2021 (small blind) collected (60)
Seat 3: Yuhiaht (big blind) folded on the Flop



PokerStars Hand #247845661707: Tournament #3690955337, $1.84+$0.16 USD Hold'em No Limit - Level II (15/30) - 2023/12/24 20:13:31 CET [2023/12/24 14:13:31 ET]
Table '3690955337 1' 3-max Seat #2 is the button
Seat 1: PeatyDram (735 in chips) 
Seat 2: Mahu2021 (380 in chips) 
Seat 3: Yuhiaht (385 in chips) 
Yuhiaht: posts small blind 15
PeatyDram: posts big blind 30
*** HOLE CARDS ***
Dealt to Mahu2021 [8d 6h]
Mahu2021: folds 
Yuhiaht: calls 15
PeatyDram: checks 
*** FLOP *** [Th Qs Kh]
Yuhiaht: checks 
PeatyDram: checks 
*** TURN *** [Th Qs Kh] [2d]
Yuhiaht: checks 
PeatyDram: checks 
*** RIVER *** [Th Qs Kh 2d] [5s]
Yuhiaht: checks 
PeatyDram: bets 705 and is all-in
Yuhiaht: folds 
Uncalled bet (705) returned to PeatyDram
PeatyDram collected 60 from pot
*** SUMMARY ***
Total pot 60 | Rake 0 
Board [Th Qs Kh 2d 5s]
Seat 1: PeatyDram (big blind) collected (60)
Seat 2: Mahu2021 (button) folded before Flop (didn't bet)
Seat 3: Yuhiaht (small blind) folded on the River



PokerStars Hand #247845667078: Tournament #3690955337, $1.84+$0.16 USD Hold'em No Limit - Level II (15/30) - 2023/12/24 20:13:52 CET [2023/12/24 14:13:52 ET]
Table '3690955337 1' 3-max Seat #3 is the button
Seat 1: PeatyDram (765 in chips) 
Seat 2: Mahu2021 (380 in chips) 
Seat 3: Yuhiaht (355 in chips) 
PeatyDram: posts small blind 15
Mahu2021: posts big blind 30
*** HOLE CARDS ***
Dealt to Mahu2021 [8c Qh]
Yuhiaht: folds 
PeatyDram: folds 
Uncalled bet (15) returned to Mahu2021
Mahu2021 collected 30 from pot
Mahu2021: doesn't show hand 
*** SUMMARY ***
Total pot 30 | Rake 0 
Seat 1: PeatyDram (small blind) folded before Flop
Seat 2: Mahu2021 (big blind) collected (30)
Seat 3: Yuhiaht (button) folded before Flop (didn't bet)



PokerStars Hand #247845668296: Tournament #3690955337, $1.84+$0.16 USD Hold'em No Limit - Level II (15/30) - 2023/12/24 20:13:56 CET [2023/12/24 14:13:56 ET]
Table '3690955337 1' 3-max Seat #1 is the button
Seat 1: PeatyDram (750 in chips) 
Seat 2: Mahu2021 (395 in chips) 
Seat 3: Yuhiaht (355 in chips) 
Mahu2021: posts small blind 15
Yuhiaht: posts big blind 30
*** HOLE CARDS ***
Dealt to Mahu2021 [3h 7d]
PeatyDram: calls 30
Mahu2021: folds 
Yuhiaht: checks 
*** FLOP *** [Qd Jh 5c]
Yuhiaht: bets 30
PeatyDram: calls 30
*** TURN *** [Qd Jh 5c] [8s]
Yuhiaht: bets 30
PeatyDram: calls 30
*** RIVER *** [Qd Jh 5c 8s] [2h]
Yuhiaht: checks 
PeatyDram: checks 
*** SHOW DOWN ***
Yuhiaht: shows [Kc 5h] (a pair of Fives)
PeatyDram: shows [Ad 5d] (a pair of Fives - Ace kicker)
PeatyDram collected 195 from pot
*** SUMMARY ***
Total pot 195 | Rake 0 
Board [Qd Jh 5c 8s 2h]
Seat 1: PeatyDram (button) showed [Ad 5d] and won (195) with a pair of Fives
Seat 2: Mahu2021 (small blind) folded before Flop
Seat 3: Yuhiaht (big blind) showed [Kc 5h] and lost with a pair of Fives



PokerStars Hand #247845672696: Tournament #3690955337, $1.84+$0.16 USD Hold'em No Limit - Level II (15/30) - 2023/12/24 20:14:13 CET [2023/12/24 14:14:13 ET]
Table '3690955337 1' 3-max Seat #2 is the button
Seat 1: PeatyDram (855 in chips) 
Seat 2: Mahu2021 (380 in chips) 
Seat 3: Yuhiaht (265 in chips) 
Yuhiaht: posts small blind 15
PeatyDram: posts big blind 30
*** HOLE CARDS ***
Dealt to Mahu2021 [2d Js]
Mahu2021: folds 
Yuhiaht: calls 15
PeatyDram: checks 
*** FLOP *** [2h 3c 8h]
Yuhiaht: bets 60
PeatyDram: raises 765 to 825 and is all-in
Yuhiaht: calls 175 and is all-in
Uncalled bet (590) returned to PeatyDram
*** TURN *** [2h 3c 8h] [9s]
*** RIVER *** [2h 3c 8h 9s] [Qh]
*** SHOW DOWN ***
Yuhiaht: shows [2c Ts] (a pair of Deuces)
PeatyDram: shows [Th Td] (a pair of Tens)
PeatyDram collected 530 from pot
Yuhiaht finished the tournament in 3rd place
*** SUMMARY ***
Total pot 530 | Rake 0 
Board [2h 3c 8h 9s Qh]
Seat 1: PeatyDram (big blind) showed [Th Td] and won (530) with a pair of Tens
Seat 2: Mahu2021 (button) folded before Flop (didn't bet)
Seat 3: Yuhiaht (small blind) showed [2c Ts] and lost with a pair of Deuces



PokerStars Hand #247845679249: Tournament #3690955337, $1.84+$0.16 USD Hold'em No Limit - Level II (15/30) - 2023/12/24 20:14:37 CET [2023/12/24 14:14:37 ET]
Table '3690955337 1' 3-max Seat #1 is the button
Seat 1: PeatyDram (1120 in chips) 
Seat 2: Mahu2021 (380 in chips) 
PeatyDram: posts small blind 15
Mahu2021: posts big blind 30
*** HOLE CARDS ***
Dealt to Mahu2021 [7h 8c]
PeatyDram: calls 15
Mahu2021: checks 
*** FLOP *** [Qd Kd 2c]
Mahu2021: checks 
PeatyDram: checks 
*** TURN *** [Qd Kd 2c] [5c]
Mahu2021: checks 
PeatyDram: checks 
*** RIVER *** [Qd Kd 2c 5c] [Td]
Mahu2021: checks 
PeatyDram: bets 60
Mahu2021: folds 
Uncalled bet (60) returned to PeatyDram
PeatyDram collected 60 from pot
*** SUMMARY ***
Total pot 60 | Rake 0 
Board [Qd Kd 2c 5c Td]
Seat 1: PeatyDram (button) (small blind) collected (60)
Seat 2: Mahu2021 (big blind) folded on the River



PokerStars Hand #247845683472: Tournament #3690955337, $1.84+$0.16 USD Hold'em No Limit - Level II (15/30) - 2023/12/24 20:14:53 CET [2023/12/24 14:14:53 ET]
Table '3690955337 1' 3-max Seat #2 is the button
Seat 1: PeatyDram (1150 in chips) 
Seat 2: Mahu2021 (350 in chips) 
Mahu2021: posts small blind 15
PeatyDram: posts big blind 30
*** HOLE CARDS ***
Dealt to Mahu2021 [5h 4h]
Mahu2021: calls 15
PeatyDram: raises 60 to 90
Mahu2021: calls 60
*** FLOP *** [Qh 7h Tc]
PeatyDram: bets 30
Mahu2021: raises 230 to 260 and is all-in
PeatyDram: calls 230
*** TURN *** [Qh 7h Tc] [Ah]
*** RIVER *** [Qh 7h Tc Ah] [Kc]
*** SHOW DOWN ***
PeatyDram: shows [Th Jc] (a straight, Ten to Ace)
Mahu2021: shows [5h 4h] (a flush, Ace high)
Mahu2021 collected 700 from pot
*** SUMMARY ***
Total pot 700 | Rake 0 
Board [Qh 7h Tc Ah Kc]
Seat 1: PeatyDram (big blind) showed [Th Jc] and lost with a straight, Ten to Ace
Seat 2: Mahu2021 (button) (small blind) showed [5h 4h] and won (700) with a flush, Ace high



PokerStars Hand #247845688640: Tournament #3690955337, $1.84+$0.16 USD Hold'em No Limit - Level II (15/30) - 2023/12/24 20:15:12 CET [2023/12/24 14:15:12 ET]
Table '3690955337 1' 3-max Seat #1 is the button
Seat 1: PeatyDram (800 in chips) 
Seat 2: Mahu2021 (700 in chips) 
PeatyDram: posts small blind 15
Mahu2021: posts big blind 30
*** HOLE CARDS ***
Dealt to Mahu2021 [2d Qc]
PeatyDram: folds 
Uncalled bet (15) returned to Mahu2021
Mahu2021 collected 30 from pot
Mahu2021: doesn't show hand 
*** SUMMARY ***
Total pot 30 | Rake 0 
Seat 1: PeatyDram (button) (small blind) folded before Flop
Seat 2: Mahu2021 (big blind) collected (30)



PokerStars Hand #247845690311: Tournament #3690955337, $1.84+$0.16 USD Hold'em No Limit - Level II (15/30) - 2023/12/24 20:15:18 CET [2023/12/24 14:15:18 ET]
Table '3690955337 1' 3-max Seat #2 is the button
Seat 1: PeatyDram (785 in chips) 
Seat 2: Mahu2021 (715 in chips) 
Mahu2021: posts small blind 15
PeatyDram: posts big blind 30
*** HOLE CARDS ***
Dealt to Mahu2021 [5c Kc]
Mahu2021: calls 15
PeatyDram: raises 30 to 60
Mahu2021: calls 30
*** FLOP *** [4d 3c 2d]
PeatyDram: bets 30
Mahu2021: calls 30
*** TURN *** [4d 3c 2d] [9c]
PeatyDram: checks 
Mahu2021: bets 180
PeatyDram: raises 515 to 695 and is all-in
Mahu2021: calls 445 and is all-in
Uncalled bet (70) returned to PeatyDram
*** RIVER *** [4d 3c 2d 9c] [Jh]
*** SHOW DOWN ***
PeatyDram: shows [Ad 9h] (a pair of Nines)
Mahu2021: shows [5c Kc] (high card King)
PeatyDram collected 1430 from pot
Mahu2021 finished the tournament in 2nd place
PeatyDram wins the tournament and receives $6.00 - congratulations!
*** SUMMARY ***
Total pot 1430 | Rake 0 
Board [4d 3c 2d 9c Jh]
Seat 1: PeatyDram (big blind) showed [Ad 9h] and won (1430) with a pair of Nines
Seat 2: Mahu2021 (button) (small blind) showed [5c Kc] and lost with high card King



