PokerStars Hand #252736275497: Tournament #3807446628, $1.84+$0.16 USD Hold'em No Limit - Level I (10/20) - 2024/10/02 17:19:42 CET [2024/10/02 11:19:42 ET]
Table '3807446628 1' 3-max Seat #1 is the button
Seat 1: Idivide&conquer (500 in chips) 
Seat 2: veritop05 (500 in chips) 
Seat 3: Mahu2021 (500 in chips) 
veritop05: posts small blind 10
Mahu2021: posts big blind 20
*** HOLE CARDS ***
Dealt to Mahu2021 [3d 7h]
Idivide&conquer: raises 20 to 40
veritop05: folds 
Mahu2021: folds 
Uncalled bet (20) returned to Idivide&conquer
Idivide&conquer collected 50 from pot
Idivide&conquer: doesn't show hand 
*** SUMMARY ***
Total pot 50 | Rake 0 
Seat 1: Idivide&conquer (button) collected (50)
Seat 2: veritop05 (small blind) folded before Flop
Seat 3: Mahu2021 (big blind) folded before Flop



PokerStars Hand #252736277614: Tournament #3807446628, $1.84+$0.16 USD Hold'em No Limit - Level I (10/20) - 2024/10/02 17:19:52 CET [2024/10/02 11:19:52 ET]
Table '3807446628 1' 3-max Seat #2 is the button
Seat 1: Idivide&conquer (530 in chips) 
Seat 2: veritop05 (490 in chips) 
Seat 3: Mahu2021 (480 in chips) 
Mahu2021: posts small blind 10
Idivide&conquer: posts big blind 20
*** HOLE CARDS ***
Dealt to Mahu2021 [Qh Jd]
veritop05: raises 20 to 40
Mahu2021: calls 30
Idivide&conquer: folds 
*** FLOP *** [2c 4s 3s]
Mahu2021: checks 
veritop05: bets 20
Mahu2021: calls 20
*** TURN *** [2c 4s 3s] [6s]
Mahu2021: checks 
veritop05: bets 20
Mahu2021: calls 20
*** RIVER *** [2c 4s 3s 6s] [Th]
Mahu2021: checks 
veritop05: checks 
*** SHOW DOWN ***
Mahu2021: shows [Qh Jd] (high card Queen)
veritop05: shows [2s Ad] (a pair of Deuces)
veritop05 collected 180 from pot
*** SUMMARY ***
Total pot 180 | Rake 0 
Board [2c 4s 3s 6s Th]
Seat 1: Idivide&conquer (big blind) folded before Flop
Seat 2: veritop05 (button) showed [2s Ad] and won (180) with a pair of Deuces
Seat 3: Mahu2021 (small blind) showed [Qh Jd] and lost with high card Queen



PokerStars Hand #252736281211: Tournament #3807446628, $1.84+$0.16 USD Hold'em No Limit - Level I (10/20) - 2024/10/02 17:20:09 CET [2024/10/02 11:20:09 ET]
Table '3807446628 1' 3-max Seat #3 is the button
Seat 1: Idivide&conquer (510 in chips) 
Seat 2: veritop05 (590 in chips) 
Seat 3: Mahu2021 (400 in chips) 
Idivide&conquer: posts small blind 10
veritop05: posts big blind 20
*** HOLE CARDS ***
Dealt to Mahu2021 [Kc 9h]
Mahu2021: raises 20 to 40
Idivide&conquer: folds 
veritop05: folds 
Uncalled bet (20) returned to Mahu2021
Mahu2021 collected 50 from pot
Mahu2021: doesn't show hand 
*** SUMMARY ***
Total pot 50 | Rake 0 
Seat 1: Idivide&conquer (small blind) folded before Flop
Seat 2: veritop05 (big blind) folded before Flop
Seat 3: Mahu2021 (button) collected (50)



PokerStars Hand #252736283103: Tournament #3807446628, $1.84+$0.16 USD Hold'em No Limit - Level I (10/20) - 2024/10/02 17:20:18 CET [2024/10/02 11:20:18 ET]
Table '3807446628 1' 3-max Seat #1 is the button
Seat 1: Idivide&conquer (500 in chips) 
Seat 2: veritop05 (570 in chips) 
Seat 3: Mahu2021 (430 in chips) 
veritop05: posts small blind 10
Mahu2021: posts big blind 20
*** HOLE CARDS ***
Dealt to Mahu2021 [6h 4d]
Idivide&conquer: folds 
veritop05: calls 10
Mahu2021: checks 
*** FLOP *** [9s Kd Ks]
veritop05: checks 
Mahu2021: checks 
*** TURN *** [9s Kd Ks] [As]
veritop05: bets 20
Mahu2021: folds 
Uncalled bet (20) returned to veritop05
veritop05 collected 40 from pot
*** SUMMARY ***
Total pot 40 | Rake 0 
Board [9s Kd Ks As]
Seat 1: Idivide&conquer (button) folded before Flop (didn't bet)
Seat 2: veritop05 (small blind) collected (40)
Seat 3: Mahu2021 (big blind) folded on the Turn



PokerStars Hand #252736285884: Tournament #3807446628, $1.84+$0.16 USD Hold'em No Limit - Level I (10/20) - 2024/10/02 17:20:31 CET [2024/10/02 11:20:31 ET]
Table '3807446628 1' 3-max Seat #2 is the button
Seat 1: Idivide&conquer (500 in chips) 
Seat 2: veritop05 (590 in chips) 
Seat 3: Mahu2021 (410 in chips) 
Mahu2021: posts small blind 10
Idivide&conquer: posts big blind 20
*** HOLE CARDS ***
Dealt to Mahu2021 [5h Ac]
veritop05: calls 20
Mahu2021: calls 10
Idivide&conquer: checks 
*** FLOP *** [8h 4d Ts]
Mahu2021: checks 
Idivide&conquer: checks 
veritop05: bets 20
Mahu2021: calls 20
Idivide&conquer: folds 
*** TURN *** [8h 4d Ts] [9h]
Mahu2021: checks 
veritop05: bets 20
Mahu2021: folds 
Uncalled bet (20) returned to veritop05
veritop05 collected 100 from pot
*** SUMMARY ***
Total pot 100 | Rake 0 
Board [8h 4d Ts 9h]
Seat 1: Idivide&conquer (big blind) folded on the Flop
Seat 2: veritop05 (button) collected (100)
Seat 3: Mahu2021 (small blind) folded on the Turn



PokerStars Hand #252736294309: Tournament #3807446628, $1.84+$0.16 USD Hold'em No Limit - Level I (10/20) - 2024/10/02 17:21:10 CET [2024/10/02 11:21:10 ET]
Table '3807446628 1' 3-max Seat #3 is the button
Seat 1: Idivide&conquer (480 in chips) 
Seat 2: veritop05 (650 in chips) 
Seat 3: Mahu2021 (370 in chips) 
Idivide&conquer: posts small blind 10
veritop05: posts big blind 20
*** HOLE CARDS ***
Dealt to Mahu2021 [6c Ts]
Mahu2021: folds 
Idivide&conquer: raises 20 to 40
veritop05: folds 
Uncalled bet (20) returned to Idivide&conquer
Idivide&conquer collected 40 from pot
Idivide&conquer: doesn't show hand 
*** SUMMARY ***
Total pot 40 | Rake 0 
Seat 1: Idivide&conquer (small blind) collected (40)
Seat 2: veritop05 (big blind) folded before Flop
Seat 3: Mahu2021 (button) folded before Flop (didn't bet)



PokerStars Hand #252736298050: Tournament #3807446628, $1.84+$0.16 USD Hold'em No Limit - Level I (10/20) - 2024/10/02 17:21:28 CET [2024/10/02 11:21:28 ET]
Table '3807446628 1' 3-max Seat #1 is the button
Seat 1: Idivide&conquer (500 in chips) 
Seat 2: veritop05 (630 in chips) 
Seat 3: Mahu2021 (370 in chips) 
veritop05: posts small blind 10
Mahu2021: posts big blind 20
*** HOLE CARDS ***
Dealt to Mahu2021 [6h 2c]
Idivide&conquer: raises 20 to 40
veritop05: calls 30
Mahu2021: folds 
*** FLOP *** [3h 4d 3c]
veritop05: checks 
Idivide&conquer: bets 40
veritop05: folds 
Uncalled bet (40) returned to Idivide&conquer
Idivide&conquer collected 100 from pot
Idivide&conquer: doesn't show hand 
*** SUMMARY ***
Total pot 100 | Rake 0 
Board [3h 4d 3c]
Seat 1: Idivide&conquer (button) collected (100)
Seat 2: veritop05 (small blind) folded on the Flop
Seat 3: Mahu2021 (big blind) folded before Flop



PokerStars Hand #252736302117: Tournament #3807446628, $1.84+$0.16 USD Hold'em No Limit - Level I (10/20) - 2024/10/02 17:21:48 CET [2024/10/02 11:21:48 ET]
Table '3807446628 1' 3-max Seat #2 is the button
Seat 1: Idivide&conquer (560 in chips) 
Seat 2: veritop05 (590 in chips) 
Seat 3: Mahu2021 (350 in chips) 
Mahu2021: posts small blind 10
Idivide&conquer: posts big blind 20
*** HOLE CARDS ***
Dealt to Mahu2021 [7c 8d]
veritop05: raises 40 to 60
Mahu2021: folds 
Idivide&conquer: folds 
Uncalled bet (40) returned to veritop05
veritop05 collected 50 from pot
*** SUMMARY ***
Total pot 50 | Rake 0 
Seat 1: Idivide&conquer (big blind) folded before Flop
Seat 2: veritop05 (button) collected (50)
Seat 3: Mahu2021 (small blind) folded before Flop



PokerStars Hand #252736303778: Tournament #3807446628, $1.84+$0.16 USD Hold'em No Limit - Level I (10/20) - 2024/10/02 17:21:56 CET [2024/10/02 11:21:56 ET]
Table '3807446628 1' 3-max Seat #3 is the button
Seat 1: Idivide&conquer (540 in chips) 
Seat 2: veritop05 (620 in chips) 
Seat 3: Mahu2021 (340 in chips) 
Idivide&conquer: posts small blind 10
veritop05: posts big blind 20
*** HOLE CARDS ***
Dealt to Mahu2021 [4d Qc]
Mahu2021: folds 
Idivide&conquer: raises 24 to 44
veritop05: folds 
Uncalled bet (24) returned to Idivide&conquer
Idivide&conquer collected 40 from pot
Idivide&conquer: doesn't show hand 
*** SUMMARY ***
Total pot 40 | Rake 0 
Seat 1: Idivide&conquer (small blind) collected (40)
Seat 2: veritop05 (big blind) folded before Flop
Seat 3: Mahu2021 (button) folded before Flop (didn't bet)



PokerStars Hand #252736305417: Tournament #3807446628, $1.84+$0.16 USD Hold'em No Limit - Level I (10/20) - 2024/10/02 17:22:03 CET [2024/10/02 11:22:03 ET]
Table '3807446628 1' 3-max Seat #1 is the button
Seat 1: Idivide&conquer (560 in chips) 
Seat 2: veritop05 (600 in chips) 
Seat 3: Mahu2021 (340 in chips) 
veritop05: posts small blind 10
Mahu2021: posts big blind 20
*** HOLE CARDS ***
Dealt to Mahu2021 [3d 2h]
Idivide&conquer: folds 
veritop05: raises 40 to 60
Mahu2021: folds 
Uncalled bet (40) returned to veritop05
veritop05 collected 40 from pot
*** SUMMARY ***
Total pot 40 | Rake 0 
Seat 1: Idivide&conquer (button) folded before Flop (didn't bet)
Seat 2: veritop05 (small blind) collected (40)
Seat 3: Mahu2021 (big blind) folded before Flop



PokerStars Hand #252736307006: Tournament #3807446628, $1.84+$0.16 USD Hold'em No Limit - Level I (10/20) - 2024/10/02 17:22:11 CET [2024/10/02 11:22:11 ET]
Table '3807446628 1' 3-max Seat #2 is the button
Seat 1: Idivide&conquer (560 in chips) 
Seat 2: veritop05 (620 in chips) 
Seat 3: Mahu2021 (320 in chips) 
Mahu2021: posts small blind 10
Idivide&conquer: posts big blind 20
*** HOLE CARDS ***
Dealt to Mahu2021 [7h Jd]
veritop05: folds 
Mahu2021: calls 10
Idivide&conquer: checks 
*** FLOP *** [2d 5s Kc]
Mahu2021: checks 
Idivide&conquer: checks 
*** TURN *** [2d 5s Kc] [8d]
Mahu2021: checks 
Idivide&conquer: checks 
*** RIVER *** [2d 5s Kc 8d] [9h]
Mahu2021: checks 
Idivide&conquer: checks 
*** SHOW DOWN ***
Mahu2021: shows [7h Jd] (high card King)
Idivide&conquer: shows [2h 3h] (a pair of Deuces)
Idivide&conquer collected 40 from pot
*** SUMMARY ***
Total pot 40 | Rake 0 
Board [2d 5s Kc 8d 9h]
Seat 1: Idivide&conquer (big blind) showed [2h 3h] and won (40) with a pair of Deuces
Seat 2: veritop05 (button) folded before Flop (didn't bet)
Seat 3: Mahu2021 (small blind) showed [7h Jd] and lost with high card King



PokerStars Hand #252736313589: Tournament #3807446628, $1.84+$0.16 USD Hold'em No Limit - Level I (10/20) - 2024/10/02 17:22:42 CET [2024/10/02 11:22:42 ET]
Table '3807446628 1' 3-max Seat #3 is the button
Seat 1: Idivide&conquer (580 in chips) 
Seat 2: veritop05 (620 in chips) 
Seat 3: Mahu2021 (300 in chips) 
Idivide&conquer: posts small blind 10
veritop05: posts big blind 20
*** HOLE CARDS ***
Dealt to Mahu2021 [Kc 2d]
Mahu2021: folds 
Idivide&conquer: raises 20 to 40
veritop05: folds 
Uncalled bet (20) returned to Idivide&conquer
Idivide&conquer collected 40 from pot
Idivide&conquer: doesn't show hand 
*** SUMMARY ***
Total pot 40 | Rake 0 
Seat 1: Idivide&conquer (small blind) collected (40)
Seat 2: veritop05 (big blind) folded before Flop
Seat 3: Mahu2021 (button) folded before Flop (didn't bet)



PokerStars Hand #252736318114: Tournament #3807446628, $1.84+$0.16 USD Hold'em No Limit - Level II (15/30) - 2024/10/02 17:23:03 CET [2024/10/02 11:23:03 ET]
Table '3807446628 1' 3-max Seat #1 is the button
Seat 1: Idivide&conquer (600 in chips) 
Seat 2: veritop05 (600 in chips) 
Seat 3: Mahu2021 (300 in chips) 
veritop05: posts small blind 15
Mahu2021: posts big blind 30
*** HOLE CARDS ***
Dealt to Mahu2021 [Jh Qd]
Idivide&conquer: folds 
veritop05: calls 15
Mahu2021: checks 
*** FLOP *** [Qs 8d 9s]
veritop05: bets 30
Mahu2021: calls 30
*** TURN *** [Qs 8d 9s] [3s]
veritop05: bets 30
Mahu2021: calls 30
*** RIVER *** [Qs 8d 9s 3s] [As]
veritop05: checks 
Mahu2021: checks 
*** SHOW DOWN ***
veritop05: shows [8h 6d] (a pair of Eights)
Mahu2021: shows [Jh Qd] (a pair of Queens)
Mahu2021 collected 180 from pot
*** SUMMARY ***
Total pot 180 | Rake 0 
Board [Qs 8d 9s 3s As]
Seat 1: Idivide&conquer (button) folded before Flop (didn't bet)
Seat 2: veritop05 (small blind) showed [8h 6d] and lost with a pair of Eights
Seat 3: Mahu2021 (big blind) showed [Jh Qd] and won (180) with a pair of Queens



PokerStars Hand #252736320975: Tournament #3807446628, $1.84+$0.16 USD Hold'em No Limit - Level II (15/30) - 2024/10/02 17:23:17 CET [2024/10/02 11:23:17 ET]
Table '3807446628 1' 3-max Seat #2 is the button
Seat 1: Idivide&conquer (600 in chips) 
Seat 2: veritop05 (510 in chips) 
Seat 3: Mahu2021 (390 in chips) 
Mahu2021: posts small blind 15
Idivide&conquer: posts big blind 30
*** HOLE CARDS ***
Dealt to Mahu2021 [Kh 5s]
veritop05: calls 30
Mahu2021: calls 15
Idivide&conquer: raises 90 to 120
veritop05: folds 
Mahu2021: folds 
Uncalled bet (90) returned to Idivide&conquer
Idivide&conquer collected 90 from pot
Idivide&conquer: doesn't show hand 
*** SUMMARY ***
Total pot 90 | Rake 0 
Seat 1: Idivide&conquer (big blind) collected (90)
Seat 2: veritop05 (button) folded before Flop
Seat 3: Mahu2021 (small blind) folded before Flop



PokerStars Hand #252736324072: Tournament #3807446628, $1.84+$0.16 USD Hold'em No Limit - Level II (15/30) - 2024/10/02 17:23:31 CET [2024/10/02 11:23:31 ET]
Table '3807446628 1' 3-max Seat #3 is the button
Seat 1: Idivide&conquer (660 in chips) 
Seat 2: veritop05 (480 in chips) 
Seat 3: Mahu2021 (360 in chips) 
Idivide&conquer: posts small blind 15
veritop05: posts big blind 30
*** HOLE CARDS ***
Dealt to Mahu2021 [2s 2h]
Mahu2021: raises 30 to 60
Idivide&conquer: folds 
veritop05: calls 30
*** FLOP *** [8h 9h 3s]
veritop05: checks 
Mahu2021: bets 135
veritop05: folds 
Uncalled bet (135) returned to Mahu2021
Mahu2021 collected 135 from pot
Mahu2021: doesn't show hand 
*** SUMMARY ***
Total pot 135 | Rake 0 
Board [8h 9h 3s]
Seat 1: Idivide&conquer (small blind) folded before Flop
Seat 2: veritop05 (big blind) folded on the Flop
Seat 3: Mahu2021 (button) collected (135)



PokerStars Hand #252736327333: Tournament #3807446628, $1.84+$0.16 USD Hold'em No Limit - Level II (15/30) - 2024/10/02 17:23:47 CET [2024/10/02 11:23:47 ET]
Table '3807446628 1' 3-max Seat #1 is the button
Seat 1: Idivide&conquer (645 in chips) 
Seat 2: veritop05 (420 in chips) 
Seat 3: Mahu2021 (435 in chips) 
veritop05: posts small blind 15
Mahu2021: posts big blind 30
*** HOLE CARDS ***
Dealt to Mahu2021 [Js Qd]
Idivide&conquer: raises 30 to 60
veritop05: folds 
Mahu2021: calls 30
*** FLOP *** [3s 2s Th]
Mahu2021: checks 
Idivide&conquer: bets 30
Mahu2021: calls 30
*** TURN *** [3s 2s Th] [Ts]
Mahu2021: checks 
Idivide&conquer: bets 117
Mahu2021: calls 117
*** RIVER *** [3s 2s Th Ts] [Kh]
Mahu2021: checks 
Idivide&conquer: bets 257
Mahu2021: folds 
Uncalled bet (257) returned to Idivide&conquer
Idivide&conquer collected 429 from pot
Idivide&conquer: doesn't show hand 
*** SUMMARY ***
Total pot 429 | Rake 0 
Board [3s 2s Th Ts Kh]
Seat 1: Idivide&conquer (button) collected (429)
Seat 2: veritop05 (small blind) folded before Flop
Seat 3: Mahu2021 (big blind) folded on the River



PokerStars Hand #252736334068: Tournament #3807446628, $1.84+$0.16 USD Hold'em No Limit - Level II (15/30) - 2024/10/02 17:24:19 CET [2024/10/02 11:24:19 ET]
Table '3807446628 1' 3-max Seat #2 is the button
Seat 1: Idivide&conquer (867 in chips) 
Seat 2: veritop05 (405 in chips) 
Seat 3: Mahu2021 (228 in chips) 
Mahu2021: posts small blind 15
Idivide&conquer: posts big blind 30
*** HOLE CARDS ***
Dealt to Mahu2021 [9h 8d]
veritop05: raises 60 to 90
Mahu2021: folds 
Idivide&conquer: raises 60 to 150
veritop05: calls 60
*** FLOP *** [5s 3s Qh]
Idivide&conquer: bets 159
veritop05: folds 
Uncalled bet (159) returned to Idivide&conquer
Idivide&conquer collected 315 from pot
Idivide&conquer: doesn't show hand 
*** SUMMARY ***
Total pot 315 | Rake 0 
Board [5s 3s Qh]
Seat 1: Idivide&conquer (big blind) collected (315)
Seat 2: veritop05 (button) folded on the Flop
Seat 3: Mahu2021 (small blind) folded before Flop



PokerStars Hand #252736339119: Tournament #3807446628, $1.84+$0.16 USD Hold'em No Limit - Level II (15/30) - 2024/10/02 17:24:43 CET [2024/10/02 11:24:43 ET]
Table '3807446628 1' 3-max Seat #3 is the button
Seat 1: Idivide&conquer (1032 in chips) 
Seat 2: veritop05 (255 in chips) 
Seat 3: Mahu2021 (213 in chips) 
Idivide&conquer: posts small blind 15
veritop05: posts big blind 30
*** HOLE CARDS ***
Dealt to Mahu2021 [9d 6h]
Mahu2021: folds 
Idivide&conquer: raises 30 to 60
veritop05: calls 30
*** FLOP *** [7s 7h Ac]
Idivide&conquer: bets 42
veritop05: folds 
Uncalled bet (42) returned to Idivide&conquer
Idivide&conquer collected 120 from pot
Idivide&conquer: doesn't show hand 
*** SUMMARY ***
Total pot 120 | Rake 0 
Board [7s 7h Ac]
Seat 1: Idivide&conquer (small blind) collected (120)
Seat 2: veritop05 (big blind) folded on the Flop
Seat 3: Mahu2021 (button) folded before Flop (didn't bet)



PokerStars Hand #252736343615: Tournament #3807446628, $1.84+$0.16 USD Hold'em No Limit - Level II (15/30) - 2024/10/02 17:25:04 CET [2024/10/02 11:25:04 ET]
Table '3807446628 1' 3-max Seat #1 is the button
Seat 1: Idivide&conquer (1092 in chips) 
Seat 2: veritop05 (195 in chips) 
Seat 3: Mahu2021 (213 in chips) 
veritop05: posts small blind 15
Mahu2021: posts big blind 30
*** HOLE CARDS ***
Dealt to Mahu2021 [Ks 3h]
Idivide&conquer: folds 
veritop05: raises 165 to 195 and is all-in
Mahu2021: folds 
Uncalled bet (165) returned to veritop05
veritop05 collected 60 from pot
*** SUMMARY ***
Total pot 60 | Rake 0 
Seat 1: Idivide&conquer (button) folded before Flop (didn't bet)
Seat 2: veritop05 (small blind) collected (60)
Seat 3: Mahu2021 (big blind) folded before Flop



PokerStars Hand #252736345455: Tournament #3807446628, $1.84+$0.16 USD Hold'em No Limit - Level II (15/30) - 2024/10/02 17:25:13 CET [2024/10/02 11:25:13 ET]
Table '3807446628 1' 3-max Seat #2 is the button
Seat 1: Idivide&conquer (1092 in chips) 
Seat 2: veritop05 (225 in chips) 
Seat 3: Mahu2021 (183 in chips) 
Mahu2021: posts small blind 15
Idivide&conquer: posts big blind 30
*** HOLE CARDS ***
Dealt to Mahu2021 [Kc Jc]
veritop05: raises 195 to 225 and is all-in
Mahu2021: calls 168 and is all-in
Idivide&conquer: folds 
Uncalled bet (42) returned to veritop05
*** FLOP *** [9c 2d Tc]
*** TURN *** [9c 2d Tc] [2h]
*** RIVER *** [9c 2d Tc 2h] [2c]
*** SHOW DOWN ***
Mahu2021: shows [Kc Jc] (a flush, King high)
veritop05: shows [Js 9s] (a full house, Deuces full of Nines)
veritop05 collected 396 from pot
Mahu2021 finished the tournament in 3rd place
*** SUMMARY ***
Total pot 396 | Rake 0 
Board [9c 2d Tc 2h 2c]
Seat 1: Idivide&conquer (big blind) folded before Flop
Seat 2: veritop05 (button) showed [Js 9s] and won (396) with a full house, Deuces full of Nines
Seat 3: Mahu2021 (small blind) showed [Kc Jc] and lost with a flush, King high



