PokerStars Hand #253357245655: Tournament #3822450717, $4.60+$0.40 USD Hold'em No Limit - Level I (10/20) - 2024/11/11 15:03:07 CET [2024/11/11 9:03:07 ET]
Table '3822450717 1' 3-max Seat #1 is the button
Seat 1: Mahu2021 (500 in chips) 
Seat 2: Triton44@72 (500 in chips) 
Seat 3: Zekchelas (500 in chips) 
Triton44@72: posts small blind 10
Zekchelas: posts big blind 20
*** HOLE CARDS ***
Dealt to Mahu2021 [Ks Ad]
Mahu2021: raises 20 to 40
Triton44@72: calls 30
Zekchelas: calls 20
*** FLOP *** [As 9h 9c]
Triton44@72: checks 
Zekchelas: checks 
Mahu2021: bets 120
Triton44@72: folds 
Zekchelas: folds 
Uncalled bet (120) returned to Mahu2021
Mahu2021 collected 120 from pot
Mahu2021: doesn't show hand 
*** SUMMARY ***
Total pot 120 | Rake 0 
Board [As 9h 9c]
Seat 1: Mahu2021 (button) collected (120)
Seat 2: Triton44@72 (small blind) folded on the Flop
Seat 3: Zekchelas (big blind) folded on the Flop



PokerStars Hand #253357248419: Tournament #3822450717, $4.60+$0.40 USD Hold'em No Limit - Level I (10/20) - 2024/11/11 15:03:23 CET [2024/11/11 9:03:23 ET]
Table '3822450717 1' 3-max Seat #2 is the button
Seat 1: Mahu2021 (580 in chips) 
Seat 2: Triton44@72 (460 in chips) 
Seat 3: Zekchelas (460 in chips) 
Zekchelas: posts small blind 10
Mahu2021: posts big blind 20
*** HOLE CARDS ***
Dealt to Mahu2021 [Jc 3d]
Triton44@72: raises 20 to 40
Zekchelas: calls 30
Mahu2021: folds 
*** FLOP *** [Kc Kh 8c]
Zekchelas: checks 
Triton44@72: bets 25
Zekchelas: calls 25
*** TURN *** [Kc Kh 8c] [Qh]
Zekchelas: checks 
Triton44@72: checks 
*** RIVER *** [Kc Kh 8c Qh] [Ts]
Zekchelas: bets 75
Triton44@72: raises 150 to 225
Zekchelas: folds 
Uncalled bet (150) returned to Triton44@72
Triton44@72 collected 300 from pot
*** SUMMARY ***
Total pot 300 | Rake 0 
Board [Kc Kh 8c Qh Ts]
Seat 1: Mahu2021 (big blind) folded before Flop
Seat 2: Triton44@72 (button) collected (300)
Seat 3: Zekchelas (small blind) folded on the River



PokerStars Hand #253357256195: Tournament #3822450717, $4.60+$0.40 USD Hold'em No Limit - Level I (10/20) - 2024/11/11 15:04:09 CET [2024/11/11 9:04:09 ET]
Table '3822450717 1' 3-max Seat #3 is the button
Seat 1: Mahu2021 (560 in chips) 
Seat 2: Triton44@72 (620 in chips) 
Seat 3: Zekchelas (320 in chips) 
Mahu2021: posts small blind 10
Triton44@72: posts big blind 20
*** HOLE CARDS ***
Dealt to Mahu2021 [Ah 4s]
Zekchelas: calls 20
Mahu2021: calls 10
Triton44@72: checks 
*** FLOP *** [7d 7c 9d]
Mahu2021: checks 
Triton44@72: checks 
Zekchelas: checks 
*** TURN *** [7d 7c 9d] [Js]
Mahu2021: checks 
Triton44@72: checks 
Zekchelas: checks 
*** RIVER *** [7d 7c 9d Js] [2c]
Mahu2021: checks 
Triton44@72: checks 
Zekchelas: checks 
*** SHOW DOWN ***
Mahu2021: shows [Ah 4s] (a pair of Sevens)
Triton44@72: mucks hand 
Zekchelas: shows [3h 2h] (two pair, Sevens and Deuces)
Zekchelas collected 60 from pot
*** SUMMARY ***
Total pot 60 | Rake 0 
Board [7d 7c 9d Js 2c]
Seat 1: Mahu2021 (small blind) showed [Ah 4s] and lost with a pair of Sevens
Seat 2: Triton44@72 (big blind) mucked [8h Kc]
Seat 3: Zekchelas (button) showed [3h 2h] and won (60) with two pair, Sevens and Deuces



PokerStars Hand #253357260730: Tournament #3822450717, $4.60+$0.40 USD Hold'em No Limit - Level I (10/20) - 2024/11/11 15:04:36 CET [2024/11/11 9:04:36 ET]
Table '3822450717 1' 3-max Seat #1 is the button
Seat 1: Mahu2021 (540 in chips) 
Seat 2: Triton44@72 (600 in chips) 
Seat 3: Zekchelas (360 in chips) 
Triton44@72: posts small blind 10
Zekchelas: posts big blind 20
*** HOLE CARDS ***
Dealt to Mahu2021 [2s Th]
Mahu2021: folds 
Triton44@72: raises 30 to 50
Zekchelas: calls 30
*** FLOP *** [Ks Jc 4c]
Triton44@72: bets 25
Zekchelas: calls 25
*** TURN *** [Ks Jc 4c] [5c]
Triton44@72: checks 
Zekchelas: bets 75
Triton44@72: calls 75
*** RIVER *** [Ks Jc 4c 5c] [Ac]
Triton44@72: checks 
Zekchelas: checks 
*** SHOW DOWN ***
Triton44@72: shows [Qh Td] (a straight, Ten to Ace)
Zekchelas: mucks hand 
Triton44@72 collected 300 from pot
*** SUMMARY ***
Total pot 300 | Rake 0 
Board [Ks Jc 4c 5c Ac]
Seat 1: Mahu2021 (button) folded before Flop (didn't bet)
Seat 2: Triton44@72 (small blind) showed [Qh Td] and won (300) with a straight, Ten to Ace
Seat 3: Zekchelas (big blind) mucked [Jh 8h]



PokerStars Hand #253357265202: Tournament #3822450717, $4.60+$0.40 USD Hold'em No Limit - Level I (10/20) - 2024/11/11 15:05:01 CET [2024/11/11 9:05:01 ET]
Table '3822450717 1' 3-max Seat #2 is the button
Seat 1: Mahu2021 (540 in chips) 
Seat 2: Triton44@72 (750 in chips) 
Seat 3: Zekchelas (210 in chips) 
Zekchelas: posts small blind 10
Mahu2021: posts big blind 20
*** HOLE CARDS ***
Dealt to Mahu2021 [3s 9c]
Triton44@72: folds 
Zekchelas: calls 10
Mahu2021: checks 
*** FLOP *** [6s 8h Jc]
Zekchelas: bets 20
Mahu2021: folds 
Uncalled bet (20) returned to Zekchelas
Zekchelas collected 40 from pot
*** SUMMARY ***
Total pot 40 | Rake 0 
Board [6s 8h Jc]
Seat 1: Mahu2021 (big blind) folded on the Flop
Seat 2: Triton44@72 (button) folded before Flop (didn't bet)
Seat 3: Zekchelas (small blind) collected (40)



PokerStars Hand #253357268042: Tournament #3822450717, $4.60+$0.40 USD Hold'em No Limit - Level II (15/30) - 2024/11/11 15:05:18 CET [2024/11/11 9:05:18 ET]
Table '3822450717 1' 3-max Seat #3 is the button
Seat 1: Mahu2021 (520 in chips) 
Seat 2: Triton44@72 (750 in chips) 
Seat 3: Zekchelas (230 in chips) 
Mahu2021: posts small blind 15
Triton44@72: posts big blind 30
*** HOLE CARDS ***
Dealt to Mahu2021 [9c 8d]
Zekchelas: raises 30 to 60
Mahu2021: calls 45
Triton44@72: folds 
*** FLOP *** [8c 4d 9s]
Mahu2021: checks 
Zekchelas: checks 
*** TURN *** [8c 4d 9s] [5c]
Mahu2021: bets 60
Zekchelas: folds 
Uncalled bet (60) returned to Mahu2021
Mahu2021 collected 150 from pot
Mahu2021: doesn't show hand 
*** SUMMARY ***
Total pot 150 | Rake 0 
Board [8c 4d 9s 5c]
Seat 1: Mahu2021 (small blind) collected (150)
Seat 2: Triton44@72 (big blind) folded before Flop
Seat 3: Zekchelas (button) folded on the Turn



PokerStars Hand #253357271984: Tournament #3822450717, $4.60+$0.40 USD Hold'em No Limit - Level II (15/30) - 2024/11/11 15:05:41 CET [2024/11/11 9:05:41 ET]
Table '3822450717 1' 3-max Seat #1 is the button
Seat 1: Mahu2021 (610 in chips) 
Seat 2: Triton44@72 (720 in chips) 
Seat 3: Zekchelas (170 in chips) 
Triton44@72: posts small blind 15
Zekchelas: posts big blind 30
*** HOLE CARDS ***
Dealt to Mahu2021 [Ac Kd]
Mahu2021: raises 30 to 60
Triton44@72: folds 
Zekchelas: calls 30
*** FLOP *** [7s As 9h]
Zekchelas: checks 
Mahu2021: bets 30
Zekchelas: folds 
Uncalled bet (30) returned to Mahu2021
Mahu2021 collected 135 from pot
Mahu2021: doesn't show hand 
*** SUMMARY ***
Total pot 135 | Rake 0 
Board [7s As 9h]
Seat 1: Mahu2021 (button) collected (135)
Seat 2: Triton44@72 (small blind) folded before Flop
Seat 3: Zekchelas (big blind) folded on the Flop



PokerStars Hand #253357275133: Tournament #3822450717, $4.60+$0.40 USD Hold'em No Limit - Level II (15/30) - 2024/11/11 15:06:00 CET [2024/11/11 9:06:00 ET]
Table '3822450717 1' 3-max Seat #2 is the button
Seat 1: Mahu2021 (685 in chips) 
Seat 2: Triton44@72 (705 in chips) 
Seat 3: Zekchelas (110 in chips) 
Zekchelas: posts small blind 15
Mahu2021: posts big blind 30
*** HOLE CARDS ***
Dealt to Mahu2021 [5h 8c]
Triton44@72: folds 
Zekchelas: calls 15
Mahu2021: checks 
*** FLOP *** [6c Ah 6s]
Zekchelas: checks 
Mahu2021: checks 
*** TURN *** [6c Ah 6s] [7s]
Zekchelas: checks 
Mahu2021: checks 
*** RIVER *** [6c Ah 6s 7s] [As]
Zekchelas: checks 
Mahu2021: checks 
*** SHOW DOWN ***
Zekchelas: shows [3d 8s] (two pair, Aces and Sixes)
Mahu2021: shows [5h 8c] (two pair, Aces and Sixes)
Zekchelas collected 30 from pot
Mahu2021 collected 30 from pot
*** SUMMARY ***
Total pot 60 | Rake 0 
Board [6c Ah 6s 7s As]
Seat 1: Mahu2021 (big blind) showed [5h 8c] and won (30) with two pair, Aces and Sixes
Seat 2: Triton44@72 (button) folded before Flop (didn't bet)
Seat 3: Zekchelas (small blind) showed [3d 8s] and won (30) with two pair, Aces and Sixes



PokerStars Hand #253357279352: Tournament #3822450717, $4.60+$0.40 USD Hold'em No Limit - Level II (15/30) - 2024/11/11 15:06:24 CET [2024/11/11 9:06:24 ET]
Table '3822450717 1' 3-max Seat #3 is the button
Seat 1: Mahu2021 (685 in chips) 
Seat 2: Triton44@72 (705 in chips) 
Seat 3: Zekchelas (110 in chips) 
Mahu2021: posts small blind 15
Triton44@72: posts big blind 30
*** HOLE CARDS ***
Dealt to Mahu2021 [4c Ts]
Zekchelas: calls 30
Mahu2021: folds 
Triton44@72: raises 675 to 705 and is all-in
Zekchelas: calls 80 and is all-in
Uncalled bet (595) returned to Triton44@72
*** FLOP *** [9s 8c Kh]
*** TURN *** [9s 8c Kh] [Qh]
*** RIVER *** [9s 8c Kh Qh] [3h]
*** SHOW DOWN ***
Triton44@72: shows [Ac 6c] (high card Ace)
Zekchelas: shows [9d Tc] (a pair of Nines)
Zekchelas collected 235 from pot
*** SUMMARY ***
Total pot 235 | Rake 0 
Board [9s 8c Kh Qh 3h]
Seat 1: Mahu2021 (small blind) folded before Flop
Seat 2: Triton44@72 (big blind) showed [Ac 6c] and lost with high card Ace
Seat 3: Zekchelas (button) showed [9d Tc] and won (235) with a pair of Nines



PokerStars Hand #253357282718: Tournament #3822450717, $4.60+$0.40 USD Hold'em No Limit - Level II (15/30) - 2024/11/11 15:06:44 CET [2024/11/11 9:06:44 ET]
Table '3822450717 1' 3-max Seat #1 is the button
Seat 1: Mahu2021 (670 in chips) 
Seat 2: Triton44@72 (595 in chips) 
Seat 3: Zekchelas (235 in chips) 
Triton44@72: posts small blind 15
Zekchelas: posts big blind 30
*** HOLE CARDS ***
Dealt to Mahu2021 [Jh 6c]
Mahu2021: folds 
Triton44@72: raises 565 to 595 and is all-in
Zekchelas: folds 
Uncalled bet (565) returned to Triton44@72
Triton44@72 collected 60 from pot
*** SUMMARY ***
Total pot 60 | Rake 0 
Seat 1: Mahu2021 (button) folded before Flop (didn't bet)
Seat 2: Triton44@72 (small blind) collected (60)
Seat 3: Zekchelas (big blind) folded before Flop



PokerStars Hand #253357284063: Tournament #3822450717, $4.60+$0.40 USD Hold'em No Limit - Level II (15/30) - 2024/11/11 15:06:51 CET [2024/11/11 9:06:51 ET]
Table '3822450717 1' 3-max Seat #2 is the button
Seat 1: Mahu2021 (670 in chips) 
Seat 2: Triton44@72 (625 in chips) 
Seat 3: Zekchelas (205 in chips) 
Zekchelas: posts small blind 15
Mahu2021: posts big blind 30
*** HOLE CARDS ***
Dealt to Mahu2021 [9h Td]
Triton44@72: raises 30 to 60
Zekchelas: calls 45
Mahu2021: folds 
*** FLOP *** [Qd Ad Qc]
Zekchelas: checks 
Triton44@72: bets 38
Zekchelas: calls 38
*** TURN *** [Qd Ad Qc] [8h]
Zekchelas: checks 
Triton44@72: checks 
*** RIVER *** [Qd Ad Qc 8h] [4d]
Zekchelas: checks 
Triton44@72: checks 
*** SHOW DOWN ***
Zekchelas: shows [Kc Ts] (a pair of Queens)
Triton44@72: shows [Ks Jc] (a pair of Queens - Ace+King+Jack kicker)
Triton44@72 collected 226 from pot
*** SUMMARY ***
Total pot 226 | Rake 0 
Board [Qd Ad Qc 8h 4d]
Seat 1: Mahu2021 (big blind) folded before Flop
Seat 2: Triton44@72 (button) showed [Ks Jc] and won (226) with a pair of Queens
Seat 3: Zekchelas (small blind) showed [Kc Ts] and lost with a pair of Queens



PokerStars Hand #253357290535: Tournament #3822450717, $4.60+$0.40 USD Hold'em No Limit - Level III (20/40) - 2024/11/11 15:07:29 CET [2024/11/11 9:07:29 ET]
Table '3822450717 1' 3-max Seat #3 is the button
Seat 1: Mahu2021 (640 in chips) 
Seat 2: Triton44@72 (753 in chips) 
Seat 3: Zekchelas (107 in chips) 
Mahu2021: posts small blind 20
Triton44@72: posts big blind 40
*** HOLE CARDS ***
Dealt to Mahu2021 [2d Ah]
Zekchelas: calls 40
Mahu2021: calls 20
Triton44@72: checks 
*** FLOP *** [9s Qc 2h]
Mahu2021: checks 
Triton44@72: checks 
Zekchelas: checks 
*** TURN *** [9s Qc 2h] [3c]
Mahu2021: bets 80
Triton44@72: folds 
Zekchelas: folds 
Uncalled bet (80) returned to Mahu2021
Mahu2021 collected 120 from pot
Mahu2021: doesn't show hand 
*** SUMMARY ***
Total pot 120 | Rake 0 
Board [9s Qc 2h 3c]
Seat 1: Mahu2021 (small blind) collected (120)
Seat 2: Triton44@72 (big blind) folded on the Turn
Seat 3: Zekchelas (button) folded on the Turn



PokerStars Hand #253357295149: Tournament #3822450717, $4.60+$0.40 USD Hold'em No Limit - Level III (20/40) - 2024/11/11 15:07:55 CET [2024/11/11 9:07:55 ET]
Table '3822450717 1' 3-max Seat #1 is the button
Seat 1: Mahu2021 (720 in chips) 
Seat 2: Triton44@72 (713 in chips) 
Seat 3: Zekchelas (67 in chips) 
Triton44@72: posts small blind 20
Zekchelas: posts big blind 40
*** HOLE CARDS ***
Dealt to Mahu2021 [4s 2d]
Mahu2021: folds 
Triton44@72: raises 673 to 713 and is all-in
Zekchelas: calls 27 and is all-in
Uncalled bet (646) returned to Triton44@72
*** FLOP *** [5s 7c 4h]
*** TURN *** [5s 7c 4h] [7d]
*** RIVER *** [5s 7c 4h 7d] [Jh]
*** SHOW DOWN ***
Triton44@72: shows [Ts 3c] (a pair of Sevens)
Zekchelas: shows [9c 8h] (a pair of Sevens - lower kicker)
Triton44@72 collected 134 from pot
Zekchelas finished the tournament in 3rd place
*** SUMMARY ***
Total pot 134 | Rake 0 
Board [5s 7c 4h 7d Jh]
Seat 1: Mahu2021 (button) folded before Flop (didn't bet)
Seat 2: Triton44@72 (small blind) showed [Ts 3c] and won (134) with a pair of Sevens
Seat 3: Zekchelas (big blind) showed [9c 8h] and lost with a pair of Sevens



PokerStars Hand #253357298148: Tournament #3822450717, $4.60+$0.40 USD Hold'em No Limit - Level III (20/40) - 2024/11/11 15:08:13 CET [2024/11/11 9:08:13 ET]
Table '3822450717 1' 3-max Seat #2 is the button
Seat 1: Mahu2021 (720 in chips) 
Seat 2: Triton44@72 (780 in chips) 
Triton44@72: posts small blind 20
Mahu2021: posts big blind 40
*** HOLE CARDS ***
Dealt to Mahu2021 [9s 2h]
Triton44@72: calls 20
Mahu2021: checks 
*** FLOP *** [7h 8s Ac]
Mahu2021: checks 
Triton44@72: bets 40
Mahu2021: folds 
Uncalled bet (40) returned to Triton44@72
Triton44@72 collected 80 from pot
*** SUMMARY ***
Total pot 80 | Rake 0 
Board [7h 8s Ac]
Seat 1: Mahu2021 (big blind) folded on the Flop
Seat 2: Triton44@72 (button) (small blind) collected (80)



PokerStars Hand #253357300543: Tournament #3822450717, $4.60+$0.40 USD Hold'em No Limit - Level III (20/40) - 2024/11/11 15:08:26 CET [2024/11/11 9:08:26 ET]
Table '3822450717 1' 3-max Seat #1 is the button
Seat 1: Mahu2021 (680 in chips) 
Seat 2: Triton44@72 (820 in chips) 
Mahu2021: posts small blind 20
Triton44@72: posts big blind 40
*** HOLE CARDS ***
Dealt to Mahu2021 [Ac 7s]
Mahu2021: raises 40 to 80
Triton44@72: folds 
Uncalled bet (40) returned to Mahu2021
Mahu2021 collected 80 from pot
Mahu2021: doesn't show hand 
*** SUMMARY ***
Total pot 80 | Rake 0 
Seat 1: Mahu2021 (button) (small blind) collected (80)
Seat 2: Triton44@72 (big blind) folded before Flop



PokerStars Hand #253357301531: Tournament #3822450717, $4.60+$0.40 USD Hold'em No Limit - Level III (20/40) - 2024/11/11 15:08:31 CET [2024/11/11 9:08:31 ET]
Table '3822450717 1' 3-max Seat #2 is the button
Seat 1: Mahu2021 (720 in chips) 
Seat 2: Triton44@72 (780 in chips) 
Triton44@72: posts small blind 20
Mahu2021: posts big blind 40
*** HOLE CARDS ***
Dealt to Mahu2021 [Tc 8h]
Triton44@72: raises 40 to 80
Mahu2021: calls 40
*** FLOP *** [3c 5s 9h]
Mahu2021: checks 
Triton44@72: bets 40
Mahu2021: calls 40
*** TURN *** [3c 5s 9h] [5h]
Mahu2021: checks 
Triton44@72: checks 
*** RIVER *** [3c 5s 9h 5h] [6c]
Mahu2021: checks 
Triton44@72: checks 
*** SHOW DOWN ***
Mahu2021: shows [Tc 8h] (a pair of Fives)
Triton44@72: shows [Ts Ks] (a pair of Fives - King kicker)
Triton44@72 collected 240 from pot
*** SUMMARY ***
Total pot 240 | Rake 0 
Board [3c 5s 9h 5h 6c]
Seat 1: Mahu2021 (big blind) showed [Tc 8h] and lost with a pair of Fives
Seat 2: Triton44@72 (button) (small blind) showed [Ts Ks] and won (240) with a pair of Fives



PokerStars Hand #253357305119: Tournament #3822450717, $4.60+$0.40 USD Hold'em No Limit - Level III (20/40) - 2024/11/11 15:08:52 CET [2024/11/11 9:08:52 ET]
Table '3822450717 1' 3-max Seat #1 is the button
Seat 1: Mahu2021 (600 in chips) 
Seat 2: Triton44@72 (900 in chips) 
Mahu2021: posts small blind 20
Triton44@72: posts big blind 40
*** HOLE CARDS ***
Dealt to Mahu2021 [Qd Kc]
Mahu2021: raises 40 to 80
Triton44@72: calls 40
*** FLOP *** [9h 2h Th]
Triton44@72: checks 
Mahu2021: checks 
*** TURN *** [9h 2h Th] [7c]
Triton44@72: bets 80
Mahu2021: folds 
Uncalled bet (80) returned to Triton44@72
Triton44@72 collected 160 from pot
*** SUMMARY ***
Total pot 160 | Rake 0 
Board [9h 2h Th 7c]
Seat 1: Mahu2021 (button) (small blind) folded on the Turn
Seat 2: Triton44@72 (big blind) collected (160)



PokerStars Hand #253357307820: Tournament #3822450717, $4.60+$0.40 USD Hold'em No Limit - Level III (20/40) - 2024/11/11 15:09:08 CET [2024/11/11 9:09:08 ET]
Table '3822450717 1' 3-max Seat #2 is the button
Seat 1: Mahu2021 (520 in chips) 
Seat 2: Triton44@72 (980 in chips) 
Triton44@72: posts small blind 20
Mahu2021: posts big blind 40
*** HOLE CARDS ***
Dealt to Mahu2021 [Td 6s]
Triton44@72: raises 940 to 980 and is all-in
Mahu2021: folds 
Uncalled bet (940) returned to Triton44@72
Triton44@72 collected 80 from pot
*** SUMMARY ***
Total pot 80 | Rake 0 
Seat 1: Mahu2021 (big blind) folded before Flop
Seat 2: Triton44@72 (button) (small blind) collected (80)



PokerStars Hand #253357309130: Tournament #3822450717, $4.60+$0.40 USD Hold'em No Limit - Level IV (30/60) - 2024/11/11 15:09:15 CET [2024/11/11 9:09:15 ET]
Table '3822450717 1' 3-max Seat #1 is the button
Seat 1: Mahu2021 (480 in chips) 
Seat 2: Triton44@72 (1020 in chips) 
Mahu2021: posts small blind 30
Triton44@72: posts big blind 60
*** HOLE CARDS ***
Dealt to Mahu2021 [Ah 9d]
Mahu2021: raises 60 to 120
Triton44@72: folds 
Uncalled bet (60) returned to Mahu2021
Mahu2021 collected 120 from pot
Mahu2021: doesn't show hand 
*** SUMMARY ***
Total pot 120 | Rake 0 
Seat 1: Mahu2021 (button) (small blind) collected (120)
Seat 2: Triton44@72 (big blind) folded before Flop



PokerStars Hand #253357310235: Tournament #3822450717, $4.60+$0.40 USD Hold'em No Limit - Level IV (30/60) - 2024/11/11 15:09:22 CET [2024/11/11 9:09:22 ET]
Table '3822450717 1' 3-max Seat #2 is the button
Seat 1: Mahu2021 (540 in chips) 
Seat 2: Triton44@72 (960 in chips) 
Triton44@72: posts small blind 30
Mahu2021: posts big blind 60
*** HOLE CARDS ***
Dealt to Mahu2021 [As Tc]
Triton44@72: calls 30
Mahu2021: raises 180 to 240
Triton44@72: raises 720 to 960 and is all-in
Mahu2021: calls 300 and is all-in
Uncalled bet (420) returned to Triton44@72
*** FLOP *** [4d Ks 6h]
*** TURN *** [4d Ks 6h] [Qs]
*** RIVER *** [4d Ks 6h Qs] [7s]
*** SHOW DOWN ***
Mahu2021: shows [As Tc] (high card Ace)
Triton44@72: shows [Ts Th] (a pair of Tens)
Triton44@72 collected 1080 from pot
Mahu2021 finished the tournament in 2nd place
Triton44@72 wins the tournament and receives $10.00 - congratulations!
*** SUMMARY ***
Total pot 1080 | Rake 0 
Board [4d Ks 6h Qs 7s]
Seat 1: Mahu2021 (big blind) showed [As Tc] and lost with high card Ace
Seat 2: Triton44@72 (button) (small blind) showed [Ts Th] and won (1080) with a pair of Tens



