PokerStars Hand #247083090491: Tournament #3672588085, $0.23+$0.02 USD Hold'em No Limit - Level I (10/20) - 2023/11/13 10:52:21 CET [2023/11/13 4:52:21 ET]
Table '3672588085 1' 3-max Seat #1 is the button
Seat 1: FuGGi77 (500 in chips) 
Seat 2: Mahu2021 (500 in chips) 
Seat 3: Murdocnorris (500 in chips) 
Mahu2021: posts small blind 10
Murdocnorris: posts big blind 20
*** HOLE CARDS ***
Dealt to Mahu2021 [Ks 6d]
FuGGi77: calls 20
Mahu2021: calls 10
Murdocnorris: checks 
*** FLOP *** [Qs 5c 7d]
Mahu2021: checks 
Murdocnorris: checks 
FuGGi77: checks 
*** TURN *** [Qs 5c 7d] [Ah]
Mahu2021: checks 
Murdocnorris: checks 
FuGGi77: checks 
*** RIVER *** [Qs 5c 7d Ah] [Qh]
Mahu2021: checks 
Murdocnorris: checks 
FuGGi77: checks 
*** SHOW DOWN ***
Mahu2021: shows [Ks 6d] (a pair of Queens)
Murdocnorris: mucks hand 
FuGGi77: shows [5s 9s] (two pair, Queens and Fives)
FuGGi77 collected 60 from pot
*** SUMMARY ***
Total pot 60 | Rake 0 
Board [Qs 5c 7d Ah Qh]
Seat 1: FuGGi77 (button) showed [5s 9s] and won (60) with two pair, Queens and Fives
Seat 2: Mahu2021 (small blind) showed [Ks 6d] and lost with a pair of Queens
Seat 3: Murdocnorris (big blind) mucked [6s 3h]



PokerStars Hand #247083096600: Tournament #3672588085, $0.23+$0.02 USD Hold'em No Limit - Level I (10/20) - 2023/11/13 10:53:13 CET [2023/11/13 4:53:13 ET]
Table '3672588085 1' 3-max Seat #2 is the button
Seat 1: FuGGi77 (540 in chips) 
Seat 2: Mahu2021 (480 in chips) 
Seat 3: Murdocnorris (480 in chips) 
Murdocnorris: posts small blind 10
FuGGi77: posts big blind 20
*** HOLE CARDS ***
Dealt to Mahu2021 [8s 9c]
Mahu2021: folds 
Murdocnorris: calls 10
FuGGi77: checks 
*** FLOP *** [2h 2d 3s]
Murdocnorris: bets 20
FuGGi77: folds 
Uncalled bet (20) returned to Murdocnorris
Murdocnorris collected 40 from pot
*** SUMMARY ***
Total pot 40 | Rake 0 
Board [2h 2d 3s]
Seat 1: FuGGi77 (big blind) folded on the Flop
Seat 2: Mahu2021 (button) folded before Flop (didn't bet)
Seat 3: Murdocnorris (small blind) collected (40)



PokerStars Hand #247083099141: Tournament #3672588085, $0.23+$0.02 USD Hold'em No Limit - Level I (10/20) - 2023/11/13 10:53:35 CET [2023/11/13 4:53:35 ET]
Table '3672588085 1' 3-max Seat #3 is the button
Seat 1: FuGGi77 (520 in chips) 
Seat 2: Mahu2021 (480 in chips) 
Seat 3: Murdocnorris (500 in chips) 
FuGGi77: posts small blind 10
Mahu2021: posts big blind 20
*** HOLE CARDS ***
Dealt to Mahu2021 [3c Qs]
Murdocnorris: folds 
FuGGi77: calls 10
Mahu2021: checks 
*** FLOP *** [8h 4c 4h]
FuGGi77: bets 40
Mahu2021: folds 
Uncalled bet (40) returned to FuGGi77
FuGGi77 collected 40 from pot
FuGGi77: doesn't show hand 
*** SUMMARY ***
Total pot 40 | Rake 0 
Board [8h 4c 4h]
Seat 1: FuGGi77 (small blind) collected (40)
Seat 2: Mahu2021 (big blind) folded on the Flop
Seat 3: Murdocnorris (button) folded before Flop (didn't bet)



PokerStars Hand #247083101014: Tournament #3672588085, $0.23+$0.02 USD Hold'em No Limit - Level I (10/20) - 2023/11/13 10:53:51 CET [2023/11/13 4:53:51 ET]
Table '3672588085 1' 3-max Seat #1 is the button
Seat 1: FuGGi77 (540 in chips) 
Seat 2: Mahu2021 (460 in chips) 
Seat 3: Murdocnorris (500 in chips) 
Mahu2021: posts small blind 10
Murdocnorris: posts big blind 20
*** HOLE CARDS ***
Dealt to Mahu2021 [6s 2d]
FuGGi77: raises 50 to 70
Mahu2021: folds 
Murdocnorris: calls 50
*** FLOP *** [8h 5h 9d]
Murdocnorris: checks 
FuGGi77: checks 
*** TURN *** [8h 5h 9d] [Qh]
Murdocnorris: bets 75
FuGGi77: calls 75
*** RIVER *** [8h 5h 9d Qh] [4h]
Murdocnorris: checks 
FuGGi77: bets 300
Murdocnorris: folds 
Uncalled bet (300) returned to FuGGi77
FuGGi77 collected 300 from pot
FuGGi77: doesn't show hand 
*** SUMMARY ***
Total pot 300 | Rake 0 
Board [8h 5h 9d Qh 4h]
Seat 1: FuGGi77 (button) collected (300)
Seat 2: Mahu2021 (small blind) folded before Flop
Seat 3: Murdocnorris (big blind) folded on the River



PokerStars Hand #247083106327: Tournament #3672588085, $0.23+$0.02 USD Hold'em No Limit - Level I (10/20) - 2023/11/13 10:54:36 CET [2023/11/13 4:54:36 ET]
Table '3672588085 1' 3-max Seat #2 is the button
Seat 1: FuGGi77 (695 in chips) 
Seat 2: Mahu2021 (450 in chips) 
Seat 3: Murdocnorris (355 in chips) 
Murdocnorris: posts small blind 10
FuGGi77: posts big blind 20
*** HOLE CARDS ***
Dealt to Mahu2021 [6c Ts]
Mahu2021: folds 
Murdocnorris: folds 
Uncalled bet (10) returned to FuGGi77
FuGGi77 collected 20 from pot
FuGGi77: doesn't show hand 
*** SUMMARY ***
Total pot 20 | Rake 0 
Seat 1: FuGGi77 (big blind) collected (20)
Seat 2: Mahu2021 (button) folded before Flop (didn't bet)
Seat 3: Murdocnorris (small blind) folded before Flop



PokerStars Hand #247083107041: Tournament #3672588085, $0.23+$0.02 USD Hold'em No Limit - Level I (10/20) - 2023/11/13 10:54:42 CET [2023/11/13 4:54:42 ET]
Table '3672588085 1' 3-max Seat #3 is the button
Seat 1: FuGGi77 (705 in chips) 
Seat 2: Mahu2021 (450 in chips) 
Seat 3: Murdocnorris (345 in chips) 
FuGGi77: posts small blind 10
Mahu2021: posts big blind 20
*** HOLE CARDS ***
Dealt to Mahu2021 [5d 3s]
Murdocnorris: calls 20
FuGGi77: calls 10
Mahu2021: checks 
*** FLOP *** [2s Ac Jd]
FuGGi77: checks 
Mahu2021: checks 
Murdocnorris: bets 60
FuGGi77: calls 60
Mahu2021: folds 
*** TURN *** [2s Ac Jd] [5c]
FuGGi77: checks 
Murdocnorris: bets 265 and is all-in
FuGGi77: folds 
Uncalled bet (265) returned to Murdocnorris
Murdocnorris collected 180 from pot
*** SUMMARY ***
Total pot 180 | Rake 0 
Board [2s Ac Jd 5c]
Seat 1: FuGGi77 (small blind) folded on the Turn
Seat 2: Mahu2021 (big blind) folded on the Flop
Seat 3: Murdocnorris (button) collected (180)



PokerStars Hand #247083112270: Tournament #3672588085, $0.23+$0.02 USD Hold'em No Limit - Level II (15/30) - 2023/11/13 10:55:28 CET [2023/11/13 4:55:28 ET]
Table '3672588085 1' 3-max Seat #1 is the button
Seat 1: FuGGi77 (625 in chips) 
Seat 2: Mahu2021 (430 in chips) 
Seat 3: Murdocnorris (445 in chips) 
Mahu2021: posts small blind 15
Murdocnorris: posts big blind 30
*** HOLE CARDS ***
Dealt to Mahu2021 [2c 8h]
FuGGi77: folds 
Mahu2021: folds 
Uncalled bet (15) returned to Murdocnorris
Murdocnorris collected 30 from pot
*** SUMMARY ***
Total pot 30 | Rake 0 
Seat 1: FuGGi77 (button) folded before Flop (didn't bet)
Seat 2: Mahu2021 (small blind) folded before Flop
Seat 3: Murdocnorris (big blind) collected (30)



PokerStars Hand #247083112891: Tournament #3672588085, $0.23+$0.02 USD Hold'em No Limit - Level II (15/30) - 2023/11/13 10:55:34 CET [2023/11/13 4:55:34 ET]
Table '3672588085 1' 3-max Seat #2 is the button
Seat 1: FuGGi77 (625 in chips) 
Seat 2: Mahu2021 (415 in chips) 
Seat 3: Murdocnorris (460 in chips) 
Murdocnorris: posts small blind 15
FuGGi77: posts big blind 30
*** HOLE CARDS ***
Dealt to Mahu2021 [2s 5s]
Mahu2021: folds 
Murdocnorris: folds 
Uncalled bet (15) returned to FuGGi77
FuGGi77 collected 30 from pot
FuGGi77: doesn't show hand 
*** SUMMARY ***
Total pot 30 | Rake 0 
Seat 1: FuGGi77 (big blind) collected (30)
Seat 2: Mahu2021 (button) folded before Flop (didn't bet)
Seat 3: Murdocnorris (small blind) folded before Flop



PokerStars Hand #247083114158: Tournament #3672588085, $0.23+$0.02 USD Hold'em No Limit - Level II (15/30) - 2023/11/13 10:55:47 CET [2023/11/13 4:55:47 ET]
Table '3672588085 1' 3-max Seat #3 is the button
Seat 1: FuGGi77 (640 in chips) 
Seat 2: Mahu2021 (415 in chips) 
Seat 3: Murdocnorris (445 in chips) 
FuGGi77: posts small blind 15
Mahu2021: posts big blind 30
*** HOLE CARDS ***
Dealt to Mahu2021 [Td Qs]
Murdocnorris: folds 
FuGGi77: raises 610 to 640 and is all-in
Mahu2021: folds 
Uncalled bet (610) returned to FuGGi77
FuGGi77 collected 60 from pot
FuGGi77: doesn't show hand 
*** SUMMARY ***
Total pot 60 | Rake 0 
Seat 1: FuGGi77 (small blind) collected (60)
Seat 2: Mahu2021 (big blind) folded before Flop
Seat 3: Murdocnorris (button) folded before Flop (didn't bet)



PokerStars Hand #247083115384: Tournament #3672588085, $0.23+$0.02 USD Hold'em No Limit - Level II (15/30) - 2023/11/13 10:55:59 CET [2023/11/13 4:55:59 ET]
Table '3672588085 1' 3-max Seat #1 is the button
Seat 1: FuGGi77 (670 in chips) 
Seat 2: Mahu2021 (385 in chips) 
Seat 3: Murdocnorris (445 in chips) 
Mahu2021: posts small blind 15
Murdocnorris: posts big blind 30
*** HOLE CARDS ***
Dealt to Mahu2021 [Kd 2c]
FuGGi77 has timed out
FuGGi77: folds 
FuGGi77 is sitting out
Mahu2021: calls 15
Murdocnorris: checks 
*** FLOP *** [Ah 3s Qc]
FuGGi77 has returned
Mahu2021: checks 
Murdocnorris: checks 
*** TURN *** [Ah 3s Qc] [6s]
Mahu2021: checks 
Murdocnorris: checks 
*** RIVER *** [Ah 3s Qc 6s] [3h]
Mahu2021: checks 
Murdocnorris: bets 30
Mahu2021: folds 
Uncalled bet (30) returned to Murdocnorris
Murdocnorris collected 60 from pot
*** SUMMARY ***
Total pot 60 | Rake 0 
Board [Ah 3s Qc 6s 3h]
Seat 1: FuGGi77 (button) folded before Flop (didn't bet)
Seat 2: Mahu2021 (small blind) folded on the River
Seat 3: Murdocnorris (big blind) collected (60)



PokerStars Hand #247083118343: Tournament #3672588085, $0.23+$0.02 USD Hold'em No Limit - Level II (15/30) - 2023/11/13 10:56:28 CET [2023/11/13 4:56:28 ET]
Table '3672588085 1' 3-max Seat #2 is the button
Seat 1: FuGGi77 (670 in chips) 
Seat 2: Mahu2021 (355 in chips) 
Seat 3: Murdocnorris (475 in chips) 
Murdocnorris: posts small blind 15
FuGGi77: posts big blind 30
*** HOLE CARDS ***
Dealt to Mahu2021 [Ts Ah]
Mahu2021: raises 60 to 90
Murdocnorris: folds 
FuGGi77: folds 
Uncalled bet (60) returned to Mahu2021
Mahu2021 collected 75 from pot
Mahu2021: doesn't show hand 
*** SUMMARY ***
Total pot 75 | Rake 0 
Seat 1: FuGGi77 (big blind) folded before Flop
Seat 2: Mahu2021 (button) collected (75)
Seat 3: Murdocnorris (small blind) folded before Flop



PokerStars Hand #247083119319: Tournament #3672588085, $0.23+$0.02 USD Hold'em No Limit - Level II (15/30) - 2023/11/13 10:56:37 CET [2023/11/13 4:56:37 ET]
Table '3672588085 1' 3-max Seat #3 is the button
Seat 1: FuGGi77 (640 in chips) 
Seat 2: Mahu2021 (400 in chips) 
Seat 3: Murdocnorris (460 in chips) 
FuGGi77: posts small blind 15
Mahu2021: posts big blind 30
*** HOLE CARDS ***
Dealt to Mahu2021 [8c Ah]
Murdocnorris: calls 30
FuGGi77: raises 610 to 640 and is all-in
Mahu2021: calls 370 and is all-in
Murdocnorris: folds 
Uncalled bet (240) returned to FuGGi77
*** FLOP *** [7s 5s 5d]
*** TURN *** [7s 5s 5d] [Js]
*** RIVER *** [7s 5s 5d Js] [Ad]
*** SHOW DOWN ***
FuGGi77: shows [9d Ac] (two pair, Aces and Fives)
Mahu2021: shows [8c Ah] (two pair, Aces and Fives)
FuGGi77 collected 415 from pot
Mahu2021 collected 415 from pot
*** SUMMARY ***
Total pot 830 | Rake 0 
Board [7s 5s 5d Js Ad]
Seat 1: FuGGi77 (small blind) showed [9d Ac] and won (415) with two pair, Aces and Fives
Seat 2: Mahu2021 (big blind) showed [8c Ah] and won (415) with two pair, Aces and Fives
Seat 3: Murdocnorris (button) folded before Flop



PokerStars Hand #247083121702: Tournament #3672588085, $0.23+$0.02 USD Hold'em No Limit - Level II (15/30) - 2023/11/13 10:57:02 CET [2023/11/13 4:57:02 ET]
Table '3672588085 1' 3-max Seat #1 is the button
Seat 1: FuGGi77 (655 in chips) 
Seat 2: Mahu2021 (415 in chips) 
Seat 3: Murdocnorris (430 in chips) 
Mahu2021: posts small blind 15
Murdocnorris: posts big blind 30
*** HOLE CARDS ***
Dealt to Mahu2021 [Ah Qc]
FuGGi77: raises 75 to 105
Mahu2021: raises 310 to 415 and is all-in
Murdocnorris: folds 
FuGGi77: calls 310
*** FLOP *** [4c 9s 8s]
*** TURN *** [4c 9s 8s] [4d]
*** RIVER *** [4c 9s 8s 4d] [Qd]
*** SHOW DOWN ***
Mahu2021: shows [Ah Qc] (two pair, Queens and Fours)
FuGGi77: shows [Td Jd] (a straight, Eight to Queen)
FuGGi77 collected 860 from pot
Mahu2021 finished the tournament in 3rd place
*** SUMMARY ***
Total pot 860 | Rake 0 
Board [4c 9s 8s 4d Qd]
Seat 1: FuGGi77 (button) showed [Td Jd] and won (860) with a straight, Eight to Queen
Seat 2: Mahu2021 (small blind) showed [Ah Qc] and lost with two pair, Queens and Fours
Seat 3: Murdocnorris (big blind) folded before Flop



