PokerStars Zoom Hand #246868005314:  Hold'em No Limit ($0.01/$0.02) - 2023/11/01 19:33:05 CET [2023/11/01 14:33:05 ET]
Table 'Halley' 6-max Seat #1 is the button
Seat 1: Liberaocuzin ($1.96 in chips) 
Seat 2: C2DFMNLH ($4.07 in chips) 
Seat 3: Mahu2021 ($1.93 in chips) 
Seat 4: MichalG1 ($2.85 in chips) 
Seat 5: RafalPaw01 ($1.38 in chips) 
Seat 6: Jeckel_86 ($2.27 in chips) 
C2DFMNLH: posts small blind $0.01
Mahu2021: posts big blind $0.02
*** HOLE CARDS ***
Dealt to Mahu2021 [7s Ks]
MichalG1: folds 
RafalPaw01: folds 
Jeckel_86: folds 
Liberaocuzin: folds 
C2DFMNLH: raises $0.04 to $0.06
Mahu2021: calls $0.04
*** FLOP *** [5s 6d 7h]
C2DFMNLH: checks 
Mahu2021: bets $0.06
C2DFMNLH: calls $0.06
*** TURN *** [5s 6d 7h] [Ts]
C2DFMNLH: checks 
Mahu2021: bets $0.23
C2DFMNLH: folds 
Uncalled bet ($0.23) returned to Mahu2021
Mahu2021 collected $0.23 from pot
Mahu2021: doesn't show hand 
*** SUMMARY ***
Total pot $0.24 | Rake $0.01 
Board [5s 6d 7h Ts]
Seat 1: Liberaocuzin (button) folded before Flop (didn't bet)
Seat 2: C2DFMNLH (small blind) folded on the Turn
Seat 3: Mahu2021 (big blind) collected ($0.23)
Seat 4: MichalG1 folded before Flop (didn't bet)
Seat 5: RafalPaw01 folded before Flop (didn't bet)
Seat 6: Jeckel_86 folded before Flop (didn't bet)



PokerStars Zoom Hand #246868014634:  Hold'em No Limit ($0.01/$0.02) - 2023/11/01 19:33:33 CET [2023/11/01 14:33:33 ET]
Table 'Halley' 6-max Seat #1 is the button
Seat 1: Vahenta ($5.06 in chips) 
Seat 2: Mahu2021 ($2.04 in chips) 
Seat 3: PhoenixPoint ($2.52 in chips) 
Seat 4: walisa444 ($2.41 in chips) 
Seat 5: trebol205 ($2.60 in chips) 
Seat 6: Grandolf2k ($2.85 in chips) 
Mahu2021: posts small blind $0.01
PhoenixPoint: posts big blind $0.02
*** HOLE CARDS ***
Dealt to Mahu2021 [7c 7h]
walisa444: calls $0.02
trebol205: folds 
Grandolf2k: folds 
Vahenta: folds 
Mahu2021: calls $0.01
PhoenixPoint: checks 
*** FLOP *** [As 9c Ks]
Mahu2021: checks 
PhoenixPoint: checks 
walisa444: bets $0.02
Mahu2021: folds 
PhoenixPoint: folds 
Uncalled bet ($0.02) returned to walisa444
walisa444 collected $0.06 from pot
walisa444: doesn't show hand 
*** SUMMARY ***
Total pot $0.06 | Rake $0 
Board [As 9c Ks]
Seat 1: Vahenta (button) folded before Flop (didn't bet)
Seat 2: Mahu2021 (small blind) folded on the Flop
Seat 3: PhoenixPoint (big blind) folded on the Flop
Seat 4: walisa444 collected ($0.06)
Seat 5: trebol205 folded before Flop (didn't bet)
Seat 6: Grandolf2k folded before Flop (didn't bet)



PokerStars Zoom Hand #246868022788:  Hold'em No Limit ($0.01/$0.02) - 2023/11/01 19:33:58 CET [2023/11/01 14:33:58 ET]
Table 'Halley' 6-max Seat #1 is the button
Seat 1: Mahu2021 ($2.02 in chips) 
Seat 2: HarryHaller77 ($2 in chips) 
Seat 3: C2DFMNLH ($8.54 in chips) 
Seat 4: theviking717 ($2.02 in chips) 
Seat 5: HardNigth ($2.23 in chips) 
Seat 6: Nossna ($3.16 in chips) 
HarryHaller77: posts small blind $0.01
C2DFMNLH: posts big blind $0.02
*** HOLE CARDS ***
Dealt to Mahu2021 [6c 5s]
theviking717: folds 
HardNigth: folds 
Nossna: folds 
Mahu2021: folds 
HarryHaller77: raises $0.04 to $0.06
C2DFMNLH: calls $0.04
*** FLOP *** [As Ah Jc]
HarryHaller77: bets $0.04
C2DFMNLH: calls $0.04
*** TURN *** [As Ah Jc] [5h]
HarryHaller77: checks 
C2DFMNLH: bets $0.10
HarryHaller77: folds 
Uncalled bet ($0.10) returned to C2DFMNLH
C2DFMNLH collected $0.19 from pot
C2DFMNLH: doesn't show hand 
*** SUMMARY ***
Total pot $0.20 | Rake $0.01 
Board [As Ah Jc 5h]
Seat 1: Mahu2021 (button) folded before Flop (didn't bet)
Seat 2: HarryHaller77 (small blind) folded on the Turn
Seat 3: C2DFMNLH (big blind) collected ($0.19)
Seat 4: theviking717 folded before Flop (didn't bet)
Seat 5: HardNigth folded before Flop (didn't bet)
Seat 6: Nossna folded before Flop (didn't bet)



PokerStars Zoom Hand #246868024033:  Hold'em No Limit ($0.01/$0.02) - 2023/11/01 19:34:02 CET [2023/11/01 14:34:02 ET]
Table 'Halley' 6-max Seat #1 is the button
Seat 1: Icongene ($2.05 in chips) 
Seat 2: risyk11111 ($1.43 in chips) 
Seat 3: 0cipsev0 ($2.56 in chips) 
Seat 4: selfall ($0.79 in chips) 
Seat 5: KHLOVE ($3.79 in chips) 
Seat 6: Mahu2021 ($2.02 in chips) 
risyk11111: posts small blind $0.01
0cipsev0: posts big blind $0.02
*** HOLE CARDS ***
Dealt to Mahu2021 [6d 6h]
selfall: folds 
KHLOVE: folds 
Mahu2021: raises $0.04 to $0.06
Icongene: folds 
risyk11111: folds 
0cipsev0: calls $0.04
*** FLOP *** [4d Qc 7d]
0cipsev0: checks 
Mahu2021: bets $0.06
0cipsev0: calls $0.06
*** TURN *** [4d Qc 7d] [Qs]
0cipsev0: checks 
Mahu2021: checks 
*** RIVER *** [4d Qc 7d Qs] [5s]
0cipsev0: bets $0.16
Mahu2021: folds 
Uncalled bet ($0.16) returned to 0cipsev0
0cipsev0 collected $0.24 from pot
0cipsev0: doesn't show hand 
*** SUMMARY ***
Total pot $0.25 | Rake $0.01 
Board [4d Qc 7d Qs 5s]
Seat 1: Icongene (button) folded before Flop (didn't bet)
Seat 2: risyk11111 (small blind) folded before Flop
Seat 3: 0cipsev0 (big blind) collected ($0.24)
Seat 4: selfall folded before Flop (didn't bet)
Seat 5: KHLOVE folded before Flop (didn't bet)
Seat 6: Mahu2021 folded on the River



PokerStars Zoom Hand #246868040377:  Hold'em No Limit ($0.01/$0.02) - 2023/11/01 19:34:52 CET [2023/11/01 14:34:52 ET]
Table 'Halley' 6-max Seat #1 is the button
Seat 1: Kukish98 ($2 in chips) 
Seat 2: Pavlieras ($2.54 in chips) 
Seat 3: Mahu2021 ($1.90 in chips) 
Seat 4: trebol205 ($2.45 in chips) 
Seat 5: PBChilihead ($2.90 in chips) 
Seat 6: Ch3mi5try ($2.83 in chips) 
Pavlieras: posts small blind $0.01
Mahu2021: posts big blind $0.02
*** HOLE CARDS ***
Dealt to Mahu2021 [8s 6d]
trebol205: folds 
PBChilihead: folds 
Ch3mi5try: folds 
Kukish98: folds 
Pavlieras: folds 
Uncalled bet ($0.01) returned to Mahu2021
Mahu2021 collected $0.02 from pot
Mahu2021: doesn't show hand 
*** SUMMARY ***
Total pot $0.02 | Rake $0 
Seat 1: Kukish98 (button) folded before Flop (didn't bet)
Seat 2: Pavlieras (small blind) folded before Flop
Seat 3: Mahu2021 (big blind) collected ($0.02)
Seat 4: trebol205 folded before Flop (didn't bet)
Seat 5: PBChilihead folded before Flop (didn't bet)
Seat 6: Ch3mi5try folded before Flop (didn't bet)



PokerStars Zoom Hand #246868037948:  Hold'em No Limit ($0.01/$0.02) - 2023/11/01 19:34:45 CET [2023/11/01 14:34:45 ET]
Table 'Halley' 6-max Seat #1 is the button
Seat 1: Mahu2021 ($1.90 in chips) 
Seat 2: ugnbet ($1 in chips) 
Seat 3: alan0722 ($2.25 in chips) 
Seat 4: KHLOVE ($3.75 in chips) 
Seat 5: theviking717 ($2 in chips) 
Seat 6: PanchoAckerman ($2 in chips) 
ugnbet: posts small blind $0.01
alan0722: posts big blind $0.02
*** HOLE CARDS ***
Dealt to Mahu2021 [6d 9d]
KHLOVE: folds 
theviking717: raises $0.03 to $0.05
PanchoAckerman: folds 
Mahu2021: folds 
ugnbet: folds 
alan0722: calls $0.03
*** FLOP *** [Td As 3d]
alan0722: checks 
theviking717: bets $0.06
alan0722: folds 
Uncalled bet ($0.06) returned to theviking717
theviking717 collected $0.11 from pot
theviking717: doesn't show hand 
*** SUMMARY ***
Total pot $0.11 | Rake $0 
Board [Td As 3d]
Seat 1: Mahu2021 (button) folded before Flop (didn't bet)
Seat 2: ugnbet (small blind) folded before Flop
Seat 3: alan0722 (big blind) folded on the Flop
Seat 4: KHLOVE folded before Flop (didn't bet)
Seat 5: theviking717 collected ($0.11)
Seat 6: PanchoAckerman folded before Flop (didn't bet)



PokerStars Zoom Hand #246868046063:  Hold'em No Limit ($0.01/$0.02) - 2023/11/01 19:35:09 CET [2023/11/01 14:35:09 ET]
Table 'Halley' 6-max Seat #1 is the button
Seat 1: 888lifeIS ($2 in chips) 
Seat 2: Mahu2021 ($1.91 in chips) 
Seat 3: tkkutm ($2 in chips) 
Seat 4: elysian2000 ($2.06 in chips) 
Seat 5: MattyHopey ($8.92 in chips) 
Seat 6: Jeckel_86 ($3.49 in chips) 
Mahu2021: posts small blind $0.01
tkkutm: posts big blind $0.02
*** HOLE CARDS ***
Dealt to Mahu2021 [Ah 6c]
elysian2000: folds 
MattyHopey: folds 
Jeckel_86: folds 
888lifeIS: raises $0.02 to $0.04
Mahu2021: folds 
tkkutm: calls $0.02
*** FLOP *** [Jh Kd Ts]
tkkutm: checks 
888lifeIS: bets $0.06
tkkutm: folds 
Uncalled bet ($0.06) returned to 888lifeIS
888lifeIS collected $0.09 from pot
888lifeIS: doesn't show hand 
*** SUMMARY ***
Total pot $0.09 | Rake $0 
Board [Jh Kd Ts]
Seat 1: 888lifeIS (button) collected ($0.09)
Seat 2: Mahu2021 (small blind) folded before Flop
Seat 3: tkkutm (big blind) folded on the Flop
Seat 4: elysian2000 folded before Flop (didn't bet)
Seat 5: MattyHopey folded before Flop (didn't bet)
Seat 6: Jeckel_86 folded before Flop (didn't bet)



PokerStars Zoom Hand #246868051944:  Hold'em No Limit ($0.01/$0.02) - 2023/11/01 19:35:26 CET [2023/11/01 14:35:26 ET]
Table 'Halley' 6-max Seat #1 is the button
Seat 1: HooliganBasher ($4.70 in chips) 
Seat 2: Lobban18 ($2.76 in chips) 
Seat 3: CasHenTy ($2.07 in chips) 
Seat 4: tudorelis ($0.76 in chips) 
Seat 5: sebano2 ($2.49 in chips) 
Seat 6: Mahu2021 ($1.90 in chips) 
Lobban18: posts small blind $0.01
CasHenTy: posts big blind $0.02
*** HOLE CARDS ***
Dealt to Mahu2021 [7d Jd]
tudorelis: folds 
sebano2: folds 
Mahu2021: raises $0.02 to $0.04
HooliganBasher: raises $0.11 to $0.15
Lobban18: folds 
CasHenTy: folds 
Mahu2021: folds 
Uncalled bet ($0.11) returned to HooliganBasher
HooliganBasher collected $0.11 from pot
HooliganBasher: doesn't show hand 
*** SUMMARY ***
Total pot $0.11 | Rake $0 
Seat 1: HooliganBasher (button) collected ($0.11)
Seat 2: Lobban18 (small blind) folded before Flop
Seat 3: CasHenTy (big blind) folded before Flop
Seat 4: tudorelis folded before Flop (didn't bet)
Seat 5: sebano2 folded before Flop (didn't bet)
Seat 6: Mahu2021 folded before Flop



PokerStars Zoom Hand #246868044621:  Hold'em No Limit ($0.01/$0.02) - 2023/11/01 19:35:05 CET [2023/11/01 14:35:05 ET]
Table 'Halley' 6-max Seat #1 is the button
Seat 1: darvin1970 ($1.91 in chips) 
Seat 2: Hachirama ($2.57 in chips) 
Seat 3: VvacheslavSV ($1.85 in chips) 
Seat 4: evgeshona85 ($2.02 in chips) 
Seat 5: Mahu2021 ($1.91 in chips) 
Seat 6: Pepe_7C7 ($2.27 in chips) 
Hachirama: posts small blind $0.01
VvacheslavSV: posts big blind $0.02
*** HOLE CARDS ***
Dealt to Mahu2021 [2d 9d]
evgeshona85: folds 
Mahu2021: folds 
Pepe_7C7: folds 
darvin1970: folds 
Hachirama: raises $0.04 to $0.06
VvacheslavSV: calls $0.04
*** FLOP *** [Qd Th 2c]
Hachirama: bets $0.06
VvacheslavSV: folds 
Uncalled bet ($0.06) returned to Hachirama
Hachirama collected $0.12 from pot
Hachirama: doesn't show hand 
*** SUMMARY ***
Total pot $0.12 | Rake $0 
Board [Qd Th 2c]
Seat 1: darvin1970 (button) folded before Flop (didn't bet)
Seat 2: Hachirama (small blind) collected ($0.12)
Seat 3: VvacheslavSV (big blind) folded on the Flop
Seat 4: evgeshona85 folded before Flop (didn't bet)
Seat 5: Mahu2021 folded before Flop (didn't bet)
Seat 6: Pepe_7C7 folded before Flop (didn't bet)



PokerStars Zoom Hand #246868055915:  Hold'em No Limit ($0.01/$0.02) - 2023/11/01 19:35:39 CET [2023/11/01 14:35:39 ET]
Table 'Halley' 6-max Seat #1 is the button
Seat 1: alde229 ($2.12 in chips) 
Seat 2: NordborN87 ($3.08 in chips) 
Seat 3: SHAXTER7777 ($2.78 in chips) 
Seat 4: freud.2010 ($1.73 in chips) 
Seat 5: Mahu2021 ($1.86 in chips) 
Seat 6: Sevenfold85 ($2 in chips) 
NordborN87: posts small blind $0.01
SHAXTER7777: posts big blind $0.02
*** HOLE CARDS ***
Dealt to Mahu2021 [8c 7s]
freud.2010: raises $0.02 to $0.04
Mahu2021: folds 
Sevenfold85: folds 
alde229: folds 
NordborN87: folds 
SHAXTER7777: calls $0.02
*** FLOP *** [Jd As Tc]
SHAXTER7777: checks 
freud.2010: bets $0.02
SHAXTER7777: folds 
Uncalled bet ($0.02) returned to freud.2010
freud.2010 collected $0.09 from pot
freud.2010: doesn't show hand 
*** SUMMARY ***
Total pot $0.09 | Rake $0 
Board [Jd As Tc]
Seat 1: alde229 (button) folded before Flop (didn't bet)
Seat 2: NordborN87 (small blind) folded before Flop
Seat 3: SHAXTER7777 (big blind) folded on the Flop
Seat 4: freud.2010 collected ($0.09)
Seat 5: Mahu2021 folded before Flop (didn't bet)
Seat 6: Sevenfold85 folded before Flop (didn't bet)



PokerStars Zoom Hand #246868057228:  Hold'em No Limit ($0.01/$0.02) - 2023/11/01 19:35:43 CET [2023/11/01 14:35:43 ET]
Table 'Halley' 6-max Seat #1 is the button
Seat 1: MB113Poker ($2.74 in chips) 
Seat 2: SupaVegi ($6.71 in chips) 
Seat 3: Jeckel_86 ($2 in chips) 
Seat 4: Mahu2021 ($1.86 in chips) 
Seat 5: 13AnytA13 ($1.02 in chips) 
Seat 6: trebol205 ($2.44 in chips) 
SupaVegi: posts small blind $0.01
Jeckel_86: posts big blind $0.02
*** HOLE CARDS ***
Dealt to Mahu2021 [4h Td]
Mahu2021: folds 
13AnytA13: folds 
trebol205: folds 
MB113Poker: folds 
SupaVegi: folds 
Uncalled bet ($0.01) returned to Jeckel_86
Jeckel_86 collected $0.02 from pot
Jeckel_86: doesn't show hand 
*** SUMMARY ***
Total pot $0.02 | Rake $0 
Seat 1: MB113Poker (button) folded before Flop (didn't bet)
Seat 2: SupaVegi (small blind) folded before Flop
Seat 3: Jeckel_86 (big blind) collected ($0.02)
Seat 4: Mahu2021 folded before Flop (didn't bet)
Seat 5: 13AnytA13 folded before Flop (didn't bet)
Seat 6: trebol205 folded before Flop (didn't bet)



PokerStars Zoom Hand #246868058523:  Hold'em No Limit ($0.01/$0.02) - 2023/11/01 19:35:47 CET [2023/11/01 14:35:47 ET]
Table 'Halley' 6-max Seat #1 is the button
Seat 1: Mahu2021 ($1.86 in chips) 
Seat 2: MB113Poker ($2.74 in chips) 
Seat 3: Pepe_7C7 ($2.06 in chips) 
Seat 4: bel_2302 ($1.68 in chips) 
Seat 5: Bubuica ($2.06 in chips) 
Seat 6: vomhof.F ($1.43 in chips) 
MB113Poker: posts small blind $0.01
Pepe_7C7: posts big blind $0.02
*** HOLE CARDS ***
Dealt to Mahu2021 [6c Ks]
bel_2302: folds 
Bubuica: folds 
vomhof.F: folds 
Mahu2021: folds 
MB113Poker: raises $0.03 to $0.05
Pepe_7C7: folds 
Uncalled bet ($0.03) returned to MB113Poker
MB113Poker collected $0.04 from pot
MB113Poker: doesn't show hand 
*** SUMMARY ***
Total pot $0.04 | Rake $0 
Seat 1: Mahu2021 (button) folded before Flop (didn't bet)
Seat 2: MB113Poker (small blind) collected ($0.04)
Seat 3: Pepe_7C7 (big blind) folded before Flop
Seat 4: bel_2302 folded before Flop (didn't bet)
Seat 5: Bubuica folded before Flop (didn't bet)
Seat 6: vomhof.F folded before Flop (didn't bet)



PokerStars Zoom Hand #246868059864:  Hold'em No Limit ($0.01/$0.02) - 2023/11/01 19:35:51 CET [2023/11/01 14:35:51 ET]
Table 'Halley' 6-max Seat #1 is the button
Seat 1: leedsrounder ($2.31 in chips) 
Seat 2: Dehays777 ($2.54 in chips) 
Seat 3: Mahu2021 ($1.86 in chips) 
Seat 4: bergdarter ($6.93 in chips) 
Seat 5: jamppaboy ($2 in chips) 
Seat 6: sakourtele ($3.11 in chips) 
Dehays777: posts small blind $0.01
Mahu2021: posts big blind $0.02
*** HOLE CARDS ***
Dealt to Mahu2021 [2c 2d]
bergdarter: folds 
jamppaboy: raises $0.04 to $0.06
sakourtele: folds 
leedsrounder: folds 
Dehays777: folds 
Mahu2021: folds 
Uncalled bet ($0.04) returned to jamppaboy
jamppaboy collected $0.05 from pot
jamppaboy: doesn't show hand 
*** SUMMARY ***
Total pot $0.05 | Rake $0 
Seat 1: leedsrounder (button) folded before Flop (didn't bet)
Seat 2: Dehays777 (small blind) folded before Flop
Seat 3: Mahu2021 (big blind) folded before Flop
Seat 4: bergdarter folded before Flop (didn't bet)
Seat 5: jamppaboy collected ($0.05)
Seat 6: sakourtele folded before Flop (didn't bet)



PokerStars Zoom Hand #246868064129:  Hold'em No Limit ($0.01/$0.02) - 2023/11/01 19:36:04 CET [2023/11/01 14:36:04 ET]
Table 'Halley' 6-max Seat #1 is the button
Seat 1: Runwon ($3.33 in chips) 
Seat 2: Mahu2021 ($1.84 in chips) 
Seat 3: pokernov ($1.78 in chips) 
Seat 4: KarimBy ($2.49 in chips) 
Seat 5: PhoenixPoint ($2.52 in chips) 
Seat 6: Bettowinpro ($0.82 in chips) 
Mahu2021: posts small blind $0.01
pokernov: posts big blind $0.02
*** HOLE CARDS ***
Dealt to Mahu2021 [5c Ts]
KarimBy: folds 
PhoenixPoint: folds 
Bettowinpro: raises $0.04 to $0.06
Runwon: folds 
Mahu2021: folds 
pokernov: raises $0.13 to $0.19
Bettowinpro: calls $0.13
*** FLOP *** [4d 3c Qd]
pokernov: checks 
Bettowinpro: bets $0.19
pokernov: raises $0.19 to $0.38
Bettowinpro: raises $0.25 to $0.63 and is all-in
pokernov: calls $0.25
*** TURN *** [4d 3c Qd] [6d]
*** RIVER *** [4d 3c Qd 6d] [9c]
*** SHOW DOWN ***
pokernov: shows [Qc Qh] (three of a kind, Queens)
Bettowinpro: shows [Qs 6s] (two pair, Queens and Sixes)
pokernov cashed out the hand for $1.52 | Cash Out Fee $0.02
Bettowinpro cashed out the hand for $0.05
*** SUMMARY ***
Total pot $1.65 | Rake $0.06 
Board [4d 3c Qd 6d 9c]
Seat 1: Runwon (button) folded before Flop (didn't bet)
Seat 2: Mahu2021 (small blind) folded before Flop
Seat 3: pokernov (big blind) showed [Qc Qh] and won ($1.59) with three of a kind, Queens (pot not awarded as player cashed out)
Seat 4: KarimBy folded before Flop (didn't bet)
Seat 5: PhoenixPoint folded before Flop (didn't bet)
Seat 6: Bettowinpro showed [Qs 6s] and lost with two pair, Queens and Sixes (cashed out).



PokerStars Zoom Hand #246868066736:  Hold'em No Limit ($0.01/$0.02) - 2023/11/01 19:36:12 CET [2023/11/01 14:36:12 ET]
Table 'Halley' 6-max Seat #1 is the button
Seat 1: Dmigri ($3.26 in chips) 
Seat 2: Samcologne2285 ($4.18 in chips) 
Seat 3: Raynor_88 ($2.08 in chips) 
Seat 4: SupaVegi ($2.03 in chips) 
Seat 5: elysian2000 ($1.88 in chips) 
Seat 6: Mahu2021 ($1.83 in chips) 
Samcologne2285: posts small blind $0.01
Raynor_88: posts big blind $0.02
*** HOLE CARDS ***
Dealt to Mahu2021 [8d 8h]
SupaVegi: raises $0.02 to $0.04
elysian2000: folds 
Mahu2021: calls $0.04
Dmigri: calls $0.04
Samcologne2285: calls $0.03
Raynor_88: folds 
*** FLOP *** [Qs 2s Qc]
Samcologne2285: checks 
SupaVegi: checks 
Mahu2021: checks 
Dmigri: checks 
*** TURN *** [Qs 2s Qc] [Jc]
Samcologne2285: checks 
SupaVegi: checks 
Mahu2021: bets $0.02
Dmigri: raises $0.11 to $0.13
Samcologne2285: folds 
SupaVegi: folds 
Mahu2021: folds 
Uncalled bet ($0.11) returned to Dmigri
Dmigri collected $0.21 from pot
Dmigri: doesn't show hand 
*** SUMMARY ***
Total pot $0.22 | Rake $0.01 
Board [Qs 2s Qc Jc]
Seat 1: Dmigri (button) collected ($0.21)
Seat 2: Samcologne2285 (small blind) folded on the Turn
Seat 3: Raynor_88 (big blind) folded before Flop
Seat 4: SupaVegi folded on the Turn
Seat 5: elysian2000 folded before Flop (didn't bet)
Seat 6: Mahu2021 folded on the Turn



PokerStars Zoom Hand #246868065453:  Hold'em No Limit ($0.01/$0.02) - 2023/11/01 19:36:08 CET [2023/11/01 14:36:08 ET]
Table 'Halley' 6-max Seat #1 is the button
Seat 1: megaProfiK ($2 in chips) 
Seat 2: gkamvysis95 ($2.09 in chips) 
Seat 3: PhoenixPoint ($2.52 in chips) 
Seat 4: Mahu2021 ($1.83 in chips) 
Seat 5: JRzHD ($1.76 in chips) 
Seat 6: gomita31 ($1.93 in chips) 
gkamvysis95: posts small blind $0.01
PhoenixPoint: posts big blind $0.02
*** HOLE CARDS ***
Dealt to Mahu2021 [Kh 7s]
Mahu2021: folds 
JRzHD: calls $0.02
gomita31: folds 
megaProfiK: raises $0.05 to $0.07
gkamvysis95: folds 
PhoenixPoint: folds 
JRzHD: calls $0.05
*** FLOP *** [4d Jh 5c]
JRzHD: checks 
megaProfiK: bets $0.05
JRzHD: calls $0.05
*** TURN *** [4d Jh 5c] [2h]
JRzHD: checks 
megaProfiK: bets $0.20
JRzHD: calls $0.20
*** RIVER *** [4d Jh 5c 2h] [6h]
JRzHD: checks 
megaProfiK: checks 
*** SHOW DOWN ***
JRzHD: shows [5h Ah] (a flush, Ace high)
megaProfiK: mucks hand 
JRzHD collected $0.65 from pot
*** SUMMARY ***
Total pot $0.67 | Rake $0.02 
Board [4d Jh 5c 2h 6h]
Seat 1: megaProfiK (button) mucked [Ad Ac]
Seat 2: gkamvysis95 (small blind) folded before Flop
Seat 3: PhoenixPoint (big blind) folded before Flop
Seat 4: Mahu2021 folded before Flop (didn't bet)
Seat 5: JRzHD showed [5h Ah] and won ($0.65) with a flush, Ace high
Seat 6: gomita31 folded before Flop (didn't bet)



PokerStars Zoom Hand #246868081450:  Hold'em No Limit ($0.01/$0.02) - 2023/11/01 19:36:56 CET [2023/11/01 14:36:56 ET]
Table 'Halley' 6-max Seat #1 is the button
Seat 1: walisa444 ($2.72 in chips) 
Seat 2: Mahu2021 ($1.77 in chips) 
Seat 3: I.L.Stefan ($2.04 in chips) 
Seat 4: F2000112 ($1.14 in chips) 
Seat 5: jamppaboy ($2.59 in chips) 
Seat 6: PhoenixPoint ($2.52 in chips) 
Mahu2021: posts small blind $0.01
I.L.Stefan: posts big blind $0.02
*** HOLE CARDS ***
Dealt to Mahu2021 [9h 4c]
F2000112: folds 
jamppaboy: raises $0.04 to $0.06
PhoenixPoint: folds 
walisa444: folds 
Mahu2021: folds 
I.L.Stefan: folds 
Uncalled bet ($0.04) returned to jamppaboy
jamppaboy collected $0.05 from pot
jamppaboy: doesn't show hand 
*** SUMMARY ***
Total pot $0.05 | Rake $0 
Seat 1: walisa444 (button) folded before Flop (didn't bet)
Seat 2: Mahu2021 (small blind) folded before Flop
Seat 3: I.L.Stefan (big blind) folded before Flop
Seat 4: F2000112 folded before Flop (didn't bet)
Seat 5: jamppaboy collected ($0.05)
Seat 6: PhoenixPoint folded before Flop (didn't bet)



PokerStars Zoom Hand #246868085285:  Hold'em No Limit ($0.01/$0.02) - 2023/11/01 19:37:08 CET [2023/11/01 14:37:08 ET]
Table 'Halley' 6-max Seat #1 is the button
Seat 1: Biegaliusz ($2.23 in chips) 
Seat 2: houston_65 ($1.62 in chips) 
Seat 3: Mahu2021 ($1.76 in chips) 
Seat 4: vomhof.F ($1.57 in chips) 
Seat 5: Cristinel002 ($2 in chips) 
Seat 6: fierceking86 ($3.49 in chips) 
houston_65: posts small blind $0.01
Mahu2021: posts big blind $0.02
*** HOLE CARDS ***
Dealt to Mahu2021 [2h Ah]
vomhof.F: folds 
Cristinel002: folds 
fierceking86: folds 
Biegaliusz: folds 
houston_65: raises $0.02 to $0.04
Mahu2021: calls $0.02
*** FLOP *** [Qc 9d 8c]
houston_65: bets $0.02
Mahu2021: calls $0.02
*** TURN *** [Qc 9d 8c] [2c]
houston_65: bets $0.08
Mahu2021: folds 
Uncalled bet ($0.08) returned to houston_65
houston_65 collected $0.12 from pot
houston_65: doesn't show hand 
*** SUMMARY ***
Total pot $0.12 | Rake $0 
Board [Qc 9d 8c 2c]
Seat 1: Biegaliusz (button) folded before Flop (didn't bet)
Seat 2: houston_65 (small blind) collected ($0.12)
Seat 3: Mahu2021 (big blind) folded on the Turn
Seat 4: vomhof.F folded before Flop (didn't bet)
Seat 5: Cristinel002 folded before Flop (didn't bet)
Seat 6: fierceking86 folded before Flop (didn't bet)



PokerStars Zoom Hand #246868083982:  Hold'em No Limit ($0.01/$0.02) - 2023/11/01 19:37:04 CET [2023/11/01 14:37:04 ET]
Table 'Halley' 6-max Seat #1 is the button
Seat 1: Hachirama ($2.84 in chips) 
Seat 2: theviking717 ($2.03 in chips) 
Seat 3: Konouct ($3.23 in chips) 
Seat 4: Dmigri ($3.78 in chips) 
Seat 5: Mahu2021 ($1.76 in chips) 
Seat 6: Maggickal ($2.14 in chips) 
theviking717: posts small blind $0.01
Konouct: posts big blind $0.02
*** HOLE CARDS ***
Dealt to Mahu2021 [6s 4s]
Dmigri: raises $0.04 to $0.06
Mahu2021: folds 
Maggickal: calls $0.06
Hachirama: folds 
theviking717: calls $0.05
Konouct: folds 
*** FLOP *** [6h Qc 7c]
theviking717: checks 
Dmigri: checks 
Maggickal: checks 
*** TURN *** [6h Qc 7c] [Jd]
theviking717: bets $0.10
Dmigri: folds 
Maggickal: folds 
Uncalled bet ($0.10) returned to theviking717
theviking717 collected $0.19 from pot
theviking717: doesn't show hand 
*** SUMMARY ***
Total pot $0.20 | Rake $0.01 
Board [6h Qc 7c Jd]
Seat 1: Hachirama (button) folded before Flop (didn't bet)
Seat 2: theviking717 (small blind) collected ($0.19)
Seat 3: Konouct (big blind) folded before Flop
Seat 4: Dmigri folded on the Turn
Seat 5: Mahu2021 folded before Flop (didn't bet)
Seat 6: Maggickal folded on the Turn



PokerStars Zoom Hand #246868082684:  Hold'em No Limit ($0.01/$0.02) - 2023/11/01 19:37:00 CET [2023/11/01 14:37:00 ET]
Table 'Halley' 6-max Seat #1 is the button
Seat 1: Mahu2021 ($1.76 in chips) 
Seat 2: elysian2000 ($2.08 in chips) 
Seat 3: whitethigh85 ($2.36 in chips) 
Seat 4: KHLOVE ($2 in chips) 
Seat 5: 0cipsev0 ($4.22 in chips) 
Seat 6: SupaVegi ($2 in chips) 
elysian2000: posts small blind $0.01
whitethigh85: posts big blind $0.02
*** HOLE CARDS ***
Dealt to Mahu2021 [6d 3c]
KHLOVE: folds 
0cipsev0: folds 
SupaVegi: raises $0.02 to $0.04
Mahu2021: folds 
elysian2000: raises $0.10 to $0.14
whitethigh85: folds 
SupaVegi: calls $0.10
*** FLOP *** [Js 8s 3s]
elysian2000: bets $0.15
SupaVegi: calls $0.15
*** TURN *** [Js 8s 3s] [7d]
elysian2000: bets $0.29
SupaVegi: calls $0.29
*** RIVER *** [Js 8s 3s 7d] [4s]
elysian2000: checks 
SupaVegi: checks 
*** SHOW DOWN ***
elysian2000: shows [Jc Qh] (a pair of Jacks)
SupaVegi: shows [Ac Jd] (a pair of Jacks - Ace kicker)
SupaVegi collected $1.14 from pot
*** SUMMARY ***
Total pot $1.18 | Rake $0.04 
Board [Js 8s 3s 7d 4s]
Seat 1: Mahu2021 (button) folded before Flop (didn't bet)
Seat 2: elysian2000 (small blind) showed [Jc Qh] and lost with a pair of Jacks
Seat 3: whitethigh85 (big blind) folded before Flop
Seat 4: KHLOVE folded before Flop (didn't bet)
Seat 5: 0cipsev0 folded before Flop (didn't bet)
Seat 6: SupaVegi showed [Ac Jd] and won ($1.14) with a pair of Jacks



PokerStars Zoom Hand #246868091994:  Hold'em No Limit ($0.01/$0.02) - 2023/11/01 19:37:28 CET [2023/11/01 14:37:28 ET]
Table 'Halley' 6-max Seat #1 is the button
Seat 1: M4T4BOY ($0.59 in chips) 
Seat 2: bbpbbp09 ($4.95 in chips) 
Seat 3: MB113Poker ($2.86 in chips) 
Seat 4: Mahu2021 ($1.70 in chips) 
Seat 5: vomhof.F ($1.60 in chips) 
Seat 6: MrRooob9899 ($1.74 in chips) 
bbpbbp09: posts small blind $0.01
MB113Poker: posts big blind $0.02
*** HOLE CARDS ***
Dealt to Mahu2021 [Tc Ad]
Mahu2021: raises $0.04 to $0.06
vomhof.F: folds 
MrRooob9899: folds 
M4T4BOY: folds 
bbpbbp09: raises $0.12 to $0.18
MB113Poker: folds 
Mahu2021: folds 
Uncalled bet ($0.12) returned to bbpbbp09
bbpbbp09 collected $0.14 from pot
bbpbbp09: doesn't show hand 
*** SUMMARY ***
Total pot $0.14 | Rake $0 
Seat 1: M4T4BOY (button) folded before Flop (didn't bet)
Seat 2: bbpbbp09 (small blind) collected ($0.14)
Seat 3: MB113Poker (big blind) folded before Flop
Seat 4: Mahu2021 folded before Flop
Seat 5: vomhof.F folded before Flop (didn't bet)
Seat 6: MrRooob9899 folded before Flop (didn't bet)



PokerStars Zoom Hand #246868098187:  Hold'em No Limit ($0.01/$0.02) - 2023/11/01 19:37:47 CET [2023/11/01 14:37:47 ET]
Table 'Halley' 6-max Seat #1 is the button
Seat 1: lauti214 ($1.89 in chips) 
Seat 2: undanator ($3.35 in chips) 
Seat 3: Pechorin.G ($2.22 in chips) 
Seat 4: KarimBy ($1.97 in chips) 
Seat 5: Nonamae254 ($2.12 in chips) 
Seat 6: Mahu2021 ($1.64 in chips) 
undanator: posts small blind $0.01
Pechorin.G: posts big blind $0.02
*** HOLE CARDS ***
Dealt to Mahu2021 [Qc 3c]
KarimBy: folds 
Nonamae254: folds 
Mahu2021: folds 
lauti214: folds 
undanator: raises $0.04 to $0.06
Pechorin.G: folds 
Uncalled bet ($0.04) returned to undanator
undanator collected $0.04 from pot
undanator: doesn't show hand 
*** SUMMARY ***
Total pot $0.04 | Rake $0 
Seat 1: lauti214 (button) folded before Flop (didn't bet)
Seat 2: undanator (small blind) collected ($0.04)
Seat 3: Pechorin.G (big blind) folded before Flop
Seat 4: KarimBy folded before Flop (didn't bet)
Seat 5: Nonamae254 folded before Flop (didn't bet)
Seat 6: Mahu2021 folded before Flop (didn't bet)



PokerStars Zoom Hand #246868100336:  Hold'em No Limit ($0.01/$0.02) - 2023/11/01 19:37:53 CET [2023/11/01 14:37:53 ET]
Table 'Halley' 6-max Seat #1 is the button
Seat 1: Mahu2021 ($1.64 in chips) 
Seat 2: tychomadsen ($1.53 in chips) 
Seat 3: sebano2 ($2.03 in chips) 
Seat 4: XxTherygarxX ($2.85 in chips) 
Seat 5: Cammy15 ($1.96 in chips) 
Seat 6: MrRooob9899 ($1.74 in chips) 
tychomadsen: posts small blind $0.01
sebano2: posts big blind $0.02
*** HOLE CARDS ***
Dealt to Mahu2021 [Js 3d]
XxTherygarxX: calls $0.02
Cammy15: folds 
MrRooob9899: folds 
Mahu2021: folds 
tychomadsen: folds 
sebano2: checks 
*** FLOP *** [4d Tc 3s]
sebano2: checks 
XxTherygarxX: bets $0.02
sebano2: calls $0.02
*** TURN *** [4d Tc 3s] [Kc]
sebano2: checks 
XxTherygarxX: bets $0.05
sebano2: folds 
Uncalled bet ($0.05) returned to XxTherygarxX
XxTherygarxX collected $0.09 from pot
XxTherygarxX: doesn't show hand 
*** SUMMARY ***
Total pot $0.09 | Rake $0 
Board [4d Tc 3s Kc]
Seat 1: Mahu2021 (button) folded before Flop (didn't bet)
Seat 2: tychomadsen (small blind) folded before Flop
Seat 3: sebano2 (big blind) folded on the Turn
Seat 4: XxTherygarxX collected ($0.09)
Seat 5: Cammy15 folded before Flop (didn't bet)
Seat 6: MrRooob9899 folded before Flop (didn't bet)



PokerStars Zoom Hand #246868099443:  Hold'em No Limit ($0.01/$0.02) - 2023/11/01 19:37:51 CET [2023/11/01 14:37:51 ET]
Table 'Halley' 6-max Seat #1 is the button
Seat 1: Mierlur ($2.92 in chips) 
Seat 2: KarimBy ($1.97 in chips) 
Seat 3: Einherjer91 ($2 in chips) 
Seat 4: Ivanderfull ($2.04 in chips) 
Seat 5: Mahu2021 ($1.64 in chips) 
Seat 6: PanchoAckerman ($2 in chips) 
KarimBy: posts small blind $0.01
Einherjer91: posts big blind $0.02
*** HOLE CARDS ***
Dealt to Mahu2021 [6h 9h]
Ivanderfull: folds 
Mahu2021: folds 
PanchoAckerman: folds 
Mierlur: folds 
KarimBy: raises $0.02 to $0.04
Einherjer91: calls $0.02
*** FLOP *** [Jd 2h 7d]
KarimBy: bets $0.06
Einherjer91: folds 
Uncalled bet ($0.06) returned to KarimBy
KarimBy collected $0.08 from pot
KarimBy: doesn't show hand 
*** SUMMARY ***
Total pot $0.08 | Rake $0 
Board [Jd 2h 7d]
Seat 1: Mierlur (button) folded before Flop (didn't bet)
Seat 2: KarimBy (small blind) collected ($0.08)
Seat 3: Einherjer91 (big blind) folded on the Flop
Seat 4: Ivanderfull folded before Flop (didn't bet)
Seat 5: Mahu2021 folded before Flop (didn't bet)
Seat 6: PanchoAckerman folded before Flop (didn't bet)



PokerStars Zoom Hand #246868102175:  Hold'em No Limit ($0.01/$0.02) - 2023/11/01 19:37:59 CET [2023/11/01 14:37:59 ET]
Table 'Halley' 6-max Seat #1 is the button
Seat 1: darvin1970 ($1.74 in chips) 
Seat 2: Mahu2021 ($1.64 in chips) 
Seat 3: CréééW!!! ($1.96 in chips) 
Seat 4: gkamvysis95 ($2 in chips) 
Seat 5: Rares540 ($0.34 in chips) 
Seat 6: 888lifeIS ($2.02 in chips) 
Mahu2021: posts small blind $0.01
CréééW!!!: posts big blind $0.02
*** HOLE CARDS ***
Dealt to Mahu2021 [Ks Ac]
gkamvysis95: folds 
Rares540: folds 
888lifeIS: folds 
darvin1970: folds 
Mahu2021: raises $0.04 to $0.06
CréééW!!!: folds 
Uncalled bet ($0.04) returned to Mahu2021
Mahu2021 collected $0.04 from pot
Mahu2021: doesn't show hand 
*** SUMMARY ***
Total pot $0.04 | Rake $0 
Seat 1: darvin1970 (button) folded before Flop (didn't bet)
Seat 2: Mahu2021 (small blind) collected ($0.04)
Seat 3: CréééW!!! (big blind) folded before Flop
Seat 4: gkamvysis95 folded before Flop (didn't bet)
Seat 5: Rares540 folded before Flop (didn't bet)
Seat 6: 888lifeIS folded before Flop (didn't bet)



PokerStars Zoom Hand #246868114431:  Hold'em No Limit ($0.01/$0.02) - 2023/11/01 19:38:36 CET [2023/11/01 14:38:36 ET]
Table 'Halley' 6-max Seat #1 is the button
Seat 1: potthickens ($2.46 in chips) 
Seat 2: jamppaboy ($2 in chips) 
Seat 3: Mahu2021 ($1.66 in chips) 
Seat 4: Biegaliusz ($1.80 in chips) 
Seat 5: whitethigh85 ($2 in chips) 
Seat 6: sandrão71 ($1.50 in chips) 
jamppaboy: posts small blind $0.01
Mahu2021: posts big blind $0.02
*** HOLE CARDS ***
Dealt to Mahu2021 [3h 9d]
Biegaliusz: folds 
whitethigh85: folds 
sandrão71: raises $0.02 to $0.04
potthickens: folds 
jamppaboy: folds 
Mahu2021: folds 
Uncalled bet ($0.02) returned to sandrão71
sandrão71 collected $0.05 from pot
sandrão71: doesn't show hand 
*** SUMMARY ***
Total pot $0.05 | Rake $0 
Seat 1: potthickens (button) folded before Flop (didn't bet)
Seat 2: jamppaboy (small blind) folded before Flop
Seat 3: Mahu2021 (big blind) folded before Flop
Seat 4: Biegaliusz folded before Flop (didn't bet)
Seat 5: whitethigh85 folded before Flop (didn't bet)
Seat 6: sandrão71 collected ($0.05)



PokerStars Zoom Hand #246868122277:  Hold'em No Limit ($0.01/$0.02) - 2023/11/01 19:39:00 CET [2023/11/01 14:39:00 ET]
Table 'Halley' 6-max Seat #1 is the button
Seat 1: Underedog ($1.86 in chips) 
Seat 2: Nonamae254 ($2.03 in chips) 
Seat 3: CréééW!!! ($2 in chips) 
Seat 4: BvKraemer ($4.46 in chips) 
Seat 5: Mahu2021 ($1.64 in chips) 
Seat 6: Gravyboat07 ($4.27 in chips) 
Nonamae254: posts small blind $0.01
CréééW!!!: posts big blind $0.02
*** HOLE CARDS ***
Dealt to Mahu2021 [Qs Jc]
BvKraemer: folds 
Mahu2021: raises $0.02 to $0.04
Gravyboat07: folds 
Underedog: folds 
Nonamae254: folds 
CréééW!!!: calls $0.02
*** FLOP *** [3h 4c Ts]
CréééW!!!: checks 
Mahu2021: checks 
*** TURN *** [3h 4c Ts] [Tc]
CréééW!!!: bets $0.03
Mahu2021: folds 
Uncalled bet ($0.03) returned to CréééW!!!
CréééW!!! collected $0.09 from pot
CréééW!!!: doesn't show hand 
*** SUMMARY ***
Total pot $0.09 | Rake $0 
Board [3h 4c Ts Tc]
Seat 1: Underedog (button) folded before Flop (didn't bet)
Seat 2: Nonamae254 (small blind) folded before Flop
Seat 3: CréééW!!! (big blind) collected ($0.09)
Seat 4: BvKraemer folded before Flop (didn't bet)
Seat 5: Mahu2021 folded on the Turn
Seat 6: Gravyboat07 folded before Flop (didn't bet)



PokerStars Zoom Hand #246868129280:  Hold'em No Limit ($0.01/$0.02) - 2023/11/01 19:39:21 CET [2023/11/01 14:39:21 ET]
Table 'Halley' 6-max Seat #1 is the button
Seat 1: darvin1970 ($2.67 in chips) 
Seat 2: Lorischno597 ($3.72 in chips) 
Seat 3: 888lifeIS ($2.05 in chips) 
Seat 4: fierceking86 ($3.38 in chips) 
Seat 5: StepNag ($0.70 in chips) 
Seat 6: Mahu2021 ($1.60 in chips) 
Lorischno597: posts small blind $0.01
888lifeIS: posts big blind $0.02
*** HOLE CARDS ***
Dealt to Mahu2021 [Qc Th]
fierceking86: folds 
StepNag: raises $0.02 to $0.04
Mahu2021: calls $0.04
darvin1970: folds 
Lorischno597: folds 
888lifeIS: folds 
*** FLOP *** [Kc 5d 3d]
StepNag: checks 
Mahu2021: checks 
*** TURN *** [Kc 5d 3d] [8d]
StepNag: checks 
Mahu2021: bets $0.04
StepNag: calls $0.04
*** RIVER *** [Kc 5d 3d 8d] [2s]
StepNag: checks 
Mahu2021: bets $0.18
StepNag: folds 
Uncalled bet ($0.18) returned to Mahu2021
Mahu2021 collected $0.18 from pot
Mahu2021: doesn't show hand 
*** SUMMARY ***
Total pot $0.19 | Rake $0.01 
Board [Kc 5d 3d 8d 2s]
Seat 1: darvin1970 (button) folded before Flop (didn't bet)
Seat 2: Lorischno597 (small blind) folded before Flop
Seat 3: 888lifeIS (big blind) folded before Flop
Seat 4: fierceking86 folded before Flop (didn't bet)
Seat 5: StepNag folded on the River
Seat 6: Mahu2021 collected ($0.18)



PokerStars Zoom Hand #246868140933:  Hold'em No Limit ($0.01/$0.02) - 2023/11/01 19:39:56 CET [2023/11/01 14:39:56 ET]
Table 'Halley' 6-max Seat #1 is the button
Seat 1: IgNachoelAs ($2.95 in chips) 
Seat 2: JonTagaryen1 ($5.17 in chips) 
Seat 3: petronel22 ($2.08 in chips) 
Seat 4: Mahu2021 ($1.70 in chips) 
Seat 5: Elenieliy ($0.58 in chips) 
Seat 6: MattyHopey ($8.72 in chips) 
JonTagaryen1: posts small blind $0.01
petronel22: posts big blind $0.02
*** HOLE CARDS ***
Dealt to Mahu2021 [2s 7s]
Mahu2021: folds 
Elenieliy: folds 
MattyHopey: folds 
IgNachoelAs: folds 
JonTagaryen1: folds 
Uncalled bet ($0.01) returned to petronel22
petronel22 collected $0.02 from pot
petronel22: doesn't show hand 
*** SUMMARY ***
Total pot $0.02 | Rake $0 
Seat 1: IgNachoelAs (button) folded before Flop (didn't bet)
Seat 2: JonTagaryen1 (small blind) folded before Flop
Seat 3: petronel22 (big blind) collected ($0.02)
Seat 4: Mahu2021 folded before Flop (didn't bet)
Seat 5: Elenieliy folded before Flop (didn't bet)
Seat 6: MattyHopey folded before Flop (didn't bet)



PokerStars Zoom Hand #246868139632:  Hold'em No Limit ($0.01/$0.02) - 2023/11/01 19:39:52 CET [2023/11/01 14:39:52 ET]
Table 'Halley' 6-max Seat #1 is the button
Seat 1: gomita31 ($1.76 in chips) 
Seat 2: HardNigth ($2.14 in chips) 
Seat 3: BlackStack94 ($5.09 in chips) 
Seat 4: Mahu2021 ($1.70 in chips) 
Seat 5: FrancoGaston74 ($2.70 in chips) 
Seat 6: 888lifeIS ($2.33 in chips) 
HardNigth: posts small blind $0.01
BlackStack94: posts big blind $0.02
*** HOLE CARDS ***
Dealt to Mahu2021 [9s 5d]
Mahu2021: folds 
FrancoGaston74: folds 
888lifeIS: folds 
gomita31: raises $0.04 to $0.06
HardNigth: folds 
BlackStack94: folds 
Uncalled bet ($0.04) returned to gomita31
gomita31 collected $0.05 from pot
gomita31: doesn't show hand 
*** SUMMARY ***
Total pot $0.05 | Rake $0 
Seat 1: gomita31 (button) collected ($0.05)
Seat 2: HardNigth (small blind) folded before Flop
Seat 3: BlackStack94 (big blind) folded before Flop
Seat 4: Mahu2021 folded before Flop (didn't bet)
Seat 5: FrancoGaston74 folded before Flop (didn't bet)
Seat 6: 888lifeIS folded before Flop (didn't bet)



PokerStars Zoom Hand #246868146644:  Hold'em No Limit ($0.01/$0.02) - 2023/11/01 19:40:13 CET [2023/11/01 14:40:13 ET]
Table 'Halley' 6-max Seat #1 is the button
Seat 1: Mahu2021 ($1.67 in chips) 
Seat 2: trebol205 ($0.92 in chips) 
Seat 3: FrancoGaston74 ($6.77 in chips) 
Seat 4: Vahenta ($4.71 in chips) 
Seat 5: I.L.Stefan ($4.42 in chips) 
Seat 6: KidneyHoover22 ($2.07 in chips) 
trebol205: posts small blind $0.01
FrancoGaston74: posts big blind $0.02
*** HOLE CARDS ***
Dealt to Mahu2021 [9c Kh]
Vahenta: folds 
I.L.Stefan: raises $0.03 to $0.05
KidneyHoover22: folds 
Mahu2021: folds 
trebol205: folds 
FrancoGaston74: folds 
Uncalled bet ($0.03) returned to I.L.Stefan
I.L.Stefan collected $0.05 from pot
I.L.Stefan: doesn't show hand 
*** SUMMARY ***
Total pot $0.05 | Rake $0 
Seat 1: Mahu2021 (button) folded before Flop (didn't bet)
Seat 2: trebol205 (small blind) folded before Flop
Seat 3: FrancoGaston74 (big blind) folded before Flop
Seat 4: Vahenta folded before Flop (didn't bet)
Seat 5: I.L.Stefan collected ($0.05)
Seat 6: KidneyHoover22 folded before Flop (didn't bet)



PokerStars Zoom Hand #246868150967:  Hold'em No Limit ($0.01/$0.02) - 2023/11/01 19:40:26 CET [2023/11/01 14:40:26 ET]
Table 'Halley' 6-max Seat #1 is the button
Seat 1: Kukish98 ($2.64 in chips) 
Seat 2: ssk2000 ($1.83 in chips) 
Seat 3: potthickens ($2.50 in chips) 
Seat 4: viejoloco87 ($7.13 in chips) 
Seat 5: gomita31 ($4.06 in chips) 
Seat 6: Mahu2021 ($1.67 in chips) 
ssk2000: posts small blind $0.01
potthickens: posts big blind $0.02
*** HOLE CARDS ***
Dealt to Mahu2021 [3c Td]
viejoloco87: folds 
gomita31: raises $0.05 to $0.07
Mahu2021: folds 
Kukish98: folds 
ssk2000: folds 
potthickens: folds 
Uncalled bet ($0.05) returned to gomita31
gomita31 collected $0.05 from pot
gomita31: doesn't show hand 
*** SUMMARY ***
Total pot $0.05 | Rake $0 
Seat 1: Kukish98 (button) folded before Flop (didn't bet)
Seat 2: ssk2000 (small blind) folded before Flop
Seat 3: potthickens (big blind) folded before Flop
Seat 4: viejoloco87 folded before Flop (didn't bet)
Seat 5: gomita31 collected ($0.05)
Seat 6: Mahu2021 folded before Flop (didn't bet)



PokerStars Zoom Hand #246868144978:  Hold'em No Limit ($0.01/$0.02) - 2023/11/01 19:40:08 CET [2023/11/01 14:40:08 ET]
Table 'Halley' 6-max Seat #1 is the button
Seat 1: VvacheslavSV ($1.01 in chips) 
Seat 2: Mahu2021 ($1.68 in chips) 
Seat 3: Nonamae254 ($2.23 in chips) 
Seat 4: 0X-ARVIZU ($2.10 in chips) 
Seat 5: Dmigri ($3.96 in chips) 
Seat 6: Grandolf2k ($4.25 in chips) 
Mahu2021: posts small blind $0.01
Nonamae254: posts big blind $0.02
*** HOLE CARDS ***
Dealt to Mahu2021 [4s 7h]
0X-ARVIZU: folds 
Dmigri: raises $0.04 to $0.06
Grandolf2k: calls $0.06
VvacheslavSV: folds 
Mahu2021: folds 
Nonamae254: folds 
*** FLOP *** [Qs 2d 7d]
Dmigri: bets $0.07
Grandolf2k: folds 
Uncalled bet ($0.07) returned to Dmigri
Dmigri collected $0.14 from pot
Dmigri: doesn't show hand 
*** SUMMARY ***
Total pot $0.15 | Rake $0.01 
Board [Qs 2d 7d]
Seat 1: VvacheslavSV (button) folded before Flop (didn't bet)
Seat 2: Mahu2021 (small blind) folded before Flop
Seat 3: Nonamae254 (big blind) folded before Flop
Seat 4: 0X-ARVIZU folded before Flop (didn't bet)
Seat 5: Dmigri collected ($0.14)
Seat 6: Grandolf2k folded on the Flop



PokerStars Zoom Hand #246868142676:  Hold'em No Limit ($0.01/$0.02) - 2023/11/01 19:40:01 CET [2023/11/01 14:40:01 ET]
Table 'Halley' 6-max Seat #1 is the button
Seat 1: Ish7x ($3.95 in chips) 
Seat 2: zimpen ($2.16 in chips) 
Seat 3: Mahu2021 ($1.70 in chips) 
Seat 4: MrRooob9899 ($2 in chips) 
Seat 5: estebangt01 ($1.82 in chips) 
Seat 6: ugnbet ($1.08 in chips) 
zimpen: posts small blind $0.01
Mahu2021: posts big blind $0.02
*** HOLE CARDS ***
Dealt to Mahu2021 [9h 5d]
MrRooob9899: folds 
estebangt01: raises $0.04 to $0.06
ugnbet: folds 
Ish7x: folds 
zimpen: calls $0.05
Mahu2021: folds 
*** FLOP *** [4c Tc Kd]
zimpen: checks 
estebangt01: bets $0.07
zimpen: calls $0.07
*** TURN *** [4c Tc Kd] [4s]
zimpen: checks 
estebangt01: bets $0.14
zimpen: calls $0.14
*** RIVER *** [4c Tc Kd 4s] [2d]
zimpen: bets $0.27
estebangt01: raises $1.28 to $1.55 and is all-in
zimpen: folds 
Uncalled bet ($1.28) returned to estebangt01
estebangt01 collected $1.06 from pot
estebangt01: doesn't show hand 
*** SUMMARY ***
Total pot $1.10 | Rake $0.04 
Board [4c Tc Kd 4s 2d]
Seat 1: Ish7x (button) folded before Flop (didn't bet)
Seat 2: zimpen (small blind) folded on the River
Seat 3: Mahu2021 (big blind) folded before Flop
Seat 4: MrRooob9899 folded before Flop (didn't bet)
Seat 5: estebangt01 collected ($1.06)
Seat 6: ugnbet folded before Flop (didn't bet)



PokerStars Zoom Hand #246868153582:  Hold'em No Limit ($0.01/$0.02) - 2023/11/01 19:40:33 CET [2023/11/01 14:40:33 ET]
Table 'Halley' 6-max Seat #1 is the button
Seat 1: therealhvost ($1.43 in chips) 
Seat 2: stivix10 ($2.25 in chips) 
Seat 3: davor987 ($2.27 in chips) 
Seat 4: ralfe.js ($2.20 in chips) 
Seat 5: Mahu2021 ($1.67 in chips) 
Seat 6: JonTagaryen1 ($5.13 in chips) 
stivix10: posts small blind $0.01
davor987: posts big blind $0.02
*** HOLE CARDS ***
Dealt to Mahu2021 [Ks 7c]
ralfe.js: raises $0.04 to $0.06
Mahu2021: folds 
JonTagaryen1: folds 
therealhvost: folds 
stivix10: folds 
davor987: folds 
Uncalled bet ($0.04) returned to ralfe.js
ralfe.js collected $0.05 from pot
ralfe.js: doesn't show hand 
*** SUMMARY ***
Total pot $0.05 | Rake $0 
Seat 1: therealhvost (button) folded before Flop (didn't bet)
Seat 2: stivix10 (small blind) folded before Flop
Seat 3: davor987 (big blind) folded before Flop
Seat 4: ralfe.js collected ($0.05)
Seat 5: Mahu2021 folded before Flop (didn't bet)
Seat 6: JonTagaryen1 folded before Flop (didn't bet)



PokerStars Zoom Hand #246868155026:  Hold'em No Limit ($0.01/$0.02) - 2023/11/01 19:40:38 CET [2023/11/01 14:40:38 ET]
Table 'Halley' 6-max Seat #1 is the button
Seat 1: Kukish98 ($2.23 in chips) 
Seat 2: Mahu2021 ($1.67 in chips) 
Seat 3: 4s4s4s ($4.98 in chips) 
Seat 4: bel_2302 ($3.90 in chips) 
Seat 5: CasHenTy ($5.07 in chips) 
Seat 6: Konouct ($3.47 in chips) 
Mahu2021: posts small blind $0.01
4s4s4s: posts big blind $0.02
*** HOLE CARDS ***
Dealt to Mahu2021 [6c Td]
bel_2302: folds 
CasHenTy: folds 
Konouct: raises $0.04 to $0.06
Kukish98: folds 
Mahu2021: folds 
4s4s4s: folds 
Uncalled bet ($0.04) returned to Konouct
Konouct collected $0.05 from pot
Konouct: doesn't show hand 
*** SUMMARY ***
Total pot $0.05 | Rake $0 
Seat 1: Kukish98 (button) folded before Flop (didn't bet)
Seat 2: Mahu2021 (small blind) folded before Flop
Seat 3: 4s4s4s (big blind) folded before Flop
Seat 4: bel_2302 folded before Flop (didn't bet)
Seat 5: CasHenTy folded before Flop (didn't bet)
Seat 6: Konouct collected ($0.05)



PokerStars Zoom Hand #246868156376:  Hold'em No Limit ($0.01/$0.02) - 2023/11/01 19:40:42 CET [2023/11/01 14:40:42 ET]
Table 'Halley' 6-max Seat #1 is the button
Seat 1: FrancoGaston74 ($6.42 in chips) 
Seat 2: ralfe.js ($2.42 in chips) 
Seat 3: Mahu2021 ($1.66 in chips) 
Seat 4: RonanBV ($2.78 in chips) 
Seat 5: 0X-ARVIZU ($3.51 in chips) 
Seat 6: HooliganBasher ($3.51 in chips) 
ralfe.js: posts small blind $0.01
Mahu2021: posts big blind $0.02
*** HOLE CARDS ***
Dealt to Mahu2021 [7h 5c]
RonanBV: folds 
0X-ARVIZU: raises $0.03 to $0.05
HooliganBasher: folds 
FrancoGaston74: folds 
ralfe.js: folds 
Mahu2021: folds 
Uncalled bet ($0.03) returned to 0X-ARVIZU
0X-ARVIZU collected $0.05 from pot
0X-ARVIZU: doesn't show hand 
*** SUMMARY ***
Total pot $0.05 | Rake $0 
Seat 1: FrancoGaston74 (button) folded before Flop (didn't bet)
Seat 2: ralfe.js (small blind) folded before Flop
Seat 3: Mahu2021 (big blind) folded before Flop
Seat 4: RonanBV folded before Flop (didn't bet)
Seat 5: 0X-ARVIZU collected ($0.05)
Seat 6: HooliganBasher folded before Flop (didn't bet)



PokerStars Zoom Hand #246868160755:  Hold'em No Limit ($0.01/$0.02) - 2023/11/01 19:40:55 CET [2023/11/01 14:40:55 ET]
Table 'Halley' 6-max Seat #1 is the button
Seat 1: PapaMetaxa ($2 in chips) 
Seat 2: elysian2000 ($2.10 in chips) 
Seat 3: slurpis ($2 in chips) 
Seat 4: mw3451 ($2.13 in chips) 
Seat 5: PanchoAckerman ($2.05 in chips) 
Seat 6: Mahu2021 ($1.64 in chips) 
elysian2000: posts small blind $0.01
slurpis: posts big blind $0.02
*** HOLE CARDS ***
Dealt to Mahu2021 [9s Kd]
mw3451: folds 
PanchoAckerman: folds 
Mahu2021: folds 
PapaMetaxa: folds 
elysian2000: folds 
Uncalled bet ($0.01) returned to slurpis
slurpis collected $0.02 from pot
slurpis: doesn't show hand 
*** SUMMARY ***
Total pot $0.02 | Rake $0 
Seat 1: PapaMetaxa (button) folded before Flop (didn't bet)
Seat 2: elysian2000 (small blind) folded before Flop
Seat 3: slurpis (big blind) collected ($0.02)
Seat 4: mw3451 folded before Flop (didn't bet)
Seat 5: PanchoAckerman folded before Flop (didn't bet)
Seat 6: Mahu2021 folded before Flop (didn't bet)



PokerStars Zoom Hand #246868159414:  Hold'em No Limit ($0.01/$0.02) - 2023/11/01 19:40:51 CET [2023/11/01 14:40:51 ET]
Table 'Halley' 6-max Seat #1 is the button
Seat 1: Mahu2021 ($1.64 in chips) 
Seat 2: bbpbbp09 ($3.79 in chips) 
Seat 3: Dmigri ($4.03 in chips) 
Seat 4: hpmoreno ($2 in chips) 
Seat 5: BlackStack94 ($2.62 in chips) 
Seat 6: undanator ($3.46 in chips) 
bbpbbp09: posts small blind $0.01
Dmigri: posts big blind $0.02
*** HOLE CARDS ***
Dealt to Mahu2021 [Jc 2h]
hpmoreno: folds 
BlackStack94: folds 
undanator: folds 
Mahu2021: folds 
bbpbbp09: raises $0.04 to $0.06
Dmigri: folds 
Uncalled bet ($0.04) returned to bbpbbp09
bbpbbp09 collected $0.04 from pot
bbpbbp09: doesn't show hand 
*** SUMMARY ***
Total pot $0.04 | Rake $0 
Seat 1: Mahu2021 (button) folded before Flop (didn't bet)
Seat 2: bbpbbp09 (small blind) collected ($0.04)
Seat 3: Dmigri (big blind) folded before Flop
Seat 4: hpmoreno folded before Flop (didn't bet)
Seat 5: BlackStack94 folded before Flop (didn't bet)
Seat 6: undanator folded before Flop (didn't bet)



PokerStars Zoom Hand #246868163378:  Hold'em No Limit ($0.01/$0.02) - 2023/11/01 19:41:03 CET [2023/11/01 14:41:03 ET]
Table 'Halley' 6-max Seat #1 is the button
Seat 1: gkamvysis95 ($2.01 in chips) 
Seat 2: sebano2 ($2.06 in chips) 
Seat 3: r3v3rs3f3r3t ($3.78 in chips) 
Seat 4: stivix10 ($2.24 in chips) 
Seat 5: Mahu2021 ($1.63 in chips) 
Seat 6: Nonamae254 ($2.20 in chips) 
sebano2: posts small blind $0.01
r3v3rs3f3r3t: posts big blind $0.02
*** HOLE CARDS ***
Dealt to Mahu2021 [8d Jh]
stivix10: folds 
Mahu2021: folds 
Nonamae254: folds 
gkamvysis95: raises $0.03 to $0.05
sebano2: folds 
r3v3rs3f3r3t: folds 
Uncalled bet ($0.03) returned to gkamvysis95
gkamvysis95 collected $0.05 from pot
gkamvysis95: doesn't show hand 
*** SUMMARY ***
Total pot $0.05 | Rake $0 
Seat 1: gkamvysis95 (button) collected ($0.05)
Seat 2: sebano2 (small blind) folded before Flop
Seat 3: r3v3rs3f3r3t (big blind) folded before Flop
Seat 4: stivix10 folded before Flop (didn't bet)
Seat 5: Mahu2021 folded before Flop (didn't bet)
Seat 6: Nonamae254 folded before Flop (didn't bet)



PokerStars Zoom Hand #246868166075:  Hold'em No Limit ($0.01/$0.02) - 2023/11/01 19:41:11 CET [2023/11/01 14:41:11 ET]
Table 'Halley' 6-max Seat #1 is the button
Seat 1: Pepe_7C7 ($2 in chips) 
Seat 2: FrancoGaston74 ($2.70 in chips) 
Seat 3: petronel22 ($2.07 in chips) 
Seat 4: Mahu2021 ($1.63 in chips) 
Seat 5: DAsquez ($2.28 in chips) 
Seat 6: Bardamu732 ($2.14 in chips) 
FrancoGaston74: posts small blind $0.01
petronel22: posts big blind $0.02
*** HOLE CARDS ***
Dealt to Mahu2021 [5s 2s]
Mahu2021: folds 
DAsquez: raises $0.02 to $0.04
Bardamu732: folds 
Pepe_7C7: folds 
FrancoGaston74: folds 
petronel22: folds 
Uncalled bet ($0.02) returned to DAsquez
DAsquez collected $0.05 from pot
DAsquez: doesn't show hand 
*** SUMMARY ***
Total pot $0.05 | Rake $0 
Seat 1: Pepe_7C7 (button) folded before Flop (didn't bet)
Seat 2: FrancoGaston74 (small blind) folded before Flop
Seat 3: petronel22 (big blind) folded before Flop
Seat 4: Mahu2021 folded before Flop (didn't bet)
Seat 5: DAsquez collected ($0.05)
Seat 6: Bardamu732 folded before Flop (didn't bet)



PokerStars Zoom Hand #246868152345:  Hold'em No Limit ($0.01/$0.02) - 2023/11/01 19:40:30 CET [2023/11/01 14:40:30 ET]
Table 'Halley' 6-max Seat #1 is the button
Seat 1: CréééW!!! ($1.98 in chips) 
Seat 2: MattyHopey ($8.76 in chips) 
Seat 3: houston_65 ($1.94 in chips) 
Seat 4: Mahu2021 ($1.67 in chips) 
Seat 5: bel_2302 ($1.82 in chips) 
Seat 6: viiv750 ($2 in chips) 
MattyHopey: posts small blind $0.01
houston_65: posts big blind $0.02
*** HOLE CARDS ***
Dealt to Mahu2021 [2h 6c]
Mahu2021: folds 
bel_2302: folds 
viiv750: folds 
CréééW!!!: raises $0.04 to $0.06
MattyHopey: folds 
houston_65: calls $0.04
*** FLOP *** [5d 4h 5s]
houston_65: bets $0.02
CréééW!!!: raises $0.04 to $0.06
houston_65: calls $0.04
*** TURN *** [5d 4h 5s] [4d]
houston_65: bets $0.08
CréééW!!!: calls $0.08
*** RIVER *** [5d 4h 5s 4d] [2c]
houston_65: bets $0.06
CréééW!!!: calls $0.06
*** SHOW DOWN ***
houston_65: shows [Td Ah] (two pair, Fives and Fours)
CréééW!!!: mucks hand 
houston_65 collected $0.51 from pot
*** SUMMARY ***
Total pot $0.53 | Rake $0.02 
Board [5d 4h 5s 4d 2c]
Seat 1: CréééW!!! (button) mucked [8s Ks]
Seat 2: MattyHopey (small blind) folded before Flop
Seat 3: houston_65 (big blind) showed [Td Ah] and won ($0.51) with two pair, Fives and Fours
Seat 4: Mahu2021 folded before Flop (didn't bet)
Seat 5: bel_2302 folded before Flop (didn't bet)
Seat 6: viiv750 folded before Flop (didn't bet)



PokerStars Zoom Hand #246868164715:  Hold'em No Limit ($0.01/$0.02) - 2023/11/01 19:41:07 CET [2023/11/01 14:41:07 ET]
Table 'Halley' 6-max Seat #1 is the button
Seat 1: Mahu2021 ($1.63 in chips) 
Seat 2: viejoloco87 ($5.74 in chips) 
Seat 3: PapaMetaxa ($2.06 in chips) 
Seat 4: Plmax94 ($2.29 in chips) 
Seat 5: fierceking86 ($2.89 in chips) 
Seat 6: pokerishark ($2 in chips) 
viejoloco87: posts small blind $0.01
PapaMetaxa: posts big blind $0.02
*** HOLE CARDS ***
Dealt to Mahu2021 [6s 2s]
Plmax94: folds 
fierceking86: raises $0.02 to $0.04
pokerishark: folds 
Mahu2021: folds 
viejoloco87: folds 
PapaMetaxa: calls $0.02
*** FLOP *** [5s 7d 4d]
PapaMetaxa: checks 
fierceking86: checks 
*** TURN *** [5s 7d 4d] [8s]
PapaMetaxa: bets $0.05
fierceking86: folds 
Uncalled bet ($0.05) returned to PapaMetaxa
PapaMetaxa collected $0.09 from pot
PapaMetaxa: doesn't show hand 
*** SUMMARY ***
Total pot $0.09 | Rake $0 
Board [5s 7d 4d 8s]
Seat 1: Mahu2021 (button) folded before Flop (didn't bet)
Seat 2: viejoloco87 (small blind) folded before Flop
Seat 3: PapaMetaxa (big blind) collected ($0.09)
Seat 4: Plmax94 folded before Flop (didn't bet)
Seat 5: fierceking86 folded on the Turn
Seat 6: pokerishark folded before Flop (didn't bet)



PokerStars Zoom Hand #246868162081:  Hold'em No Limit ($0.01/$0.02) - 2023/11/01 19:40:59 CET [2023/11/01 14:40:59 ET]
Table 'Halley' 6-max Seat #1 is the button
Seat 1: alan0722 ($4.39 in chips) 
Seat 2: Mahu2021 ($1.64 in chips) 
Seat 3: RafalPaw01 ($1.96 in chips) 
Seat 4: stivix10 ($2.24 in chips) 
Seat 5: SupaVegi ($3.15 in chips) 
Seat 6: Azart503 ($3.53 in chips) 
Mahu2021: posts small blind $0.01
RafalPaw01: posts big blind $0.02
*** HOLE CARDS ***
Dealt to Mahu2021 [6h 9s]
stivix10: folds 
SupaVegi: folds 
Azart503: raises $0.03 to $0.05
alan0722: folds 
Mahu2021: folds 
RafalPaw01: calls $0.03
*** FLOP *** [Jd Tc 2h]
RafalPaw01: bets $0.07
Azart503: calls $0.07
*** TURN *** [Jd Tc 2h] [Qd]
RafalPaw01: checks 
Azart503: bets $0.16
RafalPaw01: folds 
Uncalled bet ($0.16) returned to Azart503
Azart503 collected $0.24 from pot
Azart503: doesn't show hand 
*** SUMMARY ***
Total pot $0.25 | Rake $0.01 
Board [Jd Tc 2h Qd]
Seat 1: alan0722 (button) folded before Flop (didn't bet)
Seat 2: Mahu2021 (small blind) folded before Flop
Seat 3: RafalPaw01 (big blind) folded on the Turn
Seat 4: stivix10 folded before Flop (didn't bet)
Seat 5: SupaVegi folded before Flop (didn't bet)
Seat 6: Azart503 collected ($0.24)



PokerStars Zoom Hand #246868167022:  Hold'em No Limit ($0.01/$0.02) - 2023/11/01 19:41:14 CET [2023/11/01 14:41:14 ET]
Table 'Halley' 6-max Seat #1 is the button
Seat 1: ralfe.js ($2 in chips) 
Seat 2: bergdarter ($6.92 in chips) 
Seat 3: PanchoAckerman ($2.08 in chips) 
Seat 4: Mahu2021 ($1.63 in chips) 
Seat 5: 888NOMERCY888 ($2.03 in chips) 
Seat 6: vasállarcos0 ($0.92 in chips) 
bergdarter: posts small blind $0.01
PanchoAckerman: posts big blind $0.02
*** HOLE CARDS ***
Dealt to Mahu2021 [As 7h]
Mahu2021: raises $0.02 to $0.04
888NOMERCY888: folds 
vasállarcos0: folds 
ralfe.js: calls $0.04
bergdarter: folds 
PanchoAckerman: folds 
*** FLOP *** [8d 9d Td]
Mahu2021: checks 
ralfe.js: bets $0.05
Mahu2021: folds 
Uncalled bet ($0.05) returned to ralfe.js
ralfe.js collected $0.11 from pot
ralfe.js: doesn't show hand 
*** SUMMARY ***
Total pot $0.11 | Rake $0 
Board [8d 9d Td]
Seat 1: ralfe.js (button) collected ($0.11)
Seat 2: bergdarter (small blind) folded before Flop
Seat 3: PanchoAckerman (big blind) folded before Flop
Seat 4: Mahu2021 folded on the Flop
Seat 5: 888NOMERCY888 folded before Flop (didn't bet)
Seat 6: vasállarcos0 folded before Flop (didn't bet)



PokerStars Zoom Hand #246868179830:  Hold'em No Limit ($0.01/$0.02) - 2023/11/01 19:41:53 CET [2023/11/01 14:41:53 ET]
Table 'Halley' 6-max Seat #1 is the button
Seat 1: viejoloco87 ($5.98 in chips) 
Seat 2: Einherjer91 ($2.03 in chips) 
Seat 3: Mahu2021 ($1.59 in chips) 
Seat 4: JonTagaryen1 ($2.17 in chips) 
Seat 5: Animal King PK ($4.92 in chips) 
Seat 6: petronel22 ($2.09 in chips) 
Einherjer91: posts small blind $0.01
Mahu2021: posts big blind $0.02
*** HOLE CARDS ***
Dealt to Mahu2021 [9c 3d]
JonTagaryen1: folds 
Animal King PK: folds 
petronel22: folds 
viejoloco87: folds 
Einherjer91: raises $0.04 to $0.06
Mahu2021: folds 
Uncalled bet ($0.04) returned to Einherjer91
Einherjer91 collected $0.04 from pot
Einherjer91: doesn't show hand 
*** SUMMARY ***
Total pot $0.04 | Rake $0 
Seat 1: viejoloco87 (button) folded before Flop (didn't bet)
Seat 2: Einherjer91 (small blind) collected ($0.04)
Seat 3: Mahu2021 (big blind) folded before Flop
Seat 4: JonTagaryen1 folded before Flop (didn't bet)
Seat 5: Animal King PK folded before Flop (didn't bet)
Seat 6: petronel22 folded before Flop (didn't bet)



PokerStars Zoom Hand #246868184477:  Hold'em No Limit ($0.01/$0.02) - 2023/11/01 19:42:07 CET [2023/11/01 14:42:07 ET]
Table 'Halley' 6-max Seat #1 is the button
Seat 1: Mahu2021 ($1.57 in chips) 
Seat 2: darvin1970 ($1.63 in chips) 
Seat 3: slurpis ($2.03 in chips) 
Seat 4: bel_2302 ($3.96 in chips) 
Seat 5: Galan7Andrei ($2 in chips) 
Seat 6: Paysii ($1.93 in chips) 
darvin1970: posts small blind $0.01
slurpis: posts big blind $0.02
*** HOLE CARDS ***
Dealt to Mahu2021 [Qd Ac]
bel_2302: folds 
Galan7Andrei has timed out
Galan7Andrei: folds 
Paysii: folds 
Mahu2021: raises $0.04 to $0.06
darvin1970: folds 
slurpis: calls $0.04
*** FLOP *** [4d 6c 5h]
slurpis: checks 
Mahu2021: checks 
*** TURN *** [4d 6c 5h] [2c]
slurpis: bets $0.05
Mahu2021: calls $0.05
*** RIVER *** [4d 6c 5h 2c] [Qh]
slurpis: bets $0.19
Mahu2021: calls $0.19
*** SHOW DOWN ***
slurpis: shows [Kh 3h] (a straight, Deuce to Six)
Mahu2021: mucks hand 
slurpis collected $0.59 from pot
*** SUMMARY ***
Total pot $0.61 | Rake $0.02 
Board [4d 6c 5h 2c Qh]
Seat 1: Mahu2021 (button) mucked [Qd Ac]
Seat 2: darvin1970 (small blind) folded before Flop
Seat 3: slurpis (big blind) showed [Kh 3h] and won ($0.59) with a straight, Deuce to Six
Seat 4: bel_2302 folded before Flop (didn't bet)
Seat 5: Galan7Andrei folded before Flop (didn't bet)
Seat 6: Paysii folded before Flop (didn't bet)



PokerStars Zoom Hand #246868201033:  Hold'em No Limit ($0.01/$0.02) - 2023/11/01 19:42:57 CET [2023/11/01 14:42:57 ET]
Table 'Halley' 6-max Seat #1 is the button
Seat 1: C2DFMNLH ($3.94 in chips) 
Seat 2: MattyHopey ($8.72 in chips) 
Seat 3: JonTagaryen1 ($2.72 in chips) 
Seat 4: pokerishark ($2.03 in chips) 
Seat 5: Mizhina ($2.17 in chips) 
Seat 6: Mahu2021 ($1.27 in chips) 
MattyHopey: posts small blind $0.01
JonTagaryen1: posts big blind $0.02
*** HOLE CARDS ***
Dealt to Mahu2021 [As 3s]
pokerishark: folds 
Mizhina: folds 
Mahu2021: raises $0.02 to $0.04
C2DFMNLH: folds 
MattyHopey: folds 
JonTagaryen1: folds 
Uncalled bet ($0.02) returned to Mahu2021
Mahu2021 collected $0.05 from pot
Mahu2021: doesn't show hand 
*** SUMMARY ***
Total pot $0.05 | Rake $0 
Seat 1: C2DFMNLH (button) folded before Flop (didn't bet)
Seat 2: MattyHopey (small blind) folded before Flop
Seat 3: JonTagaryen1 (big blind) folded before Flop
Seat 4: pokerishark folded before Flop (didn't bet)
Seat 5: Mizhina folded before Flop (didn't bet)
Seat 6: Mahu2021 collected ($0.05)



PokerStars Zoom Hand #246868204066:  Hold'em No Limit ($0.01/$0.02) - 2023/11/01 19:43:06 CET [2023/11/01 14:43:06 ET]
Table 'Halley' 6-max Seat #1 is the button
Seat 1: julimatt ($2.17 in chips) 
Seat 2: Mahu2021 ($1.30 in chips) 
Seat 3: Highlife9009 ($0.86 in chips) 
Seat 4: postcomd ($1.98 in chips) 
Seat 5: kamiKatze27 ($2 in chips) 
Seat 6: 888NOMERCY888 ($2.32 in chips) 
Mahu2021: posts small blind $0.01
Highlife9009: posts big blind $0.02
*** HOLE CARDS ***
Dealt to Mahu2021 [Qh 9d]
postcomd: folds 
kamiKatze27: folds 
888NOMERCY888: folds 
julimatt: folds 
Mahu2021: folds 
Uncalled bet ($0.01) returned to Highlife9009
Highlife9009 collected $0.02 from pot
Highlife9009: doesn't show hand 
*** SUMMARY ***
Total pot $0.02 | Rake $0 
Seat 1: julimatt (button) folded before Flop (didn't bet)
Seat 2: Mahu2021 (small blind) folded before Flop
Seat 3: Highlife9009 (big blind) collected ($0.02)
Seat 4: postcomd folded before Flop (didn't bet)
Seat 5: kamiKatze27 folded before Flop (didn't bet)
Seat 6: 888NOMERCY888 folded before Flop (didn't bet)



PokerStars Zoom Hand #246868205500:  Hold'em No Limit ($0.01/$0.02) - 2023/11/01 19:43:10 CET [2023/11/01 14:43:10 ET]
Table 'Halley' 6-max Seat #1 is the button
Seat 1: gomita31 ($3.95 in chips) 
Seat 2: Underedog ($1.57 in chips) 
Seat 3: MrRooob9899 ($1.78 in chips) 
Seat 4: Maggickal ($2.03 in chips) 
Seat 5: Paya_31 ($1.73 in chips) 
Seat 6: Mahu2021 ($1.29 in chips) 
Underedog: posts small blind $0.01
MrRooob9899: posts big blind $0.02
*** HOLE CARDS ***
Dealt to Mahu2021 [2d 6c]
Maggickal: folds 
Paya_31: folds 
Mahu2021: folds 
gomita31: folds 
Underedog: folds 
Uncalled bet ($0.01) returned to MrRooob9899
MrRooob9899 collected $0.02 from pot
MrRooob9899: doesn't show hand 
*** SUMMARY ***
Total pot $0.02 | Rake $0 
Seat 1: gomita31 (button) folded before Flop (didn't bet)
Seat 2: Underedog (small blind) folded before Flop
Seat 3: MrRooob9899 (big blind) collected ($0.02)
Seat 4: Maggickal folded before Flop (didn't bet)
Seat 5: Paya_31 folded before Flop (didn't bet)
Seat 6: Mahu2021 folded before Flop (didn't bet)



PokerStars Zoom Hand #246868211692:  Hold'em No Limit ($0.01/$0.02) - 2023/11/01 19:43:29 CET [2023/11/01 14:43:29 ET]
Table 'Halley' 6-max Seat #1 is the button
Seat 1: sebano2 ($2 in chips) 
Seat 2: MrRooob9899 ($1.79 in chips) 
Seat 3: Paysii ($2.09 in chips) 
Seat 4: Nonamae254 ($2.12 in chips) 
Seat 5: Mahu2021 ($1.27 in chips) 
Seat 6: Pechorin.G ($3.03 in chips) 
MrRooob9899: posts small blind $0.01
Paysii: posts big blind $0.02
*** HOLE CARDS ***
Dealt to Mahu2021 [7c 9d]
Nonamae254: folds 
Mahu2021: folds 
Pechorin.G: raises $0.04 to $0.06
sebano2: folds 
MrRooob9899: folds 
Paysii: folds 
Uncalled bet ($0.04) returned to Pechorin.G
Pechorin.G collected $0.05 from pot
Pechorin.G: doesn't show hand 
*** SUMMARY ***
Total pot $0.05 | Rake $0 
Seat 1: sebano2 (button) folded before Flop (didn't bet)
Seat 2: MrRooob9899 (small blind) folded before Flop
Seat 3: Paysii (big blind) folded before Flop
Seat 4: Nonamae254 folded before Flop (didn't bet)
Seat 5: Mahu2021 folded before Flop (didn't bet)
Seat 6: Pechorin.G collected ($0.05)



PokerStars Zoom Hand #246868213999:  Hold'em No Limit ($0.01/$0.02) - 2023/11/01 19:43:36 CET [2023/11/01 14:43:36 ET]
Table 'Halley' 6-max Seat #1 is the button
Seat 1: kana400 ($4.25 in chips) 
Seat 2: elysian2000 ($2.03 in chips) 
Seat 3: Sanixm ($1.62 in chips) 
Seat 4: Mahu2021 ($1.27 in chips) 
Seat 5: petronel22 ($1.93 in chips) 
Seat 6: Mizhina ($2 in chips) 
elysian2000: posts small blind $0.01
Sanixm: posts big blind $0.02
*** HOLE CARDS ***
Dealt to Mahu2021 [Td 5s]
Mahu2021: folds 
petronel22: folds 
Mizhina: folds 
kana400: folds 
elysian2000: folds 
Uncalled bet ($0.01) returned to Sanixm
Sanixm collected $0.02 from pot
Sanixm: doesn't show hand 
*** SUMMARY ***
Total pot $0.02 | Rake $0 
Seat 1: kana400 (button) folded before Flop (didn't bet)
Seat 2: elysian2000 (small blind) folded before Flop
Seat 3: Sanixm (big blind) collected ($0.02)
Seat 4: Mahu2021 folded before Flop (didn't bet)
Seat 5: petronel22 folded before Flop (didn't bet)
Seat 6: Mizhina folded before Flop (didn't bet)



PokerStars Zoom Hand #246868215062:  Hold'em No Limit ($0.01/$0.02) - 2023/11/01 19:43:39 CET [2023/11/01 14:43:39 ET]
Table 'Halley' 6-max Seat #1 is the button
Seat 1: Highlife9009 ($0.87 in chips) 
Seat 2: Mahu2021 ($1.27 in chips) 
Seat 3: gena60 ($2.40 in chips) 
Seat 4: Raynor_88 ($2.11 in chips) 
Seat 5: PozzzitiF ($0.97 in chips) 
Seat 6: Maggickal ($2.01 in chips) 
Mahu2021: posts small blind $0.01
gena60: posts big blind $0.02
*** HOLE CARDS ***
Dealt to Mahu2021 [6s 9s]
Raynor_88: folds 
PozzzitiF: folds 
Maggickal: folds 
Highlife9009: folds 
Mahu2021: folds 
Uncalled bet ($0.01) returned to gena60
gena60 collected $0.02 from pot
gena60: doesn't show hand 
*** SUMMARY ***
Total pot $0.02 | Rake $0 
Seat 1: Highlife9009 (button) folded before Flop (didn't bet)
Seat 2: Mahu2021 (small blind) folded before Flop
Seat 3: gena60 (big blind) collected ($0.02)
Seat 4: Raynor_88 folded before Flop (didn't bet)
Seat 5: PozzzitiF folded before Flop (didn't bet)
Seat 6: Maggickal folded before Flop (didn't bet)



PokerStars Zoom Hand #246868208395:  Hold'em No Limit ($0.01/$0.02) - 2023/11/01 19:43:19 CET [2023/11/01 14:43:19 ET]
Table 'Halley' 6-max Seat #1 is the button
Seat 1: CasHenTy ($2 in chips) 
Seat 2: theviking717 ($2.24 in chips) 
Seat 3: Mahu2021 ($1.29 in chips) 
Seat 4: HardNigth ($2.17 in chips) 
Seat 5: KidneyHoover22 ($1.97 in chips) 
Seat 6: Einherjer91 ($2.12 in chips) 
theviking717: posts small blind $0.01
Mahu2021: posts big blind $0.02
*** HOLE CARDS ***
Dealt to Mahu2021 [9d 4h]
HardNigth: folds 
KidneyHoover22: folds 
Einherjer91: folds 
CasHenTy: raises $0.04 to $0.06
theviking717: calls $0.05
Mahu2021: folds 
*** FLOP *** [Js 4s 4d]
theviking717: checks 
CasHenTy: checks 
*** TURN *** [Js 4s 4d] [Ac]
theviking717: checks 
CasHenTy: bets $0.05
theviking717: folds 
Uncalled bet ($0.05) returned to CasHenTy
CasHenTy collected $0.14 from pot
CasHenTy: doesn't show hand 
*** SUMMARY ***
Total pot $0.14 | Rake $0 
Board [Js 4s 4d Ac]
Seat 1: CasHenTy (button) collected ($0.14)
Seat 2: theviking717 (small blind) folded on the Turn
Seat 3: Mahu2021 (big blind) folded before Flop
Seat 4: HardNigth folded before Flop (didn't bet)
Seat 5: KidneyHoover22 folded before Flop (didn't bet)
Seat 6: Einherjer91 folded before Flop (didn't bet)



PokerStars Zoom Hand #246868212812:  Hold'em No Limit ($0.01/$0.02) - 2023/11/01 19:43:32 CET [2023/11/01 14:43:32 ET]
Table 'Halley' 6-max Seat #1 is the button
Seat 1: Mahu2021 ($1.27 in chips) 
Seat 2: houston_65 ($2 in chips) 
Seat 3: Boleslav69 ($2.19 in chips) 
Seat 4: fierceking86 ($3.32 in chips) 
Seat 5: SerenaW99 ($2.23 in chips) 
Seat 6: ladi59 ($2.39 in chips) 
houston_65: posts small blind $0.01
Boleslav69: posts big blind $0.02
*** HOLE CARDS ***
Dealt to Mahu2021 [8d 4s]
fierceking86: folds 
SerenaW99: folds 
ladi59: calls $0.02
Mahu2021: folds 
houston_65: raises $0.02 to $0.04
Boleslav69: folds 
ladi59: calls $0.02
*** FLOP *** [6d 2c 3h]
houston_65: bets $0.04
ladi59: folds 
Uncalled bet ($0.04) returned to houston_65
houston_65 collected $0.10 from pot
houston_65: doesn't show hand 
*** SUMMARY ***
Total pot $0.10 | Rake $0 
Board [6d 2c 3h]
Seat 1: Mahu2021 (button) folded before Flop (didn't bet)
Seat 2: houston_65 (small blind) collected ($0.10)
Seat 3: Boleslav69 (big blind) folded before Flop
Seat 4: fierceking86 folded before Flop (didn't bet)
Seat 5: SerenaW99 folded before Flop (didn't bet)
Seat 6: ladi59 folded on the Flop



PokerStars Zoom Hand #246868206773:  Hold'em No Limit ($0.01/$0.02) - 2023/11/01 19:43:14 CET [2023/11/01 14:43:14 ET]
Table 'Halley' 6-max Seat #1 is the button
Seat 1: PapaMetaxa ($2.10 in chips) 
Seat 2: IgNachoelAs ($3.05 in chips) 
Seat 3: SHAXTER7777 ($2.29 in chips) 
Seat 4: Nossna ($3.20 in chips) 
Seat 5: Mahu2021 ($1.29 in chips) 
Seat 6: alman_blg ($1.98 in chips) 
IgNachoelAs: posts small blind $0.01
SHAXTER7777: posts big blind $0.02
*** HOLE CARDS ***
Dealt to Mahu2021 [8h 9s]
Nossna: folds 
Mahu2021: folds 
alman_blg: raises $0.03 to $0.05
PapaMetaxa: folds 
IgNachoelAs: calls $0.04
SHAXTER7777: folds 
*** FLOP *** [Ah 3h Jc]
IgNachoelAs: checks 
alman_blg: checks 
*** TURN *** [Ah 3h Jc] [4s]
IgNachoelAs: checks 
alman_blg: checks 
*** RIVER *** [Ah 3h Jc 4s] [Kd]
IgNachoelAs: bets $3 and is all-in
alman_blg: folds 
Uncalled bet ($3) returned to IgNachoelAs
IgNachoelAs collected $0.12 from pot
IgNachoelAs: doesn't show hand 
*** SUMMARY ***
Total pot $0.12 | Rake $0 
Board [Ah 3h Jc 4s Kd]
Seat 1: PapaMetaxa (button) folded before Flop (didn't bet)
Seat 2: IgNachoelAs (small blind) collected ($0.12)
Seat 3: SHAXTER7777 (big blind) folded before Flop
Seat 4: Nossna folded before Flop (didn't bet)
Seat 5: Mahu2021 folded before Flop (didn't bet)
Seat 6: alman_blg folded on the River



PokerStars Zoom Hand #246868216366:  Hold'em No Limit ($0.01/$0.02) - 2023/11/01 19:43:43 CET [2023/11/01 14:43:43 ET]
Table 'Halley' 6-max Seat #1 is the button
Seat 1: obsidian5665 ($2.01 in chips) 
Seat 2: Maggickal ($2.01 in chips) 
Seat 3: Mahu2021 ($1.26 in chips) 
Seat 4: elysian2000 ($2.01 in chips) 
Seat 5: theviking717 ($2.17 in chips) 
Seat 6: olsekpoker ($3.70 in chips) 
Maggickal: posts small blind $0.01
Mahu2021: posts big blind $0.02
*** HOLE CARDS ***
Dealt to Mahu2021 [Ts 6d]
elysian2000: folds 
theviking717: raises $0.03 to $0.05
olsekpoker: folds 
obsidian5665: folds 
Maggickal: calls $0.04
Mahu2021: folds 
*** FLOP *** [Ks 3c Kc]
Maggickal: checks 
theviking717: checks 
*** TURN *** [Ks 3c Kc] [Js]
Maggickal: bets $0.06
theviking717: folds 
Uncalled bet ($0.06) returned to Maggickal
Maggickal collected $0.12 from pot
Maggickal: doesn't show hand 
*** SUMMARY ***
Total pot $0.12 | Rake $0 
Board [Ks 3c Kc Js]
Seat 1: obsidian5665 (button) folded before Flop (didn't bet)
Seat 2: Maggickal (small blind) collected ($0.12)
Seat 3: Mahu2021 (big blind) folded before Flop
Seat 4: elysian2000 folded before Flop (didn't bet)
Seat 5: theviking717 folded on the Turn
Seat 6: olsekpoker folded before Flop (didn't bet)



PokerStars Zoom Hand #246868221046:  Hold'em No Limit ($0.01/$0.02) - 2023/11/01 19:43:57 CET [2023/11/01 14:43:57 ET]
Table 'Halley' 6-max Seat #1 is the button
Seat 1: Martev ($2.11 in chips) 
Seat 2: KidneyHoover22 ($1.98 in chips) 
Seat 3: Cataha3228 ($5.09 in chips) 
Seat 4: Mozovisk123 ($2 in chips) 
Seat 5: 888lifeIS ($2 in chips) 
Seat 6: Mahu2021 ($1.24 in chips) 
KidneyHoover22: posts small blind $0.01
Cataha3228: posts big blind $0.02
*** HOLE CARDS ***
Dealt to Mahu2021 [Tc Jc]
Mozovisk123: raises $0.03 to $0.05
888lifeIS: folds 
Mahu2021: calls $0.05
Martev: folds 
KidneyHoover22: calls $0.04
Cataha3228: calls $0.03
*** FLOP *** [3c 2d Th]
KidneyHoover22: checks 
Cataha3228: bets $0.04
Mozovisk123: calls $0.04
Mahu2021: calls $0.04
KidneyHoover22: calls $0.04
*** TURN *** [3c 2d Th] [4d]
KidneyHoover22: checks 
Cataha3228: bets $0.04
Mozovisk123: calls $0.04
Mahu2021: calls $0.04
KidneyHoover22: folds 
*** RIVER *** [3c 2d Th 4d] [8d]
Cataha3228: bets $0.46
Mozovisk123: folds 
Mahu2021: calls $0.46
*** SHOW DOWN ***
Cataha3228: shows [9d Jd] (a flush, Jack high)
Mahu2021: mucks hand 
Cataha3228 collected $1.35 from pot
*** SUMMARY ***
Total pot $1.40 | Rake $0.05 
Board [3c 2d Th 4d 8d]
Seat 1: Martev (button) folded before Flop (didn't bet)
Seat 2: KidneyHoover22 (small blind) folded on the Turn
Seat 3: Cataha3228 (big blind) showed [9d Jd] and won ($1.35) with a flush, Jack high
Seat 4: Mozovisk123 folded on the River
Seat 5: 888lifeIS folded before Flop (didn't bet)
Seat 6: Mahu2021 mucked [Tc Jc]



PokerStars Zoom Hand #246868219669:  Hold'em No Limit ($0.01/$0.02) - 2023/11/01 19:43:53 CET [2023/11/01 14:43:53 ET]
Table 'Halley' 6-max Seat #1 is the button
Seat 1: ralfe.js ($2.81 in chips) 
Seat 2: danival2 ($2 in chips) 
Seat 3: StepNag ($0.21 in chips) 
Seat 4: Mahu2021 ($1.24 in chips) 
Seat 5: kana400 ($4.24 in chips) 
Seat 6: Mierlur ($2 in chips) 
danival2: posts small blind $0.01
StepNag: posts big blind $0.02
*** HOLE CARDS ***
Dealt to Mahu2021 [Qc 2d]
Mahu2021: folds 
kana400: raises $0.02 to $0.04
Mierlur: raises $0.14 to $0.18
ralfe.js: raises $0.22 to $0.40
danival2: folds 
StepNag: folds 
kana400: folds 
Mierlur: calls $0.22
*** FLOP *** [8d 6h 2c]
Mierlur: checks 
ralfe.js: bets $0.28
Mierlur: raises $0.42 to $0.70
ralfe.js: raises $1.71 to $2.41 and is all-in
Mierlur: folds 
Uncalled bet ($1.71) returned to ralfe.js
ralfe.js collected $2.19 from pot
ralfe.js: doesn't show hand 
*** SUMMARY ***
Total pot $2.27 | Rake $0.08 
Board [8d 6h 2c]
Seat 1: ralfe.js (button) collected ($2.19)
Seat 2: danival2 (small blind) folded before Flop
Seat 3: StepNag (big blind) folded before Flop
Seat 4: Mahu2021 folded before Flop (didn't bet)
Seat 5: kana400 folded before Flop
Seat 6: Mierlur folded on the Flop



PokerStars Zoom Hand #246868234124:  Hold'em No Limit ($0.01/$0.02) - 2023/11/01 19:44:36 CET [2023/11/01 14:44:36 ET]
Table 'Halley' 6-max Seat #1 is the button
Seat 1: BadBeat Bert ($0.91 in chips) 
Seat 2: Mahu2021 ($0.65 in chips) 
Seat 3: Paysii ($1.92 in chips) 
Seat 4: risyk11111 ($1.54 in chips) 
Seat 5: postcomd ($2.20 in chips) 
Seat 6: walisa444 ($2.46 in chips) 
Mahu2021: posts small blind $0.01
Paysii: posts big blind $0.02
*** HOLE CARDS ***
Dealt to Mahu2021 [6s 2c]
risyk11111: folds 
postcomd: folds 
walisa444: folds 
BadBeat Bert: folds 
Mahu2021: folds 
Uncalled bet ($0.01) returned to Paysii
Paysii collected $0.02 from pot
Paysii: doesn't show hand 
*** SUMMARY ***
Total pot $0.02 | Rake $0 
Seat 1: BadBeat Bert (button) folded before Flop (didn't bet)
Seat 2: Mahu2021 (small blind) folded before Flop
Seat 3: Paysii (big blind) collected ($0.02)
Seat 4: risyk11111 folded before Flop (didn't bet)
Seat 5: postcomd folded before Flop (didn't bet)
Seat 6: walisa444 folded before Flop (didn't bet)



PokerStars Zoom Hand #246868237652:  Hold'em No Limit ($0.01/$0.02) - 2023/11/01 19:44:47 CET [2023/11/01 14:44:47 ET]
Table 'Halley' 6-max Seat #1 is the button
Seat 1: darvin1970 ($2.54 in chips) 
Seat 2: 4s4s4s ($5 in chips) 
Seat 3: risyk11111 ($1.54 in chips) 
Seat 4: julimatt ($2.15 in chips) 
Seat 5: Mahu2021 ($0.64 in chips) 
Seat 6: tudorelis ($1.22 in chips) 
4s4s4s: posts small blind $0.01
risyk11111: posts big blind $0.02
*** HOLE CARDS ***
Dealt to Mahu2021 [3c 8s]
julimatt: folds 
Mahu2021: folds 
tudorelis: calls $0.02
darvin1970: folds 
4s4s4s: raises $0.14 to $0.16
risyk11111: folds 
tudorelis: folds 
Uncalled bet ($0.14) returned to 4s4s4s
4s4s4s collected $0.06 from pot
4s4s4s: doesn't show hand 
*** SUMMARY ***
Total pot $0.06 | Rake $0 
Seat 1: darvin1970 (button) folded before Flop (didn't bet)
Seat 2: 4s4s4s (small blind) collected ($0.06)
Seat 3: risyk11111 (big blind) folded before Flop
Seat 4: julimatt folded before Flop (didn't bet)
Seat 5: Mahu2021 folded before Flop (didn't bet)
Seat 6: tudorelis folded before Flop



PokerStars Zoom Hand #246868238964:  Hold'em No Limit ($0.01/$0.02) - 2023/11/01 19:44:51 CET [2023/11/01 14:44:51 ET]
Table 'Halley' 6-max Seat #1 is the button
Seat 1: Mahu2021 ($0.64 in chips) 
Seat 2: ingoscash ($1.40 in chips) 
Seat 3: RafalPaw01 ($1.70 in chips) 
Seat 4: PhoenixPoint ($2 in chips) 
Seat 5: Sevenfold85 ($2.01 in chips) 
Seat 6: SupaVegi ($6.56 in chips) 
ingoscash: posts small blind $0.01
RafalPaw01: posts big blind $0.02
*** HOLE CARDS ***
Dealt to Mahu2021 [5d 4d]
PhoenixPoint: folds 
Sevenfold85: folds 
SupaVegi: raises $0.02 to $0.04
Mahu2021: calls $0.04
ingoscash: folds 
RafalPaw01: folds 
*** FLOP *** [4c Ks 7c]
SupaVegi: bets $0.08
Mahu2021: folds 
Uncalled bet ($0.08) returned to SupaVegi
SupaVegi collected $0.11 from pot
SupaVegi: doesn't show hand 
*** SUMMARY ***
Total pot $0.11 | Rake $0 
Board [4c Ks 7c]
Seat 1: Mahu2021 (button) folded on the Flop
Seat 2: ingoscash (small blind) folded before Flop
Seat 3: RafalPaw01 (big blind) folded before Flop
Seat 4: PhoenixPoint folded before Flop (didn't bet)
Seat 5: Sevenfold85 folded before Flop (didn't bet)
Seat 6: SupaVegi collected ($0.11)



PokerStars Zoom Hand #246868251864:  Hold'em No Limit ($0.01/$0.02) - 2023/11/01 19:45:30 CET [2023/11/01 14:45:30 ET]
Table 'Halley' 6-max Seat #1 is the button
Seat 1: Paya_31 ($3.03 in chips) 
Seat 2: Pechorin.G ($2 in chips) 
Seat 3: Mahu2021 ($0.56 in chips) 
Seat 4: Boleslav69 ($2.07 in chips) 
Seat 5: RafalPaw01 ($1.68 in chips) 
Seat 6: Sevenfold85 ($2 in chips) 
Pechorin.G: posts small blind $0.01
Mahu2021: posts big blind $0.02
*** HOLE CARDS ***
Dealt to Mahu2021 [7s Jd]
Boleslav69: folds 
RafalPaw01: folds 
Sevenfold85: raises $0.04 to $0.06
Paya_31: folds 
Pechorin.G: folds 
Mahu2021: folds 
Uncalled bet ($0.04) returned to Sevenfold85
Sevenfold85 collected $0.05 from pot
Sevenfold85: doesn't show hand 
*** SUMMARY ***
Total pot $0.05 | Rake $0 
Seat 1: Paya_31 (button) folded before Flop (didn't bet)
Seat 2: Pechorin.G (small blind) folded before Flop
Seat 3: Mahu2021 (big blind) folded before Flop
Seat 4: Boleslav69 folded before Flop (didn't bet)
Seat 5: RafalPaw01 folded before Flop (didn't bet)
Seat 6: Sevenfold85 collected ($0.05)



PokerStars Zoom Hand #246868249143:  Hold'em No Limit ($0.01/$0.02) - 2023/11/01 19:45:22 CET [2023/11/01 14:45:22 ET]
Table 'Halley' 6-max Seat #1 is the button
Seat 1: 4s4s4s ($5.05 in chips) 
Seat 2: Hopnaspek ($1.62 in chips) 
Seat 3: hjklfdsa ($5.48 in chips) 
Seat 4: Mahu2021 ($0.60 in chips) 
Seat 5: alde229 ($2 in chips) 
Seat 6: JonTagaryen1 ($2.03 in chips) 
Hopnaspek: posts small blind $0.01
hjklfdsa: posts big blind $0.02
*** HOLE CARDS ***
Dealt to Mahu2021 [8d Kd]
Mahu2021: raises $0.02 to $0.04
alde229: folds 
JonTagaryen1: folds 
4s4s4s: raises $0.12 to $0.16
Hopnaspek: calls $0.15
hjklfdsa: folds 
Mahu2021: folds 
*** FLOP *** [Js 2c Kc]
Hopnaspek: checks 
4s4s4s: checks 
*** TURN *** [Js 2c Kc] [Qs]
Hopnaspek: checks 
4s4s4s: checks 
*** RIVER *** [Js 2c Kc Qs] [8c]
Hopnaspek: bets $0.19
4s4s4s: calls $0.19
*** SHOW DOWN ***
Hopnaspek: shows [8h 8s] (three of a kind, Eights)
4s4s4s: mucks hand 
Hopnaspek collected $0.73 from pot
*** SUMMARY ***
Total pot $0.76 | Rake $0.03 
Board [Js 2c Kc Qs 8c]
Seat 1: 4s4s4s (button) mucked [Jd Ad]
Seat 2: Hopnaspek (small blind) showed [8h 8s] and won ($0.73) with three of a kind, Eights
Seat 3: hjklfdsa (big blind) folded before Flop
Seat 4: Mahu2021 folded before Flop
Seat 5: alde229 folded before Flop (didn't bet)
Seat 6: JonTagaryen1 folded before Flop (didn't bet)



PokerStars Zoom Hand #246868256444:  Hold'em No Limit ($0.01/$0.02) - 2023/11/01 19:45:44 CET [2023/11/01 14:45:44 ET]
Table 'Halley' 6-max Seat #1 is the button
Seat 1: 0cipsev0 ($2.36 in chips) 
Seat 2: umavozdeliberda ($1.92 in chips) 
Seat 3: durber ($2.17 in chips) 
Seat 4: CréééW!!! ($1.72 in chips) 
Seat 5: MattyHopey ($8.16 in chips) 
Seat 6: Mahu2021 ($0.54 in chips) 
umavozdeliberda: posts small blind $0.01
durber: posts big blind $0.02
*** HOLE CARDS ***
Dealt to Mahu2021 [Tc Jh]
CréééW!!!: raises $0.04 to $0.06
MattyHopey: folds 
Mahu2021: folds 
0cipsev0: folds 
umavozdeliberda: folds 
durber: folds 
Uncalled bet ($0.04) returned to CréééW!!!
CréééW!!! collected $0.05 from pot
CréééW!!!: doesn't show hand 
*** SUMMARY ***
Total pot $0.05 | Rake $0 
Seat 1: 0cipsev0 (button) folded before Flop (didn't bet)
Seat 2: umavozdeliberda (small blind) folded before Flop
Seat 3: durber (big blind) folded before Flop
Seat 4: CréééW!!! collected ($0.05)
Seat 5: MattyHopey folded before Flop (didn't bet)
Seat 6: Mahu2021 folded before Flop (didn't bet)



PokerStars Zoom Hand #246868259282:  Hold'em No Limit ($0.01/$0.02) - 2023/11/01 19:45:53 CET [2023/11/01 14:45:53 ET]
Table 'Halley' 6-max Seat #1 is the button
Seat 1: Nikolouli ($2.06 in chips) 
Seat 2: Ivanderfull ($2.31 in chips) 
Seat 3: zoran445 ($0.76 in chips) 
Seat 4: Kukish98 ($2.11 in chips) 
Seat 5: Mahu2021 ($0.54 in chips) 
Seat 6: HooliganBasher ($2.06 in chips) 
Ivanderfull: posts small blind $0.01
zoran445: posts big blind $0.02
*** HOLE CARDS ***
Dealt to Mahu2021 [Kc 3d]
Kukish98: folds 
Mahu2021: folds 
HooliganBasher: folds 
Nikolouli: folds 
Ivanderfull: raises $0.04 to $0.06
zoran445: raises $0.70 to $0.76 and is all-in
Ivanderfull: folds 
Uncalled bet ($0.70) returned to zoran445
zoran445 collected $0.12 from pot
zoran445: doesn't show hand 
*** SUMMARY ***
Total pot $0.12 | Rake $0 
Seat 1: Nikolouli (button) folded before Flop (didn't bet)
Seat 2: Ivanderfull (small blind) folded before Flop
Seat 3: zoran445 (big blind) collected ($0.12)
Seat 4: Kukish98 folded before Flop (didn't bet)
Seat 5: Mahu2021 folded before Flop (didn't bet)
Seat 6: HooliganBasher folded before Flop (didn't bet)



PokerStars Zoom Hand #246868261719:  Hold'em No Limit ($0.01/$0.02) - 2023/11/01 19:46:00 CET [2023/11/01 14:46:00 ET]
Table 'Halley' 6-max Seat #1 is the button
Seat 1: PozzzitiF ($0.85 in chips) 
Seat 2: praznina ($4.23 in chips) 
Seat 3: Henrysport ($2.43 in chips) 
Seat 4: maierm ($4.06 in chips) 
Seat 5: Mahu2021 ($0.54 in chips) 
Seat 6: MrRooob9899 ($2.10 in chips) 
praznina: posts small blind $0.01
Henrysport: posts big blind $0.02
*** HOLE CARDS ***
Dealt to Mahu2021 [8c 7c]
maierm: folds 
Mahu2021: raises $0.02 to $0.04
MrRooob9899: calls $0.04
PozzzitiF: folds 
praznina: folds 
Henrysport: folds 
*** FLOP *** [Ts Ks Qh]
Mahu2021: checks 
MrRooob9899: bets $0.06
Mahu2021: folds 
Uncalled bet ($0.06) returned to MrRooob9899
MrRooob9899 collected $0.11 from pot
MrRooob9899: doesn't show hand 
*** SUMMARY ***
Total pot $0.11 | Rake $0 
Board [Ts Ks Qh]
Seat 1: PozzzitiF (button) folded before Flop (didn't bet)
Seat 2: praznina (small blind) folded before Flop
Seat 3: Henrysport (big blind) folded before Flop
Seat 4: maierm folded before Flop (didn't bet)
Seat 5: Mahu2021 folded on the Flop
Seat 6: MrRooob9899 collected ($0.11)



PokerStars Zoom Hand #246868260352:  Hold'em No Limit ($0.01/$0.02) - 2023/11/01 19:45:56 CET [2023/11/01 14:45:56 ET]
Table 'Halley' 6-max Seat #1 is the button
Seat 1: Mahu2021 ($0.54 in chips) 
Seat 2: Highlife9009 ($1.02 in chips) 
Seat 3: Paya_31 ($1.89 in chips) 
Seat 4: I.L.Stefan ($8.34 in chips) 
Seat 5: FrancoGaston74 ($6.55 in chips) 
Seat 6: Mozovisk123 ($3.79 in chips) 
Highlife9009: posts small blind $0.01
Paya_31: posts big blind $0.02
*** HOLE CARDS ***
Dealt to Mahu2021 [9d Ts]
I.L.Stefan: raises $0.03 to $0.05
FrancoGaston74 has timed out
FrancoGaston74: folds 
Mozovisk123: folds 
Mahu2021: folds 
Highlife9009: folds 
Paya_31: folds 
Uncalled bet ($0.03) returned to I.L.Stefan
I.L.Stefan collected $0.05 from pot
I.L.Stefan: doesn't show hand 
*** SUMMARY ***
Total pot $0.05 | Rake $0 
Seat 1: Mahu2021 (button) folded before Flop (didn't bet)
Seat 2: Highlife9009 (small blind) folded before Flop
Seat 3: Paya_31 (big blind) folded before Flop
Seat 4: I.L.Stefan collected ($0.05)
Seat 5: FrancoGaston74 folded before Flop (didn't bet)
Seat 6: Mozovisk123 folded before Flop (didn't bet)



PokerStars Zoom Hand #246868266653:  Hold'em No Limit ($0.01/$0.02) - 2023/11/01 19:46:15 CET [2023/11/01 14:46:15 ET]
Table 'Halley' 6-max Seat #1 is the button
Seat 1: DjTrident ($1.59 in chips) 
Seat 2: HooliganBasher ($2.48 in chips) 
Seat 3: Mahu2021 ($0.50 in chips) 
Seat 4: darvin1970 ($0.38 in chips) 
Seat 5: gkamvysis95 ($2.03 in chips) 
Seat 6: bel_2302 ($4.12 in chips) 
HooliganBasher: posts small blind $0.01
Mahu2021: posts big blind $0.02
*** HOLE CARDS ***
Dealt to Mahu2021 [Jd 2s]
darvin1970: folds 
gkamvysis95: folds 
bel_2302: folds 
DjTrident: raises $0.04 to $0.06
HooliganBasher: raises $2.42 to $2.48 and is all-in
Mahu2021: folds 
DjTrident: folds 
Uncalled bet ($2.42) returned to HooliganBasher
HooliganBasher collected $0.14 from pot
HooliganBasher: doesn't show hand 
*** SUMMARY ***
Total pot $0.14 | Rake $0 
Seat 1: DjTrident (button) folded before Flop
Seat 2: HooliganBasher (small blind) collected ($0.14)
Seat 3: Mahu2021 (big blind) folded before Flop
Seat 4: darvin1970 folded before Flop (didn't bet)
Seat 5: gkamvysis95 folded before Flop (didn't bet)
Seat 6: bel_2302 folded before Flop (didn't bet)



PokerStars Zoom Hand #246868270280:  Hold'em No Limit ($0.01/$0.02) - 2023/11/01 19:46:26 CET [2023/11/01 14:46:26 ET]
Table 'Halley' 6-max Seat #1 is the button
Seat 1: alman_blg ($2.21 in chips) 
Seat 2: Mahu2021 ($0.48 in chips) 
Seat 3: silvane55 ($1 in chips) 
Seat 4: Hopnaspek ($1.94 in chips) 
Seat 5: k1214 ($2.01 in chips) 
Seat 6: MrRooob9899 ($2.82 in chips) 
Mahu2021: posts small blind $0.01
silvane55: posts big blind $0.02
*** HOLE CARDS ***
Dealt to Mahu2021 [6h 2s]
Hopnaspek: raises $0.04 to $0.06
k1214: folds 
MrRooob9899: folds 
alman_blg: folds 
Mahu2021: folds 
silvane55: folds 
Uncalled bet ($0.04) returned to Hopnaspek
Hopnaspek collected $0.05 from pot
Hopnaspek: doesn't show hand 
*** SUMMARY ***
Total pot $0.05 | Rake $0 
Seat 1: alman_blg (button) folded before Flop (didn't bet)
Seat 2: Mahu2021 (small blind) folded before Flop
Seat 3: silvane55 (big blind) folded before Flop
Seat 4: Hopnaspek collected ($0.05)
Seat 5: k1214 folded before Flop (didn't bet)
Seat 6: MrRooob9899 folded before Flop (didn't bet)



PokerStars Zoom Hand #246868271591:  Hold'em No Limit ($0.01/$0.02) - 2023/11/01 19:46:30 CET [2023/11/01 14:46:30 ET]
Table 'Halley' 6-max Seat #1 is the button
Seat 1: Nonamae254 ($2.14 in chips) 
Seat 2: HooliganBasher ($2.92 in chips) 
Seat 3: tudorelis ($1.28 in chips) 
Seat 4: RafalPaw01 ($1.13 in chips) 
Seat 5: sebano2 ($2.46 in chips) 
Seat 6: Mahu2021 ($0.47 in chips) 
HooliganBasher: posts small blind $0.01
tudorelis: posts big blind $0.02
*** HOLE CARDS ***
Dealt to Mahu2021 [As 2s]
RafalPaw01: folds 
sebano2: folds 
Mahu2021: raises $0.02 to $0.04
Nonamae254: folds 
HooliganBasher: folds 
tudorelis: folds 
Uncalled bet ($0.02) returned to Mahu2021
Mahu2021 collected $0.05 from pot
Mahu2021: doesn't show hand 
*** SUMMARY ***
Total pot $0.05 | Rake $0 
Seat 1: Nonamae254 (button) folded before Flop (didn't bet)
Seat 2: HooliganBasher (small blind) folded before Flop
Seat 3: tudorelis (big blind) folded before Flop
Seat 4: RafalPaw01 folded before Flop (didn't bet)
Seat 5: sebano2 folded before Flop (didn't bet)
Seat 6: Mahu2021 collected ($0.05)



PokerStars Zoom Hand #246868275507:  Hold'em No Limit ($0.01/$0.02) - 2023/11/01 19:46:42 CET [2023/11/01 14:46:42 ET]
Table 'Halley' 6-max Seat #1 is the button
Seat 1: Mahu2021 ($0.50 in chips) 
Seat 2: petronel22 ($1.47 in chips) 
Seat 3: PozzzitiF ($0.93 in chips) 
Seat 4: DjTrident ($1.53 in chips) 
Seat 5: Hachirama ($4.45 in chips) 
Seat 6: Paysii ($1.89 in chips) 
petronel22: posts small blind $0.01
PozzzitiF: posts big blind $0.02
*** HOLE CARDS ***
Dealt to Mahu2021 [Qh Qs]
DjTrident: folds 
Hachirama: folds 
Paysii: folds 
Mahu2021: raises $0.04 to $0.06
petronel22: folds 
PozzzitiF: folds 
Uncalled bet ($0.04) returned to Mahu2021
Mahu2021 collected $0.05 from pot
Mahu2021: doesn't show hand 
*** SUMMARY ***
Total pot $0.05 | Rake $0 
Seat 1: Mahu2021 (button) collected ($0.05)
Seat 2: petronel22 (small blind) folded before Flop
Seat 3: PozzzitiF (big blind) folded before Flop
Seat 4: DjTrident folded before Flop (didn't bet)
Seat 5: Hachirama folded before Flop (didn't bet)
Seat 6: Paysii folded before Flop (didn't bet)



PokerStars Zoom Hand #246868283941:  Hold'em No Limit ($0.01/$0.02) - 2023/11/01 19:47:07 CET [2023/11/01 14:47:07 ET]
Table 'Halley' 6-max Seat #1 is the button
Seat 1: Animal King PK ($5.22 in chips) 
Seat 2: PozzzitiF ($1.87 in chips) 
Seat 3: Mahu2021 ($0.52 in chips) 
Seat 4: bel_2302 ($2.21 in chips) 
Seat 5: BlackStack94 ($4.82 in chips) 
Seat 6: sebano2 ($2.01 in chips) 
PozzzitiF: posts small blind $0.01
Mahu2021: posts big blind $0.02
*** HOLE CARDS ***
Dealt to Mahu2021 [7s Qd]
bel_2302: folds 
BlackStack94: folds 
sebano2: folds 
Animal King PK: raises $0.04 to $0.06
PozzzitiF: folds 
Mahu2021: folds 
Uncalled bet ($0.04) returned to Animal King PK
Animal King PK collected $0.05 from pot
Animal King PK: doesn't show hand 
*** SUMMARY ***
Total pot $0.05 | Rake $0 
Seat 1: Animal King PK (button) collected ($0.05)
Seat 2: PozzzitiF (small blind) folded before Flop
Seat 3: Mahu2021 (big blind) folded before Flop
Seat 4: bel_2302 folded before Flop (didn't bet)
Seat 5: BlackStack94 folded before Flop (didn't bet)
Seat 6: sebano2 folded before Flop (didn't bet)



PokerStars Zoom Hand #246868291057:  Hold'em No Limit ($0.01/$0.02) - 2023/11/01 19:47:29 CET [2023/11/01 14:47:29 ET]
Table 'Halley' 6-max Seat #1 is the button
Seat 1: Mahu2021 ($0.49 in chips) 
Seat 2: E-Saver ($2.26 in chips) 
Seat 3: JonTagaryen1 ($16.02 in chips) 
Seat 4: hpmoreno ($2.76 in chips) 
Seat 5: ingoscash ($1.33 in chips) 
Seat 6: Bettowinpro ($0.58 in chips) 
E-Saver: posts small blind $0.01
JonTagaryen1: posts big blind $0.02
*** HOLE CARDS ***
Dealt to Mahu2021 [3h Kh]
hpmoreno: folds 
ingoscash: folds 
Bettowinpro: folds 
Mahu2021: raises $0.02 to $0.04
E-Saver: folds 
JonTagaryen1: folds 
Uncalled bet ($0.02) returned to Mahu2021
Mahu2021 collected $0.05 from pot
Mahu2021: doesn't show hand 
*** SUMMARY ***
Total pot $0.05 | Rake $0 
Seat 1: Mahu2021 (button) collected ($0.05)
Seat 2: E-Saver (small blind) folded before Flop
Seat 3: JonTagaryen1 (big blind) folded before Flop
Seat 4: hpmoreno folded before Flop (didn't bet)
Seat 5: ingoscash folded before Flop (didn't bet)
Seat 6: Bettowinpro folded before Flop (didn't bet)



PokerStars Zoom Hand #246868288219:  Hold'em No Limit ($0.01/$0.02) - 2023/11/01 19:47:20 CET [2023/11/01 14:47:20 ET]
Table 'Halley' 6-max Seat #1 is the button
Seat 1: 888lifeIS ($2.01 in chips) 
Seat 2: Mizhina ($2.12 in chips) 
Seat 3: Boleslav69 ($2 in chips) 
Seat 4: hjklfdsa ($5.36 in chips) 
Seat 5: leedsrounder ($2.04 in chips) 
Seat 6: Mahu2021 ($0.50 in chips) 
Mizhina: posts small blind $0.01
Boleslav69: posts big blind $0.02
*** HOLE CARDS ***
Dealt to Mahu2021 [3d 2s]
hjklfdsa: folds 
leedsrounder: folds 
Mahu2021: folds 
888lifeIS: folds 
Mizhina: raises $0.04 to $0.06
Boleslav69: folds 
Uncalled bet ($0.04) returned to Mizhina
Mizhina collected $0.04 from pot
Mizhina: doesn't show hand 
*** SUMMARY ***
Total pot $0.04 | Rake $0 
Seat 1: 888lifeIS (button) folded before Flop (didn't bet)
Seat 2: Mizhina (small blind) collected ($0.04)
Seat 3: Boleslav69 (big blind) folded before Flop
Seat 4: hjklfdsa folded before Flop (didn't bet)
Seat 5: leedsrounder folded before Flop (didn't bet)
Seat 6: Mahu2021 folded before Flop (didn't bet)



PokerStars Zoom Hand #246868287224:  Hold'em No Limit ($0.01/$0.02) - 2023/11/01 19:47:17 CET [2023/11/01 14:47:17 ET]
Table 'Halley' 6-max Seat #1 is the button
Seat 1: PhoenixPoint ($2.74 in chips) 
Seat 2: bergdarter ($6.26 in chips) 
Seat 3: gepard35 ($2 in chips) 
Seat 4: Mierlur ($2 in chips) 
Seat 5: Mahu2021 ($0.50 in chips) 
Seat 6: StepNag ($2.65 in chips) 
bergdarter: posts small blind $0.01
gepard35: posts big blind $0.02
*** HOLE CARDS ***
Dealt to Mahu2021 [7d Td]
Mierlur: folds 
Mahu2021: folds 
StepNag: folds 
PhoenixPoint: folds 
bergdarter: calls $0.01
gepard35: checks 
*** FLOP *** [2c 6c 9h]
bergdarter: checks 
gepard35: checks 
*** TURN *** [2c 6c 9h] [9d]
bergdarter: checks 
gepard35: bets $0.03
bergdarter: folds 
Uncalled bet ($0.03) returned to gepard35
gepard35 collected $0.04 from pot
gepard35: doesn't show hand 
*** SUMMARY ***
Total pot $0.04 | Rake $0 
Board [2c 6c 9h 9d]
Seat 1: PhoenixPoint (button) folded before Flop (didn't bet)
Seat 2: bergdarter (small blind) folded on the Turn
Seat 3: gepard35 (big blind) collected ($0.04)
Seat 4: Mierlur folded before Flop (didn't bet)
Seat 5: Mahu2021 folded before Flop (didn't bet)
Seat 6: StepNag folded before Flop (didn't bet)



PokerStars Zoom Hand #246868282222:  Hold'em No Limit ($0.01/$0.02) - 2023/11/01 19:47:02 CET [2023/11/01 14:47:02 ET]
Table 'Halley' 6-max Seat #1 is the button
Seat 1: Bubuica ($4.68 in chips) 
Seat 2: MrRooob9899 ($2.17 in chips) 
Seat 3: vomhof.F ($2.34 in chips) 
Seat 4: Draconiel ($2.10 in chips) 
Seat 5: Hachirama ($4.44 in chips) 
Seat 6: Mahu2021 ($0.52 in chips) 
MrRooob9899: posts small blind $0.01
vomhof.F: posts big blind $0.02
*** HOLE CARDS ***
Dealt to Mahu2021 [9h 8c]
Draconiel: folds 
Hachirama: folds 
Mahu2021: folds 
Bubuica: raises $0.02 to $0.04
MrRooob9899: calls $0.03
vomhof.F: calls $0.02
*** FLOP *** [8h 9d Qh]
MrRooob9899: checks 
vomhof.F: checks 
Bubuica: bets $0.06
MrRooob9899: folds 
vomhof.F: folds 
Uncalled bet ($0.06) returned to Bubuica
Bubuica collected $0.12 from pot
Bubuica: doesn't show hand 
*** SUMMARY ***
Total pot $0.12 | Rake $0 
Board [8h 9d Qh]
Seat 1: Bubuica (button) collected ($0.12)
Seat 2: MrRooob9899 (small blind) folded on the Flop
Seat 3: vomhof.F (big blind) folded on the Flop
Seat 4: Draconiel folded before Flop (didn't bet)
Seat 5: Hachirama folded before Flop (didn't bet)
Seat 6: Mahu2021 folded before Flop (didn't bet)



PokerStars Zoom Hand #246868279553:  Hold'em No Limit ($0.01/$0.02) - 2023/11/01 19:46:54 CET [2023/11/01 14:46:54 ET]
Table 'Halley' 6-max Seat #1 is the button
Seat 1: Rodszter ($1.80 in chips) 
Seat 2: Mahu2021 ($0.53 in chips) 
Seat 3: viejoloco87 ($3.99 in chips) 
Seat 4: umavozdeliberda ($1.97 in chips) 
Seat 5: bel_2302 ($4.09 in chips) 
Seat 6: pokerishark ($2.25 in chips) 
Mahu2021: posts small blind $0.01
viejoloco87: posts big blind $0.02
*** HOLE CARDS ***
Dealt to Mahu2021 [8h 3s]
umavozdeliberda: raises $0.02 to $0.04
bel_2302: folds 
pokerishark: folds 
Rodszter: folds 
Mahu2021: folds 
viejoloco87: calls $0.02
*** FLOP *** [5d 2c 7d]
viejoloco87: checks 
umavozdeliberda: checks 
*** TURN *** [5d 2c 7d] [Qs]
viejoloco87: checks 
umavozdeliberda: bets $0.14
viejoloco87: folds 
Uncalled bet ($0.14) returned to umavozdeliberda
umavozdeliberda collected $0.09 from pot
umavozdeliberda: doesn't show hand 
*** SUMMARY ***
Total pot $0.09 | Rake $0 
Board [5d 2c 7d Qs]
Seat 1: Rodszter (button) folded before Flop (didn't bet)
Seat 2: Mahu2021 (small blind) folded before Flop
Seat 3: viejoloco87 (big blind) folded on the Turn
Seat 4: umavozdeliberda collected ($0.09)
Seat 5: bel_2302 folded before Flop (didn't bet)
Seat 6: pokerishark folded before Flop (didn't bet)



PokerStars Zoom Hand #246868289742:  Hold'em No Limit ($0.01/$0.02) - 2023/11/01 19:47:25 CET [2023/11/01 14:47:25 ET]
Table 'Halley' 6-max Seat #1 is the button
Seat 1: SupaVegi ($2.67 in chips) 
Seat 2: Mahu2021 ($0.50 in chips) 
Seat 3: danival2 ($2.50 in chips) 
Seat 4: Underedog ($1.41 in chips) 
Seat 5: Paya_31 ($1.98 in chips) 
Seat 6: s0c0l0fii ($1.01 in chips) 
Mahu2021: posts small blind $0.01
danival2: posts big blind $0.02
*** HOLE CARDS ***
Dealt to Mahu2021 [5s Kh]
Underedog: folds 
Paya_31: folds 
s0c0l0fii: raises $0.04 to $0.06
SupaVegi: raises $0.15 to $0.21
Mahu2021: folds 
danival2: folds 
s0c0l0fii: calls $0.15
*** FLOP *** [Kc Ts 9s]
s0c0l0fii: checks 
SupaVegi: checks 
*** TURN *** [Kc Ts 9s] [4h]
s0c0l0fii: bets $0.17
SupaVegi: calls $0.17
*** RIVER *** [Kc Ts 9s 4h] [2h]
s0c0l0fii: bets $0.30
SupaVegi: folds 
Uncalled bet ($0.30) returned to s0c0l0fii
s0c0l0fii collected $0.76 from pot
s0c0l0fii: doesn't show hand 
*** SUMMARY ***
Total pot $0.79 | Rake $0.03 
Board [Kc Ts 9s 4h 2h]
Seat 1: SupaVegi (button) folded on the River
Seat 2: Mahu2021 (small blind) folded before Flop
Seat 3: danival2 (big blind) folded before Flop
Seat 4: Underedog folded before Flop (didn't bet)
Seat 5: Paya_31 folded before Flop (didn't bet)
Seat 6: s0c0l0fii collected ($0.76)



PokerStars Zoom Hand #246868294972:  Hold'em No Limit ($0.01/$0.02) - 2023/11/01 19:47:41 CET [2023/11/01 14:47:41 ET]
Table 'Halley' 6-max Seat #1 is the button
Seat 1: BlackStack94 ($4.35 in chips) 
Seat 2: 0cipsev0 ($2.22 in chips) 
Seat 3: Mahu2021 ($0.52 in chips) 
Seat 4: SerenaW99 ($2.17 in chips) 
Seat 5: Pepe_7C7 ($2.95 in chips) 
Seat 6: pokerdiddy999 ($0.51 in chips) 
0cipsev0: posts small blind $0.01
Mahu2021: posts big blind $0.02
*** HOLE CARDS ***
Dealt to Mahu2021 [8s 6s]
SerenaW99: raises $0.03 to $0.05
Pepe_7C7: folds 
pokerdiddy999: calls $0.05
BlackStack94: folds 
0cipsev0: folds 
Mahu2021: calls $0.03
*** FLOP *** [2s Td 7d]
Mahu2021: checks 
SerenaW99: checks 
pokerdiddy999: checks 
*** TURN *** [2s Td 7d] [8c]
Mahu2021: checks 
SerenaW99: bets $0.05
pokerdiddy999: folds 
Mahu2021: calls $0.05
*** RIVER *** [2s Td 7d 8c] [5c]
Mahu2021: checks 
SerenaW99: checks 
*** SHOW DOWN ***
Mahu2021: shows [8s 6s] (a pair of Eights)
SerenaW99: mucks hand 
Mahu2021 collected $0.25 from pot
*** SUMMARY ***
Total pot $0.26 | Rake $0.01 
Board [2s Td 7d 8c 5c]
Seat 1: BlackStack94 (button) folded before Flop (didn't bet)
Seat 2: 0cipsev0 (small blind) folded before Flop
Seat 3: Mahu2021 (big blind) showed [8s 6s] and won ($0.25) with a pair of Eights
Seat 4: SerenaW99 mucked [Qs Jh]
Seat 5: Pepe_7C7 folded before Flop (didn't bet)
Seat 6: pokerdiddy999 folded on the Turn



PokerStars Zoom Hand #246868280878:  Hold'em No Limit ($0.01/$0.02) - 2023/11/01 19:46:58 CET [2023/11/01 14:46:58 ET]
Table 'Halley' 6-max Seat #1 is the button
Seat 1: Mizhina ($2 in chips) 
Seat 2: koelle09 ($2.06 in chips) 
Seat 3: Pechorin.G ($2.05 in chips) 
Seat 4: Mahu2021 ($0.52 in chips) 
Seat 5: davor987 ($3.04 in chips) 
Seat 6: Nonamae254 ($2.55 in chips) 
koelle09: posts small blind $0.01
Pechorin.G: posts big blind $0.02
*** HOLE CARDS ***
Dealt to Mahu2021 [2h 4h]
Mahu2021: folds 
davor987: folds 
Nonamae254: raises $0.03 to $0.05
Mizhina: folds 
koelle09: folds 
Pechorin.G: calls $0.03
*** FLOP *** [As 3d Jc]
Pechorin.G: checks 
Nonamae254: checks 
*** TURN *** [As 3d Jc] [7h]
Pechorin.G: bets $0.08
Nonamae254: calls $0.08
*** RIVER *** [As 3d Jc 7h] [9c]
Pechorin.G: bets $0.33
Nonamae254: calls $0.33
*** SHOW DOWN ***
Pechorin.G: shows [8c 7c] (a pair of Sevens)
Nonamae254: shows [Ac 8h] (a pair of Aces)
Nonamae254 collected $0.90 from pot
*** SUMMARY ***
Total pot $0.93 | Rake $0.03 
Board [As 3d Jc 7h 9c]
Seat 1: Mizhina (button) folded before Flop (didn't bet)
Seat 2: koelle09 (small blind) folded before Flop
Seat 3: Pechorin.G (big blind) showed [8c 7c] and lost with a pair of Sevens
Seat 4: Mahu2021 folded before Flop (didn't bet)
Seat 5: davor987 folded before Flop (didn't bet)
Seat 6: Nonamae254 showed [Ac 8h] and won ($0.90) with a pair of Aces



PokerStars Zoom Hand #246868309610:  Hold'em No Limit ($0.01/$0.02) - 2023/11/01 19:48:25 CET [2023/11/01 14:48:25 ET]
Table 'Halley' 6-max Seat #1 is the button
Seat 1: VBH1808 ($2.23 in chips) 
Seat 2: HooliganBasher ($3.18 in chips) 
Seat 3: Samcologne2285 ($1.87 in chips) 
Seat 4: Mahu2021 ($0.67 in chips) 
Seat 5: Kukish98 ($2 in chips) 
Seat 6: JonTagaryen1 ($15.99 in chips) 
HooliganBasher: posts small blind $0.01
Samcologne2285: posts big blind $0.02
*** HOLE CARDS ***
Dealt to Mahu2021 [4h 3h]
Mahu2021: folds 
Kukish98: folds 
JonTagaryen1: folds 
VBH1808: folds 
HooliganBasher: folds 
Uncalled bet ($0.01) returned to Samcologne2285
Samcologne2285 collected $0.02 from pot
Samcologne2285: doesn't show hand 
*** SUMMARY ***
Total pot $0.02 | Rake $0 
Seat 1: VBH1808 (button) folded before Flop (didn't bet)
Seat 2: HooliganBasher (small blind) folded before Flop
Seat 3: Samcologne2285 (big blind) collected ($0.02)
Seat 4: Mahu2021 folded before Flop (didn't bet)
Seat 5: Kukish98 folded before Flop (didn't bet)
Seat 6: JonTagaryen1 folded before Flop (didn't bet)



PokerStars Zoom Hand #246868312270:  Hold'em No Limit ($0.01/$0.02) - 2023/11/01 19:48:33 CET [2023/11/01 14:48:33 ET]
Table 'Halley' 6-max Seat #1 is the button
Seat 1: slurpis ($2 in chips) 
Seat 2: bel_2302 ($2.24 in chips) 
Seat 3: theviking717 ($2.14 in chips) 
Seat 4: MasterVBM ($1.88 in chips) 
Seat 5: Mahu2021 ($0.67 in chips) 
Seat 6: Prowojeto ($2.17 in chips) 
bel_2302: posts small blind $0.01
theviking717: posts big blind $0.02
*** HOLE CARDS ***
Dealt to Mahu2021 [4c 7h]
MasterVBM: folds 
Mahu2021: folds 
Prowojeto: folds 
slurpis: folds 
bel_2302: folds 
Uncalled bet ($0.01) returned to theviking717
theviking717 collected $0.02 from pot
theviking717: doesn't show hand 
*** SUMMARY ***
Total pot $0.02 | Rake $0 
Seat 1: slurpis (button) folded before Flop (didn't bet)
Seat 2: bel_2302 (small blind) folded before Flop
Seat 3: theviking717 (big blind) collected ($0.02)
Seat 4: MasterVBM folded before Flop (didn't bet)
Seat 5: Mahu2021 folded before Flop (didn't bet)
Seat 6: Prowojeto folded before Flop (didn't bet)



PokerStars Zoom Hand #246868310919:  Hold'em No Limit ($0.01/$0.02) - 2023/11/01 19:48:29 CET [2023/11/01 14:48:29 ET]
Table 'Halley' 6-max Seat #1 is the button
Seat 1: darvin1970 ($2.48 in chips) 
Seat 2: BvKraemer ($4.40 in chips) 
Seat 3: sebano2 ($2.44 in chips) 
Seat 4: Mahu2021 ($0.67 in chips) 
Seat 5: JonTagaryen1 ($15.99 in chips) 
Seat 6: bel_2302 ($3.97 in chips) 
BvKraemer: posts small blind $0.01
sebano2: posts big blind $0.02
*** HOLE CARDS ***
Dealt to Mahu2021 [4c Jd]
Mahu2021: folds 
JonTagaryen1: folds 
bel_2302: raises $0.03 to $0.05
darvin1970: folds 
BvKraemer: folds 
sebano2: folds 
Uncalled bet ($0.03) returned to bel_2302
bel_2302 collected $0.05 from pot
bel_2302: doesn't show hand 
*** SUMMARY ***
Total pot $0.05 | Rake $0 
Seat 1: darvin1970 (button) folded before Flop (didn't bet)
Seat 2: BvKraemer (small blind) folded before Flop
Seat 3: sebano2 (big blind) folded before Flop
Seat 4: Mahu2021 folded before Flop (didn't bet)
Seat 5: JonTagaryen1 folded before Flop (didn't bet)
Seat 6: bel_2302 collected ($0.05)



PokerStars Zoom Hand #246868313626:  Hold'em No Limit ($0.01/$0.02) - 2023/11/01 19:48:37 CET [2023/11/01 14:48:37 ET]
Table 'Halley' 6-max Seat #1 is the button
Seat 1: Mahu2021 ($0.67 in chips) 
Seat 2: PhoenixPoint ($2.27 in chips) 
Seat 3: Azart503 ($3.93 in chips) 
Seat 4: VBH1808 ($2.02 in chips) 
Seat 5: ruduooo ($1.88 in chips) 
Seat 6: Raynor_88 ($2 in chips) 
PhoenixPoint: posts small blind $0.01
Azart503: posts big blind $0.02
*** HOLE CARDS ***
Dealt to Mahu2021 [Th 6s]
VBH1808: folds 
ruduooo: folds 
Raynor_88: folds 
Mahu2021: folds 
PhoenixPoint: folds 
Uncalled bet ($0.01) returned to Azart503
Azart503 collected $0.02 from pot
Azart503: doesn't show hand 
*** SUMMARY ***
Total pot $0.02 | Rake $0 
Seat 1: Mahu2021 (button) folded before Flop (didn't bet)
Seat 2: PhoenixPoint (small blind) folded before Flop
Seat 3: Azart503 (big blind) collected ($0.02)
Seat 4: VBH1808 folded before Flop (didn't bet)
Seat 5: ruduooo folded before Flop (didn't bet)
Seat 6: Raynor_88 folded before Flop (didn't bet)



PokerStars Zoom Hand #246868314966:  Hold'em No Limit ($0.01/$0.02) - 2023/11/01 19:48:41 CET [2023/11/01 14:48:41 ET]
Table 'Halley' 6-max Seat #1 is the button
Seat 1: VBH1808 ($2.02 in chips) 
Seat 2: krekalex ($1.74 in chips) 
Seat 3: Mahu2021 ($0.67 in chips) 
Seat 4: Mizhina ($2.08 in chips) 
Seat 5: Dmigri ($3.05 in chips) 
Seat 6: Fernarod ($1.08 in chips) 
krekalex: posts small blind $0.01
Mahu2021: posts big blind $0.02
*** HOLE CARDS ***
Dealt to Mahu2021 [2h 4c]
Mizhina: folds 
Dmigri: folds 
Fernarod: folds 
VBH1808: folds 
krekalex: folds 
Uncalled bet ($0.01) returned to Mahu2021
Mahu2021 collected $0.02 from pot
Mahu2021: doesn't show hand 
*** SUMMARY ***
Total pot $0.02 | Rake $0 
Seat 1: VBH1808 (button) folded before Flop (didn't bet)
Seat 2: krekalex (small blind) folded before Flop
Seat 3: Mahu2021 (big blind) collected ($0.02)
Seat 4: Mizhina folded before Flop (didn't bet)
Seat 5: Dmigri folded before Flop (didn't bet)
Seat 6: Fernarod folded before Flop (didn't bet)



PokerStars Zoom Hand #246868319906:  Hold'em No Limit ($0.01/$0.02) - 2023/11/01 19:48:56 CET [2023/11/01 14:48:56 ET]
Table 'Halley' 6-max Seat #1 is the button
Seat 1: Nossna ($3.23 in chips) 
Seat 2: Mahu2021 ($0.68 in chips) 
Seat 3: Nonamae254 ($2.14 in chips) 
Seat 4: Stahlbadkinder ($0.90 in chips) 
Seat 5: SigurjonG ($1.98 in chips) 
Seat 6: Sevenfold85 ($2.18 in chips) 
Mahu2021: posts small blind $0.01
Nonamae254: posts big blind $0.02
*** HOLE CARDS ***
Dealt to Mahu2021 [5d 7d]
Stahlbadkinder: folds 
SigurjonG: folds 
Sevenfold85: folds 
Nossna: folds 
Mahu2021: raises $0.02 to $0.04
Nonamae254: calls $0.02
*** FLOP *** [5c Tc 7c]
Mahu2021: bets $0.08
Nonamae254: calls $0.08
*** TURN *** [5c Tc 7c] [4d]
Mahu2021: bets $0.56 and is all-in
Nonamae254: calls $0.56
*** RIVER *** [5c Tc 7c 4d] [3s]
*** SHOW DOWN ***
Mahu2021: shows [5d 7d] (two pair, Sevens and Fives)
Nonamae254: shows [2c 2d] (a pair of Deuces)
Mahu2021 collected $1.31 from pot
*** SUMMARY ***
Total pot $1.36 | Rake $0.05 
Board [5c Tc 7c 4d 3s]
Seat 1: Nossna (button) folded before Flop (didn't bet)
Seat 2: Mahu2021 (small blind) showed [5d 7d] and won ($1.31) with two pair, Sevens and Fives
Seat 3: Nonamae254 (big blind) showed [2c 2d] and lost with a pair of Deuces
Seat 4: Stahlbadkinder folded before Flop (didn't bet)
Seat 5: SigurjonG folded before Flop (didn't bet)
Seat 6: Sevenfold85 folded before Flop (didn't bet)



PokerStars Zoom Hand #246868307735:  Hold'em No Limit ($0.01/$0.02) - 2023/11/01 19:48:19 CET [2023/11/01 14:48:19 ET]
Table 'Halley' 6-max Seat #1 is the button
Seat 1: BolimirCourazz ($5.36 in chips) 
Seat 2: Boleslav69 ($2.55 in chips) 
Seat 3: bbpbbp09 ($4.27 in chips) 
Seat 4: Jeckel_86 ($2.13 in chips) 
Seat 5: Mahu2021 ($0.67 in chips) 
Seat 6: I.L.Stefan ($2.14 in chips) 
Boleslav69: posts small blind $0.01
bbpbbp09: posts big blind $0.02
*** HOLE CARDS ***
Dealt to Mahu2021 [7s Jh]
Jeckel_86: raises $0.05 to $0.07
Mahu2021: folds 
I.L.Stefan: raises $0.05 to $0.12
BolimirCourazz: calls $0.12
Boleslav69: calls $0.11
bbpbbp09: folds 
Jeckel_86: raises $0.50 to $0.62
I.L.Stefan: folds 
BolimirCourazz: folds 
Boleslav69: calls $0.50
*** FLOP *** [Ad 2c 4h]
Boleslav69: checks 
Jeckel_86: bets $0.73
Boleslav69: raises $1.20 to $1.93 and is all-in
Jeckel_86: calls $0.78 and is all-in
Uncalled bet ($0.42) returned to Boleslav69
*** TURN *** [Ad 2c 4h] [9h]
*** RIVER *** [Ad 2c 4h 9h] [Ks]
*** SHOW DOWN ***
Boleslav69: shows [9c 9s] (three of a kind, Nines)
Jeckel_86: shows [Ah Qs] (a pair of Aces)
Boleslav69 collected $4.36 from pot
*** SUMMARY ***
Total pot $4.52 | Rake $0.16 
Board [Ad 2c 4h 9h Ks]
Seat 1: BolimirCourazz (button) folded before Flop
Seat 2: Boleslav69 (small blind) showed [9c 9s] and won ($4.36) with three of a kind, Nines
Seat 3: bbpbbp09 (big blind) folded before Flop
Seat 4: Jeckel_86 showed [Ah Qs] and lost with a pair of Aces
Seat 5: Mahu2021 folded before Flop (didn't bet)
Seat 6: I.L.Stefan folded before Flop



PokerStars Zoom Hand #246868332302:  Hold'em No Limit ($0.01/$0.02) - 2023/11/01 19:49:34 CET [2023/11/01 14:49:34 ET]
Table 'Halley' 6-max Seat #1 is the button
Seat 1: FrancoGaston74 ($6.49 in chips) 
Seat 2: JonTagaryen1 ($15.94 in chips) 
Seat 3: slurpis ($2.30 in chips) 
Seat 4: Mahu2021 ($1.31 in chips) 
Seat 5: Hachirama ($2.51 in chips) 
Seat 6: PanchoAckerman ($2.10 in chips) 
JonTagaryen1: posts small blind $0.01
slurpis: posts big blind $0.02
*** HOLE CARDS ***
Dealt to Mahu2021 [Jc 3d]
Mahu2021: folds 
Hachirama: folds 
PanchoAckerman: folds 
FrancoGaston74 has timed out
FrancoGaston74: folds 
JonTagaryen1: folds 
Uncalled bet ($0.01) returned to slurpis
slurpis collected $0.02 from pot
slurpis: doesn't show hand 
*** SUMMARY ***
Total pot $0.02 | Rake $0 
Seat 1: FrancoGaston74 (button) folded before Flop (didn't bet)
Seat 2: JonTagaryen1 (small blind) folded before Flop
Seat 3: slurpis (big blind) collected ($0.02)
Seat 4: Mahu2021 folded before Flop (didn't bet)
Seat 5: Hachirama folded before Flop (didn't bet)
Seat 6: PanchoAckerman folded before Flop (didn't bet)



PokerStars Zoom Hand #246868333684:  Hold'em No Limit ($0.01/$0.02) - 2023/11/01 19:49:38 CET [2023/11/01 14:49:38 ET]
Table 'Halley' 6-max Seat #1 is the button
Seat 1: Mahu2021 ($1.31 in chips) 
Seat 2: Bettowinpro ($0.79 in chips) 
Seat 3: PokerTheodore ($3.03 in chips) 
Seat 4: keisuke997 ($1 in chips) 
Seat 5: Pechorin.G ($2.04 in chips) 
Seat 6: silvane55 ($0.94 in chips) 
Bettowinpro: posts small blind $0.01
PokerTheodore: posts big blind $0.02
*** HOLE CARDS ***
Dealt to Mahu2021 [Jc Td]
keisuke997: raises $0.03 to $0.05
Pechorin.G: folds 
silvane55: folds 
Mahu2021: folds 
Bettowinpro: folds 
PokerTheodore: folds 
Uncalled bet ($0.03) returned to keisuke997
keisuke997 collected $0.05 from pot
keisuke997: doesn't show hand 
*** SUMMARY ***
Total pot $0.05 | Rake $0 
Seat 1: Mahu2021 (button) folded before Flop (didn't bet)
Seat 2: Bettowinpro (small blind) folded before Flop
Seat 3: PokerTheodore (big blind) folded before Flop
Seat 4: keisuke997 collected ($0.05)
Seat 5: Pechorin.G folded before Flop (didn't bet)
Seat 6: silvane55 folded before Flop (didn't bet)



PokerStars Zoom Hand #246868331010:  Hold'em No Limit ($0.01/$0.02) - 2023/11/01 19:49:30 CET [2023/11/01 14:49:30 ET]
Table 'Halley' 6-max Seat #1 is the button
Seat 1: vomhof.F ($2.35 in chips) 
Seat 2: viiv750 ($4.18 in chips) 
Seat 3: k1214 ($2.08 in chips) 
Seat 4: Mahu2021 ($1.31 in chips) 
Seat 5: fierceking86 ($2.91 in chips) 
Seat 6: Einherjer91 ($2.16 in chips) 
viiv750: posts small blind $0.01
k1214: posts big blind $0.02
*** HOLE CARDS ***
Dealt to Mahu2021 [6s Ad]
Mahu2021: folds 
fierceking86: raises $0.02 to $0.04
Einherjer91: folds 
vomhof.F: folds 
viiv750: calls $0.03
k1214: folds 
*** FLOP *** [5s 8d 9c]
viiv750: checks 
fierceking86: checks 
*** TURN *** [5s 8d 9c] [7d]
viiv750: checks 
fierceking86: bets $0.08
viiv750: calls $0.08
*** RIVER *** [5s 8d 9c 7d] [2s]
viiv750: checks 
fierceking86: bets $0.19
viiv750: folds 
Uncalled bet ($0.19) returned to fierceking86
fierceking86 collected $0.25 from pot
fierceking86: doesn't show hand 
*** SUMMARY ***
Total pot $0.26 | Rake $0.01 
Board [5s 8d 9c 7d 2s]
Seat 1: vomhof.F (button) folded before Flop (didn't bet)
Seat 2: viiv750 (small blind) folded on the River
Seat 3: k1214 (big blind) folded before Flop
Seat 4: Mahu2021 folded before Flop (didn't bet)
Seat 5: fierceking86 collected ($0.25)
Seat 6: Einherjer91 folded before Flop (didn't bet)



PokerStars Zoom Hand #246868337992:  Hold'em No Limit ($0.01/$0.02) - 2023/11/01 19:49:51 CET [2023/11/01 14:49:51 ET]
Table 'Halley' 6-max Seat #1 is the button
Seat 1: julimatt ($2 in chips) 
Seat 2: von Menger ($2.21 in chips) 
Seat 3: Mahu2021 ($1.31 in chips) 
Seat 4: gepard35 ($2 in chips) 
Seat 5: VBH1808 ($2.84 in chips) 
Seat 6: sakourtele ($2.95 in chips) 
von Menger: posts small blind $0.01
Mahu2021: posts big blind $0.02
*** HOLE CARDS ***
Dealt to Mahu2021 [8h Kc]
gepard35: folds 
VBH1808: folds 
sakourtele: folds 
julimatt: raises $0.03 to $0.05
von Menger: folds 
Mahu2021: folds 
Uncalled bet ($0.03) returned to julimatt
julimatt collected $0.05 from pot
julimatt: doesn't show hand 
*** SUMMARY ***
Total pot $0.05 | Rake $0 
Seat 1: julimatt (button) collected ($0.05)
Seat 2: von Menger (small blind) folded before Flop
Seat 3: Mahu2021 (big blind) folded before Flop
Seat 4: gepard35 folded before Flop (didn't bet)
Seat 5: VBH1808 folded before Flop (didn't bet)
Seat 6: sakourtele folded before Flop (didn't bet)



PokerStars Zoom Hand #246868329724:  Hold'em No Limit ($0.01/$0.02) - 2023/11/01 19:49:26 CET [2023/11/01 14:49:26 ET]
Table 'Halley' 6-max Seat #1 is the button
Seat 1: bergdarter ($5.96 in chips) 
Seat 2: Nonamae254 ($2 in chips) 
Seat 3: aricast19 ($2 in chips) 
Seat 4: Bubuica ($4.82 in chips) 
Seat 5: Mozovisk123 ($3.87 in chips) 
Seat 6: Mahu2021 ($1.31 in chips) 
Nonamae254: posts small blind $0.01
aricast19: posts big blind $0.02
*** HOLE CARDS ***
Dealt to Mahu2021 [8d Ts]
Bubuica: folds 
Mozovisk123: folds 
Mahu2021: folds 
bergdarter: folds 
Nonamae254: raises $0.04 to $0.06
aricast19: calls $0.04
*** FLOP *** [8c Ad Jh]
Nonamae254: bets $0.04
aricast19: folds 
Uncalled bet ($0.04) returned to Nonamae254
Nonamae254 collected $0.12 from pot
Nonamae254: doesn't show hand 
*** SUMMARY ***
Total pot $0.12 | Rake $0 
Board [8c Ad Jh]
Seat 1: bergdarter (button) folded before Flop (didn't bet)
Seat 2: Nonamae254 (small blind) collected ($0.12)
Seat 3: aricast19 (big blind) folded on the Flop
Seat 4: Bubuica folded before Flop (didn't bet)
Seat 5: Mozovisk123 folded before Flop (didn't bet)
Seat 6: Mahu2021 folded before Flop (didn't bet)



PokerStars Zoom Hand #246868340815:  Hold'em No Limit ($0.01/$0.02) - 2023/11/01 19:50:00 CET [2023/11/01 14:50:00 ET]
Table 'Halley' 6-max Seat #1 is the button
Seat 1: sebano2 ($2.48 in chips) 
Seat 2: Mahu2021 ($1.29 in chips) 
Seat 3: elysian2000 ($1.75 in chips) 
Seat 4: danival2 ($2.45 in chips) 
Seat 5: theicebergslim ($2.03 in chips) 
Seat 6: PokerTheodore ($3.01 in chips) 
Mahu2021: posts small blind $0.01
elysian2000: posts big blind $0.02
*** HOLE CARDS ***
Dealt to Mahu2021 [Kc 2d]
danival2: folds 
theicebergslim: raises $0.03 to $0.05
PokerTheodore: folds 
sebano2: folds 
Mahu2021: folds 
elysian2000: folds 
Uncalled bet ($0.03) returned to theicebergslim
theicebergslim collected $0.05 from pot
theicebergslim: doesn't show hand 
*** SUMMARY ***
Total pot $0.05 | Rake $0 
Seat 1: sebano2 (button) folded before Flop (didn't bet)
Seat 2: Mahu2021 (small blind) folded before Flop
Seat 3: elysian2000 (big blind) folded before Flop
Seat 4: danival2 folded before Flop (didn't bet)
Seat 5: theicebergslim collected ($0.05)
Seat 6: PokerTheodore folded before Flop (didn't bet)



PokerStars Zoom Hand #246868344028:  Hold'em No Limit ($0.01/$0.02) - 2023/11/01 19:50:09 CET [2023/11/01 14:50:09 ET]
Table 'Halley' 6-max Seat #1 is the button
Seat 1: Sevenfold85 ($2.01 in chips) 
Seat 2: Skqgent.R ($1.86 in chips) 
Seat 3: SigurjonG ($1.77 in chips) 
Seat 4: Pechorin.G ($2.25 in chips) 
Seat 5: Mahu2021 ($1.28 in chips) 
Seat 6: Hopnaspek ($2.36 in chips) 
Skqgent.R: posts small blind $0.01
SigurjonG: posts big blind $0.02
*** HOLE CARDS ***
Dealt to Mahu2021 [As Tc]
Pechorin.G: folds 
Mahu2021: raises $0.02 to $0.04
Hopnaspek: folds 
Sevenfold85: folds 
Skqgent.R: folds 
SigurjonG: folds 
Uncalled bet ($0.02) returned to Mahu2021
Mahu2021 collected $0.05 from pot
Mahu2021: doesn't show hand 
*** SUMMARY ***
Total pot $0.05 | Rake $0 
Seat 1: Sevenfold85 (button) folded before Flop (didn't bet)
Seat 2: Skqgent.R (small blind) folded before Flop
Seat 3: SigurjonG (big blind) folded before Flop
Seat 4: Pechorin.G folded before Flop (didn't bet)
Seat 5: Mahu2021 collected ($0.05)
Seat 6: Hopnaspek folded before Flop (didn't bet)



PokerStars Zoom Hand #246868342202:  Hold'em No Limit ($0.01/$0.02) - 2023/11/01 19:50:04 CET [2023/11/01 14:50:04 ET]
Table 'Halley' 6-max Seat #1 is the button
Seat 1: ruduooo ($1.84 in chips) 
Seat 2: DjTrident ($1.37 in chips) 
Seat 3: BobShaw405 ($1 in chips) 
Seat 4: Einherjer91 ($2.29 in chips) 
Seat 5: Pepe_7C7 ($2.73 in chips) 
Seat 6: Mahu2021 ($1.28 in chips) 
DjTrident: posts small blind $0.01
BobShaw405: posts big blind $0.02
*** HOLE CARDS ***
Dealt to Mahu2021 [5d Ac]
Einherjer91: folds 
Pepe_7C7: raises $0.04 to $0.06
Mahu2021: folds 
ruduooo: folds 
DjTrident: calls $0.05
BobShaw405: folds 
*** FLOP *** [As Jh Kh]
DjTrident: bets $0.04
Pepe_7C7: calls $0.04
*** TURN *** [As Jh Kh] [Qh]
DjTrident: bets $0.04
Pepe_7C7: calls $0.04
*** RIVER *** [As Jh Kh Qh] [2d]
DjTrident: bets $0.10
Pepe_7C7: calls $0.10
*** SHOW DOWN ***
DjTrident: shows [2c Ah] (two pair, Aces and Deuces)
Pepe_7C7: mucks hand 
DjTrident collected $0.48 from pot
*** SUMMARY ***
Total pot $0.50 | Rake $0.02 
Board [As Jh Kh Qh 2d]
Seat 1: ruduooo (button) folded before Flop (didn't bet)
Seat 2: DjTrident (small blind) showed [2c Ah] and won ($0.48) with two pair, Aces and Deuces
Seat 3: BobShaw405 (big blind) folded before Flop
Seat 4: Einherjer91 folded before Flop (didn't bet)
Seat 5: Pepe_7C7 mucked [Qs Ks]
Seat 6: Mahu2021 folded before Flop (didn't bet)



PokerStars Zoom Hand #246868350539:  Hold'em No Limit ($0.01/$0.02) - 2023/11/01 19:50:29 CET [2023/11/01 14:50:29 ET]
Table 'Halley' 6-max Seat #1 is the button
Seat 1: SupaVegi ($4.62 in chips) 
Seat 2: VBH1808 ($2.17 in chips) 
Seat 3: mikey187622 ($3.84 in chips) 
Seat 4: Mahu2021 ($1.31 in chips) 
Seat 5: gena60 ($2 in chips) 
Seat 6: dimprof ($1.61 in chips) 
VBH1808: posts small blind $0.01
mikey187622: posts big blind $0.02
*** HOLE CARDS ***
Dealt to Mahu2021 [Ks Ad]
Mahu2021: raises $0.04 to $0.06
gena60: folds 
dimprof: folds 
SupaVegi: folds 
VBH1808: folds 
mikey187622: folds 
Uncalled bet ($0.04) returned to Mahu2021
Mahu2021 collected $0.05 from pot
Mahu2021: doesn't show hand 
*** SUMMARY ***
Total pot $0.05 | Rake $0 
Seat 1: SupaVegi (button) folded before Flop (didn't bet)
Seat 2: VBH1808 (small blind) folded before Flop
Seat 3: mikey187622 (big blind) folded before Flop
Seat 4: Mahu2021 collected ($0.05)
Seat 5: gena60 folded before Flop (didn't bet)
Seat 6: dimprof folded before Flop (didn't bet)



PokerStars Zoom Hand #246868349234:  Hold'em No Limit ($0.01/$0.02) - 2023/11/01 19:50:25 CET [2023/11/01 14:50:25 ET]
Table 'Halley' 6-max Seat #1 is the button
Seat 1: alan0722 ($3.74 in chips) 
Seat 2: ricardostorres ($1.09 in chips) 
Seat 3: HardNigth ($2.15 in chips) 
Seat 4: walisa444 ($2.26 in chips) 
Seat 5: angrycutt ($2.77 in chips) 
Seat 6: Mahu2021 ($1.31 in chips) 
ricardostorres: posts small blind $0.01
HardNigth: posts big blind $0.02
*** HOLE CARDS ***
Dealt to Mahu2021 [Kh 9s]
walisa444: calls $0.02
angrycutt: folds 
Mahu2021: folds 
alan0722: folds 
ricardostorres: folds 
HardNigth: raises $0.06 to $0.08
walisa444: calls $0.06
*** FLOP *** [Ks Jd Jc]
HardNigth: checks 
walisa444: checks 
*** TURN *** [Ks Jd Jc] [Td]
HardNigth: checks 
walisa444: bets $0.16
HardNigth: folds 
Uncalled bet ($0.16) returned to walisa444
walisa444 collected $0.16 from pot
walisa444: doesn't show hand 
*** SUMMARY ***
Total pot $0.17 | Rake $0.01 
Board [Ks Jd Jc Td]
Seat 1: alan0722 (button) folded before Flop (didn't bet)
Seat 2: ricardostorres (small blind) folded before Flop
Seat 3: HardNigth (big blind) folded on the Turn
Seat 4: walisa444 collected ($0.16)
Seat 5: angrycutt folded before Flop (didn't bet)
Seat 6: Mahu2021 folded before Flop (didn't bet)



PokerStars Zoom Hand #246868347889:  Hold'em No Limit ($0.01/$0.02) - 2023/11/01 19:50:21 CET [2023/11/01 14:50:21 ET]
Table 'Halley' 6-max Seat #1 is the button
Seat 1: Mahu2021 ($1.31 in chips) 
Seat 2: Laian A. Sior ($2.40 in chips) 
Seat 3: von Menger ($2.20 in chips) 
Seat 4: Mizhina ($2.01 in chips) 
Seat 5: Vapenec18 ($3.12 in chips) 
Seat 6: bbpbbp09 ($2.19 in chips) 
Laian A. Sior: posts small blind $0.01
von Menger: posts big blind $0.02
*** HOLE CARDS ***
Dealt to Mahu2021 [6c 8s]
Mizhina: folds 
Vapenec18: raises $0.03 to $0.05
bbpbbp09: calls $0.05
Mahu2021: folds 
Laian A. Sior: folds 
von Menger: calls $0.03
*** FLOP *** [Qh 7h 7c]
von Menger: checks 
Vapenec18: checks 
bbpbbp09: bets $0.05
von Menger: folds 
Vapenec18: calls $0.05
*** TURN *** [Qh 7h 7c] [8d]
Vapenec18: checks 
bbpbbp09: checks 
*** RIVER *** [Qh 7h 7c 8d] [Ts]
Vapenec18: checks 
bbpbbp09: bets $0.12
Vapenec18: folds 
Uncalled bet ($0.12) returned to bbpbbp09
bbpbbp09 collected $0.25 from pot
bbpbbp09: doesn't show hand 
*** SUMMARY ***
Total pot $0.26 | Rake $0.01 
Board [Qh 7h 7c 8d Ts]
Seat 1: Mahu2021 (button) folded before Flop (didn't bet)
Seat 2: Laian A. Sior (small blind) folded before Flop
Seat 3: von Menger (big blind) folded on the Flop
Seat 4: Mizhina folded before Flop (didn't bet)
Seat 5: Vapenec18 folded on the River
Seat 6: bbpbbp09 collected ($0.25)



PokerStars Zoom Hand #246868355538:  Hold'em No Limit ($0.01/$0.02) - 2023/11/01 19:50:44 CET [2023/11/01 14:50:44 ET]
Table 'Halley' 6-max Seat #1 is the button
Seat 1: alman_blg ($2.21 in chips) 
Seat 2: bbpbbp09 ($4.56 in chips) 
Seat 3: Mahu2021 ($1.34 in chips) 
Seat 4: Pepe_7C7 ($2.18 in chips) 
Seat 5: nanda012 ($2.01 in chips) 
Seat 6: pokerdiddy999 ($0.36 in chips) 
bbpbbp09: posts small blind $0.01
Mahu2021: posts big blind $0.02
*** HOLE CARDS ***
Dealt to Mahu2021 [Th Kh]
Pepe_7C7: folds 
nanda012: folds 
pokerdiddy999: folds 
alman_blg: raises $0.03 to $0.05
bbpbbp09: folds 
Mahu2021: calls $0.03
*** FLOP *** [Ah Js Td]
Mahu2021: checks 
alman_blg: checks 
*** TURN *** [Ah Js Td] [Tc]
Mahu2021: checks 
alman_blg: bets $0.06
Mahu2021: raises $0.08 to $0.14
alman_blg: calls $0.08
*** RIVER *** [Ah Js Td Tc] [8h]
Mahu2021: checks 
alman_blg: checks 
*** SHOW DOWN ***
Mahu2021: shows [Th Kh] (three of a kind, Tens)
alman_blg: mucks hand 
Mahu2021 collected $0.38 from pot
*** SUMMARY ***
Total pot $0.39 | Rake $0.01 
Board [Ah Js Td Tc 8h]
Seat 1: alman_blg (button) mucked [Ad 2d]
Seat 2: bbpbbp09 (small blind) folded before Flop
Seat 3: Mahu2021 (big blind) showed [Th Kh] and won ($0.38) with three of a kind, Tens
Seat 4: Pepe_7C7 folded before Flop (didn't bet)
Seat 5: nanda012 folded before Flop (didn't bet)
Seat 6: pokerdiddy999 folded before Flop (didn't bet)



PokerStars Zoom Hand #246868371323:  Hold'em No Limit ($0.01/$0.02) - 2023/11/01 19:51:32 CET [2023/11/01 14:51:32 ET]
Table 'Halley' 6-max Seat #1 is the button
Seat 1: elDuderino45 ($3.27 in chips) 
Seat 2: Mahu2021 ($1.53 in chips) 
Seat 3: PhoenixPoint ($2.25 in chips) 
Seat 4: BraveGirl ($2.57 in chips) 
Seat 5: gvc33 ($0.98 in chips) 
Seat 6: koinodoino ($2.13 in chips) 
Mahu2021: posts small blind $0.01
PhoenixPoint: posts big blind $0.02
*** HOLE CARDS ***
Dealt to Mahu2021 [Ad Tc]
BraveGirl: raises $0.02 to $0.04
gvc33: folds 
koinodoino: folds 
elDuderino45: raises $0.11 to $0.15
Mahu2021: folds 
PhoenixPoint: folds 
BraveGirl: folds 
Uncalled bet ($0.11) returned to elDuderino45
elDuderino45 collected $0.11 from pot
elDuderino45: doesn't show hand 
*** SUMMARY ***
Total pot $0.11 | Rake $0 
Seat 1: elDuderino45 (button) collected ($0.11)
Seat 2: Mahu2021 (small blind) folded before Flop
Seat 3: PhoenixPoint (big blind) folded before Flop
Seat 4: BraveGirl folded before Flop
Seat 5: gvc33 folded before Flop (didn't bet)
Seat 6: koinodoino folded before Flop (didn't bet)



PokerStars Zoom Hand #246868378357:  Hold'em No Limit ($0.01/$0.02) - 2023/11/01 19:51:53 CET [2023/11/01 14:51:53 ET]
Table 'Halley' 6-max Seat #1 is the button
Seat 1: Konouct ($3.66 in chips) 
Seat 2: Fernarod ($0.84 in chips) 
Seat 3: lauti214 ($2 in chips) 
Seat 4: Mahu2021 ($1.52 in chips) 
Seat 5: NiceHumanBeing ($2.40 in chips) 
Seat 6: NINA@1237 ($2.55 in chips) 
Fernarod: posts small blind $0.01
lauti214: posts big blind $0.02
*** HOLE CARDS ***
Dealt to Mahu2021 [Td 2c]
Mahu2021: folds 
NiceHumanBeing: raises $0.03 to $0.05
NINA@1237: folds 
Konouct: folds 
Fernarod: folds 
lauti214: folds 
Uncalled bet ($0.03) returned to NiceHumanBeing
NiceHumanBeing collected $0.05 from pot
NiceHumanBeing: doesn't show hand 
*** SUMMARY ***
Total pot $0.05 | Rake $0 
Seat 1: Konouct (button) folded before Flop (didn't bet)
Seat 2: Fernarod (small blind) folded before Flop
Seat 3: lauti214 (big blind) folded before Flop
Seat 4: Mahu2021 folded before Flop (didn't bet)
Seat 5: NiceHumanBeing collected ($0.05)
Seat 6: NINA@1237 folded before Flop (didn't bet)



PokerStars Zoom Hand #246868379607:  Hold'em No Limit ($0.01/$0.02) - 2023/11/01 19:51:57 CET [2023/11/01 14:51:57 ET]
Table 'Halley' 6-max Seat #1 is the button
Seat 1: Fernarod ($0.83 in chips) 
Seat 2: graves80 ($2.81 in chips) 
Seat 3: maierm ($1.70 in chips) 
Seat 4: sebano2 ($2.21 in chips) 
Seat 5: Paysii ($1.91 in chips) 
Seat 6: Mahu2021 ($1.52 in chips) 
graves80: posts small blind $0.01
maierm: posts big blind $0.02
*** HOLE CARDS ***
Dealt to Mahu2021 [9s Th]
sebano2: raises $0.03 to $0.05
Paysii: folds 
Mahu2021: folds 
Fernarod: folds 
graves80: calls $0.04
maierm: folds 
*** FLOP *** [Kd Qh 8h]
graves80: bets $0.09
sebano2: folds 
Uncalled bet ($0.09) returned to graves80
graves80 collected $0.12 from pot
graves80: doesn't show hand 
*** SUMMARY ***
Total pot $0.12 | Rake $0 
Board [Kd Qh 8h]
Seat 1: Fernarod (button) folded before Flop (didn't bet)
Seat 2: graves80 (small blind) collected ($0.12)
Seat 3: maierm (big blind) folded before Flop
Seat 4: sebano2 folded on the Flop
Seat 5: Paysii folded before Flop (didn't bet)
Seat 6: Mahu2021 folded before Flop (didn't bet)



PokerStars Zoom Hand #246868387926:  Hold'em No Limit ($0.01/$0.02) - 2023/11/01 19:52:22 CET [2023/11/01 14:52:22 ET]
Table 'Halley' 6-max Seat #1 is the button
Seat 1: Dmigri ($3.85 in chips) 
Seat 2: Mahu2021 ($1.50 in chips) 
Seat 3: viiv750 ($3.74 in chips) 
Seat 4: Fernarod ($0.81 in chips) 
Seat 5: chaggi23 ($1.97 in chips) 
Seat 6: theviking717 ($2.14 in chips) 
Mahu2021: posts small blind $0.01
viiv750: posts big blind $0.02
*** HOLE CARDS ***
Dealt to Mahu2021 [8s Th]
Fernarod: folds 
chaggi23: folds 
theviking717: raises $0.03 to $0.05
Dmigri: folds 
Mahu2021: folds 
viiv750: folds 
Uncalled bet ($0.03) returned to theviking717
theviking717 collected $0.05 from pot
theviking717: doesn't show hand 
*** SUMMARY ***
Total pot $0.05 | Rake $0 
Seat 1: Dmigri (button) folded before Flop (didn't bet)
Seat 2: Mahu2021 (small blind) folded before Flop
Seat 3: viiv750 (big blind) folded before Flop
Seat 4: Fernarod folded before Flop (didn't bet)
Seat 5: chaggi23 folded before Flop (didn't bet)
Seat 6: theviking717 collected ($0.05)



PokerStars Zoom Hand #246868380960:  Hold'em No Limit ($0.01/$0.02) - 2023/11/01 19:52:01 CET [2023/11/01 14:52:01 ET]
Table 'Halley' 6-max Seat #1 is the button
Seat 1: 0X-ARVIZU ($2.02 in chips) 
Seat 2: HooliganBasher ($2 in chips) 
Seat 3: martello872 ($3.63 in chips) 
Seat 4: JonTagaryen1 ($15.87 in chips) 
Seat 5: Mahu2021 ($1.52 in chips) 
Seat 6: umavozdeliberda ($2.14 in chips) 
HooliganBasher: posts small blind $0.01
martello872: posts big blind $0.02
*** HOLE CARDS ***
Dealt to Mahu2021 [9d 8c]
JonTagaryen1: raises $0.04 to $0.06
Mahu2021: folds 
umavozdeliberda: folds 
0X-ARVIZU: folds 
HooliganBasher: folds 
martello872: calls $0.04
*** FLOP *** [Tc 2c 4s]
martello872: checks 
JonTagaryen1: checks 
*** TURN *** [Tc 2c 4s] [Jh]
martello872: checks 
JonTagaryen1: checks 
*** RIVER *** [Tc 2c 4s Jh] [Jd]
martello872: checks 
JonTagaryen1: checks 
*** SHOW DOWN ***
martello872: shows [9h 7d] (a pair of Jacks)
JonTagaryen1: shows [4d Ad] (two pair, Jacks and Fours)
JonTagaryen1 collected $0.13 from pot
*** SUMMARY ***
Total pot $0.13 | Rake $0 
Board [Tc 2c 4s Jh Jd]
Seat 1: 0X-ARVIZU (button) folded before Flop (didn't bet)
Seat 2: HooliganBasher (small blind) folded before Flop
Seat 3: martello872 (big blind) showed [9h 7d] and lost with a pair of Jacks
Seat 4: JonTagaryen1 showed [4d Ad] and won ($0.13) with two pair, Jacks and Fours
Seat 5: Mahu2021 folded before Flop (didn't bet)
Seat 6: umavozdeliberda folded before Flop (didn't bet)



PokerStars Zoom Hand #246868389070:  Hold'em No Limit ($0.01/$0.02) - 2023/11/01 19:52:25 CET [2023/11/01 14:52:25 ET]
Table 'Halley' 6-max Seat #1 is the button
Seat 1: Mahu2021 ($1.49 in chips) 
Seat 2: HooliganBasher ($2 in chips) 
Seat 3: I.L.Stefan ($2.57 in chips) 
Seat 4: Spartakus548 ($0.92 in chips) 
Seat 5: Veit1983 ($2.17 in chips) 
Seat 6: 888lifeIS ($2 in chips) 
HooliganBasher: posts small blind $0.01
I.L.Stefan: posts big blind $0.02
*** HOLE CARDS ***
Dealt to Mahu2021 [Th 4h]
Spartakus548: folds 
Veit1983: calls $0.02
888lifeIS: folds 
Mahu2021: folds 
HooliganBasher: folds 
I.L.Stefan: checks 
*** FLOP *** [2s 3h 7h]
I.L.Stefan: bets $0.04
Veit1983: folds 
Uncalled bet ($0.04) returned to I.L.Stefan
I.L.Stefan collected $0.05 from pot
I.L.Stefan: doesn't show hand 
*** SUMMARY ***
Total pot $0.05 | Rake $0 
Board [2s 3h 7h]
Seat 1: Mahu2021 (button) folded before Flop (didn't bet)
Seat 2: HooliganBasher (small blind) folded before Flop
Seat 3: I.L.Stefan (big blind) collected ($0.05)
Seat 4: Spartakus548 folded before Flop (didn't bet)
Seat 5: Veit1983 folded on the Flop
Seat 6: 888lifeIS folded before Flop (didn't bet)



PokerStars Zoom Hand #246868382306:  Hold'em No Limit ($0.01/$0.02) - 2023/11/01 19:52:05 CET [2023/11/01 14:52:05 ET]
Table 'Halley' 6-max Seat #1 is the button
Seat 1: BlackStack94 ($4.55 in chips) 
Seat 2: gvc33 ($1.01 in chips) 
Seat 3: Mahu2021 ($1.52 in chips) 
Seat 4: Elenieliy ($0.75 in chips) 
Seat 5: StepNag ($0.15 in chips) 
Seat 6: PanchoAckerman ($2.11 in chips) 
gvc33: posts small blind $0.01
Mahu2021: posts big blind $0.02
*** HOLE CARDS ***
Dealt to Mahu2021 [5h 4d]
Elenieliy: folds 
StepNag: raises $0.13 to $0.15 and is all-in
PanchoAckerman: calls $0.15
BlackStack94: folds 
gvc33: folds 
Mahu2021: folds 
*** FLOP *** [Ad 3h 6s]
*** TURN *** [Ad 3h 6s] [9d]
*** RIVER *** [Ad 3h 6s 9d] [As]
*** SHOW DOWN ***
StepNag: shows [8s Qs] (a pair of Aces)
PanchoAckerman: shows [Jc Jd] (two pair, Aces and Jacks)
PanchoAckerman collected $0.32 from pot
StepNag cashed out the hand for $0.11
*** SUMMARY ***
Total pot $0.33 | Rake $0.01 
Board [Ad 3h 6s 9d As]
Seat 1: BlackStack94 (button) folded before Flop (didn't bet)
Seat 2: gvc33 (small blind) folded before Flop
Seat 3: Mahu2021 (big blind) folded before Flop
Seat 4: Elenieliy folded before Flop (didn't bet)
Seat 5: StepNag showed [8s Qs] and lost with a pair of Aces (cashed out).
Seat 6: PanchoAckerman showed [Jc Jd] and won ($0.32) with two pair, Aces and Jacks



PokerStars Zoom Hand #246868392764:  Hold'em No Limit ($0.01/$0.02) - 2023/11/01 19:52:37 CET [2023/11/01 14:52:37 ET]
Table 'Halley' 6-max Seat #1 is the button
Seat 1: Driip_7 ($2.11 in chips) 
Seat 2: Sevenfold85 ($2.26 in chips) 
Seat 3: Dmigri ($6.59 in chips) 
Seat 4: Ivanderfull ($2.20 in chips) 
Seat 5: Mahu2021 ($1.49 in chips) 
Seat 6: StepNag ($3.21 in chips) 
Sevenfold85: posts small blind $0.01
Dmigri: posts big blind $0.02
*** HOLE CARDS ***
Dealt to Mahu2021 [2d 9d]
Ivanderfull: folds 
Mahu2021: folds 
StepNag: folds 
Driip_7: folds 
Sevenfold85: folds 
Uncalled bet ($0.01) returned to Dmigri
Dmigri collected $0.02 from pot
Dmigri: doesn't show hand 
*** SUMMARY ***
Total pot $0.02 | Rake $0 
Seat 1: Driip_7 (button) folded before Flop (didn't bet)
Seat 2: Sevenfold85 (small blind) folded before Flop
Seat 3: Dmigri (big blind) collected ($0.02)
Seat 4: Ivanderfull folded before Flop (didn't bet)
Seat 5: Mahu2021 folded before Flop (didn't bet)
Seat 6: StepNag folded before Flop (didn't bet)



PokerStars Zoom Hand #246868390469:  Hold'em No Limit ($0.01/$0.02) - 2023/11/01 19:52:30 CET [2023/11/01 14:52:30 ET]
Table 'Halley' 6-max Seat #1 is the button
Seat 1: tudorelis ($1.19 in chips) 
Seat 2: Vapenec18 ($2.01 in chips) 
Seat 3: Mizhina ($2.29 in chips) 
Seat 4: Paysii ($1.91 in chips) 
Seat 5: Mahu2021 ($1.49 in chips) 
Seat 6: HardNigth ($2.01 in chips) 
Vapenec18: posts small blind $0.01
Mizhina: posts big blind $0.02
*** HOLE CARDS ***
Dealt to Mahu2021 [2c Jd]
Paysii: folds 
Mahu2021: folds 
HardNigth: folds 
tudorelis: calls $0.02
Vapenec18: folds 
Mizhina: checks 
*** FLOP *** [4d Tc Kc]
Mizhina: bets $0.04
tudorelis: folds 
Uncalled bet ($0.04) returned to Mizhina
Mizhina collected $0.05 from pot
Mizhina: doesn't show hand 
*** SUMMARY ***
Total pot $0.05 | Rake $0 
Board [4d Tc Kc]
Seat 1: tudorelis (button) folded on the Flop
Seat 2: Vapenec18 (small blind) folded before Flop
Seat 3: Mizhina (big blind) collected ($0.05)
Seat 4: Paysii folded before Flop (didn't bet)
Seat 5: Mahu2021 folded before Flop (didn't bet)
Seat 6: HardNigth folded before Flop (didn't bet)



PokerStars Zoom Hand #246868391516:  Hold'em No Limit ($0.01/$0.02) - 2023/11/01 19:52:33 CET [2023/11/01 14:52:33 ET]
Table 'Halley' 6-max Seat #1 is the button
Seat 1: URANOGEA ($2.06 in chips) 
Seat 2: nanda012 ($2.40 in chips) 
Seat 3: I.L.Stefan ($4.61 in chips) 
Seat 4: Mahu2021 ($1.49 in chips) 
Seat 5: 4s4s4s ($5.86 in chips) 
Seat 6: graves80 ($2.89 in chips) 
nanda012: posts small blind $0.01
I.L.Stefan: posts big blind $0.02
*** HOLE CARDS ***
Dealt to Mahu2021 [Kh 6d]
Mahu2021: folds 
4s4s4s: raises $0.03 to $0.05
graves80: folds 
URANOGEA: folds 
nanda012: folds 
I.L.Stefan: raises $0.15 to $0.20
4s4s4s: calls $0.15
*** FLOP *** [8h 2c 5d]
I.L.Stefan: bets $0.13
4s4s4s: folds 
Uncalled bet ($0.13) returned to I.L.Stefan
I.L.Stefan collected $0.40 from pot
I.L.Stefan: doesn't show hand 
*** SUMMARY ***
Total pot $0.41 | Rake $0.01 
Board [8h 2c 5d]
Seat 1: URANOGEA (button) folded before Flop (didn't bet)
Seat 2: nanda012 (small blind) folded before Flop
Seat 3: I.L.Stefan (big blind) collected ($0.40)
Seat 4: Mahu2021 folded before Flop (didn't bet)
Seat 5: 4s4s4s folded on the Flop
Seat 6: graves80 folded before Flop (didn't bet)



PokerStars Zoom Hand #246868394054:  Hold'em No Limit ($0.01/$0.02) - 2023/11/01 19:52:41 CET [2023/11/01 14:52:41 ET]
Table 'Halley' 6-max Seat #1 is the button
Seat 1: bel_2302 ($4.13 in chips) 
Seat 2: Prowojeto ($2.31 in chips) 
Seat 3: Nikolouli ($2 in chips) 
Seat 4: Mahu2021 ($1.49 in chips) 
Seat 5: Kr3pstukas ($2.16 in chips) 
Seat 6: maierm ($8.56 in chips) 
Prowojeto: posts small blind $0.01
Nikolouli: posts big blind $0.02
*** HOLE CARDS ***
Dealt to Mahu2021 [Kd Ks]
Mahu2021: raises $0.02 to $0.04
Kr3pstukas: folds 
maierm: folds 
bel_2302: folds 
Prowojeto: folds 
Nikolouli: calls $0.02
*** FLOP *** [Tc 6c 9s]
Nikolouli: bets $0.07
Mahu2021: calls $0.07
*** TURN *** [Tc 6c 9s] [5d]
Nikolouli: bets $0.17
Mahu2021: raises $1.21 to $1.38 and is all-in
Nikolouli: calls $1.21
*** RIVER *** [Tc 6c 9s 5d] [Jc]
*** SHOW DOWN ***
Nikolouli: shows [6h 6d] (three of a kind, Sixes)
Mahu2021: shows [Kd Ks] (a pair of Kings)
Nikolouli collected $2.89 from pot
*** SUMMARY ***
Total pot $2.99 | Rake $0.10 
Board [Tc 6c 9s 5d Jc]
Seat 1: bel_2302 (button) folded before Flop (didn't bet)
Seat 2: Prowojeto (small blind) folded before Flop
Seat 3: Nikolouli (big blind) showed [6h 6d] and won ($2.89) with three of a kind, Sixes
Seat 4: Mahu2021 showed [Kd Ks] and lost with a pair of Kings
Seat 5: Kr3pstukas folded before Flop (didn't bet)
Seat 6: maierm folded before Flop (didn't bet)



