PokerStars Hand #243153727867: Tournament #3578930660, $9.30+$0.70 USD Hold'em No Limit - Level I (10/20) - 2023/04/17 20:52:12 CET [2023/04/17 14:52:12 ET]
Table '3578930660 1' 3-max Seat #1 is the button
Seat 1: iwsnmw (500 in chips) 
Seat 2: KarkeeLT (500 in chips) 
Seat 3: Mahu2021 (500 in chips) 
KarkeeLT: posts small blind 10
Mahu2021: posts big blind 20
*** HOLE CARDS ***
Dealt to Mahu2021 [5s 4c]
iwsnmw: raises 30 to 50
KarkeeLT: folds 
Mahu2021: calls 30
*** FLOP *** [9s Tc Jh]
Mahu2021: checks 
iwsnmw: bets 40
Mahu2021: folds 
Uncalled bet (40) returned to iwsnmw
iwsnmw collected 110 from pot
iwsnmw: doesn't show hand 
*** SUMMARY ***
Total pot 110 | Rake 0 
Board [9s Tc Jh]
Seat 1: iwsnmw (button) collected (110)
Seat 2: KarkeeLT (small blind) folded before Flop
Seat 3: Mahu2021 (big blind) folded on the Flop



PokerStars Hand #243153732914: Tournament #3578930660, $9.30+$0.70 USD Hold'em No Limit - Level I (10/20) - 2023/04/17 20:52:25 CET [2023/04/17 14:52:25 ET]
Table '3578930660 1' 3-max Seat #2 is the button
Seat 1: iwsnmw (560 in chips) 
Seat 2: KarkeeLT (490 in chips) 
Seat 3: Mahu2021 (450 in chips) 
Mahu2021: posts small blind 10
iwsnmw: posts big blind 20
*** HOLE CARDS ***
Dealt to Mahu2021 [Kc 2d]
KarkeeLT: raises 20 to 40
Mahu2021: folds 
iwsnmw: calls 20
*** FLOP *** [6s 7s Ac]
iwsnmw: checks 
KarkeeLT: bets 30
iwsnmw: folds 
Uncalled bet (30) returned to KarkeeLT
KarkeeLT collected 90 from pot
KarkeeLT: doesn't show hand 
*** SUMMARY ***
Total pot 90 | Rake 0 
Board [6s 7s Ac]
Seat 1: iwsnmw (big blind) folded on the Flop
Seat 2: KarkeeLT (button) collected (90)
Seat 3: Mahu2021 (small blind) folded before Flop



PokerStars Hand #243153739603: Tournament #3578930660, $9.30+$0.70 USD Hold'em No Limit - Level I (10/20) - 2023/04/17 20:52:42 CET [2023/04/17 14:52:42 ET]
Table '3578930660 1' 3-max Seat #3 is the button
Seat 1: iwsnmw (520 in chips) 
Seat 2: KarkeeLT (540 in chips) 
Seat 3: Mahu2021 (440 in chips) 
iwsnmw: posts small blind 10
KarkeeLT: posts big blind 20
*** HOLE CARDS ***
Dealt to Mahu2021 [Tc 5s]
Mahu2021: folds 
iwsnmw: folds 
Uncalled bet (10) returned to KarkeeLT
KarkeeLT collected 20 from pot
KarkeeLT: doesn't show hand 
*** SUMMARY ***
Total pot 20 | Rake 0 
Seat 1: iwsnmw (small blind) folded before Flop
Seat 2: KarkeeLT (big blind) collected (20)
Seat 3: Mahu2021 (button) folded before Flop (didn't bet)



PokerStars Hand #243153741913: Tournament #3578930660, $9.30+$0.70 USD Hold'em No Limit - Level I (10/20) - 2023/04/17 20:52:48 CET [2023/04/17 14:52:48 ET]
Table '3578930660 1' 3-max Seat #1 is the button
Seat 1: iwsnmw (510 in chips) 
Seat 2: KarkeeLT (550 in chips) 
Seat 3: Mahu2021 (440 in chips) 
KarkeeLT: posts small blind 10
Mahu2021: posts big blind 20
*** HOLE CARDS ***
Dealt to Mahu2021 [Qd 3h]
iwsnmw: raises 20 to 40
KarkeeLT: folds 
Mahu2021: folds 
Uncalled bet (20) returned to iwsnmw
iwsnmw collected 50 from pot
iwsnmw: doesn't show hand 
*** SUMMARY ***
Total pot 50 | Rake 0 
Seat 1: iwsnmw (button) collected (50)
Seat 2: KarkeeLT (small blind) folded before Flop
Seat 3: Mahu2021 (big blind) folded before Flop



PokerStars Hand #243153744182: Tournament #3578930660, $9.30+$0.70 USD Hold'em No Limit - Level I (10/20) - 2023/04/17 20:52:54 CET [2023/04/17 14:52:54 ET]
Table '3578930660 1' 3-max Seat #2 is the button
Seat 1: iwsnmw (540 in chips) 
Seat 2: KarkeeLT (540 in chips) 
Seat 3: Mahu2021 (420 in chips) 
Mahu2021: posts small blind 10
iwsnmw: posts big blind 20
*** HOLE CARDS ***
Dealt to Mahu2021 [7d 6c]
KarkeeLT: raises 20 to 40
Mahu2021: calls 30
iwsnmw: folds 
*** FLOP *** [9s 2h Jh]
Mahu2021: checks 
KarkeeLT: checks 
*** TURN *** [9s 2h Jh] [2s]
Mahu2021: checks 
KarkeeLT: checks 
*** RIVER *** [9s 2h Jh 2s] [2c]
Mahu2021: bets 40
KarkeeLT: folds 
Uncalled bet (40) returned to Mahu2021
Mahu2021 collected 100 from pot
Mahu2021: doesn't show hand 
*** SUMMARY ***
Total pot 100 | Rake 0 
Board [9s 2h Jh 2s 2c]
Seat 1: iwsnmw (big blind) folded before Flop
Seat 2: KarkeeLT (button) folded on the River
Seat 3: Mahu2021 (small blind) collected (100)



PokerStars Hand #243153757485: Tournament #3578930660, $9.30+$0.70 USD Hold'em No Limit - Level I (10/20) - 2023/04/17 20:53:29 CET [2023/04/17 14:53:29 ET]
Table '3578930660 1' 3-max Seat #3 is the button
Seat 1: iwsnmw (520 in chips) 
Seat 2: KarkeeLT (500 in chips) 
Seat 3: Mahu2021 (480 in chips) 
iwsnmw: posts small blind 10
KarkeeLT: posts big blind 20
*** HOLE CARDS ***
Dealt to Mahu2021 [Jd Qh]
Mahu2021: raises 20 to 40
iwsnmw: calls 30
KarkeeLT: folds 
*** FLOP *** [Th 5h 5c]
iwsnmw: checks 
Mahu2021: checks 
*** TURN *** [Th 5h 5c] [9s]
iwsnmw: checks 
Mahu2021: bets 40
iwsnmw: calls 40
*** RIVER *** [Th 5h 5c 9s] [9h]
iwsnmw: bets 180
Mahu2021: folds 
Uncalled bet (180) returned to iwsnmw
iwsnmw collected 180 from pot
iwsnmw: doesn't show hand 
*** SUMMARY ***
Total pot 180 | Rake 0 
Board [Th 5h 5c 9s 9h]
Seat 1: iwsnmw (small blind) collected (180)
Seat 2: KarkeeLT (big blind) folded before Flop
Seat 3: Mahu2021 (button) folded on the River



PokerStars Hand #243153768405: Tournament #3578930660, $9.30+$0.70 USD Hold'em No Limit - Level I (10/20) - 2023/04/17 20:53:57 CET [2023/04/17 14:53:57 ET]
Table '3578930660 1' 3-max Seat #1 is the button
Seat 1: iwsnmw (620 in chips) 
Seat 2: KarkeeLT (480 in chips) 
Seat 3: Mahu2021 (400 in chips) 
KarkeeLT: posts small blind 10
Mahu2021: posts big blind 20
*** HOLE CARDS ***
Dealt to Mahu2021 [Qs Tc]
iwsnmw: folds 
KarkeeLT: calls 10
Mahu2021: checks 
*** FLOP *** [9d 4d 5d]
KarkeeLT: bets 20
Mahu2021: folds 
Uncalled bet (20) returned to KarkeeLT
KarkeeLT collected 40 from pot
KarkeeLT: doesn't show hand 
*** SUMMARY ***
Total pot 40 | Rake 0 
Board [9d 4d 5d]
Seat 1: iwsnmw (button) folded before Flop (didn't bet)
Seat 2: KarkeeLT (small blind) collected (40)
Seat 3: Mahu2021 (big blind) folded on the Flop



PokerStars Hand #243153773162: Tournament #3578930660, $9.30+$0.70 USD Hold'em No Limit - Level I (10/20) - 2023/04/17 20:54:09 CET [2023/04/17 14:54:09 ET]
Table '3578930660 1' 3-max Seat #2 is the button
Seat 1: iwsnmw (620 in chips) 
Seat 2: KarkeeLT (500 in chips) 
Seat 3: Mahu2021 (380 in chips) 
Mahu2021: posts small blind 10
iwsnmw: posts big blind 20
*** HOLE CARDS ***
Dealt to Mahu2021 [3s Ah]
KarkeeLT: raises 20 to 40
Mahu2021: calls 30
iwsnmw: folds 
*** FLOP *** [5c Js 9h]
Mahu2021: checks 
KarkeeLT: checks 
*** TURN *** [5c Js 9h] [As]
Mahu2021: bets 100
KarkeeLT: folds 
Uncalled bet (100) returned to Mahu2021
Mahu2021 collected 100 from pot
Mahu2021: doesn't show hand 
*** SUMMARY ***
Total pot 100 | Rake 0 
Board [5c Js 9h As]
Seat 1: iwsnmw (big blind) folded before Flop
Seat 2: KarkeeLT (button) folded on the Turn
Seat 3: Mahu2021 (small blind) collected (100)



PokerStars Hand #243153780902: Tournament #3578930660, $9.30+$0.70 USD Hold'em No Limit - Level II (15/30) - 2023/04/17 20:54:29 CET [2023/04/17 14:54:29 ET]
Table '3578930660 1' 3-max Seat #3 is the button
Seat 1: iwsnmw (600 in chips) 
Seat 2: KarkeeLT (460 in chips) 
Seat 3: Mahu2021 (440 in chips) 
iwsnmw: posts small blind 15
KarkeeLT: posts big blind 30
*** HOLE CARDS ***
Dealt to Mahu2021 [7d 3h]
Mahu2021: folds 
iwsnmw: folds 
Uncalled bet (15) returned to KarkeeLT
KarkeeLT collected 30 from pot
KarkeeLT: doesn't show hand 
*** SUMMARY ***
Total pot 30 | Rake 0 
Seat 1: iwsnmw (small blind) folded before Flop
Seat 2: KarkeeLT (big blind) collected (30)
Seat 3: Mahu2021 (button) folded before Flop (didn't bet)



PokerStars Hand #243153782910: Tournament #3578930660, $9.30+$0.70 USD Hold'em No Limit - Level II (15/30) - 2023/04/17 20:54:35 CET [2023/04/17 14:54:35 ET]
Table '3578930660 1' 3-max Seat #1 is the button
Seat 1: iwsnmw (585 in chips) 
Seat 2: KarkeeLT (475 in chips) 
Seat 3: Mahu2021 (440 in chips) 
KarkeeLT: posts small blind 15
Mahu2021: posts big blind 30
*** HOLE CARDS ***
Dealt to Mahu2021 [Js Jd]
iwsnmw: folds 
KarkeeLT: calls 15
Mahu2021: raises 410 to 440 and is all-in
KarkeeLT: folds 
Uncalled bet (410) returned to Mahu2021
Mahu2021 collected 60 from pot
Mahu2021: doesn't show hand 
*** SUMMARY ***
Total pot 60 | Rake 0 
Seat 1: iwsnmw (button) folded before Flop (didn't bet)
Seat 2: KarkeeLT (small blind) folded before Flop
Seat 3: Mahu2021 (big blind) collected (60)



PokerStars Hand #243153787172: Tournament #3578930660, $9.30+$0.70 USD Hold'em No Limit - Level II (15/30) - 2023/04/17 20:54:46 CET [2023/04/17 14:54:46 ET]
Table '3578930660 1' 3-max Seat #2 is the button
Seat 1: iwsnmw (585 in chips) 
Seat 2: KarkeeLT (445 in chips) 
Seat 3: Mahu2021 (470 in chips) 
Mahu2021: posts small blind 15
iwsnmw: posts big blind 30
*** HOLE CARDS ***
Dealt to Mahu2021 [Js As]
KarkeeLT: folds 
Mahu2021: raises 30 to 60
iwsnmw: folds 
Uncalled bet (30) returned to Mahu2021
Mahu2021 collected 60 from pot
Mahu2021: doesn't show hand 
*** SUMMARY ***
Total pot 60 | Rake 0 
Seat 1: iwsnmw (big blind) folded before Flop
Seat 2: KarkeeLT (button) folded before Flop (didn't bet)
Seat 3: Mahu2021 (small blind) collected (60)



PokerStars Hand #243153790102: Tournament #3578930660, $9.30+$0.70 USD Hold'em No Limit - Level II (15/30) - 2023/04/17 20:54:53 CET [2023/04/17 14:54:53 ET]
Table '3578930660 1' 3-max Seat #3 is the button
Seat 1: iwsnmw (555 in chips) 
Seat 2: KarkeeLT (445 in chips) 
Seat 3: Mahu2021 (500 in chips) 
iwsnmw: posts small blind 15
KarkeeLT: posts big blind 30
*** HOLE CARDS ***
Dealt to Mahu2021 [5s 2h]
Mahu2021: folds 
iwsnmw: calls 15
KarkeeLT: checks 
*** FLOP *** [Kh Ah 4d]
iwsnmw: checks 
KarkeeLT: bets 30
iwsnmw: calls 30
*** TURN *** [Kh Ah 4d] [Td]
iwsnmw: checks 
KarkeeLT: bets 105
iwsnmw: raises 165 to 270
KarkeeLT: folds 
Uncalled bet (165) returned to iwsnmw
iwsnmw collected 330 from pot
iwsnmw: doesn't show hand 
*** SUMMARY ***
Total pot 330 | Rake 0 
Board [Kh Ah 4d Td]
Seat 1: iwsnmw (small blind) collected (330)
Seat 2: KarkeeLT (big blind) folded on the Turn
Seat 3: Mahu2021 (button) folded before Flop (didn't bet)



PokerStars Hand #243153801572: Tournament #3578930660, $9.30+$0.70 USD Hold'em No Limit - Level II (15/30) - 2023/04/17 20:55:28 CET [2023/04/17 14:55:28 ET]
Table '3578930660 1' 3-max Seat #1 is the button
Seat 1: iwsnmw (720 in chips) 
Seat 2: KarkeeLT (280 in chips) 
Seat 3: Mahu2021 (500 in chips) 
KarkeeLT: posts small blind 15
Mahu2021: posts big blind 30
*** HOLE CARDS ***
Dealt to Mahu2021 [Ks 6d]
iwsnmw: folds 
KarkeeLT: raises 250 to 280 and is all-in
Mahu2021: folds 
Uncalled bet (250) returned to KarkeeLT
KarkeeLT collected 60 from pot
KarkeeLT: doesn't show hand 
*** SUMMARY ***
Total pot 60 | Rake 0 
Seat 1: iwsnmw (button) folded before Flop (didn't bet)
Seat 2: KarkeeLT (small blind) collected (60)
Seat 3: Mahu2021 (big blind) folded before Flop



PokerStars Hand #243153804703: Tournament #3578930660, $9.30+$0.70 USD Hold'em No Limit - Level II (15/30) - 2023/04/17 20:55:39 CET [2023/04/17 14:55:39 ET]
Table '3578930660 1' 3-max Seat #2 is the button
Seat 1: iwsnmw (720 in chips) 
Seat 2: KarkeeLT (310 in chips) 
Seat 3: Mahu2021 (470 in chips) 
Mahu2021: posts small blind 15
iwsnmw: posts big blind 30
*** HOLE CARDS ***
Dealt to Mahu2021 [6d Jd]
KarkeeLT: folds 
Mahu2021: calls 15
iwsnmw: checks 
*** FLOP *** [As 8s Jc]
Mahu2021: bets 30
iwsnmw: folds 
Uncalled bet (30) returned to Mahu2021
Mahu2021 collected 60 from pot
Mahu2021: doesn't show hand 
*** SUMMARY ***
Total pot 60 | Rake 0 
Board [As 8s Jc]
Seat 1: iwsnmw (big blind) folded on the Flop
Seat 2: KarkeeLT (button) folded before Flop (didn't bet)
Seat 3: Mahu2021 (small blind) collected (60)



PokerStars Hand #243153808147: Tournament #3578930660, $9.30+$0.70 USD Hold'em No Limit - Level II (15/30) - 2023/04/17 20:55:52 CET [2023/04/17 14:55:52 ET]
Table '3578930660 1' 3-max Seat #3 is the button
Seat 1: iwsnmw (690 in chips) 
Seat 2: KarkeeLT (310 in chips) 
Seat 3: Mahu2021 (500 in chips) 
iwsnmw: posts small blind 15
KarkeeLT: posts big blind 30
*** HOLE CARDS ***
Dealt to Mahu2021 [Kd Jd]
Mahu2021: raises 30 to 60
iwsnmw: folds 
KarkeeLT: calls 30
*** FLOP *** [6h 3h 9s]
KarkeeLT: checks 
Mahu2021: checks 
*** TURN *** [6h 3h 9s] [2h]
KarkeeLT: bets 90
Mahu2021: folds 
Uncalled bet (90) returned to KarkeeLT
KarkeeLT collected 135 from pot
KarkeeLT: doesn't show hand 
*** SUMMARY ***
Total pot 135 | Rake 0 
Board [6h 3h 9s 2h]
Seat 1: iwsnmw (small blind) folded before Flop
Seat 2: KarkeeLT (big blind) collected (135)
Seat 3: Mahu2021 (button) folded on the Turn



PokerStars Hand #243153817127: Tournament #3578930660, $9.30+$0.70 USD Hold'em No Limit - Level III (20/40) - 2023/04/17 20:56:24 CET [2023/04/17 14:56:24 ET]
Table '3578930660 1' 3-max Seat #1 is the button
Seat 1: iwsnmw (675 in chips) 
Seat 2: KarkeeLT (385 in chips) 
Seat 3: Mahu2021 (440 in chips) 
KarkeeLT: posts small blind 20
Mahu2021: posts big blind 40
*** HOLE CARDS ***
Dealt to Mahu2021 [6c 3h]
iwsnmw: raises 40 to 80
KarkeeLT: folds 
Mahu2021: folds 
Uncalled bet (40) returned to iwsnmw
iwsnmw collected 100 from pot
iwsnmw: doesn't show hand 
*** SUMMARY ***
Total pot 100 | Rake 0 
Seat 1: iwsnmw (button) collected (100)
Seat 2: KarkeeLT (small blind) folded before Flop
Seat 3: Mahu2021 (big blind) folded before Flop



PokerStars Hand #243153818809: Tournament #3578930660, $9.30+$0.70 USD Hold'em No Limit - Level III (20/40) - 2023/04/17 20:56:30 CET [2023/04/17 14:56:30 ET]
Table '3578930660 1' 3-max Seat #2 is the button
Seat 1: iwsnmw (735 in chips) 
Seat 2: KarkeeLT (365 in chips) 
Seat 3: Mahu2021 (400 in chips) 
Mahu2021: posts small blind 20
iwsnmw: posts big blind 40
*** HOLE CARDS ***
Dealt to Mahu2021 [4d 2h]
KarkeeLT: raises 325 to 365 and is all-in
Mahu2021: folds 
iwsnmw: folds 
Uncalled bet (325) returned to KarkeeLT
KarkeeLT collected 100 from pot
KarkeeLT: doesn't show hand 
*** SUMMARY ***
Total pot 100 | Rake 0 
Seat 1: iwsnmw (big blind) folded before Flop
Seat 2: KarkeeLT (button) collected (100)
Seat 3: Mahu2021 (small blind) folded before Flop



PokerStars Hand #243153820695: Tournament #3578930660, $9.30+$0.70 USD Hold'em No Limit - Level III (20/40) - 2023/04/17 20:56:37 CET [2023/04/17 14:56:37 ET]
Table '3578930660 1' 3-max Seat #3 is the button
Seat 1: iwsnmw (695 in chips) 
Seat 2: KarkeeLT (425 in chips) 
Seat 3: Mahu2021 (380 in chips) 
iwsnmw: posts small blind 20
KarkeeLT: posts big blind 40
*** HOLE CARDS ***
Dealt to Mahu2021 [2h Js]
Mahu2021: folds 
iwsnmw: raises 40 to 80
KarkeeLT: folds 
Uncalled bet (40) returned to iwsnmw
iwsnmw collected 80 from pot
iwsnmw: doesn't show hand 
*** SUMMARY ***
Total pot 80 | Rake 0 
Seat 1: iwsnmw (small blind) collected (80)
Seat 2: KarkeeLT (big blind) folded before Flop
Seat 3: Mahu2021 (button) folded before Flop (didn't bet)



PokerStars Hand #243153822462: Tournament #3578930660, $9.30+$0.70 USD Hold'em No Limit - Level III (20/40) - 2023/04/17 20:56:43 CET [2023/04/17 14:56:43 ET]
Table '3578930660 1' 3-max Seat #1 is the button
Seat 1: iwsnmw (735 in chips) 
Seat 2: KarkeeLT (385 in chips) 
Seat 3: Mahu2021 (380 in chips) 
KarkeeLT: posts small blind 20
Mahu2021: posts big blind 40
*** HOLE CARDS ***
Dealt to Mahu2021 [6h Jc]
iwsnmw: raises 40 to 80
KarkeeLT: folds 
Mahu2021: folds 
Uncalled bet (40) returned to iwsnmw
iwsnmw collected 100 from pot
iwsnmw: doesn't show hand 
*** SUMMARY ***
Total pot 100 | Rake 0 
Seat 1: iwsnmw (button) collected (100)
Seat 2: KarkeeLT (small blind) folded before Flop
Seat 3: Mahu2021 (big blind) folded before Flop



PokerStars Hand #243153824059: Tournament #3578930660, $9.30+$0.70 USD Hold'em No Limit - Level III (20/40) - 2023/04/17 20:56:49 CET [2023/04/17 14:56:49 ET]
Table '3578930660 1' 3-max Seat #2 is the button
Seat 1: iwsnmw (795 in chips) 
Seat 2: KarkeeLT (365 in chips) 
Seat 3: Mahu2021 (340 in chips) 
Mahu2021: posts small blind 20
iwsnmw: posts big blind 40
*** HOLE CARDS ***
Dealt to Mahu2021 [Jc Jh]
KarkeeLT: folds 
Mahu2021: raises 300 to 340 and is all-in
iwsnmw: folds 
Uncalled bet (300) returned to Mahu2021
Mahu2021 collected 80 from pot
Mahu2021: doesn't show hand 
*** SUMMARY ***
Total pot 80 | Rake 0 
Seat 1: iwsnmw (big blind) folded before Flop
Seat 2: KarkeeLT (button) folded before Flop (didn't bet)
Seat 3: Mahu2021 (small blind) collected (80)



PokerStars Hand #243153826434: Tournament #3578930660, $9.30+$0.70 USD Hold'em No Limit - Level III (20/40) - 2023/04/17 20:56:57 CET [2023/04/17 14:56:57 ET]
Table '3578930660 1' 3-max Seat #3 is the button
Seat 1: iwsnmw (755 in chips) 
Seat 2: KarkeeLT (365 in chips) 
Seat 3: Mahu2021 (380 in chips) 
iwsnmw: posts small blind 20
KarkeeLT: posts big blind 40
*** HOLE CARDS ***
Dealt to Mahu2021 [8h Qh]
Mahu2021: raises 40 to 80
iwsnmw: folds 
KarkeeLT: raises 285 to 365 and is all-in
Mahu2021: calls 285
*** FLOP *** [9c 2h 3d]
*** TURN *** [9c 2h 3d] [4d]
*** RIVER *** [9c 2h 3d 4d] [7d]
*** SHOW DOWN ***
KarkeeLT: shows [Tc Th] (a pair of Tens)
Mahu2021: shows [8h Qh] (high card Queen)
KarkeeLT collected 750 from pot
*** SUMMARY ***
Total pot 750 | Rake 0 
Board [9c 2h 3d 4d 7d]
Seat 1: iwsnmw (small blind) folded before Flop
Seat 2: KarkeeLT (big blind) showed [Tc Th] and won (750) with a pair of Tens
Seat 3: Mahu2021 (button) showed [8h Qh] and lost with high card Queen



PokerStars Hand #243153831574: Tournament #3578930660, $9.30+$0.70 USD Hold'em No Limit - Level III (20/40) - 2023/04/17 20:57:15 CET [2023/04/17 14:57:15 ET]
Table '3578930660 1' 3-max Seat #1 is the button
Seat 1: iwsnmw (735 in chips) 
Seat 2: KarkeeLT (750 in chips) 
Seat 3: Mahu2021 (15 in chips) 
KarkeeLT: posts small blind 20
Mahu2021: posts big blind 15 and is all-in
*** HOLE CARDS ***
Dealt to Mahu2021 [Td 9d]
iwsnmw: calls 40
KarkeeLT: raises 710 to 750 and is all-in
iwsnmw: folds 
Uncalled bet (710) returned to KarkeeLT
*** FLOP *** [2d 2s 4h]
*** TURN *** [2d 2s 4h] [Qh]
*** RIVER *** [2d 2s 4h Qh] [Jd]
*** SHOW DOWN ***
KarkeeLT: shows [Ad 2c] (three of a kind, Deuces)
KarkeeLT collected 50 from side pot
Mahu2021: shows [Td 9d] (a pair of Deuces)
KarkeeLT collected 45 from main pot
Mahu2021 finished the tournament in 3rd place
*** SUMMARY ***
Total pot 95 Main pot 45. Side pot 50. | Rake 0 
Board [2d 2s 4h Qh Jd]
Seat 1: iwsnmw (button) folded before Flop
Seat 2: KarkeeLT (small blind) showed [Ad 2c] and won (95) with three of a kind, Deuces
Seat 3: Mahu2021 (big blind) showed [Td 9d] and lost with a pair of Deuces



