PokerStars Zoom Hand #253789658757:  Hold'em No Limit ($0.05/$0.10) - 2024/12/10 15:30:39 CET [2024/12/10 9:30:39 ET]
Table 'Aludra' 6-max Seat #1 is the button
Seat 1: zinluz ($9.34 in chips) 
Seat 2: charlesws25 ($10.15 in chips) 
Seat 3: Mahu2021 ($10 in chips) 
Seat 4: bihisello ($12.79 in chips) 
Seat 5: humo97 ($21.25 in chips) 
Seat 6: KimJaeCheol ($10 in chips) 
charlesws25: posts small blind $0.05
Mahu2021: posts big blind $0.10
*** HOLE CARDS ***
Dealt to Mahu2021 [8d Ks]
bihisello: folds 
humo97: folds 
KimJaeCheol: folds 
zinluz: folds 
charlesws25: folds 
Uncalled bet ($0.05) returned to Mahu2021
Mahu2021 collected $0.10 from pot
Mahu2021: doesn't show hand 
*** SUMMARY ***
Total pot $0.10 | Rake $0 
Seat 1: zinluz (button) folded before Flop (didn't bet)
Seat 2: charlesws25 (small blind) folded before Flop
Seat 3: Mahu2021 (big blind) collected ($0.10)
Seat 4: bihisello folded before Flop (didn't bet)
Seat 5: humo97 folded before Flop (didn't bet)
Seat 6: KimJaeCheol folded before Flop (didn't bet)



PokerStars Zoom Hand #253789661864:  Hold'em No Limit ($0.05/$0.10) - 2024/12/10 15:30:57 CET [2024/12/10 9:30:57 ET]
Table 'Aludra' 6-max Seat #1 is the button
Seat 1: Mahu2021 ($10 in chips) 
Seat 2: pokerzoom15 ($10.88 in chips) 
Seat 3: gini777gini ($7.21 in chips) 
Seat 4: bihisello ($12.84 in chips) 
Seat 5: hello1432 ($11.86 in chips) 
Seat 6: Luffy V ($10 in chips) 
pokerzoom15: posts small blind $0.05
gini777gini: posts big blind $0.10
*** HOLE CARDS ***
Dealt to Mahu2021 [Jd Td]
bihisello: folds 
hello1432: raises $0.20 to $0.30
Luffy V: folds 
Mahu2021: calls $0.30
pokerzoom15: folds 
gini777gini: folds 
*** FLOP *** [As Ts 5s]
hello1432: checks 
Mahu2021: checks 
*** TURN *** [As Ts 5s] [6h]
hello1432: checks 
Mahu2021: bets $0.20
hello1432: folds 
Uncalled bet ($0.20) returned to Mahu2021
Mahu2021 collected $0.72 from pot
Mahu2021: doesn't show hand 
*** SUMMARY ***
Total pot $0.75 | Rake $0.03 
Board [As Ts 5s 6h]
Seat 1: Mahu2021 (button) collected ($0.72)
Seat 2: pokerzoom15 (small blind) folded before Flop
Seat 3: gini777gini (big blind) folded before Flop
Seat 4: bihisello folded before Flop (didn't bet)
Seat 5: hello1432 folded on the Turn
Seat 6: Luffy V folded before Flop (didn't bet)



PokerStars Zoom Hand #253789660987:  Hold'em No Limit ($0.05/$0.10) - 2024/12/10 15:30:52 CET [2024/12/10 9:30:52 ET]
Table 'Aludra' 6-max Seat #1 is the button
Seat 1: charlesws25 ($18.18 in chips) 
Seat 2: Mahu2021 ($10.05 in chips) 
Seat 3: Mallardz ($14.76 in chips) 
Seat 4: bihisello ($12.84 in chips) 
Seat 5: vliegje1973 ($4.75 in chips) 
Seat 6: zinluz ($13.15 in chips) 
Mahu2021: posts small blind $0.05
Mallardz: posts big blind $0.10
*** HOLE CARDS ***
Dealt to Mahu2021 [7c Qd]
bihisello: folds 
vliegje1973: folds 
zinluz: folds 
charlesws25: raises $0.15 to $0.25
Mahu2021: folds 
Mallardz: calls $0.15
*** FLOP *** [9c 8c Ac]
Mallardz: checks 
charlesws25: bets $0.40
Mallardz: folds 
Uncalled bet ($0.40) returned to charlesws25
charlesws25 collected $0.53 from pot
charlesws25: doesn't show hand 
*** SUMMARY ***
Total pot $0.55 | Rake $0.02 
Board [9c 8c Ac]
Seat 1: charlesws25 (button) collected ($0.53)
Seat 2: Mahu2021 (small blind) folded before Flop
Seat 3: Mallardz (big blind) folded on the Flop
Seat 4: bihisello folded before Flop (didn't bet)
Seat 5: vliegje1973 folded before Flop (didn't bet)
Seat 6: zinluz folded before Flop (didn't bet)



PokerStars Zoom Hand #253789665800:  Hold'em No Limit ($0.05/$0.10) - 2024/12/10 15:31:20 CET [2024/12/10 9:31:20 ET]
Table 'Aludra' 6-max Seat #1 is the button
Seat 1: colomo1 ($10.10 in chips) 
Seat 2: xhmikost2 ($38.26 in chips) 
Seat 3: pokerzoom15 ($10.78 in chips) 
Seat 4: misterdenister ($13.45 in chips) 
Seat 5: schumi1231 ($7.79 in chips) 
Seat 6: Mahu2021 ($10.42 in chips) 
xhmikost2: posts small blind $0.05
pokerzoom15: posts big blind $0.10
*** HOLE CARDS ***
Dealt to Mahu2021 [4d Th]
misterdenister: folds 
schumi1231: folds 
Mahu2021: folds 
colomo1: raises $0.12 to $0.22
xhmikost2: folds 
pokerzoom15: folds 
Uncalled bet ($0.12) returned to colomo1
colomo1 collected $0.25 from pot
colomo1: doesn't show hand 
*** SUMMARY ***
Total pot $0.25 | Rake $0 
Seat 1: colomo1 (button) collected ($0.25)
Seat 2: xhmikost2 (small blind) folded before Flop
Seat 3: pokerzoom15 (big blind) folded before Flop
Seat 4: misterdenister folded before Flop (didn't bet)
Seat 5: schumi1231 folded before Flop (didn't bet)
Seat 6: Mahu2021 folded before Flop (didn't bet)



PokerStars Zoom Hand #253789667626:  Hold'em No Limit ($0.05/$0.10) - 2024/12/10 15:31:31 CET [2024/12/10 9:31:31 ET]
Table 'Aludra' 6-max Seat #1 is the button
Seat 1: charlesws25 ($10.05 in chips) 
Seat 2: Luffy V ($17.65 in chips) 
Seat 3: Mahu2021 ($10.42 in chips) 
Seat 4: honEybOOx ($12.22 in chips) 
Seat 5: Vicktorio ($10.07 in chips) 
Seat 6: hello1432 ($22.36 in chips) 
Luffy V: posts small blind $0.05
Mahu2021: posts big blind $0.10
*** HOLE CARDS ***
Dealt to Mahu2021 [Jd 9d]
honEybOOx: raises $0.10 to $0.20
Vicktorio: folds 
hello1432: folds 
charlesws25: folds 
Luffy V: folds 
Mahu2021: calls $0.10
*** FLOP *** [6h 8h 9c]
Mahu2021: bets $0.20
honEybOOx: folds 
Uncalled bet ($0.20) returned to Mahu2021
Mahu2021 collected $0.43 from pot
Mahu2021: doesn't show hand 
*** SUMMARY ***
Total pot $0.45 | Rake $0.02 
Board [6h 8h 9c]
Seat 1: charlesws25 (button) folded before Flop (didn't bet)
Seat 2: Luffy V (small blind) folded before Flop
Seat 3: Mahu2021 (big blind) collected ($0.43)
Seat 4: honEybOOx folded on the Flop
Seat 5: Vicktorio folded before Flop (didn't bet)
Seat 6: hello1432 folded before Flop (didn't bet)



PokerStars Zoom Hand #253789666336:  Hold'em No Limit ($0.05/$0.10) - 2024/12/10 15:31:23 CET [2024/12/10 9:31:23 ET]
Table 'Aludra' 6-max Seat #1 is the button
Seat 1: Delpech666 ($21.11 in chips) 
Seat 2: JAntdog ($10.01 in chips) 
Seat 3: Cheeeeerrss1 ($20.99 in chips) 
Seat 4: Mallardz ($21.87 in chips) 
Seat 5: Mahu2021 ($10.42 in chips) 
Seat 6: Kretschmeister ($17.40 in chips) 
JAntdog: posts small blind $0.05
Cheeeeerrss1: posts big blind $0.10
*** HOLE CARDS ***
Dealt to Mahu2021 [Td 9h]
Mallardz: raises $0.15 to $0.25
Mahu2021: folds 
Kretschmeister: folds 
Delpech666: folds 
JAntdog: folds 
Cheeeeerrss1: folds 
Uncalled bet ($0.15) returned to Mallardz
Mallardz collected $0.25 from pot
Mallardz: doesn't show hand 
*** SUMMARY ***
Total pot $0.25 | Rake $0 
Seat 1: Delpech666 (button) folded before Flop (didn't bet)
Seat 2: JAntdog (small blind) folded before Flop
Seat 3: Cheeeeerrss1 (big blind) folded before Flop
Seat 4: Mallardz collected ($0.25)
Seat 5: Mahu2021 folded before Flop (didn't bet)
Seat 6: Kretschmeister folded before Flop (didn't bet)



PokerStars Zoom Hand #253789672265:  Hold'em No Limit ($0.05/$0.10) - 2024/12/10 15:31:58 CET [2024/12/10 9:31:58 ET]
Table 'Aludra' 6-max Seat #1 is the button
Seat 1: grymmerbob ($10.59 in chips) 
Seat 2: Mahu2021 ($10.65 in chips) 
Seat 3: P1ntail ($15.08 in chips) 
Seat 4: dusk02 ($10.56 in chips) 
Seat 5: xhmikost2 ($38.26 in chips) 
Seat 6: killerita67 ($15.51 in chips) 
Mahu2021: posts small blind $0.05
P1ntail: posts big blind $0.10
*** HOLE CARDS ***
Dealt to Mahu2021 [Qh 8c]
dusk02: folds 
xhmikost2: folds 
killerita67: folds 
grymmerbob: folds 
Mahu2021: folds 
Uncalled bet ($0.05) returned to P1ntail
P1ntail collected $0.10 from pot
P1ntail: doesn't show hand 
*** SUMMARY ***
Total pot $0.10 | Rake $0 
Seat 1: grymmerbob (button) folded before Flop (didn't bet)
Seat 2: Mahu2021 (small blind) folded before Flop
Seat 3: P1ntail (big blind) collected ($0.10)
Seat 4: dusk02 folded before Flop (didn't bet)
Seat 5: xhmikost2 folded before Flop (didn't bet)
Seat 6: killerita67 folded before Flop (didn't bet)



PokerStars Zoom Hand #253789671449:  Hold'em No Limit ($0.05/$0.10) - 2024/12/10 15:31:53 CET [2024/12/10 9:31:53 ET]
Table 'Aludra' 6-max Seat #1 is the button
Seat 1: Mahu2021 ($10.65 in chips) 
Seat 2: pokking876 ($14.35 in chips) 
Seat 3: Delpech666 ($21.06 in chips) 
Seat 4: GlebanuZZ ($11.33 in chips) 
Seat 5: hello1432 ($22.36 in chips) 
Seat 6: JAntdog ($10 in chips) 
pokking876: posts small blind $0.05
Delpech666: posts big blind $0.10
*** HOLE CARDS ***
Dealt to Mahu2021 [8d 6s]
GlebanuZZ: folds 
hello1432: folds 
JAntdog: folds 
Mahu2021: folds 
pokking876: folds 
Uncalled bet ($0.05) returned to Delpech666
Delpech666 collected $0.10 from pot
Delpech666: doesn't show hand 
*** SUMMARY ***
Total pot $0.10 | Rake $0 
Seat 1: Mahu2021 (button) folded before Flop (didn't bet)
Seat 2: pokking876 (small blind) folded before Flop
Seat 3: Delpech666 (big blind) collected ($0.10)
Seat 4: GlebanuZZ folded before Flop (didn't bet)
Seat 5: hello1432 folded before Flop (didn't bet)
Seat 6: JAntdog folded before Flop (didn't bet)



PokerStars Zoom Hand #253789667011:  Hold'em No Limit ($0.05/$0.10) - 2024/12/10 15:31:27 CET [2024/12/10 9:31:27 ET]
Table 'Aludra' 6-max Seat #1 is the button
Seat 1: Deox666 ($10.20 in chips) 
Seat 2: acebob999 ($9.29 in chips) 
Seat 3: BFERG42 ($10.10 in chips) 
Seat 4: zinluz ($9.49 in chips) 
Seat 5: Mahu2021 ($10.42 in chips) 
Seat 6: tigerfarm ($10.71 in chips) 
acebob999: posts small blind $0.05
BFERG42: posts big blind $0.10
*** HOLE CARDS ***
Dealt to Mahu2021 [3h 8c]
zinluz: folds 
Mahu2021: folds 
tigerfarm: raises $0.13 to $0.23
Deox666: folds 
acebob999: folds 
BFERG42: raises $0.13 to $0.36
tigerfarm: calls $0.13
*** FLOP *** [Td 3c 7s]
BFERG42: bets $0.37
tigerfarm: folds 
Uncalled bet ($0.37) returned to BFERG42
BFERG42 collected $0.74 from pot
BFERG42: doesn't show hand 
*** SUMMARY ***
Total pot $0.77 | Rake $0.03 
Board [Td 3c 7s]
Seat 1: Deox666 (button) folded before Flop (didn't bet)
Seat 2: acebob999 (small blind) folded before Flop
Seat 3: BFERG42 (big blind) collected ($0.74)
Seat 4: zinluz folded before Flop (didn't bet)
Seat 5: Mahu2021 folded before Flop (didn't bet)
Seat 6: tigerfarm folded on the Flop



PokerStars Zoom Hand #253789672998:  Hold'em No Limit ($0.05/$0.10) - 2024/12/10 15:32:02 CET [2024/12/10 9:32:02 ET]
Table 'Aludra' 6-max Seat #1 is the button
Seat 1: Toshi999777 ($11.07 in chips) 
Seat 2: t-petridis ($10.07 in chips) 
Seat 3: zinluz ($9.44 in chips) 
Seat 4: Mahu2021 ($10.60 in chips) 
Seat 5: Cheeeeerrss1 ($28.69 in chips) 
Seat 6: lordx777 ($12.22 in chips) 
t-petridis: posts small blind $0.05
zinluz: posts big blind $0.10
*** HOLE CARDS ***
Dealt to Mahu2021 [Ah 2d]
Mahu2021: folds 
Cheeeeerrss1: folds 
lordx777: folds 
Toshi999777: folds 
t-petridis: folds 
Uncalled bet ($0.05) returned to zinluz
zinluz collected $0.10 from pot
zinluz: doesn't show hand 
*** SUMMARY ***
Total pot $0.10 | Rake $0 
Seat 1: Toshi999777 (button) folded before Flop (didn't bet)
Seat 2: t-petridis (small blind) folded before Flop
Seat 3: zinluz (big blind) collected ($0.10)
Seat 4: Mahu2021 folded before Flop (didn't bet)
Seat 5: Cheeeeerrss1 folded before Flop (didn't bet)
Seat 6: lordx777 folded before Flop (didn't bet)



PokerStars Zoom Hand #253789673666:  Hold'em No Limit ($0.05/$0.10) - 2024/12/10 15:32:06 CET [2024/12/10 9:32:06 ET]
Table 'Aludra' 6-max Seat #1 is the button
Seat 1: charlesws25 ($10 in chips) 
Seat 2: mathiasfiske ($11.78 in chips) 
Seat 3: Mahu2021 ($10.60 in chips) 
Seat 4: Hakkai10 ($16.80 in chips) 
Seat 5: Smeta8810 ($10.54 in chips) 
Seat 6: hello1432 ($11.92 in chips) 
mathiasfiske: posts small blind $0.05
Mahu2021: posts big blind $0.10
*** HOLE CARDS ***
Dealt to Mahu2021 [7c 2s]
Hakkai10: folds 
Smeta8810: folds 
hello1432: folds 
charlesws25: folds 
mathiasfiske: folds 
Uncalled bet ($0.05) returned to Mahu2021
Mahu2021 collected $0.10 from pot
Mahu2021: doesn't show hand 
*** SUMMARY ***
Total pot $0.10 | Rake $0 
Seat 1: charlesws25 (button) folded before Flop (didn't bet)
Seat 2: mathiasfiske (small blind) folded before Flop
Seat 3: Mahu2021 (big blind) collected ($0.10)
Seat 4: Hakkai10 folded before Flop (didn't bet)
Seat 5: Smeta8810 folded before Flop (didn't bet)
Seat 6: hello1432 folded before Flop (didn't bet)



PokerStars Zoom Hand #253789675411:  Hold'em No Limit ($0.05/$0.10) - 2024/12/10 15:32:16 CET [2024/12/10 9:32:16 ET]
Table 'Aludra' 6-max Seat #1 is the button
Seat 1: Luffy V ($10.28 in chips) 
Seat 2: colomo1 ($10.15 in chips) 
Seat 3: GlebanuZZ ($11.65 in chips) 
Seat 4: Hakkai10 ($16.80 in chips) 
Seat 5: pokking876 ($20.73 in chips) 
Seat 6: Mahu2021 ($10.65 in chips) 
colomo1: posts small blind $0.05
GlebanuZZ: posts big blind $0.10
*** HOLE CARDS ***
Dealt to Mahu2021 [Qs 8h]
Hakkai10: folds 
pokking876: folds 
Mahu2021: folds 
Luffy V: folds 
colomo1: raises $0.20 to $0.30
GlebanuZZ: raises $0.69 to $0.99
colomo1: folds 
Uncalled bet ($0.69) returned to GlebanuZZ
GlebanuZZ collected $0.60 from pot
GlebanuZZ: doesn't show hand 
*** SUMMARY ***
Total pot $0.60 | Rake $0 
Seat 1: Luffy V (button) folded before Flop (didn't bet)
Seat 2: colomo1 (small blind) folded before Flop
Seat 3: GlebanuZZ (big blind) collected ($0.60)
Seat 4: Hakkai10 folded before Flop (didn't bet)
Seat 5: pokking876 folded before Flop (didn't bet)
Seat 6: Mahu2021 folded before Flop (didn't bet)



PokerStars Zoom Hand #253789676789:  Hold'em No Limit ($0.05/$0.10) - 2024/12/10 15:32:24 CET [2024/12/10 9:32:24 ET]
Table 'Aludra' 6-max Seat #1 is the button
Seat 1: killerita67 ($10.33 in chips) 
Seat 2: vliegje1973 ($4.65 in chips) 
Seat 3: Mangostar28 ($12.65 in chips) 
Seat 4: Mahu2021 ($10.65 in chips) 
Seat 5: Delpech666 ($21.11 in chips) 
Seat 6: grymmerbob ($21.85 in chips) 
vliegje1973: posts small blind $0.05
Mangostar28: posts big blind $0.10
*** HOLE CARDS ***
Dealt to Mahu2021 [5d 8h]
Mahu2021: folds 
Delpech666: folds 
grymmerbob: folds 
killerita67: folds 
vliegje1973: raises $0.30 to $0.40
Mangostar28: calls $0.30
*** FLOP *** [9s Kd Qs]
vliegje1973: bets $0.76
Mangostar28: folds 
Uncalled bet ($0.76) returned to vliegje1973
vliegje1973 collected $0.76 from pot
vliegje1973: doesn't show hand 
*** SUMMARY ***
Total pot $0.80 | Rake $0.04 
Board [9s Kd Qs]
Seat 1: killerita67 (button) folded before Flop (didn't bet)
Seat 2: vliegje1973 (small blind) collected ($0.76)
Seat 3: Mangostar28 (big blind) folded on the Flop
Seat 4: Mahu2021 folded before Flop (didn't bet)
Seat 5: Delpech666 folded before Flop (didn't bet)
Seat 6: grymmerbob folded before Flop (didn't bet)



PokerStars Zoom Hand #253789676094:  Hold'em No Limit ($0.05/$0.10) - 2024/12/10 15:32:20 CET [2024/12/10 9:32:20 ET]
Table 'Aludra' 6-max Seat #1 is the button
Seat 1: grymmerbob ($21.85 in chips) 
Seat 2: Hakkai10 ($16.80 in chips) 
Seat 3: Luffy V ($10.28 in chips) 
Seat 4: JAntdog ($10 in chips) 
Seat 5: Mahu2021 ($10.65 in chips) 
Seat 6: KRSofM ($7.97 in chips) 
Hakkai10: posts small blind $0.05
Luffy V: posts big blind $0.10
*** HOLE CARDS ***
Dealt to Mahu2021 [4d 5c]
JAntdog: folds 
Mahu2021: folds 
KRSofM: raises $0.15 to $0.25
grymmerbob: folds 
Hakkai10: calls $0.20
Luffy V: raises $1.25 to $1.50
KRSofM: folds 
Hakkai10: folds 
Uncalled bet ($1.25) returned to Luffy V
Luffy V collected $0.75 from pot
Luffy V: doesn't show hand 
*** SUMMARY ***
Total pot $0.75 | Rake $0 
Seat 1: grymmerbob (button) folded before Flop (didn't bet)
Seat 2: Hakkai10 (small blind) folded before Flop
Seat 3: Luffy V (big blind) collected ($0.75)
Seat 4: JAntdog folded before Flop (didn't bet)
Seat 5: Mahu2021 folded before Flop (didn't bet)
Seat 6: KRSofM folded before Flop



PokerStars Zoom Hand #253789682451:  Hold'em No Limit ($0.05/$0.10) - 2024/12/10 15:32:57 CET [2024/12/10 9:32:57 ET]
Table 'Aludra' 6-max Seat #1 is the button
Seat 1: Mahu2021 ($10.55 in chips) 
Seat 2: mathiasfiske ($23.92 in chips) 
Seat 3: Toshi999777 ($11.53 in chips) 
Seat 4: Delpech666 ($21.11 in chips) 
Seat 5: lordx777 ($12.22 in chips) 
Seat 6: JAntdog ($10.15 in chips) 
mathiasfiske: posts small blind $0.05
Toshi999777: posts big blind $0.10
*** HOLE CARDS ***
Dealt to Mahu2021 [6s 5c]
Delpech666: folds 
lordx777: folds 
JAntdog: raises $0.15 to $0.25
Mahu2021: folds 
mathiasfiske: folds 
Toshi999777: folds 
Uncalled bet ($0.15) returned to JAntdog
JAntdog collected $0.25 from pot
JAntdog: doesn't show hand 
*** SUMMARY ***
Total pot $0.25 | Rake $0 
Seat 1: Mahu2021 (button) folded before Flop (didn't bet)
Seat 2: mathiasfiske (small blind) folded before Flop
Seat 3: Toshi999777 (big blind) folded before Flop
Seat 4: Delpech666 folded before Flop (didn't bet)
Seat 5: lordx777 folded before Flop (didn't bet)
Seat 6: JAntdog collected ($0.25)



PokerStars Zoom Hand #253789683278:  Hold'em No Limit ($0.05/$0.10) - 2024/12/10 15:33:02 CET [2024/12/10 9:33:02 ET]
Table 'Aludra' 6-max Seat #1 is the button
Seat 1: pokerzoom15 ($10 in chips) 
Seat 2: zinluz ($9.27 in chips) 
Seat 3: KRSofM ($11.57 in chips) 
Seat 4: tigerfarm ($10.47 in chips) 
Seat 5: KimJaeCheol ($24.04 in chips) 
Seat 6: Mahu2021 ($10.55 in chips) 
zinluz: posts small blind $0.05
KRSofM: posts big blind $0.10
*** HOLE CARDS ***
Dealt to Mahu2021 [Td 3d]
tigerfarm: folds 
KimJaeCheol: folds 
Mahu2021: folds 
pokerzoom15: folds 
zinluz: raises $0.12 to $0.22
KRSofM: folds 
Uncalled bet ($0.12) returned to zinluz
zinluz collected $0.20 from pot
zinluz: doesn't show hand 
*** SUMMARY ***
Total pot $0.20 | Rake $0 
Seat 1: pokerzoom15 (button) folded before Flop (didn't bet)
Seat 2: zinluz (small blind) collected ($0.20)
Seat 3: KRSofM (big blind) folded before Flop
Seat 4: tigerfarm folded before Flop (didn't bet)
Seat 5: KimJaeCheol folded before Flop (didn't bet)
Seat 6: Mahu2021 folded before Flop (didn't bet)



PokerStars Zoom Hand #253789677440:  Hold'em No Limit ($0.05/$0.10) - 2024/12/10 15:32:28 CET [2024/12/10 9:32:28 ET]
Table 'Aludra' 6-max Seat #1 is the button
Seat 1: Rgilotti7 ($16.87 in chips) 
Seat 2: Mahu2021 ($10.65 in chips) 
Seat 3: killerita67 ($10.33 in chips) 
Seat 4: t-petridis ($9.92 in chips) 
Seat 5: pokking876 ($14.30 in chips) 
Seat 6: dragon ma523 ($9.28 in chips) 
Mahu2021: posts small blind $0.05
killerita67: posts big blind $0.10
*** HOLE CARDS ***
Dealt to Mahu2021 [Ts Kh]
t-petridis: calls $0.10
pokking876 has timed out
pokking876: folds 
dragon ma523: calls $0.10
Rgilotti7: folds 
Mahu2021: calls $0.05
killerita67: checks 
*** FLOP *** [3d 7s 4d]
Mahu2021: checks 
killerita67: checks 
t-petridis: checks 
dragon ma523: bets $0.20
Mahu2021: folds 
killerita67: calls $0.20
t-petridis: folds 
*** TURN *** [3d 7s 4d] [7c]
killerita67: checks 
dragon ma523: checks 
*** RIVER *** [3d 7s 4d 7c] [7h]
killerita67: checks 
dragon ma523: bets $0.30
killerita67: folds 
Uncalled bet ($0.30) returned to dragon ma523
dragon ma523 collected $0.76 from pot
dragon ma523: doesn't show hand 
*** SUMMARY ***
Total pot $0.80 | Rake $0.04 
Board [3d 7s 4d 7c 7h]
Seat 1: Rgilotti7 (button) folded before Flop (didn't bet)
Seat 2: Mahu2021 (small blind) folded on the Flop
Seat 3: killerita67 (big blind) folded on the River
Seat 4: t-petridis folded on the Flop
Seat 5: pokking876 folded before Flop (didn't bet)
Seat 6: dragon ma523 collected ($0.76)



PokerStars Zoom Hand #253789683903:  Hold'em No Limit ($0.05/$0.10) - 2024/12/10 15:33:06 CET [2024/12/10 9:33:06 ET]
Table 'Aludra' 6-max Seat #1 is the button
Seat 1: putzkedudu ($10 in chips) 
Seat 2: tigerfarm ($10.47 in chips) 
Seat 3: Mahu2021 ($10.55 in chips) 
Seat 4: cOOlb3n ($39.09 in chips) 
Seat 5: shwozzer ($18.16 in chips) 
Seat 6: grymmerbob ($10.89 in chips) 
tigerfarm: posts small blind $0.05
Mahu2021: posts big blind $0.10
*** HOLE CARDS ***
Dealt to Mahu2021 [Td 9c]
cOOlb3n: folds 
shwozzer: folds 
grymmerbob has timed out
grymmerbob: folds 
putzkedudu: raises $0.15 to $0.25
tigerfarm: folds 
Mahu2021: folds 
Uncalled bet ($0.15) returned to putzkedudu
putzkedudu collected $0.25 from pot
putzkedudu: doesn't show hand 
*** SUMMARY ***
Total pot $0.25 | Rake $0 
Seat 1: putzkedudu (button) collected ($0.25)
Seat 2: tigerfarm (small blind) folded before Flop
Seat 3: Mahu2021 (big blind) folded before Flop
Seat 4: cOOlb3n folded before Flop (didn't bet)
Seat 5: shwozzer folded before Flop (didn't bet)
Seat 6: grymmerbob folded before Flop (didn't bet)



PokerStars Zoom Hand #253789688289:  Hold'em No Limit ($0.05/$0.10) - 2024/12/10 15:33:31 CET [2024/12/10 9:33:31 ET]
Table 'Aludra' 6-max Seat #1 is the button
Seat 1: Mahu2021 ($10.45 in chips) 
Seat 2: mathiasfiske ($23.77 in chips) 
Seat 3: hello1432 ($10.08 in chips) 
Seat 4: Mangostar28 ($12.15 in chips) 
Seat 5: putzkedudu ($11.65 in chips) 
Seat 6: Luffy V ($10.34 in chips) 
mathiasfiske: posts small blind $0.05
hello1432: posts big blind $0.10
*** HOLE CARDS ***
Dealt to Mahu2021 [6d 4h]
Mangostar28: folds 
putzkedudu: raises $0.10 to $0.20
Luffy V: folds 
Mahu2021: folds 
mathiasfiske: folds 
hello1432: folds 
Uncalled bet ($0.10) returned to putzkedudu
putzkedudu collected $0.25 from pot
putzkedudu: doesn't show hand 
*** SUMMARY ***
Total pot $0.25 | Rake $0 
Seat 1: Mahu2021 (button) folded before Flop (didn't bet)
Seat 2: mathiasfiske (small blind) folded before Flop
Seat 3: hello1432 (big blind) folded before Flop
Seat 4: Mangostar28 folded before Flop (didn't bet)
Seat 5: putzkedudu collected ($0.25)
Seat 6: Luffy V folded before Flop (didn't bet)



PokerStars Zoom Hand #253789688960:  Hold'em No Limit ($0.05/$0.10) - 2024/12/10 15:33:35 CET [2024/12/10 9:33:35 ET]
Table 'Aludra' 6-max Seat #1 is the button
Seat 1: Luffy V ($14.93 in chips) 
Seat 2: dusk02 ($11.15 in chips) 
Seat 3: lordx777 ($12.91 in chips) 
Seat 4: KRSofM ($17.35 in chips) 
Seat 5: xhmikost2 ($38.21 in chips) 
Seat 6: Mahu2021 ($10.45 in chips) 
dusk02: posts small blind $0.05
lordx777: posts big blind $0.10
*** HOLE CARDS ***
Dealt to Mahu2021 [Jc As]
KRSofM: folds 
xhmikost2: folds 
Mahu2021: raises $0.20 to $0.30
Luffy V: folds 
dusk02: folds 
lordx777: folds 
Uncalled bet ($0.20) returned to Mahu2021
Mahu2021 collected $0.25 from pot
Mahu2021: doesn't show hand 
*** SUMMARY ***
Total pot $0.25 | Rake $0 
Seat 1: Luffy V (button) folded before Flop (didn't bet)
Seat 2: dusk02 (small blind) folded before Flop
Seat 3: lordx777 (big blind) folded before Flop
Seat 4: KRSofM folded before Flop (didn't bet)
Seat 5: xhmikost2 folded before Flop (didn't bet)
Seat 6: Mahu2021 collected ($0.25)



PokerStars Zoom Hand #253789694799:  Hold'em No Limit ($0.05/$0.10) - 2024/12/10 15:34:08 CET [2024/12/10 9:34:08 ET]
Table 'Aludra' 6-max Seat #1 is the button
Seat 1: putzkedudu ($15.30 in chips) 
Seat 2: dodgydan68 ($14.29 in chips) 
Seat 3: KimJaeCheol ($22.58 in chips) 
Seat 4: mathiasfiske ($11.58 in chips) 
Seat 5: Mahu2021 ($10.55 in chips) 
Seat 6: Hakkai10 ($27 in chips) 
dodgydan68: posts small blind $0.05
KimJaeCheol: posts big blind $0.10
*** HOLE CARDS ***
Dealt to Mahu2021 [8s 9c]
mathiasfiske: folds 
Mahu2021: folds 
Hakkai10: folds 
putzkedudu: folds 
dodgydan68: folds 
Uncalled bet ($0.05) returned to KimJaeCheol
KimJaeCheol collected $0.10 from pot
KimJaeCheol: doesn't show hand 
*** SUMMARY ***
Total pot $0.10 | Rake $0 
Seat 1: putzkedudu (button) folded before Flop (didn't bet)
Seat 2: dodgydan68 (small blind) folded before Flop
Seat 3: KimJaeCheol (big blind) collected ($0.10)
Seat 4: mathiasfiske folded before Flop (didn't bet)
Seat 5: Mahu2021 folded before Flop (didn't bet)
Seat 6: Hakkai10 folded before Flop (didn't bet)



PokerStars Zoom Hand #253789695410:  Hold'em No Limit ($0.05/$0.10) - 2024/12/10 15:34:12 CET [2024/12/10 9:34:12 ET]
Table 'Aludra' 6-max Seat #1 is the button
Seat 1: bihisello ($8.83 in chips) 
Seat 2: JAntdog ($11.36 in chips) 
Seat 3: Mahu2021 ($10.55 in chips) 
Seat 4: charlesws25 ($20.24 in chips) 
Seat 5: mlange ($1.19 in chips) 
Seat 6: hello1432 ($22.99 in chips) 
JAntdog: posts small blind $0.05
Mahu2021: posts big blind $0.10
*** HOLE CARDS ***
Dealt to Mahu2021 [2c 5c]
charlesws25: folds 
mlange: folds 
hello1432: raises $0.20 to $0.30
bihisello: folds 
JAntdog: folds 
Mahu2021: folds 
Uncalled bet ($0.20) returned to hello1432
hello1432 collected $0.25 from pot
hello1432: doesn't show hand 
*** SUMMARY ***
Total pot $0.25 | Rake $0 
Seat 1: bihisello (button) folded before Flop (didn't bet)
Seat 2: JAntdog (small blind) folded before Flop
Seat 3: Mahu2021 (big blind) folded before Flop
Seat 4: charlesws25 folded before Flop (didn't bet)
Seat 5: mlange folded before Flop (didn't bet)
Seat 6: hello1432 collected ($0.25)



PokerStars Zoom Hand #253789696855:  Hold'em No Limit ($0.05/$0.10) - 2024/12/10 15:34:20 CET [2024/12/10 9:34:20 ET]
Table 'Aludra' 6-max Seat #1 is the button
Seat 1: honEybOOx ($12.62 in chips) 
Seat 2: Mahu2021 ($10.45 in chips) 
Seat 3: GlebanuZZ ($15.69 in chips) 
Seat 4: tigerfarm ($11.91 in chips) 
Seat 5: Delpech666 ($22.87 in chips) 
Seat 6: Deox666 ($10 in chips) 
Mahu2021: posts small blind $0.05
GlebanuZZ: posts big blind $0.10
*** HOLE CARDS ***
Dealt to Mahu2021 [Ad 2c]
tigerfarm: folds 
Delpech666: folds 
Deox666: folds 
honEybOOx: folds 
Mahu2021: folds 
Uncalled bet ($0.05) returned to GlebanuZZ
GlebanuZZ collected $0.10 from pot
GlebanuZZ: doesn't show hand 
*** SUMMARY ***
Total pot $0.10 | Rake $0 
Seat 1: honEybOOx (button) folded before Flop (didn't bet)
Seat 2: Mahu2021 (small blind) folded before Flop
Seat 3: GlebanuZZ (big blind) collected ($0.10)
Seat 4: tigerfarm folded before Flop (didn't bet)
Seat 5: Delpech666 folded before Flop (didn't bet)
Seat 6: Deox666 folded before Flop (didn't bet)



PokerStars Zoom Hand #253789697589:  Hold'em No Limit ($0.05/$0.10) - 2024/12/10 15:34:24 CET [2024/12/10 9:34:24 ET]
Table 'Aludra' 6-max Seat #1 is the button
Seat 1: lordx777 ($10.27 in chips) 
Seat 2: tigerfarm ($11.91 in chips) 
Seat 3: charlesws25 ($28.36 in chips) 
Seat 4: Joua007 ($10 in chips) 
Seat 5: KimJaeCheol ($13.65 in chips) 
Seat 6: Mahu2021 ($10.40 in chips) 
tigerfarm: posts small blind $0.05
charlesws25: posts big blind $0.10
*** HOLE CARDS ***
Dealt to Mahu2021 [6c 2s]
Joua007: folds 
KimJaeCheol: folds 
Mahu2021: folds 
lordx777: folds 
tigerfarm: folds 
Uncalled bet ($0.05) returned to charlesws25
charlesws25 collected $0.10 from pot
charlesws25: doesn't show hand 
*** SUMMARY ***
Total pot $0.10 | Rake $0 
Seat 1: lordx777 (button) folded before Flop (didn't bet)
Seat 2: tigerfarm (small blind) folded before Flop
Seat 3: charlesws25 (big blind) collected ($0.10)
Seat 4: Joua007 folded before Flop (didn't bet)
Seat 5: KimJaeCheol folded before Flop (didn't bet)
Seat 6: Mahu2021 folded before Flop (didn't bet)



PokerStars Zoom Hand #253789694075:  Hold'em No Limit ($0.05/$0.10) - 2024/12/10 15:34:04 CET [2024/12/10 9:34:04 ET]
Table 'Aludra' 6-max Seat #1 is the button
Seat 1: Luffy V ($14.88 in chips) 
Seat 2: GlebanuZZ ($19.20 in chips) 
Seat 3: killerita67 ($10.03 in chips) 
Seat 4: 25759marafon ($4.02 in chips) 
Seat 5: Mahu2021 ($10.55 in chips) 
Seat 6: pokking876 ($14 in chips) 
GlebanuZZ: posts small blind $0.05
killerita67: posts big blind $0.10
*** HOLE CARDS ***
Dealt to Mahu2021 [9d 2c]
25759marafon: folds 
Mahu2021: folds 
pokking876: folds 
Luffy V: folds 
GlebanuZZ: raises $0.20 to $0.30
killerita67: calls $0.20
*** FLOP *** [Js Ks 3d]
GlebanuZZ: checks 
killerita67: bets $0.27
GlebanuZZ: folds 
Uncalled bet ($0.27) returned to killerita67
killerita67 collected $0.57 from pot
killerita67: doesn't show hand 
*** SUMMARY ***
Total pot $0.60 | Rake $0.03 
Board [Js Ks 3d]
Seat 1: Luffy V (button) folded before Flop (didn't bet)
Seat 2: GlebanuZZ (small blind) folded on the Flop
Seat 3: killerita67 (big blind) collected ($0.57)
Seat 4: 25759marafon folded before Flop (didn't bet)
Seat 5: Mahu2021 folded before Flop (didn't bet)
Seat 6: pokking876 folded before Flop (didn't bet)



PokerStars Zoom Hand #253789698309:  Hold'em No Limit ($0.05/$0.10) - 2024/12/10 15:34:28 CET [2024/12/10 9:34:28 ET]
Table 'Aludra' 6-max Seat #1 is the button
Seat 1: KimJaeCheol ($13.65 in chips) 
Seat 2: pokerzoom15 ($11.60 in chips) 
Seat 3: bihisello ($8.83 in chips) 
Seat 4: Mahu2021 ($10.40 in chips) 
Seat 5: Deox666 ($10 in chips) 
Seat 6: Kretschmeister ($13.98 in chips) 
pokerzoom15: posts small blind $0.05
bihisello: posts big blind $0.10
*** HOLE CARDS ***
Dealt to Mahu2021 [8c 9h]
Mahu2021: folds 
Deox666: folds 
Kretschmeister: folds 
KimJaeCheol: raises $0.15 to $0.25
pokerzoom15: raises $0.75 to $1
bihisello: folds 
KimJaeCheol: folds 
Uncalled bet ($0.75) returned to pokerzoom15
pokerzoom15 collected $0.60 from pot
pokerzoom15: doesn't show hand 
*** SUMMARY ***
Total pot $0.60 | Rake $0 
Seat 1: KimJaeCheol (button) folded before Flop
Seat 2: pokerzoom15 (small blind) collected ($0.60)
Seat 3: bihisello (big blind) folded before Flop
Seat 4: Mahu2021 folded before Flop (didn't bet)
Seat 5: Deox666 folded before Flop (didn't bet)
Seat 6: Kretschmeister folded before Flop (didn't bet)



PokerStars Zoom Hand #253789691664:  Hold'em No Limit ($0.05/$0.10) - 2024/12/10 15:33:50 CET [2024/12/10 9:33:50 ET]
Table 'Aludra' 6-max Seat #1 is the button
Seat 1: xbengi ($16.46 in chips) 
Seat 2: Mahu2021 ($10.60 in chips) 
Seat 3: xhmikost2 ($38.21 in chips) 
Seat 4: KimJaeCheol ($10.20 in chips) 
Seat 5: pro888888 ($16.17 in chips) 
Seat 6: VPIPOver9000 ($10 in chips) 
Mahu2021: posts small blind $0.05
xhmikost2: posts big blind $0.10
*** HOLE CARDS ***
Dealt to Mahu2021 [7d As]
KimJaeCheol: folds 
pro888888: raises $0.25 to $0.35
VPIPOver9000: raises $0.65 to $1
xbengi: folds 
Mahu2021: folds 
xhmikost2: folds 
pro888888: calls $0.65
*** FLOP *** [Ad 2s 4s]
pro888888: checks 
VPIPOver9000: bets $0.62
pro888888: calls $0.62
*** TURN *** [Ad 2s 4s] [Qd]
pro888888: checks 
VPIPOver9000: checks 
*** RIVER *** [Ad 2s 4s Qd] [2d]
pro888888: bets $1.70
VPIPOver9000: calls $1.70
*** SHOW DOWN ***
pro888888: shows [Td Ts] (two pair, Tens and Deuces)
VPIPOver9000: shows [Ks Kc] (two pair, Kings and Deuces)
VPIPOver9000 collected $6.48 from pot
*** SUMMARY ***
Total pot $6.79 | Rake $0.31 
Board [Ad 2s 4s Qd 2d]
Seat 1: xbengi (button) folded before Flop (didn't bet)
Seat 2: Mahu2021 (small blind) folded before Flop
Seat 3: xhmikost2 (big blind) folded before Flop
Seat 4: KimJaeCheol folded before Flop (didn't bet)
Seat 5: pro888888 showed [Td Ts] and lost with two pair, Tens and Deuces
Seat 6: VPIPOver9000 showed [Ks Kc] and won ($6.48) with two pair, Kings and Deuces



PokerStars Zoom Hand #253789699925:  Hold'em No Limit ($0.05/$0.10) - 2024/12/10 15:34:38 CET [2024/12/10 9:34:38 ET]
Table 'Aludra' 6-max Seat #1 is the button
Seat 1: misterdenister ($11.86 in chips) 
Seat 2: killerita67 ($10.30 in chips) 
Seat 3: Delpech666 ($22.87 in chips) 
Seat 4: Mahu2021 ($10.40 in chips) 
Seat 5: Smeta8810 ($12.02 in chips) 
Seat 6: GlebanuZZ ($18.90 in chips) 
killerita67: posts small blind $0.05
Delpech666: posts big blind $0.10
*** HOLE CARDS ***
Dealt to Mahu2021 [Qs 8d]
Mahu2021: folds 
Smeta8810: folds 
GlebanuZZ: folds 
misterdenister: folds 
killerita67: folds 
Uncalled bet ($0.05) returned to Delpech666
Delpech666 collected $0.10 from pot
Delpech666: doesn't show hand 
*** SUMMARY ***
Total pot $0.10 | Rake $0 
Seat 1: misterdenister (button) folded before Flop (didn't bet)
Seat 2: killerita67 (small blind) folded before Flop
Seat 3: Delpech666 (big blind) collected ($0.10)
Seat 4: Mahu2021 folded before Flop (didn't bet)
Seat 5: Smeta8810 folded before Flop (didn't bet)
Seat 6: GlebanuZZ folded before Flop (didn't bet)



PokerStars Zoom Hand #253789700514:  Hold'em No Limit ($0.05/$0.10) - 2024/12/10 15:34:41 CET [2024/12/10 9:34:41 ET]
Table 'Aludra' 6-max Seat #1 is the button
Seat 1: grymmerbob ($21.09 in chips) 
Seat 2: GlebanuZZ ($18.90 in chips) 
Seat 3: Mahu2021 ($10.40 in chips) 
Seat 4: acebob999 ($9.24 in chips) 
Seat 5: VPIPOver9000 ($7.99 in chips) 
Seat 6: Luffy V ($10 in chips) 
GlebanuZZ: posts small blind $0.05
Mahu2021: posts big blind $0.10
*** HOLE CARDS ***
Dealt to Mahu2021 [Td 2c]
acebob999: folds 
VPIPOver9000: folds 
Luffy V: folds 
grymmerbob: folds 
GlebanuZZ: raises $0.20 to $0.30
Mahu2021: folds 
Uncalled bet ($0.20) returned to GlebanuZZ
GlebanuZZ collected $0.20 from pot
GlebanuZZ: doesn't show hand 
*** SUMMARY ***
Total pot $0.20 | Rake $0 
Seat 1: grymmerbob (button) folded before Flop (didn't bet)
Seat 2: GlebanuZZ (small blind) collected ($0.20)
Seat 3: Mahu2021 (big blind) folded before Flop
Seat 4: acebob999 folded before Flop (didn't bet)
Seat 5: VPIPOver9000 folded before Flop (didn't bet)
Seat 6: Luffy V folded before Flop (didn't bet)



PokerStars Zoom Hand #253789702783:  Hold'em No Limit ($0.05/$0.10) - 2024/12/10 15:34:54 CET [2024/12/10 9:34:54 ET]
Table 'Aludra' 6-max Seat #1 is the button
Seat 1: Ben1499 ($9.73 in chips) 
Seat 2: GlebanuZZ ($15.74 in chips) 
Seat 3: Delpech666 ($23.05 in chips) 
Seat 4: Mahu2021 ($10.30 in chips) 
Seat 5: bihisello ($8.88 in chips) 
Seat 6: pokerzoom15 ($11.85 in chips) 
GlebanuZZ: posts small blind $0.05
Delpech666: posts big blind $0.10
*** HOLE CARDS ***
Dealt to Mahu2021 [Ad 4c]
Mahu2021: folds 
bihisello: folds 
pokerzoom15: folds 
Ben1499: folds 
GlebanuZZ: raises $0.20 to $0.30
Delpech666: folds 
Uncalled bet ($0.20) returned to GlebanuZZ
GlebanuZZ collected $0.20 from pot
GlebanuZZ: doesn't show hand 
*** SUMMARY ***
Total pot $0.20 | Rake $0 
Seat 1: Ben1499 (button) folded before Flop (didn't bet)
Seat 2: GlebanuZZ (small blind) collected ($0.20)
Seat 3: Delpech666 (big blind) folded before Flop
Seat 4: Mahu2021 folded before Flop (didn't bet)
Seat 5: bihisello folded before Flop (didn't bet)
Seat 6: pokerzoom15 folded before Flop (didn't bet)



PokerStars Zoom Hand #253789699350:  Hold'em No Limit ($0.05/$0.10) - 2024/12/10 15:34:34 CET [2024/12/10 9:34:34 ET]
Table 'Aludra' 6-max Seat #1 is the button
Seat 1: Mahu2021 ($10.40 in chips) 
Seat 2: putzkedudu ($10.43 in chips) 
Seat 3: JAntdog ($10 in chips) 
Seat 4: GlebanuZZ ($10.40 in chips) 
Seat 5: scouseman101 ($11.33 in chips) 
Seat 6: misterdenister ($11.86 in chips) 
putzkedudu: posts small blind $0.05
JAntdog: posts big blind $0.10
*** HOLE CARDS ***
Dealt to Mahu2021 [5d 9s]
GlebanuZZ: folds 
scouseman101: raises $0.10 to $0.20
misterdenister: folds 
Mahu2021: folds 
putzkedudu: folds 
JAntdog: raises $0.80 to $1
scouseman101: folds 
Uncalled bet ($0.80) returned to JAntdog
JAntdog collected $0.45 from pot
JAntdog: doesn't show hand 
*** SUMMARY ***
Total pot $0.45 | Rake $0 
Seat 1: Mahu2021 (button) folded before Flop (didn't bet)
Seat 2: putzkedudu (small blind) folded before Flop
Seat 3: JAntdog (big blind) collected ($0.45)
Seat 4: GlebanuZZ folded before Flop (didn't bet)
Seat 5: scouseman101 folded before Flop
Seat 6: misterdenister folded before Flop (didn't bet)



PokerStars Zoom Hand #253789703485:  Hold'em No Limit ($0.05/$0.10) - 2024/12/10 15:34:58 CET [2024/12/10 9:34:58 ET]
Table 'Aludra' 6-max Seat #1 is the button
Seat 1: Smeta8810 ($12.02 in chips) 
Seat 2: Mahu2021 ($10.30 in chips) 
Seat 3: zinluz ($7.81 in chips) 
Seat 4: pokerzoom15 ($11.85 in chips) 
Seat 5: charlesws25 ($28.51 in chips) 
Seat 6: hgondorf268 ($9.85 in chips) 
Mahu2021: posts small blind $0.05
zinluz: posts big blind $0.10
*** HOLE CARDS ***
Dealt to Mahu2021 [As Jc]
pokerzoom15: folds 
charlesws25: folds 
hgondorf268: raises $0.20 to $0.30
Smeta8810: folds 
Mahu2021: calls $0.25
zinluz: folds 
*** FLOP *** [7c Ad 2c]
Mahu2021: checks 
hgondorf268: bets $0.34
Mahu2021: calls $0.34
*** TURN *** [7c Ad 2c] [8s]
Mahu2021: checks 
hgondorf268: bets $1.32
Mahu2021: calls $1.32
*** RIVER *** [7c Ad 2c 8s] [6h]
Mahu2021: checks 
hgondorf268: bets $3.84
Mahu2021: calls $3.84
*** SHOW DOWN ***
hgondorf268: shows [5c Kc] (high card Ace)
Mahu2021: shows [As Jc] (a pair of Aces)
Mahu2021 collected $11.17 from pot
*** SUMMARY ***
Total pot $11.70 | Rake $0.53 
Board [7c Ad 2c 8s 6h]
Seat 1: Smeta8810 (button) folded before Flop (didn't bet)
Seat 2: Mahu2021 (small blind) showed [As Jc] and won ($11.17) with a pair of Aces
Seat 3: zinluz (big blind) folded before Flop
Seat 4: pokerzoom15 folded before Flop (didn't bet)
Seat 5: charlesws25 folded before Flop (didn't bet)
Seat 6: hgondorf268 showed [5c Kc] and lost with high card Ace



PokerStars Zoom Hand #253789709023:  Hold'em No Limit ($0.05/$0.10) - 2024/12/10 15:35:30 CET [2024/12/10 9:35:30 ET]
Table 'Aludra' 6-max Seat #1 is the button
Seat 1: vadimstryha ($11.81 in chips) 
Seat 2: Delpech666 ($14.46 in chips) 
Seat 3: hello1432 ($17.62 in chips) 
Seat 4: KimJaeCheol ($13.85 in chips) 
Seat 5: mlange ($1.09 in chips) 
Seat 6: Mahu2021 ($15.67 in chips) 
Delpech666: posts small blind $0.05
hello1432: posts big blind $0.10
*** HOLE CARDS ***
Dealt to Mahu2021 [7h Td]
KimJaeCheol: raises $0.10 to $0.20
mlange: folds 
Mahu2021: folds 
vadimstryha: folds 
Delpech666: folds 
hello1432: folds 
Uncalled bet ($0.10) returned to KimJaeCheol
KimJaeCheol collected $0.25 from pot
KimJaeCheol: doesn't show hand 
*** SUMMARY ***
Total pot $0.25 | Rake $0 
Seat 1: vadimstryha (button) folded before Flop (didn't bet)
Seat 2: Delpech666 (small blind) folded before Flop
Seat 3: hello1432 (big blind) folded before Flop
Seat 4: KimJaeCheol collected ($0.25)
Seat 5: mlange folded before Flop (didn't bet)
Seat 6: Mahu2021 folded before Flop (didn't bet)



