PokerStars Hand #253313935899: Tournament #3821471470, $1.84+$0.16 USD Hold'em No Limit - Level I (10/20) - 2024/11/08 20:27:01 CET [2024/11/08 14:27:01 ET]
Table '3821471470 1' 3-max Seat #1 is the button
Seat 1: Tieman01 (500 in chips) 
Seat 2: hega (500 in chips) 
Seat 3: Mahu2021 (500 in chips) 
hega: posts small blind 10
Mahu2021: posts big blind 20
*** HOLE CARDS ***
Dealt to Mahu2021 [Qd 3s]
Tieman01: folds 
hega: folds 
Uncalled bet (10) returned to Mahu2021
Mahu2021 collected 20 from pot
Mahu2021: doesn't show hand 
*** SUMMARY ***
Total pot 20 | Rake 0 
Seat 1: Tieman01 (button) folded before Flop (didn't bet)
Seat 2: hega (small blind) folded before Flop
Seat 3: Mahu2021 (big blind) collected (20)



PokerStars Hand #253313937292: Tournament #3821471470, $1.84+$0.16 USD Hold'em No Limit - Level I (10/20) - 2024/11/08 20:27:06 CET [2024/11/08 14:27:06 ET]
Table '3821471470 1' 3-max Seat #2 is the button
Seat 1: Tieman01 (500 in chips) 
Seat 2: hega (490 in chips) 
Seat 3: Mahu2021 (510 in chips) 
Mahu2021: posts small blind 10
Tieman01: posts big blind 20
*** HOLE CARDS ***
Dealt to Mahu2021 [3h 6d]
hega: raises 60 to 80
Mahu2021: folds 
Tieman01: folds 
Uncalled bet (60) returned to hega
hega collected 50 from pot
hega: doesn't show hand 
*** SUMMARY ***
Total pot 50 | Rake 0 
Seat 1: Tieman01 (big blind) folded before Flop
Seat 2: hega (button) collected (50)
Seat 3: Mahu2021 (small blind) folded before Flop



PokerStars Hand #253313939054: Tournament #3821471470, $1.84+$0.16 USD Hold'em No Limit - Level I (10/20) - 2024/11/08 20:27:13 CET [2024/11/08 14:27:13 ET]
Table '3821471470 1' 3-max Seat #3 is the button
Seat 1: Tieman01 (480 in chips) 
Seat 2: hega (520 in chips) 
Seat 3: Mahu2021 (500 in chips) 
Tieman01: posts small blind 10
hega: posts big blind 20
*** HOLE CARDS ***
Dealt to Mahu2021 [7d Tc]
Mahu2021: folds 
Tieman01: raises 30 to 50
hega: folds 
Uncalled bet (30) returned to Tieman01
Tieman01 collected 40 from pot
Tieman01: doesn't show hand 
*** SUMMARY ***
Total pot 40 | Rake 0 
Seat 1: Tieman01 (small blind) collected (40)
Seat 2: hega (big blind) folded before Flop
Seat 3: Mahu2021 (button) folded before Flop (didn't bet)



PokerStars Hand #253313943148: Tournament #3821471470, $1.84+$0.16 USD Hold'em No Limit - Level I (10/20) - 2024/11/08 20:27:27 CET [2024/11/08 14:27:27 ET]
Table '3821471470 1' 3-max Seat #1 is the button
Seat 1: Tieman01 (500 in chips) 
Seat 2: hega (500 in chips) 
Seat 3: Mahu2021 (500 in chips) 
hega: posts small blind 10
Mahu2021: posts big blind 20
*** HOLE CARDS ***
Dealt to Mahu2021 [Ts Kd]
Tieman01: folds 
hega: raises 60 to 80
Mahu2021: calls 60
*** FLOP *** [3h 3d 2c]
hega: bets 80
Mahu2021: folds 
Uncalled bet (80) returned to hega
hega collected 160 from pot
hega: doesn't show hand 
*** SUMMARY ***
Total pot 160 | Rake 0 
Board [3h 3d 2c]
Seat 1: Tieman01 (button) folded before Flop (didn't bet)
Seat 2: hega (small blind) collected (160)
Seat 3: Mahu2021 (big blind) folded on the Flop



PokerStars Hand #253313946293: Tournament #3821471470, $1.84+$0.16 USD Hold'em No Limit - Level I (10/20) - 2024/11/08 20:27:39 CET [2024/11/08 14:27:39 ET]
Table '3821471470 1' 3-max Seat #2 is the button
Seat 1: Tieman01 (500 in chips) 
Seat 2: hega (580 in chips) 
Seat 3: Mahu2021 (420 in chips) 
Mahu2021: posts small blind 10
Tieman01: posts big blind 20
*** HOLE CARDS ***
Dealt to Mahu2021 [Ah 2s]
hega: folds 
Mahu2021: raises 20 to 40
Tieman01: calls 20
*** FLOP *** [4c Ad Qc]
Mahu2021: bets 40
Tieman01: folds 
Uncalled bet (40) returned to Mahu2021
Mahu2021 collected 80 from pot
Mahu2021: doesn't show hand 
*** SUMMARY ***
Total pot 80 | Rake 0 
Board [4c Ad Qc]
Seat 1: Tieman01 (big blind) folded on the Flop
Seat 2: hega (button) folded before Flop (didn't bet)
Seat 3: Mahu2021 (small blind) collected (80)



PokerStars Hand #253313950939: Tournament #3821471470, $1.84+$0.16 USD Hold'em No Limit - Level I (10/20) - 2024/11/08 20:27:56 CET [2024/11/08 14:27:56 ET]
Table '3821471470 1' 3-max Seat #3 is the button
Seat 1: Tieman01 (460 in chips) 
Seat 2: hega (580 in chips) 
Seat 3: Mahu2021 (460 in chips) 
Tieman01: posts small blind 10
hega: posts big blind 20
*** HOLE CARDS ***
Dealt to Mahu2021 [Tc 3d]
Mahu2021: folds 
Tieman01: raises 30 to 50
hega: calls 30
*** FLOP *** [3h 2s 2d]
Tieman01: bets 59
hega: calls 59
*** TURN *** [3h 2s 2d] [Td]
Tieman01: checks 
hega: bets 109
Tieman01: folds 
Uncalled bet (109) returned to hega
hega collected 218 from pot
hega: doesn't show hand 
*** SUMMARY ***
Total pot 218 | Rake 0 
Board [3h 2s 2d Td]
Seat 1: Tieman01 (small blind) folded on the Turn
Seat 2: hega (big blind) collected (218)
Seat 3: Mahu2021 (button) folded before Flop (didn't bet)



PokerStars Hand #253313963069: Tournament #3821471470, $1.84+$0.16 USD Hold'em No Limit - Level I (10/20) - 2024/11/08 20:28:41 CET [2024/11/08 14:28:41 ET]
Table '3821471470 1' 3-max Seat #1 is the button
Seat 1: Tieman01 (351 in chips) 
Seat 2: hega (689 in chips) 
Seat 3: Mahu2021 (460 in chips) 
hega: posts small blind 10
Mahu2021: posts big blind 20
*** HOLE CARDS ***
Dealt to Mahu2021 [Qd 9d]
Tieman01: raises 30 to 50
hega: folds 
Mahu2021: calls 30
*** FLOP *** [Qs 2s 8s]
Mahu2021: bets 410 and is all-in
Tieman01: folds 
Uncalled bet (410) returned to Mahu2021
Mahu2021 collected 110 from pot
Mahu2021: doesn't show hand 
*** SUMMARY ***
Total pot 110 | Rake 0 
Board [Qs 2s 8s]
Seat 1: Tieman01 (button) folded on the Flop
Seat 2: hega (small blind) folded before Flop
Seat 3: Mahu2021 (big blind) collected (110)



PokerStars Hand #253313966934: Tournament #3821471470, $1.84+$0.16 USD Hold'em No Limit - Level I (10/20) - 2024/11/08 20:28:55 CET [2024/11/08 14:28:55 ET]
Table '3821471470 1' 3-max Seat #2 is the button
Seat 1: Tieman01 (301 in chips) 
Seat 2: hega (679 in chips) 
Seat 3: Mahu2021 (520 in chips) 
Mahu2021: posts small blind 10
Tieman01: posts big blind 20
*** HOLE CARDS ***
Dealt to Mahu2021 [As Ac]
hega: folds 
Mahu2021: raises 500 to 520 and is all-in
Tieman01: folds 
Uncalled bet (500) returned to Mahu2021
Mahu2021 collected 40 from pot
Mahu2021: doesn't show hand 
*** SUMMARY ***
Total pot 40 | Rake 0 
Seat 1: Tieman01 (big blind) folded before Flop
Seat 2: hega (button) folded before Flop (didn't bet)
Seat 3: Mahu2021 (small blind) collected (40)



PokerStars Hand #253313969689: Tournament #3821471470, $1.84+$0.16 USD Hold'em No Limit - Level II (15/30) - 2024/11/08 20:29:06 CET [2024/11/08 14:29:06 ET]
Table '3821471470 1' 3-max Seat #3 is the button
Seat 1: Tieman01 (281 in chips) 
Seat 2: hega (679 in chips) 
Seat 3: Mahu2021 (540 in chips) 
Tieman01: posts small blind 15
hega: posts big blind 30
*** HOLE CARDS ***
Dealt to Mahu2021 [3h Jc]
Mahu2021: folds 
Tieman01: folds 
Uncalled bet (15) returned to hega
hega collected 30 from pot
hega: doesn't show hand 
*** SUMMARY ***
Total pot 30 | Rake 0 
Seat 1: Tieman01 (small blind) folded before Flop
Seat 2: hega (big blind) collected (30)
Seat 3: Mahu2021 (button) folded before Flop (didn't bet)



PokerStars Hand #253313972020: Tournament #3821471470, $1.84+$0.16 USD Hold'em No Limit - Level II (15/30) - 2024/11/08 20:29:14 CET [2024/11/08 14:29:14 ET]
Table '3821471470 1' 3-max Seat #1 is the button
Seat 1: Tieman01 (266 in chips) 
Seat 2: hega (694 in chips) 
Seat 3: Mahu2021 (540 in chips) 
hega: posts small blind 15
Mahu2021: posts big blind 30
*** HOLE CARDS ***
Dealt to Mahu2021 [Qh 5s]
Tieman01: folds 
hega: folds 
Uncalled bet (15) returned to Mahu2021
Mahu2021 collected 30 from pot
Mahu2021: doesn't show hand 
*** SUMMARY ***
Total pot 30 | Rake 0 
Seat 1: Tieman01 (button) folded before Flop (didn't bet)
Seat 2: hega (small blind) folded before Flop
Seat 3: Mahu2021 (big blind) collected (30)



PokerStars Hand #253313973364: Tournament #3821471470, $1.84+$0.16 USD Hold'em No Limit - Level II (15/30) - 2024/11/08 20:29:19 CET [2024/11/08 14:29:19 ET]
Table '3821471470 1' 3-max Seat #2 is the button
Seat 1: Tieman01 (266 in chips) 
Seat 2: hega (679 in chips) 
Seat 3: Mahu2021 (555 in chips) 
Mahu2021: posts small blind 15
Tieman01: posts big blind 30
*** HOLE CARDS ***
Dealt to Mahu2021 [3h Qc]
hega: folds 
Mahu2021: raises 30 to 60
Tieman01: calls 30
*** FLOP *** [6h 8h 9s]
Mahu2021: checks 
Tieman01: checks 
*** TURN *** [6h 8h 9s] [Th]
Mahu2021: checks 
Tieman01: bets 92
Mahu2021: folds 
Uncalled bet (92) returned to Tieman01
Tieman01 collected 120 from pot
Tieman01: doesn't show hand 
*** SUMMARY ***
Total pot 120 | Rake 0 
Board [6h 8h 9s Th]
Seat 1: Tieman01 (big blind) collected (120)
Seat 2: hega (button) folded before Flop (didn't bet)
Seat 3: Mahu2021 (small blind) folded on the Turn



PokerStars Hand #253313981955: Tournament #3821471470, $1.84+$0.16 USD Hold'em No Limit - Level II (15/30) - 2024/11/08 20:29:50 CET [2024/11/08 14:29:50 ET]
Table '3821471470 1' 3-max Seat #3 is the button
Seat 1: Tieman01 (326 in chips) 
Seat 2: hega (679 in chips) 
Seat 3: Mahu2021 (495 in chips) 
Tieman01: posts small blind 15
hega: posts big blind 30
*** HOLE CARDS ***
Dealt to Mahu2021 [Tc Td]
Mahu2021: raises 465 to 495 and is all-in
Tieman01: folds 
hega: folds 
Uncalled bet (465) returned to Mahu2021
Mahu2021 collected 75 from pot
Mahu2021: doesn't show hand 
*** SUMMARY ***
Total pot 75 | Rake 0 
Seat 1: Tieman01 (small blind) folded before Flop
Seat 2: hega (big blind) folded before Flop
Seat 3: Mahu2021 (button) collected (75)



PokerStars Hand #253313984178: Tournament #3821471470, $1.84+$0.16 USD Hold'em No Limit - Level II (15/30) - 2024/11/08 20:29:58 CET [2024/11/08 14:29:58 ET]
Table '3821471470 1' 3-max Seat #1 is the button
Seat 1: Tieman01 (311 in chips) 
Seat 2: hega (649 in chips) 
Seat 3: Mahu2021 (540 in chips) 
hega: posts small blind 15
Mahu2021: posts big blind 30
*** HOLE CARDS ***
Dealt to Mahu2021 [Td 2s]
Tieman01: folds 
hega: calls 15
Mahu2021: checks 
*** FLOP *** [6s 7s 7h]
hega: bets 60
Mahu2021: folds 
Uncalled bet (60) returned to hega
hega collected 60 from pot
hega: doesn't show hand 
*** SUMMARY ***
Total pot 60 | Rake 0 
Board [6s 7s 7h]
Seat 1: Tieman01 (button) folded before Flop (didn't bet)
Seat 2: hega (small blind) collected (60)
Seat 3: Mahu2021 (big blind) folded on the Flop



PokerStars Hand #253313987090: Tournament #3821471470, $1.84+$0.16 USD Hold'em No Limit - Level II (15/30) - 2024/11/08 20:30:09 CET [2024/11/08 14:30:09 ET]
Table '3821471470 1' 3-max Seat #2 is the button
Seat 1: Tieman01 (311 in chips) 
Seat 2: hega (679 in chips) 
Seat 3: Mahu2021 (510 in chips) 
Mahu2021: posts small blind 15
Tieman01: posts big blind 30
*** HOLE CARDS ***
Dealt to Mahu2021 [6h Th]
hega: calls 30
Mahu2021: calls 15
Tieman01: checks 
*** FLOP *** [9s 8c Kd]
Mahu2021: checks 
Tieman01: checks 
hega: bets 90
Mahu2021: folds 
Tieman01: calls 90
*** TURN *** [9s 8c Kd] [Qd]
Tieman01: checks 
hega: checks 
*** RIVER *** [9s 8c Kd Qd] [2s]
Tieman01: checks 
hega: checks 
*** SHOW DOWN ***
Tieman01: shows [Ts 9c] (a pair of Nines)
hega: mucks hand 
Tieman01 collected 270 from pot
*** SUMMARY ***
Total pot 270 | Rake 0 
Board [9s 8c Kd Qd 2s]
Seat 1: Tieman01 (big blind) showed [Ts 9c] and won (270) with a pair of Nines
Seat 2: hega (button) mucked [5c Tc]
Seat 3: Mahu2021 (small blind) folded on the Flop



PokerStars Hand #253314002542: Tournament #3821471470, $1.84+$0.16 USD Hold'em No Limit - Level III (20/40) - 2024/11/08 20:31:06 CET [2024/11/08 14:31:06 ET]
Table '3821471470 1' 3-max Seat #3 is the button
Seat 1: Tieman01 (461 in chips) 
Seat 2: hega (559 in chips) 
Seat 3: Mahu2021 (480 in chips) 
Tieman01: posts small blind 20
hega: posts big blind 40
*** HOLE CARDS ***
Dealt to Mahu2021 [3c Ts]
Mahu2021: folds 
Tieman01: folds 
Uncalled bet (20) returned to hega
hega collected 40 from pot
hega: doesn't show hand 
*** SUMMARY ***
Total pot 40 | Rake 0 
Seat 1: Tieman01 (small blind) folded before Flop
Seat 2: hega (big blind) collected (40)
Seat 3: Mahu2021 (button) folded before Flop (didn't bet)



PokerStars Hand #253314004117: Tournament #3821471470, $1.84+$0.16 USD Hold'em No Limit - Level III (20/40) - 2024/11/08 20:31:12 CET [2024/11/08 14:31:12 ET]
Table '3821471470 1' 3-max Seat #1 is the button
Seat 1: Tieman01 (441 in chips) 
Seat 2: hega (579 in chips) 
Seat 3: Mahu2021 (480 in chips) 
hega: posts small blind 20
Mahu2021: posts big blind 40
*** HOLE CARDS ***
Dealt to Mahu2021 [Qc Jh]
Tieman01: folds 
hega: folds 
Uncalled bet (20) returned to Mahu2021
Mahu2021 collected 40 from pot
Mahu2021: doesn't show hand 
*** SUMMARY ***
Total pot 40 | Rake 0 
Seat 1: Tieman01 (button) folded before Flop (didn't bet)
Seat 2: hega (small blind) folded before Flop
Seat 3: Mahu2021 (big blind) collected (40)



PokerStars Hand #253314005275: Tournament #3821471470, $1.84+$0.16 USD Hold'em No Limit - Level III (20/40) - 2024/11/08 20:31:17 CET [2024/11/08 14:31:17 ET]
Table '3821471470 1' 3-max Seat #2 is the button
Seat 1: Tieman01 (441 in chips) 
Seat 2: hega (559 in chips) 
Seat 3: Mahu2021 (500 in chips) 
Mahu2021: posts small blind 20
Tieman01: posts big blind 40
*** HOLE CARDS ***
Dealt to Mahu2021 [5d 9h]
hega: folds 
Mahu2021: folds 
Uncalled bet (20) returned to Tieman01
Tieman01 collected 40 from pot
Tieman01: doesn't show hand 
*** SUMMARY ***
Total pot 40 | Rake 0 
Seat 1: Tieman01 (big blind) collected (40)
Seat 2: hega (button) folded before Flop (didn't bet)
Seat 3: Mahu2021 (small blind) folded before Flop



PokerStars Hand #253314006650: Tournament #3821471470, $1.84+$0.16 USD Hold'em No Limit - Level III (20/40) - 2024/11/08 20:31:22 CET [2024/11/08 14:31:22 ET]
Table '3821471470 1' 3-max Seat #3 is the button
Seat 1: Tieman01 (461 in chips) 
Seat 2: hega (559 in chips) 
Seat 3: Mahu2021 (480 in chips) 
Tieman01: posts small blind 20
hega: posts big blind 40
*** HOLE CARDS ***
Dealt to Mahu2021 [3h 4d]
Mahu2021: folds 
Tieman01: raises 60 to 100
hega: calls 60
*** FLOP *** [6h 6d 3s]
Tieman01: bets 78
hega: calls 78
*** TURN *** [6h 6d 3s] [7s]
Tieman01: checks 
hega: bets 178
Tieman01: folds 
Uncalled bet (178) returned to hega
hega collected 356 from pot
hega: doesn't show hand 
*** SUMMARY ***
Total pot 356 | Rake 0 
Board [6h 6d 3s 7s]
Seat 1: Tieman01 (small blind) folded on the Turn
Seat 2: hega (big blind) collected (356)
Seat 3: Mahu2021 (button) folded before Flop (didn't bet)



PokerStars Hand #253314014585: Tournament #3821471470, $1.84+$0.16 USD Hold'em No Limit - Level III (20/40) - 2024/11/08 20:31:50 CET [2024/11/08 14:31:50 ET]
Table '3821471470 1' 3-max Seat #1 is the button
Seat 1: Tieman01 (283 in chips) 
Seat 2: hega (737 in chips) 
Seat 3: Mahu2021 (480 in chips) 
hega: posts small blind 20
Mahu2021: posts big blind 40
*** HOLE CARDS ***
Dealt to Mahu2021 [4c 9d]
Tieman01: folds 
hega: folds 
Uncalled bet (20) returned to Mahu2021
Mahu2021 collected 40 from pot
Mahu2021: doesn't show hand 
*** SUMMARY ***
Total pot 40 | Rake 0 
Seat 1: Tieman01 (button) folded before Flop (didn't bet)
Seat 2: hega (small blind) folded before Flop
Seat 3: Mahu2021 (big blind) collected (40)



PokerStars Hand #253314015964: Tournament #3821471470, $1.84+$0.16 USD Hold'em No Limit - Level III (20/40) - 2024/11/08 20:31:55 CET [2024/11/08 14:31:55 ET]
Table '3821471470 1' 3-max Seat #2 is the button
Seat 1: Tieman01 (283 in chips) 
Seat 2: hega (717 in chips) 
Seat 3: Mahu2021 (500 in chips) 
Mahu2021: posts small blind 20
Tieman01: posts big blind 40
*** HOLE CARDS ***
Dealt to Mahu2021 [6c 5c]
hega: folds 
Mahu2021: calls 20
Tieman01: raises 243 to 283 and is all-in
Mahu2021: folds 
Uncalled bet (243) returned to Tieman01
Tieman01 collected 80 from pot
Tieman01: doesn't show hand 
*** SUMMARY ***
Total pot 80 | Rake 0 
Seat 1: Tieman01 (big blind) collected (80)
Seat 2: hega (button) folded before Flop (didn't bet)
Seat 3: Mahu2021 (small blind) folded before Flop



PokerStars Hand #253314018873: Tournament #3821471470, $1.84+$0.16 USD Hold'em No Limit - Level III (20/40) - 2024/11/08 20:32:06 CET [2024/11/08 14:32:06 ET]
Table '3821471470 1' 3-max Seat #3 is the button
Seat 1: Tieman01 (323 in chips) 
Seat 2: hega (717 in chips) 
Seat 3: Mahu2021 (460 in chips) 
Tieman01: posts small blind 20
hega: posts big blind 40
*** HOLE CARDS ***
Dealt to Mahu2021 [8d 3d]
Mahu2021: folds 
Tieman01: calls 20
hega: raises 80 to 120
Tieman01: folds 
Uncalled bet (80) returned to hega
hega collected 80 from pot
hega: doesn't show hand 
*** SUMMARY ***
Total pot 80 | Rake 0 
Seat 1: Tieman01 (small blind) folded before Flop
Seat 2: hega (big blind) collected (80)
Seat 3: Mahu2021 (button) folded before Flop (didn't bet)



PokerStars Hand #253314023992: Tournament #3821471470, $1.84+$0.16 USD Hold'em No Limit - Level III (20/40) - 2024/11/08 20:32:24 CET [2024/11/08 14:32:24 ET]
Table '3821471470 1' 3-max Seat #1 is the button
Seat 1: Tieman01 (283 in chips) 
Seat 2: hega (757 in chips) 
Seat 3: Mahu2021 (460 in chips) 
hega: posts small blind 20
Mahu2021: posts big blind 40
*** HOLE CARDS ***
Dealt to Mahu2021 [Th Ks]
Tieman01: folds 
hega: calls 20
Mahu2021: raises 80 to 120
hega: calls 80
*** FLOP *** [Qh 6d 4c]
hega: checks 
Mahu2021: checks 
*** TURN *** [Qh 6d 4c] [7c]
hega: bets 120
Mahu2021: folds 
Uncalled bet (120) returned to hega
hega collected 240 from pot
hega: doesn't show hand 
*** SUMMARY ***
Total pot 240 | Rake 0 
Board [Qh 6d 4c 7c]
Seat 1: Tieman01 (button) folded before Flop (didn't bet)
Seat 2: hega (small blind) collected (240)
Seat 3: Mahu2021 (big blind) folded on the Turn



PokerStars Hand #253314029047: Tournament #3821471470, $1.84+$0.16 USD Hold'em No Limit - Level III (20/40) - 2024/11/08 20:32:42 CET [2024/11/08 14:32:42 ET]
Table '3821471470 1' 3-max Seat #2 is the button
Seat 1: Tieman01 (283 in chips) 
Seat 2: hega (877 in chips) 
Seat 3: Mahu2021 (340 in chips) 
Mahu2021: posts small blind 20
Tieman01: posts big blind 40
*** HOLE CARDS ***
Dealt to Mahu2021 [Qs Kc]
hega: raises 80 to 120
Mahu2021: calls 100
Tieman01: folds 
*** FLOP *** [8c Qd 4h]
Mahu2021: checks 
hega: bets 140
Mahu2021: raises 80 to 220 and is all-in
hega: calls 80
*** TURN *** [8c Qd 4h] [Th]
*** RIVER *** [8c Qd 4h Th] [3c]
*** SHOW DOWN ***
Mahu2021: shows [Qs Kc] (a pair of Queens)
hega: shows [5h Ad] (high card Ace)
Mahu2021 collected 720 from pot
*** SUMMARY ***
Total pot 720 | Rake 0 
Board [8c Qd 4h Th 3c]
Seat 1: Tieman01 (big blind) folded before Flop
Seat 2: hega (button) showed [5h Ad] and lost with high card Ace
Seat 3: Mahu2021 (small blind) showed [Qs Kc] and won (720) with a pair of Queens



PokerStars Hand #253314036389: Tournament #3821471470, $1.84+$0.16 USD Hold'em No Limit - Level IV (30/60) - 2024/11/08 20:33:09 CET [2024/11/08 14:33:09 ET]
Table '3821471470 1' 3-max Seat #3 is the button
Seat 1: Tieman01 (243 in chips) 
Seat 2: hega (537 in chips) 
Seat 3: Mahu2021 (720 in chips) 
Tieman01: posts small blind 30
hega: posts big blind 60
*** HOLE CARDS ***
Dealt to Mahu2021 [Tc 5c]
Mahu2021: folds 
Tieman01: calls 30
hega: checks 
*** FLOP *** [9s 3d 4s]
Tieman01: checks 
hega: bets 120
Tieman01: raises 63 to 183 and is all-in
hega: calls 63
*** TURN *** [9s 3d 4s] [Ac]
*** RIVER *** [9s 3d 4s Ac] [Qc]
*** SHOW DOWN ***
Tieman01: shows [4c Js] (a pair of Fours)
hega: shows [2d 5s] (a straight, Ace to Five)
hega collected 486 from pot
Tieman01 finished the tournament in 3rd place
*** SUMMARY ***
Total pot 486 | Rake 0 
Board [9s 3d 4s Ac Qc]
Seat 1: Tieman01 (small blind) showed [4c Js] and lost with a pair of Fours
Seat 2: hega (big blind) showed [2d 5s] and won (486) with a straight, Ace to Five
Seat 3: Mahu2021 (button) folded before Flop (didn't bet)



PokerStars Hand #253314043834: Tournament #3821471470, $1.84+$0.16 USD Hold'em No Limit - Level IV (30/60) - 2024/11/08 20:33:35 CET [2024/11/08 14:33:35 ET]
Table '3821471470 1' 3-max Seat #2 is the button
Seat 2: hega (780 in chips) 
Seat 3: Mahu2021 (720 in chips) 
hega: posts small blind 30
Mahu2021: posts big blind 60
*** HOLE CARDS ***
Dealt to Mahu2021 [6c Qs]
hega: folds 
Uncalled bet (30) returned to Mahu2021
Mahu2021 collected 60 from pot
Mahu2021: doesn't show hand 
*** SUMMARY ***
Total pot 60 | Rake 0 
Seat 2: hega (button) (small blind) folded before Flop
Seat 3: Mahu2021 (big blind) collected (60)



PokerStars Hand #253314045114: Tournament #3821471470, $1.84+$0.16 USD Hold'em No Limit - Level IV (30/60) - 2024/11/08 20:33:40 CET [2024/11/08 14:33:40 ET]
Table '3821471470 1' 3-max Seat #3 is the button
Seat 2: hega (750 in chips) 
Seat 3: Mahu2021 (750 in chips) 
Mahu2021: posts small blind 30
hega: posts big blind 60
*** HOLE CARDS ***
Dealt to Mahu2021 [3h 3c]
Mahu2021: raises 60 to 120
hega: calls 60
*** FLOP *** [5s 9h 7d]
hega: checks 
Mahu2021: bets 120
hega: calls 120
*** TURN *** [5s 9h 7d] [4d]
hega: checks 
Mahu2021: bets 510 and is all-in
hega: calls 510 and is all-in
*** RIVER *** [5s 9h 7d 4d] [Qs]
*** SHOW DOWN ***
hega: shows [Js 7h] (a pair of Sevens)
Mahu2021: shows [3h 3c] (a pair of Threes)
hega collected 1500 from pot
Mahu2021 finished the tournament in 2nd place
hega wins the tournament and receives $4.00 - congratulations!
*** SUMMARY ***
Total pot 1500 | Rake 0 
Board [5s 9h 7d 4d Qs]
Seat 2: hega (big blind) showed [Js 7h] and won (1500) with a pair of Sevens
Seat 3: Mahu2021 (button) (small blind) showed [3h 3c] and lost with a pair of Threes



