PokerStars Hand #252811019487: Tournament #3809202485, $1.84+$0.16 USD Hold'em No Limit - Level I (10/20) - 2024/10/07 16:13:20 CET [2024/10/07 10:13:20 ET]
Table '3809202485 1' 3-max Seat #1 is the button
Seat 1: zozpit (500 in chips) 
Seat 2: Mahu2021 (500 in chips) 
Seat 3: bini1985 (500 in chips) 
Mahu2021: posts small blind 10
bini1985: posts big blind 20
*** HOLE CARDS ***
Dealt to Mahu2021 [Tc Jc]
zozpit: folds 
Mahu2021: raises 20 to 40
bini1985: calls 20
*** FLOP *** [Jh 9c 7h]
Mahu2021: bets 40
bini1985: raises 60 to 100
Mahu2021: raises 360 to 460 and is all-in
bini1985: calls 360 and is all-in
*** TURN *** [Jh 9c 7h] [4h]
*** RIVER *** [Jh 9c 7h 4h] [5h]
*** SHOW DOWN ***
Mahu2021: shows [Tc Jc] (a pair of Jacks)
bini1985: shows [Td Jd] (a pair of Jacks)
Mahu2021 collected 500 from pot
bini1985 collected 500 from pot
*** SUMMARY ***
Total pot 1000 | Rake 0 
Board [Jh 9c 7h 4h 5h]
Seat 1: zozpit (button) folded before Flop (didn't bet)
Seat 2: Mahu2021 (small blind) showed [Tc Jc] and won (500) with a pair of Jacks
Seat 3: bini1985 (big blind) showed [Td Jd] and won (500) with a pair of Jacks



PokerStars Hand #252811023699: Tournament #3809202485, $1.84+$0.16 USD Hold'em No Limit - Level I (10/20) - 2024/10/07 16:13:43 CET [2024/10/07 10:13:43 ET]
Table '3809202485 1' 3-max Seat #2 is the button
Seat 1: zozpit (500 in chips) 
Seat 2: Mahu2021 (500 in chips) 
Seat 3: bini1985 (500 in chips) 
bini1985: posts small blind 10
zozpit: posts big blind 20
*** HOLE CARDS ***
Dealt to Mahu2021 [Qd 9h]
Mahu2021: folds 
bini1985: raises 40 to 60
zozpit: folds 
Uncalled bet (40) returned to bini1985
bini1985 collected 40 from pot
*** SUMMARY ***
Total pot 40 | Rake 0 
Seat 1: zozpit (big blind) folded before Flop
Seat 2: Mahu2021 (button) folded before Flop (didn't bet)
Seat 3: bini1985 (small blind) collected (40)



PokerStars Hand #252811025430: Tournament #3809202485, $1.84+$0.16 USD Hold'em No Limit - Level I (10/20) - 2024/10/07 16:13:52 CET [2024/10/07 10:13:52 ET]
Table '3809202485 1' 3-max Seat #3 is the button
Seat 1: zozpit (480 in chips) 
Seat 2: Mahu2021 (500 in chips) 
Seat 3: bini1985 (520 in chips) 
zozpit: posts small blind 10
Mahu2021: posts big blind 20
*** HOLE CARDS ***
Dealt to Mahu2021 [Jd 3h]
bini1985: raises 40 to 60
zozpit: calls 50
Mahu2021: folds 
*** FLOP *** [Ks Kh Qd]
zozpit: checks 
bini1985: checks 
*** TURN *** [Ks Kh Qd] [4c]
zozpit: checks 
bini1985: bets 50
zozpit: folds 
Uncalled bet (50) returned to bini1985
bini1985 collected 140 from pot
*** SUMMARY ***
Total pot 140 | Rake 0 
Board [Ks Kh Qd 4c]
Seat 1: zozpit (small blind) folded on the Turn
Seat 2: Mahu2021 (big blind) folded before Flop
Seat 3: bini1985 (button) collected (140)



PokerStars Hand #252811028753: Tournament #3809202485, $1.84+$0.16 USD Hold'em No Limit - Level I (10/20) - 2024/10/07 16:14:10 CET [2024/10/07 10:14:10 ET]
Table '3809202485 1' 3-max Seat #1 is the button
Seat 1: zozpit (420 in chips) 
Seat 2: Mahu2021 (480 in chips) 
Seat 3: bini1985 (600 in chips) 
Mahu2021: posts small blind 10
bini1985: posts big blind 20
*** HOLE CARDS ***
Dealt to Mahu2021 [6d Kd]
zozpit: folds 
Mahu2021: raises 20 to 40
bini1985: calls 20
*** FLOP *** [2c Qd 9h]
Mahu2021: checks 
bini1985: checks 
*** TURN *** [2c Qd 9h] [Tc]
Mahu2021: checks 
bini1985: bets 40
Mahu2021: folds 
Uncalled bet (40) returned to bini1985
bini1985 collected 80 from pot
*** SUMMARY ***
Total pot 80 | Rake 0 
Board [2c Qd 9h Tc]
Seat 1: zozpit (button) folded before Flop (didn't bet)
Seat 2: Mahu2021 (small blind) folded on the Turn
Seat 3: bini1985 (big blind) collected (80)



PokerStars Hand #252811032235: Tournament #3809202485, $1.84+$0.16 USD Hold'em No Limit - Level I (10/20) - 2024/10/07 16:14:28 CET [2024/10/07 10:14:28 ET]
Table '3809202485 1' 3-max Seat #2 is the button
Seat 1: zozpit (420 in chips) 
Seat 2: Mahu2021 (440 in chips) 
Seat 3: bini1985 (640 in chips) 
bini1985: posts small blind 10
zozpit: posts big blind 20
*** HOLE CARDS ***
Dealt to Mahu2021 [Qc Qd]
Mahu2021: raises 420 to 440 and is all-in
bini1985: folds 
zozpit: calls 400 and is all-in
Uncalled bet (20) returned to Mahu2021
*** FLOP *** [As Jh 4h]
*** TURN *** [As Jh 4h] [6s]
*** RIVER *** [As Jh 4h 6s] [7s]
*** SHOW DOWN ***
zozpit: shows [8d Ad] (a pair of Aces)
Mahu2021: shows [Qc Qd] (a pair of Queens)
zozpit collected 850 from pot
*** SUMMARY ***
Total pot 850 | Rake 0 
Board [As Jh 4h 6s 7s]
Seat 1: zozpit (big blind) showed [8d Ad] and won (850) with a pair of Aces
Seat 2: Mahu2021 (button) showed [Qc Qd] and lost with a pair of Queens
Seat 3: bini1985 (small blind) folded before Flop



PokerStars Hand #252811035067: Tournament #3809202485, $1.84+$0.16 USD Hold'em No Limit - Level I (10/20) - 2024/10/07 16:14:43 CET [2024/10/07 10:14:43 ET]
Table '3809202485 1' 3-max Seat #3 is the button
Seat 1: zozpit (850 in chips) 
Seat 2: Mahu2021 (20 in chips) 
Seat 3: bini1985 (630 in chips) 
zozpit: posts small blind 10
Mahu2021: posts big blind 20 and is all-in
*** HOLE CARDS ***
Dealt to Mahu2021 [Tc Ks]
bini1985: folds 
zozpit: calls 10
*** FLOP *** [Kd 9d 8d]
*** TURN *** [Kd 9d 8d] [Qh]
*** RIVER *** [Kd 9d 8d Qh] [Th]
*** SHOW DOWN ***
zozpit: shows [Td Jc] (a straight, Nine to King)
Mahu2021: shows [Tc Ks] (two pair, Kings and Tens)
zozpit collected 40 from pot
Mahu2021 finished the tournament in 3rd place
*** SUMMARY ***
Total pot 40 | Rake 0 
Board [Kd 9d 8d Qh Th]
Seat 1: zozpit (small blind) showed [Td Jc] and won (40) with a straight, Nine to King
Seat 2: Mahu2021 (big blind) showed [Tc Ks] and lost with two pair, Kings and Tens
Seat 3: bini1985 (button) folded before Flop (didn't bet)



