PokerStars Hand #252840184726: Tournament #3809902470, $0.46+$0.04 USD Hold'em No Limit - Level I (10/20) - 2024/10/09 12:10:59 CET [2024/10/09 6:10:59 ET]
Table '3809902470 1' 3-max Seat #1 is the button
Seat 1: vsem-pizdz (500 in chips) 
Seat 2: Pusbrolis1 (500 in chips) 
Seat 3: Mahu2021 (500 in chips) 
Pusbrolis1: posts small blind 10
Mahu2021: posts big blind 20
*** HOLE CARDS ***
Dealt to Mahu2021 [As Th]
vsem-pizdz: calls 20
Pusbrolis1: folds 
Mahu2021: raises 40 to 60
vsem-pizdz: calls 40
*** FLOP *** [4d 5d 8d]
Mahu2021: checks 
vsem-pizdz: bets 60
Mahu2021: folds 
Uncalled bet (60) returned to vsem-pizdz
vsem-pizdz collected 130 from pot
*** SUMMARY ***
Total pot 130 | Rake 0 
Board [4d 5d 8d]
Seat 1: vsem-pizdz (button) collected (130)
Seat 2: Pusbrolis1 (small blind) folded before Flop
Seat 3: Mahu2021 (big blind) folded on the Flop



PokerStars Hand #252840187674: Tournament #3809902470, $0.46+$0.04 USD Hold'em No Limit - Level I (10/20) - 2024/10/09 12:11:23 CET [2024/10/09 6:11:23 ET]
Table '3809902470 1' 3-max Seat #2 is the button
Seat 1: vsem-pizdz (570 in chips) 
Seat 2: Pusbrolis1 (490 in chips) 
Seat 3: Mahu2021 (440 in chips) 
Mahu2021: posts small blind 10
vsem-pizdz: posts big blind 20
*** HOLE CARDS ***
Dealt to Mahu2021 [3d 8h]
Pusbrolis1: raises 20 to 40
Mahu2021: folds 
vsem-pizdz: calls 20
*** FLOP *** [Th Ks Js]
vsem-pizdz: checks 
Pusbrolis1: bets 27
vsem-pizdz: folds 
Uncalled bet (27) returned to Pusbrolis1
Pusbrolis1 collected 90 from pot
*** SUMMARY ***
Total pot 90 | Rake 0 
Board [Th Ks Js]
Seat 1: vsem-pizdz (big blind) folded on the Flop
Seat 2: Pusbrolis1 (button) collected (90)
Seat 3: Mahu2021 (small blind) folded before Flop



PokerStars Hand #252840189739: Tournament #3809902470, $0.46+$0.04 USD Hold'em No Limit - Level I (10/20) - 2024/10/09 12:11:40 CET [2024/10/09 6:11:40 ET]
Table '3809902470 1' 3-max Seat #3 is the button
Seat 1: vsem-pizdz (530 in chips) 
Seat 2: Pusbrolis1 (540 in chips) 
Seat 3: Mahu2021 (430 in chips) 
vsem-pizdz: posts small blind 10
Pusbrolis1: posts big blind 20
*** HOLE CARDS ***
Dealt to Mahu2021 [Jh 8c]
Mahu2021: calls 20
vsem-pizdz: calls 10
Pusbrolis1: checks 
*** FLOP *** [9c Qs 7s]
vsem-pizdz: checks 
Pusbrolis1: checks 
Mahu2021: checks 
*** TURN *** [9c Qs 7s] [4d]
vsem-pizdz: checks 
Pusbrolis1: bets 45
Mahu2021: folds 
vsem-pizdz: folds 
Uncalled bet (45) returned to Pusbrolis1
Pusbrolis1 collected 60 from pot
*** SUMMARY ***
Total pot 60 | Rake 0 
Board [9c Qs 7s 4d]
Seat 1: vsem-pizdz (small blind) folded on the Turn
Seat 2: Pusbrolis1 (big blind) collected (60)
Seat 3: Mahu2021 (button) folded on the Turn



PokerStars Hand #252840191803: Tournament #3809902470, $0.46+$0.04 USD Hold'em No Limit - Level I (10/20) - 2024/10/09 12:11:57 CET [2024/10/09 6:11:57 ET]
Table '3809902470 1' 3-max Seat #1 is the button
Seat 1: vsem-pizdz (510 in chips) 
Seat 2: Pusbrolis1 (580 in chips) 
Seat 3: Mahu2021 (410 in chips) 
Pusbrolis1: posts small blind 10
Mahu2021: posts big blind 20
*** HOLE CARDS ***
Dealt to Mahu2021 [4d Qc]
vsem-pizdz: folds 
Pusbrolis1: raises 40 to 60
Mahu2021: folds 
Uncalled bet (40) returned to Pusbrolis1
Pusbrolis1 collected 40 from pot
*** SUMMARY ***
Total pot 40 | Rake 0 
Seat 1: vsem-pizdz (button) folded before Flop (didn't bet)
Seat 2: Pusbrolis1 (small blind) collected (40)
Seat 3: Mahu2021 (big blind) folded before Flop



PokerStars Hand #252840192680: Tournament #3809902470, $0.46+$0.04 USD Hold'em No Limit - Level I (10/20) - 2024/10/09 12:12:03 CET [2024/10/09 6:12:03 ET]
Table '3809902470 1' 3-max Seat #2 is the button
Seat 1: vsem-pizdz (510 in chips) 
Seat 2: Pusbrolis1 (600 in chips) 
Seat 3: Mahu2021 (390 in chips) 
Mahu2021: posts small blind 10
vsem-pizdz: posts big blind 20
*** HOLE CARDS ***
Dealt to Mahu2021 [2s 7c]
Pusbrolis1: folds 
Mahu2021: folds 
Uncalled bet (10) returned to vsem-pizdz
vsem-pizdz collected 20 from pot
*** SUMMARY ***
Total pot 20 | Rake 0 
Seat 1: vsem-pizdz (big blind) collected (20)
Seat 2: Pusbrolis1 (button) folded before Flop (didn't bet)
Seat 3: Mahu2021 (small blind) folded before Flop



PokerStars Hand #252840193207: Tournament #3809902470, $0.46+$0.04 USD Hold'em No Limit - Level I (10/20) - 2024/10/09 12:12:08 CET [2024/10/09 6:12:08 ET]
Table '3809902470 1' 3-max Seat #3 is the button
Seat 1: vsem-pizdz (520 in chips) 
Seat 2: Pusbrolis1 (600 in chips) 
Seat 3: Mahu2021 (380 in chips) 
vsem-pizdz: posts small blind 10
Pusbrolis1: posts big blind 20
*** HOLE CARDS ***
Dealt to Mahu2021 [6h Kc]
Mahu2021: folds 
vsem-pizdz: folds 
Uncalled bet (10) returned to Pusbrolis1
Pusbrolis1 collected 20 from pot
*** SUMMARY ***
Total pot 20 | Rake 0 
Seat 1: vsem-pizdz (small blind) folded before Flop
Seat 2: Pusbrolis1 (big blind) collected (20)
Seat 3: Mahu2021 (button) folded before Flop (didn't bet)



PokerStars Hand #252840193825: Tournament #3809902470, $0.46+$0.04 USD Hold'em No Limit - Level I (10/20) - 2024/10/09 12:12:13 CET [2024/10/09 6:12:13 ET]
Table '3809902470 1' 3-max Seat #1 is the button
Seat 1: vsem-pizdz (510 in chips) 
Seat 2: Pusbrolis1 (610 in chips) 
Seat 3: Mahu2021 (380 in chips) 
Pusbrolis1: posts small blind 10
Mahu2021: posts big blind 20
*** HOLE CARDS ***
Dealt to Mahu2021 [3c 5h]
vsem-pizdz: folds 
Pusbrolis1: raises 40 to 60
Mahu2021: folds 
Uncalled bet (40) returned to Pusbrolis1
Pusbrolis1 collected 40 from pot
*** SUMMARY ***
Total pot 40 | Rake 0 
Seat 1: vsem-pizdz (button) folded before Flop (didn't bet)
Seat 2: Pusbrolis1 (small blind) collected (40)
Seat 3: Mahu2021 (big blind) folded before Flop



PokerStars Hand #252840195415: Tournament #3809902470, $0.46+$0.04 USD Hold'em No Limit - Level I (10/20) - 2024/10/09 12:12:26 CET [2024/10/09 6:12:26 ET]
Table '3809902470 1' 3-max Seat #2 is the button
Seat 1: vsem-pizdz (510 in chips) 
Seat 2: Pusbrolis1 (630 in chips) 
Seat 3: Mahu2021 (360 in chips) 
Mahu2021: posts small blind 10
vsem-pizdz: posts big blind 20
*** HOLE CARDS ***
Dealt to Mahu2021 [6s Tc]
Pusbrolis1: raises 610 to 630 and is all-in
Mahu2021: folds 
vsem-pizdz: folds 
Uncalled bet (610) returned to Pusbrolis1
Pusbrolis1 collected 50 from pot
*** SUMMARY ***
Total pot 50 | Rake 0 
Seat 1: vsem-pizdz (big blind) folded before Flop
Seat 2: Pusbrolis1 (button) collected (50)
Seat 3: Mahu2021 (small blind) folded before Flop



PokerStars Hand #252840196207: Tournament #3809902470, $0.46+$0.04 USD Hold'em No Limit - Level I (10/20) - 2024/10/09 12:12:33 CET [2024/10/09 6:12:33 ET]
Table '3809902470 1' 3-max Seat #3 is the button
Seat 1: vsem-pizdz (490 in chips) 
Seat 2: Pusbrolis1 (660 in chips) 
Seat 3: Mahu2021 (350 in chips) 
vsem-pizdz: posts small blind 10
Pusbrolis1: posts big blind 20
*** HOLE CARDS ***
Dealt to Mahu2021 [9d 2h]
Mahu2021: folds 
vsem-pizdz: raises 40 to 60
Pusbrolis1: calls 40
*** FLOP *** [8h Ah 2c]
vsem-pizdz: bets 40
Pusbrolis1: raises 100 to 140
vsem-pizdz: folds 
Uncalled bet (100) returned to Pusbrolis1
Pusbrolis1 collected 200 from pot
*** SUMMARY ***
Total pot 200 | Rake 0 
Board [8h Ah 2c]
Seat 1: vsem-pizdz (small blind) folded on the Flop
Seat 2: Pusbrolis1 (big blind) collected (200)
Seat 3: Mahu2021 (button) folded before Flop (didn't bet)



PokerStars Hand #252840198191: Tournament #3809902470, $0.46+$0.04 USD Hold'em No Limit - Level I (10/20) - 2024/10/09 12:12:49 CET [2024/10/09 6:12:49 ET]
Table '3809902470 1' 3-max Seat #1 is the button
Seat 1: vsem-pizdz (390 in chips) 
Seat 2: Pusbrolis1 (760 in chips) 
Seat 3: Mahu2021 (350 in chips) 
Pusbrolis1: posts small blind 10
Mahu2021: posts big blind 20
*** HOLE CARDS ***
Dealt to Mahu2021 [3s Ah]
vsem-pizdz: raises 40 to 60
Pusbrolis1: folds 
Mahu2021: calls 40
*** FLOP *** [7h Kh 5h]
Mahu2021: bets 290 and is all-in
vsem-pizdz: folds 
Uncalled bet (290) returned to Mahu2021
Mahu2021 collected 130 from pot
Mahu2021: doesn't show hand 
*** SUMMARY ***
Total pot 130 | Rake 0 
Board [7h Kh 5h]
Seat 1: vsem-pizdz (button) folded on the Flop
Seat 2: Pusbrolis1 (small blind) folded before Flop
Seat 3: Mahu2021 (big blind) collected (130)



PokerStars Hand #252840200105: Tournament #3809902470, $0.46+$0.04 USD Hold'em No Limit - Level II (15/30) - 2024/10/09 12:13:05 CET [2024/10/09 6:13:05 ET]
Table '3809902470 1' 3-max Seat #2 is the button
Seat 1: vsem-pizdz (330 in chips) 
Seat 2: Pusbrolis1 (750 in chips) 
Seat 3: Mahu2021 (420 in chips) 
Mahu2021: posts small blind 15
vsem-pizdz: posts big blind 30
*** HOLE CARDS ***
Dealt to Mahu2021 [3s Qd]
Pusbrolis1: raises 30 to 60
Mahu2021: folds 
vsem-pizdz: raises 120 to 180
Pusbrolis1: folds 
Uncalled bet (120) returned to vsem-pizdz
vsem-pizdz collected 135 from pot
*** SUMMARY ***
Total pot 135 | Rake 0 
Seat 1: vsem-pizdz (big blind) collected (135)
Seat 2: Pusbrolis1 (button) folded before Flop
Seat 3: Mahu2021 (small blind) folded before Flop



PokerStars Hand #252840201572: Tournament #3809902470, $0.46+$0.04 USD Hold'em No Limit - Level II (15/30) - 2024/10/09 12:13:17 CET [2024/10/09 6:13:17 ET]
Table '3809902470 1' 3-max Seat #3 is the button
Seat 1: vsem-pizdz (405 in chips) 
Seat 2: Pusbrolis1 (690 in chips) 
Seat 3: Mahu2021 (405 in chips) 
vsem-pizdz: posts small blind 15
Pusbrolis1: posts big blind 30
*** HOLE CARDS ***
Dealt to Mahu2021 [4c Kc]
Mahu2021: calls 30
vsem-pizdz: calls 15
Pusbrolis1: checks 
*** FLOP *** [Qs 7h Ac]
vsem-pizdz: checks 
Pusbrolis1: checks 
Mahu2021: checks 
*** TURN *** [Qs 7h Ac] [Qd]
vsem-pizdz: bets 30
Pusbrolis1: folds 
Mahu2021: folds 
Uncalled bet (30) returned to vsem-pizdz
vsem-pizdz collected 90 from pot
*** SUMMARY ***
Total pot 90 | Rake 0 
Board [Qs 7h Ac Qd]
Seat 1: vsem-pizdz (small blind) collected (90)
Seat 2: Pusbrolis1 (big blind) folded on the Turn
Seat 3: Mahu2021 (button) folded on the Turn



PokerStars Hand #252840203596: Tournament #3809902470, $0.46+$0.04 USD Hold'em No Limit - Level II (15/30) - 2024/10/09 12:13:33 CET [2024/10/09 6:13:33 ET]
Table '3809902470 1' 3-max Seat #1 is the button
Seat 1: vsem-pizdz (465 in chips) 
Seat 2: Pusbrolis1 (660 in chips) 
Seat 3: Mahu2021 (375 in chips) 
Pusbrolis1: posts small blind 15
Mahu2021: posts big blind 30
*** HOLE CARDS ***
Dealt to Mahu2021 [2s 6d]
vsem-pizdz: folds 
Pusbrolis1: folds 
Uncalled bet (15) returned to Mahu2021
Mahu2021 collected 30 from pot
Mahu2021: doesn't show hand 
*** SUMMARY ***
Total pot 30 | Rake 0 
Seat 1: vsem-pizdz (button) folded before Flop (didn't bet)
Seat 2: Pusbrolis1 (small blind) folded before Flop
Seat 3: Mahu2021 (big blind) collected (30)



PokerStars Hand #252840204164: Tournament #3809902470, $0.46+$0.04 USD Hold'em No Limit - Level II (15/30) - 2024/10/09 12:13:38 CET [2024/10/09 6:13:38 ET]
Table '3809902470 1' 3-max Seat #2 is the button
Seat 1: vsem-pizdz (465 in chips) 
Seat 2: Pusbrolis1 (645 in chips) 
Seat 3: Mahu2021 (390 in chips) 
Mahu2021: posts small blind 15
vsem-pizdz: posts big blind 30
*** HOLE CARDS ***
Dealt to Mahu2021 [Js 9d]
Pusbrolis1: folds 
Mahu2021: calls 15
vsem-pizdz: checks 
*** FLOP *** [2h Ts Ad]
Mahu2021: checks 
vsem-pizdz: bets 30
Mahu2021: folds 
Uncalled bet (30) returned to vsem-pizdz
vsem-pizdz collected 60 from pot
*** SUMMARY ***
Total pot 60 | Rake 0 
Board [2h Ts Ad]
Seat 1: vsem-pizdz (big blind) collected (60)
Seat 2: Pusbrolis1 (button) folded before Flop (didn't bet)
Seat 3: Mahu2021 (small blind) folded on the Flop



PokerStars Hand #252840205736: Tournament #3809902470, $0.46+$0.04 USD Hold'em No Limit - Level II (15/30) - 2024/10/09 12:13:50 CET [2024/10/09 6:13:50 ET]
Table '3809902470 1' 3-max Seat #3 is the button
Seat 1: vsem-pizdz (495 in chips) 
Seat 2: Pusbrolis1 (645 in chips) 
Seat 3: Mahu2021 (360 in chips) 
vsem-pizdz: posts small blind 15
Pusbrolis1: posts big blind 30
*** HOLE CARDS ***
Dealt to Mahu2021 [Ts Jc]
Mahu2021: raises 30 to 60
vsem-pizdz: folds 
Pusbrolis1: folds 
Uncalled bet (30) returned to Mahu2021
Mahu2021 collected 75 from pot
Mahu2021: doesn't show hand 
*** SUMMARY ***
Total pot 75 | Rake 0 
Seat 1: vsem-pizdz (small blind) folded before Flop
Seat 2: Pusbrolis1 (big blind) folded before Flop
Seat 3: Mahu2021 (button) collected (75)



PokerStars Hand #252840206503: Tournament #3809902470, $0.46+$0.04 USD Hold'em No Limit - Level II (15/30) - 2024/10/09 12:13:56 CET [2024/10/09 6:13:56 ET]
Table '3809902470 1' 3-max Seat #1 is the button
Seat 1: vsem-pizdz (480 in chips) 
Seat 2: Pusbrolis1 (615 in chips) 
Seat 3: Mahu2021 (405 in chips) 
Pusbrolis1: posts small blind 15
Mahu2021: posts big blind 30
*** HOLE CARDS ***
Dealt to Mahu2021 [Jd 3s]
vsem-pizdz: raises 30 to 60
Pusbrolis1: calls 45
Mahu2021: calls 30
*** FLOP *** [8c 5h 7d]
Pusbrolis1: checks 
Mahu2021: checks 
vsem-pizdz: bets 60
Pusbrolis1: calls 60
Mahu2021: folds 
*** TURN *** [8c 5h 7d] [9d]
Pusbrolis1: checks 
vsem-pizdz: bets 90
Pusbrolis1: calls 90
*** RIVER *** [8c 5h 7d 9d] [5s]
Pusbrolis1: bets 405 and is all-in
vsem-pizdz: folds 
Uncalled bet (405) returned to Pusbrolis1
Pusbrolis1 collected 480 from pot
*** SUMMARY ***
Total pot 480 | Rake 0 
Board [8c 5h 7d 9d 5s]
Seat 1: vsem-pizdz (button) folded on the River
Seat 2: Pusbrolis1 (small blind) collected (480)
Seat 3: Mahu2021 (big blind) folded on the Flop



PokerStars Hand #252840209859: Tournament #3809902470, $0.46+$0.04 USD Hold'em No Limit - Level II (15/30) - 2024/10/09 12:14:24 CET [2024/10/09 6:14:24 ET]
Table '3809902470 1' 3-max Seat #2 is the button
Seat 1: vsem-pizdz (270 in chips) 
Seat 2: Pusbrolis1 (885 in chips) 
Seat 3: Mahu2021 (345 in chips) 
Mahu2021: posts small blind 15
vsem-pizdz: posts big blind 30
*** HOLE CARDS ***
Dealt to Mahu2021 [8c Td]
Pusbrolis1: raises 36 to 66
Mahu2021: folds 
vsem-pizdz: folds 
Uncalled bet (36) returned to Pusbrolis1
Pusbrolis1 collected 75 from pot
*** SUMMARY ***
Total pot 75 | Rake 0 
Seat 1: vsem-pizdz (big blind) folded before Flop
Seat 2: Pusbrolis1 (button) collected (75)
Seat 3: Mahu2021 (small blind) folded before Flop



PokerStars Hand #252840210757: Tournament #3809902470, $0.46+$0.04 USD Hold'em No Limit - Level II (15/30) - 2024/10/09 12:14:31 CET [2024/10/09 6:14:31 ET]
Table '3809902470 1' 3-max Seat #3 is the button
Seat 1: vsem-pizdz (240 in chips) 
Seat 2: Pusbrolis1 (930 in chips) 
Seat 3: Mahu2021 (330 in chips) 
vsem-pizdz: posts small blind 15
Pusbrolis1: posts big blind 30
*** HOLE CARDS ***
Dealt to Mahu2021 [2h Ts]
Mahu2021: folds 
vsem-pizdz: folds 
Uncalled bet (15) returned to Pusbrolis1
Pusbrolis1 collected 30 from pot
*** SUMMARY ***
Total pot 30 | Rake 0 
Seat 1: vsem-pizdz (small blind) folded before Flop
Seat 2: Pusbrolis1 (big blind) collected (30)
Seat 3: Mahu2021 (button) folded before Flop (didn't bet)



PokerStars Hand #252840211406: Tournament #3809902470, $0.46+$0.04 USD Hold'em No Limit - Level II (15/30) - 2024/10/09 12:14:36 CET [2024/10/09 6:14:36 ET]
Table '3809902470 1' 3-max Seat #1 is the button
Seat 1: vsem-pizdz (225 in chips) 
Seat 2: Pusbrolis1 (945 in chips) 
Seat 3: Mahu2021 (330 in chips) 
Pusbrolis1: posts small blind 15
Mahu2021: posts big blind 30
*** HOLE CARDS ***
Dealt to Mahu2021 [8d 2c]
vsem-pizdz: folds 
Pusbrolis1: raises 915 to 945 and is all-in
Mahu2021: folds 
Uncalled bet (915) returned to Pusbrolis1
Pusbrolis1 collected 60 from pot
*** SUMMARY ***
Total pot 60 | Rake 0 
Seat 1: vsem-pizdz (button) folded before Flop (didn't bet)
Seat 2: Pusbrolis1 (small blind) collected (60)
Seat 3: Mahu2021 (big blind) folded before Flop



PokerStars Hand #252840212216: Tournament #3809902470, $0.46+$0.04 USD Hold'em No Limit - Level II (15/30) - 2024/10/09 12:14:43 CET [2024/10/09 6:14:43 ET]
Table '3809902470 1' 3-max Seat #2 is the button
Seat 1: vsem-pizdz (225 in chips) 
Seat 2: Pusbrolis1 (975 in chips) 
Seat 3: Mahu2021 (300 in chips) 
Mahu2021: posts small blind 15
vsem-pizdz: posts big blind 30
*** HOLE CARDS ***
Dealt to Mahu2021 [Qh 8s]
Pusbrolis1: folds 
Mahu2021: calls 15
vsem-pizdz: checks 
*** FLOP *** [Qc 5h 7h]
Mahu2021: bets 30
vsem-pizdz: calls 30
*** TURN *** [Qc 5h 7h] [8c]
Mahu2021: bets 30
vsem-pizdz: calls 30
*** RIVER *** [Qc 5h 7h 8c] [Ah]
Mahu2021: bets 60
vsem-pizdz: folds 
Uncalled bet (60) returned to Mahu2021
Mahu2021 collected 180 from pot
Mahu2021: doesn't show hand 
*** SUMMARY ***
Total pot 180 | Rake 0 
Board [Qc 5h 7h 8c Ah]
Seat 1: vsem-pizdz (big blind) folded on the River
Seat 2: Pusbrolis1 (button) folded before Flop (didn't bet)
Seat 3: Mahu2021 (small blind) collected (180)



PokerStars Hand #252840214104: Tournament #3809902470, $0.46+$0.04 USD Hold'em No Limit - Level II (15/30) - 2024/10/09 12:14:57 CET [2024/10/09 6:14:57 ET]
Table '3809902470 1' 3-max Seat #3 is the button
Seat 1: vsem-pizdz (135 in chips) 
Seat 2: Pusbrolis1 (975 in chips) 
Seat 3: Mahu2021 (390 in chips) 
vsem-pizdz: posts small blind 15
Pusbrolis1: posts big blind 30
*** HOLE CARDS ***
Dealt to Mahu2021 [4h Ah]
Mahu2021: calls 30
vsem-pizdz: folds 
Pusbrolis1: raises 60 to 90
Mahu2021: raises 300 to 390 and is all-in
Pusbrolis1: calls 300
*** FLOP *** [5h 9c 9h]
*** TURN *** [5h 9c 9h] [Jd]
*** RIVER *** [5h 9c 9h Jd] [Th]
*** SHOW DOWN ***
Pusbrolis1: shows [Qd Qc] (two pair, Queens and Nines)
Mahu2021: shows [4h Ah] (a flush, Ace high)
Mahu2021 collected 795 from pot
*** SUMMARY ***
Total pot 795 | Rake 0 
Board [5h 9c 9h Jd Th]
Seat 1: vsem-pizdz (small blind) folded before Flop
Seat 2: Pusbrolis1 (big blind) showed [Qd Qc] and lost with two pair, Queens and Nines
Seat 3: Mahu2021 (button) showed [4h Ah] and won (795) with a flush, Ace high



PokerStars Hand #252840216546: Tournament #3809902470, $0.46+$0.04 USD Hold'em No Limit - Level III (20/40) - 2024/10/09 12:15:17 CET [2024/10/09 6:15:17 ET]
Table '3809902470 1' 3-max Seat #1 is the button
Seat 1: vsem-pizdz (120 in chips) 
Seat 2: Pusbrolis1 (585 in chips) 
Seat 3: Mahu2021 (795 in chips) 
Pusbrolis1: posts small blind 20
Mahu2021: posts big blind 40
*** HOLE CARDS ***
Dealt to Mahu2021 [9d Jc]
vsem-pizdz: raises 80 to 120 and is all-in
Pusbrolis1: folds 
Mahu2021: calls 80
*** FLOP *** [4s As Qs]
*** TURN *** [4s As Qs] [7c]
*** RIVER *** [4s As Qs 7c] [Qc]
*** SHOW DOWN ***
Mahu2021: shows [9d Jc] (a pair of Queens)
vsem-pizdz: shows [Ad Td] (two pair, Aces and Queens)
vsem-pizdz collected 260 from pot
*** SUMMARY ***
Total pot 260 | Rake 0 
Board [4s As Qs 7c Qc]
Seat 1: vsem-pizdz (button) showed [Ad Td] and won (260) with two pair, Aces and Queens
Seat 2: Pusbrolis1 (small blind) folded before Flop
Seat 3: Mahu2021 (big blind) showed [9d Jc] and lost with a pair of Queens



PokerStars Hand #252840218219: Tournament #3809902470, $0.46+$0.04 USD Hold'em No Limit - Level III (20/40) - 2024/10/09 12:15:31 CET [2024/10/09 6:15:31 ET]
Table '3809902470 1' 3-max Seat #2 is the button
Seat 1: vsem-pizdz (260 in chips) 
Seat 2: Pusbrolis1 (565 in chips) 
Seat 3: Mahu2021 (675 in chips) 
Mahu2021: posts small blind 20
vsem-pizdz: posts big blind 40
*** HOLE CARDS ***
Dealt to Mahu2021 [8d 3d]
Pusbrolis1: folds 
Mahu2021: folds 
Uncalled bet (20) returned to vsem-pizdz
vsem-pizdz collected 40 from pot
*** SUMMARY ***
Total pot 40 | Rake 0 
Seat 1: vsem-pizdz (big blind) collected (40)
Seat 2: Pusbrolis1 (button) folded before Flop (didn't bet)
Seat 3: Mahu2021 (small blind) folded before Flop



PokerStars Hand #252840218930: Tournament #3809902470, $0.46+$0.04 USD Hold'em No Limit - Level III (20/40) - 2024/10/09 12:15:36 CET [2024/10/09 6:15:36 ET]
Table '3809902470 1' 3-max Seat #3 is the button
Seat 1: vsem-pizdz (280 in chips) 
Seat 2: Pusbrolis1 (565 in chips) 
Seat 3: Mahu2021 (655 in chips) 
vsem-pizdz: posts small blind 20
Pusbrolis1: posts big blind 40
*** HOLE CARDS ***
Dealt to Mahu2021 [5s Jd]
Mahu2021: folds 
vsem-pizdz: folds 
Uncalled bet (20) returned to Pusbrolis1
Pusbrolis1 collected 40 from pot
*** SUMMARY ***
Total pot 40 | Rake 0 
Seat 1: vsem-pizdz (small blind) folded before Flop
Seat 2: Pusbrolis1 (big blind) collected (40)
Seat 3: Mahu2021 (button) folded before Flop (didn't bet)



PokerStars Hand #252840219664: Tournament #3809902470, $0.46+$0.04 USD Hold'em No Limit - Level III (20/40) - 2024/10/09 12:15:43 CET [2024/10/09 6:15:43 ET]
Table '3809902470 1' 3-max Seat #1 is the button
Seat 1: vsem-pizdz (260 in chips) 
Seat 2: Pusbrolis1 (585 in chips) 
Seat 3: Mahu2021 (655 in chips) 
Pusbrolis1: posts small blind 20
Mahu2021: posts big blind 40
*** HOLE CARDS ***
Dealt to Mahu2021 [3h 4s]
vsem-pizdz: folds 
Pusbrolis1: folds 
Uncalled bet (20) returned to Mahu2021
Mahu2021 collected 40 from pot
Mahu2021: doesn't show hand 
*** SUMMARY ***
Total pot 40 | Rake 0 
Seat 1: vsem-pizdz (button) folded before Flop (didn't bet)
Seat 2: Pusbrolis1 (small blind) folded before Flop
Seat 3: Mahu2021 (big blind) collected (40)



PokerStars Hand #252840220283: Tournament #3809902470, $0.46+$0.04 USD Hold'em No Limit - Level III (20/40) - 2024/10/09 12:15:47 CET [2024/10/09 6:15:47 ET]
Table '3809902470 1' 3-max Seat #2 is the button
Seat 1: vsem-pizdz (260 in chips) 
Seat 2: Pusbrolis1 (565 in chips) 
Seat 3: Mahu2021 (675 in chips) 
Mahu2021: posts small blind 20
vsem-pizdz: posts big blind 40
*** HOLE CARDS ***
Dealt to Mahu2021 [Kd 5d]
Pusbrolis1: folds 
Mahu2021: raises 40 to 80
vsem-pizdz: calls 40
*** FLOP *** [7c Kc 8s]
Mahu2021: bets 80
vsem-pizdz: raises 100 to 180 and is all-in
Mahu2021: calls 100
*** TURN *** [7c Kc 8s] [2c]
*** RIVER *** [7c Kc 8s 2c] [9c]
*** SHOW DOWN ***
Mahu2021: shows [Kd 5d] (a pair of Kings)
vsem-pizdz: shows [Qc Jd] (a flush, King high)
vsem-pizdz collected 520 from pot
*** SUMMARY ***
Total pot 520 | Rake 0 
Board [7c Kc 8s 2c 9c]
Seat 1: vsem-pizdz (big blind) showed [Qc Jd] and won (520) with a flush, King high
Seat 2: Pusbrolis1 (button) folded before Flop (didn't bet)
Seat 3: Mahu2021 (small blind) showed [Kd 5d] and lost with a pair of Kings



PokerStars Hand #252840222283: Tournament #3809902470, $0.46+$0.04 USD Hold'em No Limit - Level III (20/40) - 2024/10/09 12:16:03 CET [2024/10/09 6:16:03 ET]
Table '3809902470 1' 3-max Seat #3 is the button
Seat 1: vsem-pizdz (520 in chips) 
Seat 2: Pusbrolis1 (565 in chips) 
Seat 3: Mahu2021 (415 in chips) 
vsem-pizdz: posts small blind 20
Pusbrolis1: posts big blind 40
*** HOLE CARDS ***
Dealt to Mahu2021 [4h 9h]
Mahu2021: folds 
vsem-pizdz: folds 
Uncalled bet (20) returned to Pusbrolis1
Pusbrolis1 collected 40 from pot
*** SUMMARY ***
Total pot 40 | Rake 0 
Seat 1: vsem-pizdz (small blind) folded before Flop
Seat 2: Pusbrolis1 (big blind) collected (40)
Seat 3: Mahu2021 (button) folded before Flop (didn't bet)



PokerStars Hand #252840223215: Tournament #3809902470, $0.46+$0.04 USD Hold'em No Limit - Level III (20/40) - 2024/10/09 12:16:11 CET [2024/10/09 6:16:11 ET]
Table '3809902470 1' 3-max Seat #1 is the button
Seat 1: vsem-pizdz (500 in chips) 
Seat 2: Pusbrolis1 (585 in chips) 
Seat 3: Mahu2021 (415 in chips) 
Pusbrolis1: posts small blind 20
Mahu2021: posts big blind 40
*** HOLE CARDS ***
Dealt to Mahu2021 [Tc 9c]
vsem-pizdz: folds 
Pusbrolis1: raises 80 to 120
Mahu2021: folds 
Uncalled bet (80) returned to Pusbrolis1
Pusbrolis1 collected 80 from pot
*** SUMMARY ***
Total pot 80 | Rake 0 
Seat 1: vsem-pizdz (button) folded before Flop (didn't bet)
Seat 2: Pusbrolis1 (small blind) collected (80)
Seat 3: Mahu2021 (big blind) folded before Flop



PokerStars Hand #252840224134: Tournament #3809902470, $0.46+$0.04 USD Hold'em No Limit - Level III (20/40) - 2024/10/09 12:16:18 CET [2024/10/09 6:16:18 ET]
Table '3809902470 1' 3-max Seat #2 is the button
Seat 1: vsem-pizdz (500 in chips) 
Seat 2: Pusbrolis1 (625 in chips) 
Seat 3: Mahu2021 (375 in chips) 
Mahu2021: posts small blind 20
vsem-pizdz: posts big blind 40
*** HOLE CARDS ***
Dealt to Mahu2021 [2c Jd]
Pusbrolis1: raises 585 to 625 and is all-in
Mahu2021: folds 
vsem-pizdz: folds 
Uncalled bet (585) returned to Pusbrolis1
Pusbrolis1 collected 100 from pot
*** SUMMARY ***
Total pot 100 | Rake 0 
Seat 1: vsem-pizdz (big blind) folded before Flop
Seat 2: Pusbrolis1 (button) collected (100)
Seat 3: Mahu2021 (small blind) folded before Flop



PokerStars Hand #252840225009: Tournament #3809902470, $0.46+$0.04 USD Hold'em No Limit - Level III (20/40) - 2024/10/09 12:16:25 CET [2024/10/09 6:16:25 ET]
Table '3809902470 1' 3-max Seat #3 is the button
Seat 1: vsem-pizdz (460 in chips) 
Seat 2: Pusbrolis1 (685 in chips) 
Seat 3: Mahu2021 (355 in chips) 
vsem-pizdz: posts small blind 20
Pusbrolis1: posts big blind 40
*** HOLE CARDS ***
Dealt to Mahu2021 [Td 6h]
Mahu2021: folds 
vsem-pizdz: calls 20
Pusbrolis1: raises 645 to 685 and is all-in
vsem-pizdz: folds 
Uncalled bet (645) returned to Pusbrolis1
Pusbrolis1 collected 80 from pot
*** SUMMARY ***
Total pot 80 | Rake 0 
Seat 1: vsem-pizdz (small blind) folded before Flop
Seat 2: Pusbrolis1 (big blind) collected (80)
Seat 3: Mahu2021 (button) folded before Flop (didn't bet)



PokerStars Hand #252840226430: Tournament #3809902470, $0.46+$0.04 USD Hold'em No Limit - Level III (20/40) - 2024/10/09 12:16:37 CET [2024/10/09 6:16:37 ET]
Table '3809902470 1' 3-max Seat #1 is the button
Seat 1: vsem-pizdz (420 in chips) 
Seat 2: Pusbrolis1 (725 in chips) 
Seat 3: Mahu2021 (355 in chips) 
Pusbrolis1: posts small blind 20
Mahu2021: posts big blind 40
*** HOLE CARDS ***
Dealt to Mahu2021 [4c 8d]
vsem-pizdz: raises 40 to 80
Pusbrolis1: folds 
Mahu2021: folds 
Uncalled bet (40) returned to vsem-pizdz
vsem-pizdz collected 100 from pot
*** SUMMARY ***
Total pot 100 | Rake 0 
Seat 1: vsem-pizdz (button) collected (100)
Seat 2: Pusbrolis1 (small blind) folded before Flop
Seat 3: Mahu2021 (big blind) folded before Flop



PokerStars Hand #252840227179: Tournament #3809902470, $0.46+$0.04 USD Hold'em No Limit - Level III (20/40) - 2024/10/09 12:16:43 CET [2024/10/09 6:16:43 ET]
Table '3809902470 1' 3-max Seat #2 is the button
Seat 1: vsem-pizdz (480 in chips) 
Seat 2: Pusbrolis1 (705 in chips) 
Seat 3: Mahu2021 (315 in chips) 
Mahu2021: posts small blind 20
vsem-pizdz: posts big blind 40
*** HOLE CARDS ***
Dealt to Mahu2021 [As 6h]
Pusbrolis1: raises 40 to 80
Mahu2021: calls 60
vsem-pizdz: calls 40
*** FLOP *** [Ah Kc Ts]
Mahu2021: bets 235 and is all-in
vsem-pizdz: folds 
Pusbrolis1: calls 235
*** TURN *** [Ah Kc Ts] [9h]
*** RIVER *** [Ah Kc Ts 9h] [Jc]
*** SHOW DOWN ***
Mahu2021: shows [As 6h] (a pair of Aces)
Pusbrolis1: shows [Ks 9c] (two pair, Kings and Nines)
Pusbrolis1 collected 710 from pot
Mahu2021 finished the tournament in 3rd place
*** SUMMARY ***
Total pot 710 | Rake 0 
Board [Ah Kc Ts 9h Jc]
Seat 1: vsem-pizdz (big blind) folded on the Flop
Seat 2: Pusbrolis1 (button) showed [Ks 9c] and won (710) with two pair, Kings and Nines
Seat 3: Mahu2021 (small blind) showed [As 6h] and lost with a pair of Aces



