PokerStars Hand #247525115298: Tournament #3683182402, $1.84+$0.16 USD Hold'em No Limit - Level I (10/20) - 2023/12/07 12:45:12 CET [2023/12/07 6:45:12 ET]
Table '3683182402 1' 3-max Seat #1 is the button
Seat 1: Mahu2021 (500 in chips) 
Seat 2: Dire7or (500 in chips) 
Seat 3: youcantwinmebro (500 in chips) 
Dire7or: posts small blind 10
youcantwinmebro: posts big blind 20
*** HOLE CARDS ***
Dealt to Mahu2021 [Td Th]
Mahu2021: raises 480 to 500 and is all-in
Dire7or: folds 
youcantwinmebro: folds 
Uncalled bet (480) returned to Mahu2021
Mahu2021 collected 50 from pot
Mahu2021: doesn't show hand 
*** SUMMARY ***
Total pot 50 | Rake 0 
Seat 1: Mahu2021 (button) collected (50)
Seat 2: Dire7or (small blind) folded before Flop
Seat 3: youcantwinmebro (big blind) folded before Flop



PokerStars Hand #247525117221: Tournament #3683182402, $1.84+$0.16 USD Hold'em No Limit - Level I (10/20) - 2023/12/07 12:45:24 CET [2023/12/07 6:45:24 ET]
Table '3683182402 1' 3-max Seat #2 is the button
Seat 1: Mahu2021 (530 in chips) 
Seat 2: Dire7or (490 in chips) 
Seat 3: youcantwinmebro (480 in chips) 
youcantwinmebro: posts small blind 10
Mahu2021: posts big blind 20
*** HOLE CARDS ***
Dealt to Mahu2021 [2c 6d]
Dire7or: folds 
youcantwinmebro: raises 20 to 40
Mahu2021: folds 
Uncalled bet (20) returned to youcantwinmebro
youcantwinmebro collected 40 from pot
youcantwinmebro: doesn't show hand 
*** SUMMARY ***
Total pot 40 | Rake 0 
Seat 1: Mahu2021 (big blind) folded before Flop
Seat 2: Dire7or (button) folded before Flop (didn't bet)
Seat 3: youcantwinmebro (small blind) collected (40)



PokerStars Hand #247525118818: Tournament #3683182402, $1.84+$0.16 USD Hold'em No Limit - Level I (10/20) - 2023/12/07 12:45:34 CET [2023/12/07 6:45:34 ET]
Table '3683182402 1' 3-max Seat #3 is the button
Seat 1: Mahu2021 (510 in chips) 
Seat 2: Dire7or (490 in chips) 
Seat 3: youcantwinmebro (500 in chips) 
Mahu2021: posts small blind 10
Dire7or: posts big blind 20
*** HOLE CARDS ***
Dealt to Mahu2021 [As Jd]
youcantwinmebro: folds 
Mahu2021: raises 40 to 60
Dire7or: raises 430 to 490 and is all-in
Mahu2021: calls 430
*** FLOP *** [7s Th 9s]
*** TURN *** [7s Th 9s] [3c]
*** RIVER *** [7s Th 9s 3c] [6c]
*** SHOW DOWN ***
Mahu2021: shows [As Jd] (high card Ace)
Dire7or: shows [Ah Jc] (high card Ace)
Mahu2021 collected 490 from pot
Dire7or collected 490 from pot
*** SUMMARY ***
Total pot 980 | Rake 0 
Board [7s Th 9s 3c 6c]
Seat 1: Mahu2021 (small blind) showed [As Jd] and won (490) with high card Ace
Seat 2: Dire7or (big blind) showed [Ah Jc] and won (490) with high card Ace
Seat 3: youcantwinmebro (button) folded before Flop (didn't bet)



PokerStars Hand #247525122265: Tournament #3683182402, $1.84+$0.16 USD Hold'em No Limit - Level I (10/20) - 2023/12/07 12:45:56 CET [2023/12/07 6:45:56 ET]
Table '3683182402 1' 3-max Seat #1 is the button
Seat 1: Mahu2021 (510 in chips) 
Seat 2: Dire7or (490 in chips) 
Seat 3: youcantwinmebro (500 in chips) 
Dire7or: posts small blind 10
youcantwinmebro: posts big blind 20
*** HOLE CARDS ***
Dealt to Mahu2021 [Kc Qc]
Mahu2021: raises 40 to 60
Dire7or: calls 50
youcantwinmebro: raises 440 to 500 and is all-in
Mahu2021: calls 440
Dire7or: folds 
*** FLOP *** [Qd Ad 8d]
*** TURN *** [Qd Ad 8d] [9c]
*** RIVER *** [Qd Ad 8d 9c] [8s]
*** SHOW DOWN ***
youcantwinmebro: shows [As 3d] (two pair, Aces and Eights)
Mahu2021: shows [Kc Qc] (two pair, Queens and Eights)
youcantwinmebro collected 1060 from pot
*** SUMMARY ***
Total pot 1060 | Rake 0 
Board [Qd Ad 8d 9c 8s]
Seat 1: Mahu2021 (button) showed [Kc Qc] and lost with two pair, Queens and Eights
Seat 2: Dire7or (small blind) folded before Flop
Seat 3: youcantwinmebro (big blind) showed [As 3d] and won (1060) with two pair, Aces and Eights



PokerStars Hand #247525126037: Tournament #3683182402, $1.84+$0.16 USD Hold'em No Limit - Level I (10/20) - 2023/12/07 12:46:19 CET [2023/12/07 6:46:19 ET]
Table '3683182402 1' 3-max Seat #2 is the button
Seat 1: Mahu2021 (10 in chips) 
Seat 2: Dire7or (430 in chips) 
Seat 3: youcantwinmebro (1060 in chips) 
youcantwinmebro: posts small blind 10
Mahu2021: posts big blind 10 and is all-in
*** HOLE CARDS ***
Dealt to Mahu2021 [5c Js]
Dire7or: folds 
*** FLOP *** [9c 5d 7d]
*** TURN *** [9c 5d 7d] [4s]
*** RIVER *** [9c 5d 7d 4s] [9s]
*** SHOW DOWN ***
youcantwinmebro: shows [Th 7c] (two pair, Nines and Sevens)
Mahu2021: shows [5c Js] (two pair, Nines and Fives)
youcantwinmebro collected 20 from pot
Mahu2021 finished the tournament in 3rd place
*** SUMMARY ***
Total pot 20 | Rake 0 
Board [9c 5d 7d 4s 9s]
Seat 1: Mahu2021 (big blind) showed [5c Js] and lost with two pair, Nines and Fives
Seat 2: Dire7or (button) folded before Flop (didn't bet)
Seat 3: youcantwinmebro (small blind) showed [Th 7c] and won (20) with two pair, Nines and Sevens



