PokerStars Hand #250498854261: Tournament #3754443579, $0.46+$0.04 USD Hold'em No Limit - Level I (10/20) - 2024/05/14 21:05:21 CET [2024/05/14 15:05:21 ET]
Table '3754443579 1' 3-max Seat #1 is the button
Seat 1: fincsi19 (500 in chips) 
Seat 2: Gripyusha (500 in chips) 
Seat 3: Mahu2021 (500 in chips) 
Gripyusha: posts small blind 10
Mahu2021: posts big blind 20
*** HOLE CARDS ***
Dealt to Mahu2021 [5s Jd]
fincsi19: folds 
Gripyusha: folds 
Uncalled bet (10) returned to Mahu2021
Mahu2021 collected 20 from pot
Mahu2021: doesn't show hand 
*** SUMMARY ***
Total pot 20 | Rake 0 
Seat 1: fincsi19 (button) folded before Flop (didn't bet)
Seat 2: Gripyusha (small blind) folded before Flop
Seat 3: Mahu2021 (big blind) collected (20)



PokerStars Hand #250498857780: Tournament #3754443579, $0.46+$0.04 USD Hold'em No Limit - Level I (10/20) - 2024/05/14 21:05:31 CET [2024/05/14 15:05:31 ET]
Table '3754443579 1' 3-max Seat #2 is the button
Seat 1: fincsi19 (500 in chips) 
Seat 2: Gripyusha (490 in chips) 
Seat 3: Mahu2021 (510 in chips) 
Mahu2021: posts small blind 10
fincsi19: posts big blind 20
*** HOLE CARDS ***
Dealt to Mahu2021 [4d Th]
Gripyusha: folds 
Mahu2021: folds 
Uncalled bet (10) returned to fincsi19
fincsi19 collected 20 from pot
*** SUMMARY ***
Total pot 20 | Rake 0 
Seat 1: fincsi19 (big blind) collected (20)
Seat 2: Gripyusha (button) folded before Flop (didn't bet)
Seat 3: Mahu2021 (small blind) folded before Flop



PokerStars Hand #250498862419: Tournament #3754443579, $0.46+$0.04 USD Hold'em No Limit - Level I (10/20) - 2024/05/14 21:05:45 CET [2024/05/14 15:05:45 ET]
Table '3754443579 1' 3-max Seat #3 is the button
Seat 1: fincsi19 (510 in chips) 
Seat 2: Gripyusha (490 in chips) 
Seat 3: Mahu2021 (500 in chips) 
fincsi19: posts small blind 10
Gripyusha: posts big blind 20
*** HOLE CARDS ***
Dealt to Mahu2021 [8s 8h]
Mahu2021: raises 20 to 40
fincsi19: calls 30
Gripyusha: folds 
*** FLOP *** [9c 9d 6s]
fincsi19: checks 
Mahu2021: bets 100
fincsi19: folds 
Uncalled bet (100) returned to Mahu2021
Mahu2021 collected 100 from pot
Mahu2021: doesn't show hand 
*** SUMMARY ***
Total pot 100 | Rake 0 
Board [9c 9d 6s]
Seat 1: fincsi19 (small blind) folded on the Flop
Seat 2: Gripyusha (big blind) folded before Flop
Seat 3: Mahu2021 (button) collected (100)



PokerStars Hand #250498870287: Tournament #3754443579, $0.46+$0.04 USD Hold'em No Limit - Level I (10/20) - 2024/05/14 21:06:07 CET [2024/05/14 15:06:07 ET]
Table '3754443579 1' 3-max Seat #1 is the button
Seat 1: fincsi19 (470 in chips) 
Seat 2: Gripyusha (470 in chips) 
Seat 3: Mahu2021 (560 in chips) 
Gripyusha: posts small blind 10
Mahu2021: posts big blind 20
*** HOLE CARDS ***
Dealt to Mahu2021 [6s 3s]
fincsi19: folds 
Gripyusha: raises 20 to 40
Mahu2021: calls 20
*** FLOP *** [Tc Qd 9d]
Gripyusha: bets 28
Mahu2021: folds 
Uncalled bet (28) returned to Gripyusha
Gripyusha collected 80 from pot
Gripyusha: doesn't show hand 
*** SUMMARY ***
Total pot 80 | Rake 0 
Board [Tc Qd 9d]
Seat 1: fincsi19 (button) folded before Flop (didn't bet)
Seat 2: Gripyusha (small blind) collected (80)
Seat 3: Mahu2021 (big blind) folded on the Flop



PokerStars Hand #250498875232: Tournament #3754443579, $0.46+$0.04 USD Hold'em No Limit - Level I (10/20) - 2024/05/14 21:06:20 CET [2024/05/14 15:06:20 ET]
Table '3754443579 1' 3-max Seat #2 is the button
Seat 1: fincsi19 (470 in chips) 
Seat 2: Gripyusha (510 in chips) 
Seat 3: Mahu2021 (520 in chips) 
Mahu2021: posts small blind 10
fincsi19: posts big blind 20
*** HOLE CARDS ***
Dealt to Mahu2021 [Ts 3s]
Gripyusha: folds 
Mahu2021: raises 20 to 40
fincsi19: raises 430 to 470 and is all-in
Mahu2021: folds 
Uncalled bet (430) returned to fincsi19
fincsi19 collected 80 from pot
*** SUMMARY ***
Total pot 80 | Rake 0 
Seat 1: fincsi19 (big blind) collected (80)
Seat 2: Gripyusha (button) folded before Flop (didn't bet)
Seat 3: Mahu2021 (small blind) folded before Flop



PokerStars Hand #250498879596: Tournament #3754443579, $0.46+$0.04 USD Hold'em No Limit - Level I (10/20) - 2024/05/14 21:06:33 CET [2024/05/14 15:06:33 ET]
Table '3754443579 1' 3-max Seat #3 is the button
Seat 1: fincsi19 (510 in chips) 
Seat 2: Gripyusha (510 in chips) 
Seat 3: Mahu2021 (480 in chips) 
fincsi19: posts small blind 10
Gripyusha: posts big blind 20
*** HOLE CARDS ***
Dealt to Mahu2021 [5h 8s]
Mahu2021: folds 
fincsi19: raises 20 to 40
Gripyusha: raises 80 to 120
fincsi19: raises 390 to 510 and is all-in
Gripyusha: calls 390 and is all-in
*** FLOP *** [Tc 5d 2h]
*** TURN *** [Tc 5d 2h] [8h]
*** RIVER *** [Tc 5d 2h 8h] [7s]
*** SHOW DOWN ***
fincsi19: shows [8c 8d] (three of a kind, Eights)
Gripyusha: shows [As Ah] (a pair of Aces)
fincsi19 collected 1020 from pot
Gripyusha finished the tournament in 3rd place
*** SUMMARY ***
Total pot 1020 | Rake 0 
Board [Tc 5d 2h 8h 7s]
Seat 1: fincsi19 (small blind) showed [8c 8d] and won (1020) with three of a kind, Eights
Seat 2: Gripyusha (big blind) showed [As Ah] and lost with a pair of Aces
Seat 3: Mahu2021 (button) folded before Flop (didn't bet)



PokerStars Hand #250498888953: Tournament #3754443579, $0.46+$0.04 USD Hold'em No Limit - Level I (10/20) - 2024/05/14 21:06:59 CET [2024/05/14 15:06:59 ET]
Table '3754443579 1' 3-max Seat #1 is the button
Seat 1: fincsi19 (1020 in chips) 
Seat 3: Mahu2021 (480 in chips) 
fincsi19: posts small blind 10
Mahu2021: posts big blind 20
*** HOLE CARDS ***
Dealt to Mahu2021 [Kh 7h]
fincsi19: calls 10
Mahu2021: checks 
*** FLOP *** [Ad 6s 9h]
Mahu2021: checks 
fincsi19: checks 
*** TURN *** [Ad 6s 9h] [6d]
Mahu2021: checks 
fincsi19: checks 
*** RIVER *** [Ad 6s 9h 6d] [As]
Mahu2021: bets 40
fincsi19: calls 40
*** SHOW DOWN ***
Mahu2021: shows [Kh 7h] (two pair, Aces and Sixes)
fincsi19: mucks hand 
Mahu2021 collected 120 from pot
*** SUMMARY ***
Total pot 120 | Rake 0 
Board [Ad 6s 9h 6d As]
Seat 1: fincsi19 (button) (small blind) mucked [Td Js]
Seat 3: Mahu2021 (big blind) showed [Kh 7h] and won (120) with two pair, Aces and Sixes



PokerStars Hand #250498895385: Tournament #3754443579, $0.46+$0.04 USD Hold'em No Limit - Level I (10/20) - 2024/05/14 21:07:17 CET [2024/05/14 15:07:17 ET]
Table '3754443579 1' 3-max Seat #3 is the button
Seat 1: fincsi19 (960 in chips) 
Seat 3: Mahu2021 (540 in chips) 
Mahu2021: posts small blind 10
fincsi19: posts big blind 20
*** HOLE CARDS ***
Dealt to Mahu2021 [Ad 6h]
Mahu2021: calls 10
fincsi19: checks 
*** FLOP *** [9d 9c 8d]
fincsi19: bets 20
Mahu2021: folds 
Uncalled bet (20) returned to fincsi19
fincsi19 collected 40 from pot
*** SUMMARY ***
Total pot 40 | Rake 0 
Board [9d 9c 8d]
Seat 1: fincsi19 (big blind) collected (40)
Seat 3: Mahu2021 (button) (small blind) folded on the Flop



PokerStars Hand #250498900079: Tournament #3754443579, $0.46+$0.04 USD Hold'em No Limit - Level II (15/30) - 2024/05/14 21:07:30 CET [2024/05/14 15:07:30 ET]
Table '3754443579 1' 3-max Seat #1 is the button
Seat 1: fincsi19 (980 in chips) 
Seat 3: Mahu2021 (520 in chips) 
fincsi19: posts small blind 15
Mahu2021: posts big blind 30
*** HOLE CARDS ***
Dealt to Mahu2021 [9s Qd]
fincsi19: calls 15
Mahu2021: checks 
*** FLOP *** [9d 5c Th]
Mahu2021: checks 
fincsi19: bets 30
Mahu2021: calls 30
*** TURN *** [9d 5c Th] [5d]
Mahu2021: checks 
fincsi19: checks 
*** RIVER *** [9d 5c Th 5d] [6d]
Mahu2021: checks 
fincsi19: checks 
*** SHOW DOWN ***
Mahu2021: shows [9s Qd] (two pair, Nines and Fives)
fincsi19: mucks hand 
Mahu2021 collected 120 from pot
*** SUMMARY ***
Total pot 120 | Rake 0 
Board [9d 5c Th 5d 6d]
Seat 1: fincsi19 (button) (small blind) mucked [7h Jh]
Seat 3: Mahu2021 (big blind) showed [9s Qd] and won (120) with two pair, Nines and Fives



PokerStars Hand #250498906750: Tournament #3754443579, $0.46+$0.04 USD Hold'em No Limit - Level II (15/30) - 2024/05/14 21:07:48 CET [2024/05/14 15:07:48 ET]
Table '3754443579 1' 3-max Seat #3 is the button
Seat 1: fincsi19 (920 in chips) 
Seat 3: Mahu2021 (580 in chips) 
Mahu2021: posts small blind 15
fincsi19: posts big blind 30
*** HOLE CARDS ***
Dealt to Mahu2021 [5h 5c]
Mahu2021: raises 30 to 60
fincsi19: calls 30
*** FLOP *** [Jd Th Ad]
fincsi19: checks 
Mahu2021: bets 60
fincsi19: folds 
Uncalled bet (60) returned to Mahu2021
Mahu2021 collected 120 from pot
Mahu2021: doesn't show hand 
*** SUMMARY ***
Total pot 120 | Rake 0 
Board [Jd Th Ad]
Seat 1: fincsi19 (big blind) folded on the Flop
Seat 3: Mahu2021 (button) (small blind) collected (120)



PokerStars Hand #250498911575: Tournament #3754443579, $0.46+$0.04 USD Hold'em No Limit - Level II (15/30) - 2024/05/14 21:08:02 CET [2024/05/14 15:08:02 ET]
Table '3754443579 1' 3-max Seat #1 is the button
Seat 1: fincsi19 (860 in chips) 
Seat 3: Mahu2021 (640 in chips) 
fincsi19: posts small blind 15
Mahu2021: posts big blind 30
*** HOLE CARDS ***
Dealt to Mahu2021 [8h Ts]
fincsi19: folds 
Uncalled bet (15) returned to Mahu2021
Mahu2021 collected 30 from pot
Mahu2021: doesn't show hand 
*** SUMMARY ***
Total pot 30 | Rake 0 
Seat 1: fincsi19 (button) (small blind) folded before Flop
Seat 3: Mahu2021 (big blind) collected (30)



PokerStars Hand #250498913235: Tournament #3754443579, $0.46+$0.04 USD Hold'em No Limit - Level II (15/30) - 2024/05/14 21:08:06 CET [2024/05/14 15:08:06 ET]
Table '3754443579 1' 3-max Seat #3 is the button
Seat 1: fincsi19 (845 in chips) 
Seat 3: Mahu2021 (655 in chips) 
Mahu2021: posts small blind 15
fincsi19: posts big blind 30
*** HOLE CARDS ***
Dealt to Mahu2021 [8d 2d]
Mahu2021: folds 
Uncalled bet (15) returned to fincsi19
fincsi19 collected 30 from pot
*** SUMMARY ***
Total pot 30 | Rake 0 
Seat 1: fincsi19 (big blind) collected (30)
Seat 3: Mahu2021 (button) (small blind) folded before Flop



PokerStars Hand #250498914920: Tournament #3754443579, $0.46+$0.04 USD Hold'em No Limit - Level II (15/30) - 2024/05/14 21:08:11 CET [2024/05/14 15:08:11 ET]
Table '3754443579 1' 3-max Seat #1 is the button
Seat 1: fincsi19 (860 in chips) 
Seat 3: Mahu2021 (640 in chips) 
fincsi19: posts small blind 15
Mahu2021: posts big blind 30
*** HOLE CARDS ***
Dealt to Mahu2021 [4h Js]
fincsi19: raises 60 to 90
Mahu2021: folds 
Uncalled bet (60) returned to fincsi19
fincsi19 collected 60 from pot
*** SUMMARY ***
Total pot 60 | Rake 0 
Seat 1: fincsi19 (button) (small blind) collected (60)
Seat 3: Mahu2021 (big blind) folded before Flop



PokerStars Hand #250498917608: Tournament #3754443579, $0.46+$0.04 USD Hold'em No Limit - Level II (15/30) - 2024/05/14 21:08:18 CET [2024/05/14 15:08:18 ET]
Table '3754443579 1' 3-max Seat #3 is the button
Seat 1: fincsi19 (890 in chips) 
Seat 3: Mahu2021 (610 in chips) 
Mahu2021: posts small blind 15
fincsi19: posts big blind 30
*** HOLE CARDS ***
Dealt to Mahu2021 [8h Ts]
Mahu2021: folds 
Uncalled bet (15) returned to fincsi19
fincsi19 collected 30 from pot
*** SUMMARY ***
Total pot 30 | Rake 0 
Seat 1: fincsi19 (big blind) collected (30)
Seat 3: Mahu2021 (button) (small blind) folded before Flop



PokerStars Hand #250498919291: Tournament #3754443579, $0.46+$0.04 USD Hold'em No Limit - Level II (15/30) - 2024/05/14 21:08:23 CET [2024/05/14 15:08:23 ET]
Table '3754443579 1' 3-max Seat #1 is the button
Seat 1: fincsi19 (905 in chips) 
Seat 3: Mahu2021 (595 in chips) 
fincsi19: posts small blind 15
Mahu2021: posts big blind 30
*** HOLE CARDS ***
Dealt to Mahu2021 [Jc 8d]
fincsi19: raises 875 to 905 and is all-in
Mahu2021: folds 
Uncalled bet (875) returned to fincsi19
fincsi19 collected 60 from pot
*** SUMMARY ***
Total pot 60 | Rake 0 
Seat 1: fincsi19 (button) (small blind) collected (60)
Seat 3: Mahu2021 (big blind) folded before Flop



PokerStars Hand #250498921525: Tournament #3754443579, $0.46+$0.04 USD Hold'em No Limit - Level II (15/30) - 2024/05/14 21:08:29 CET [2024/05/14 15:08:29 ET]
Table '3754443579 1' 3-max Seat #3 is the button
Seat 1: fincsi19 (935 in chips) 
Seat 3: Mahu2021 (565 in chips) 
Mahu2021: posts small blind 15
fincsi19: posts big blind 30
*** HOLE CARDS ***
Dealt to Mahu2021 [7s Ad]
Mahu2021: raises 30 to 60
fincsi19: folds 
Uncalled bet (30) returned to Mahu2021
Mahu2021 collected 60 from pot
Mahu2021: doesn't show hand 
*** SUMMARY ***
Total pot 60 | Rake 0 
Seat 1: fincsi19 (big blind) folded before Flop
Seat 3: Mahu2021 (button) (small blind) collected (60)



PokerStars Hand #250498923875: Tournament #3754443579, $0.46+$0.04 USD Hold'em No Limit - Level II (15/30) - 2024/05/14 21:08:36 CET [2024/05/14 15:08:36 ET]
Table '3754443579 1' 3-max Seat #1 is the button
Seat 1: fincsi19 (905 in chips) 
Seat 3: Mahu2021 (595 in chips) 
fincsi19: posts small blind 15
Mahu2021: posts big blind 30
*** HOLE CARDS ***
Dealt to Mahu2021 [Kh 3s]
fincsi19: calls 15
Mahu2021: checks 
*** FLOP *** [Kc 7s 5h]
Mahu2021: checks 
fincsi19: checks 
*** TURN *** [Kc 7s 5h] [2c]
Mahu2021: bets 60
fincsi19: folds 
Uncalled bet (60) returned to Mahu2021
Mahu2021 collected 60 from pot
Mahu2021: doesn't show hand 
*** SUMMARY ***
Total pot 60 | Rake 0 
Board [Kc 7s 5h 2c]
Seat 1: fincsi19 (button) (small blind) folded on the Turn
Seat 3: Mahu2021 (big blind) collected (60)



PokerStars Hand #250498929643: Tournament #3754443579, $0.46+$0.04 USD Hold'em No Limit - Level II (15/30) - 2024/05/14 21:08:52 CET [2024/05/14 15:08:52 ET]
Table '3754443579 1' 3-max Seat #3 is the button
Seat 1: fincsi19 (875 in chips) 
Seat 3: Mahu2021 (625 in chips) 
Mahu2021: posts small blind 15
fincsi19: posts big blind 30
*** HOLE CARDS ***
Dealt to Mahu2021 [Qd 8h]
Mahu2021: raises 30 to 60
fincsi19: calls 30
*** FLOP *** [Ad 3h 2h]
fincsi19: checks 
Mahu2021: bets 60
fincsi19: folds 
Uncalled bet (60) returned to Mahu2021
Mahu2021 collected 120 from pot
Mahu2021: doesn't show hand 
*** SUMMARY ***
Total pot 120 | Rake 0 
Board [Ad 3h 2h]
Seat 1: fincsi19 (big blind) folded on the Flop
Seat 3: Mahu2021 (button) (small blind) collected (120)



PokerStars Hand #250498933468: Tournament #3754443579, $0.46+$0.04 USD Hold'em No Limit - Level II (15/30) - 2024/05/14 21:09:02 CET [2024/05/14 15:09:02 ET]
Table '3754443579 1' 3-max Seat #1 is the button
Seat 1: fincsi19 (815 in chips) 
Seat 3: Mahu2021 (685 in chips) 
fincsi19: posts small blind 15
Mahu2021: posts big blind 30
*** HOLE CARDS ***
Dealt to Mahu2021 [6s Kd]
fincsi19: calls 15
Mahu2021: checks 
*** FLOP *** [Js 6h 9d]
Mahu2021: checks 
fincsi19: bets 30
Mahu2021: calls 30
*** TURN *** [Js 6h 9d] [5s]
Mahu2021: checks 
fincsi19: bets 120
Mahu2021: folds 
Uncalled bet (120) returned to fincsi19
fincsi19 collected 120 from pot
*** SUMMARY ***
Total pot 120 | Rake 0 
Board [Js 6h 9d 5s]
Seat 1: fincsi19 (button) (small blind) collected (120)
Seat 3: Mahu2021 (big blind) folded on the Turn



PokerStars Hand #250498939663: Tournament #3754443579, $0.46+$0.04 USD Hold'em No Limit - Level II (15/30) - 2024/05/14 21:09:19 CET [2024/05/14 15:09:19 ET]
Table '3754443579 1' 3-max Seat #3 is the button
Seat 1: fincsi19 (875 in chips) 
Seat 3: Mahu2021 (625 in chips) 
Mahu2021: posts small blind 15
fincsi19: posts big blind 30
*** HOLE CARDS ***
Dealt to Mahu2021 [Jc 6c]
Mahu2021: raises 30 to 60
fincsi19: raises 815 to 875 and is all-in
Mahu2021: folds 
Uncalled bet (815) returned to fincsi19
fincsi19 collected 120 from pot
*** SUMMARY ***
Total pot 120 | Rake 0 
Seat 1: fincsi19 (big blind) collected (120)
Seat 3: Mahu2021 (button) (small blind) folded before Flop



PokerStars Hand #250498943592: Tournament #3754443579, $0.46+$0.04 USD Hold'em No Limit - Level III (20/40) - 2024/05/14 21:09:30 CET [2024/05/14 15:09:30 ET]
Table '3754443579 1' 3-max Seat #1 is the button
Seat 1: fincsi19 (935 in chips) 
Seat 3: Mahu2021 (565 in chips) 
fincsi19: posts small blind 20
Mahu2021: posts big blind 40
*** HOLE CARDS ***
Dealt to Mahu2021 [8s 3h]
fincsi19: raises 80 to 120
Mahu2021: folds 
Uncalled bet (80) returned to fincsi19
fincsi19 collected 80 from pot
*** SUMMARY ***
Total pot 80 | Rake 0 
Seat 1: fincsi19 (button) (small blind) collected (80)
Seat 3: Mahu2021 (big blind) folded before Flop



PokerStars Hand #250498945667: Tournament #3754443579, $0.46+$0.04 USD Hold'em No Limit - Level III (20/40) - 2024/05/14 21:09:36 CET [2024/05/14 15:09:36 ET]
Table '3754443579 1' 3-max Seat #3 is the button
Seat 1: fincsi19 (975 in chips) 
Seat 3: Mahu2021 (525 in chips) 
Mahu2021: posts small blind 20
fincsi19: posts big blind 40
*** HOLE CARDS ***
Dealt to Mahu2021 [3c 6d]
Mahu2021: folds 
Uncalled bet (20) returned to fincsi19
fincsi19 collected 40 from pot
*** SUMMARY ***
Total pot 40 | Rake 0 
Seat 1: fincsi19 (big blind) collected (40)
Seat 3: Mahu2021 (button) (small blind) folded before Flop



PokerStars Hand #250498947373: Tournament #3754443579, $0.46+$0.04 USD Hold'em No Limit - Level III (20/40) - 2024/05/14 21:09:41 CET [2024/05/14 15:09:41 ET]
Table '3754443579 1' 3-max Seat #1 is the button
Seat 1: fincsi19 (995 in chips) 
Seat 3: Mahu2021 (505 in chips) 
fincsi19: posts small blind 20
Mahu2021: posts big blind 40
*** HOLE CARDS ***
Dealt to Mahu2021 [Ts 2s]
fincsi19: calls 20
Mahu2021: checks 
*** FLOP *** [7h 2c Qh]
Mahu2021: checks 
fincsi19: checks 
*** TURN *** [7h 2c Qh] [Th]
Mahu2021: bets 40
fincsi19: folds 
Uncalled bet (40) returned to Mahu2021
Mahu2021 collected 80 from pot
Mahu2021: doesn't show hand 
*** SUMMARY ***
Total pot 80 | Rake 0 
Board [7h 2c Qh Th]
Seat 1: fincsi19 (button) (small blind) folded on the Turn
Seat 3: Mahu2021 (big blind) collected (80)



PokerStars Hand #250498951539: Tournament #3754443579, $0.46+$0.04 USD Hold'em No Limit - Level III (20/40) - 2024/05/14 21:09:52 CET [2024/05/14 15:09:52 ET]
Table '3754443579 1' 3-max Seat #3 is the button
Seat 1: fincsi19 (955 in chips) 
Seat 3: Mahu2021 (545 in chips) 
Mahu2021: posts small blind 20
fincsi19: posts big blind 40
*** HOLE CARDS ***
Dealt to Mahu2021 [3d Kd]
Mahu2021: raises 40 to 80
fincsi19: folds 
Uncalled bet (40) returned to Mahu2021
Mahu2021 collected 80 from pot
Mahu2021: doesn't show hand 
*** SUMMARY ***
Total pot 80 | Rake 0 
Seat 1: fincsi19 (big blind) folded before Flop
Seat 3: Mahu2021 (button) (small blind) collected (80)



PokerStars Hand #250498953619: Tournament #3754443579, $0.46+$0.04 USD Hold'em No Limit - Level III (20/40) - 2024/05/14 21:09:58 CET [2024/05/14 15:09:58 ET]
Table '3754443579 1' 3-max Seat #1 is the button
Seat 1: fincsi19 (915 in chips) 
Seat 3: Mahu2021 (585 in chips) 
fincsi19: posts small blind 20
Mahu2021: posts big blind 40
*** HOLE CARDS ***
Dealt to Mahu2021 [7h Js]
fincsi19: calls 20
Mahu2021: checks 
*** FLOP *** [6d 8d 3d]
Mahu2021: checks 
fincsi19: bets 40
Mahu2021: folds 
Uncalled bet (40) returned to fincsi19
fincsi19 collected 80 from pot
*** SUMMARY ***
Total pot 80 | Rake 0 
Board [6d 8d 3d]
Seat 1: fincsi19 (button) (small blind) collected (80)
Seat 3: Mahu2021 (big blind) folded on the Flop



PokerStars Hand #250498958427: Tournament #3754443579, $0.46+$0.04 USD Hold'em No Limit - Level III (20/40) - 2024/05/14 21:10:11 CET [2024/05/14 15:10:11 ET]
Table '3754443579 1' 3-max Seat #3 is the button
Seat 1: fincsi19 (955 in chips) 
Seat 3: Mahu2021 (545 in chips) 
Mahu2021: posts small blind 20
fincsi19: posts big blind 40
*** HOLE CARDS ***
Dealt to Mahu2021 [3s 3d]
Mahu2021: raises 505 to 545 and is all-in
fincsi19: folds 
Uncalled bet (505) returned to Mahu2021
Mahu2021 collected 80 from pot
Mahu2021: doesn't show hand 
*** SUMMARY ***
Total pot 80 | Rake 0 
Seat 1: fincsi19 (big blind) folded before Flop
Seat 3: Mahu2021 (button) (small blind) collected (80)



PokerStars Hand #250498960499: Tournament #3754443579, $0.46+$0.04 USD Hold'em No Limit - Level III (20/40) - 2024/05/14 21:10:17 CET [2024/05/14 15:10:17 ET]
Table '3754443579 1' 3-max Seat #1 is the button
Seat 1: fincsi19 (915 in chips) 
Seat 3: Mahu2021 (585 in chips) 
fincsi19: posts small blind 20
Mahu2021: posts big blind 40
*** HOLE CARDS ***
Dealt to Mahu2021 [4d Th]
fincsi19: calls 20
Mahu2021: checks 
*** FLOP *** [Qs 5h 2h]
Mahu2021: checks 
fincsi19: bets 40
Mahu2021: folds 
Uncalled bet (40) returned to fincsi19
fincsi19 collected 80 from pot
*** SUMMARY ***
Total pot 80 | Rake 0 
Board [Qs 5h 2h]
Seat 1: fincsi19 (button) (small blind) collected (80)
Seat 3: Mahu2021 (big blind) folded on the Flop



PokerStars Hand #250498964121: Tournament #3754443579, $0.46+$0.04 USD Hold'em No Limit - Level III (20/40) - 2024/05/14 21:10:27 CET [2024/05/14 15:10:27 ET]
Table '3754443579 1' 3-max Seat #3 is the button
Seat 1: fincsi19 (955 in chips) 
Seat 3: Mahu2021 (545 in chips) 
Mahu2021: posts small blind 20
fincsi19: posts big blind 40
*** HOLE CARDS ***
Dealt to Mahu2021 [9d Jc]
Mahu2021: calls 20
fincsi19: checks 
*** FLOP *** [Jd 5c 4c]
fincsi19: checks 
Mahu2021: bets 40
fincsi19: folds 
Uncalled bet (40) returned to Mahu2021
Mahu2021 collected 80 from pot
Mahu2021: doesn't show hand 
*** SUMMARY ***
Total pot 80 | Rake 0 
Board [Jd 5c 4c]
Seat 1: fincsi19 (big blind) folded on the Flop
Seat 3: Mahu2021 (button) (small blind) collected (80)



PokerStars Hand #250498970164: Tournament #3754443579, $0.46+$0.04 USD Hold'em No Limit - Level III (20/40) - 2024/05/14 21:10:44 CET [2024/05/14 15:10:44 ET]
Table '3754443579 1' 3-max Seat #1 is the button
Seat 1: fincsi19 (915 in chips) 
Seat 3: Mahu2021 (585 in chips) 
fincsi19: posts small blind 20
Mahu2021: posts big blind 40
*** HOLE CARDS ***
Dealt to Mahu2021 [7c Jc]
fincsi19: calls 20
Mahu2021: checks 
*** FLOP *** [2c Td 6s]
Mahu2021: checks 
fincsi19: bets 80
Mahu2021: folds 
Uncalled bet (80) returned to fincsi19
fincsi19 collected 80 from pot
*** SUMMARY ***
Total pot 80 | Rake 0 
Board [2c Td 6s]
Seat 1: fincsi19 (button) (small blind) collected (80)
Seat 3: Mahu2021 (big blind) folded on the Flop



PokerStars Hand #250498974441: Tournament #3754443579, $0.46+$0.04 USD Hold'em No Limit - Level III (20/40) - 2024/05/14 21:10:56 CET [2024/05/14 15:10:56 ET]
Table '3754443579 1' 3-max Seat #3 is the button
Seat 1: fincsi19 (955 in chips) 
Seat 3: Mahu2021 (545 in chips) 
Mahu2021: posts small blind 20
fincsi19: posts big blind 40
*** HOLE CARDS ***
Dealt to Mahu2021 [9c Qh]
Mahu2021: calls 20
fincsi19: raises 915 to 955 and is all-in
Mahu2021: folds 
Uncalled bet (915) returned to fincsi19
fincsi19 collected 80 from pot
*** SUMMARY ***
Total pot 80 | Rake 0 
Seat 1: fincsi19 (big blind) collected (80)
Seat 3: Mahu2021 (button) (small blind) folded before Flop



PokerStars Hand #250498977065: Tournament #3754443579, $0.46+$0.04 USD Hold'em No Limit - Level III (20/40) - 2024/05/14 21:11:03 CET [2024/05/14 15:11:03 ET]
Table '3754443579 1' 3-max Seat #1 is the button
Seat 1: fincsi19 (995 in chips) 
Seat 3: Mahu2021 (505 in chips) 
fincsi19: posts small blind 20
Mahu2021: posts big blind 40
*** HOLE CARDS ***
Dealt to Mahu2021 [3c As]
fincsi19: raises 40 to 80
Mahu2021: raises 425 to 505 and is all-in
fincsi19: calls 425
*** FLOP *** [8c Tc 4d]
*** TURN *** [8c Tc 4d] [7s]
*** RIVER *** [8c Tc 4d 7s] [3h]
*** SHOW DOWN ***
Mahu2021: shows [3c As] (a pair of Threes)
fincsi19: shows [Kh 9h] (high card King)
Mahu2021 collected 1010 from pot
*** SUMMARY ***
Total pot 1010 | Rake 0 
Board [8c Tc 4d 7s 3h]
Seat 1: fincsi19 (button) (small blind) showed [Kh 9h] and lost with high card King
Seat 3: Mahu2021 (big blind) showed [3c As] and won (1010) with a pair of Threes



PokerStars Hand #250498982611: Tournament #3754443579, $0.46+$0.04 USD Hold'em No Limit - Level III (20/40) - 2024/05/14 21:11:18 CET [2024/05/14 15:11:18 ET]
Table '3754443579 1' 3-max Seat #3 is the button
Seat 1: fincsi19 (490 in chips) 
Seat 3: Mahu2021 (1010 in chips) 
Mahu2021: posts small blind 20
fincsi19: posts big blind 40
*** HOLE CARDS ***
Dealt to Mahu2021 [7c 2d]
Mahu2021: folds 
Uncalled bet (20) returned to fincsi19
fincsi19 collected 40 from pot
*** SUMMARY ***
Total pot 40 | Rake 0 
Seat 1: fincsi19 (big blind) collected (40)
Seat 3: Mahu2021 (button) (small blind) folded before Flop



PokerStars Hand #250498985260: Tournament #3754443579, $0.46+$0.04 USD Hold'em No Limit - Level IV (30/60) - 2024/05/14 21:11:26 CET [2024/05/14 15:11:26 ET]
Table '3754443579 1' 3-max Seat #1 is the button
Seat 1: fincsi19 (510 in chips) 
Seat 3: Mahu2021 (990 in chips) 
fincsi19: posts small blind 30
Mahu2021: posts big blind 60
*** HOLE CARDS ***
Dealt to Mahu2021 [Js 3s]
fincsi19: raises 450 to 510 and is all-in
Mahu2021: folds 
Uncalled bet (450) returned to fincsi19
fincsi19 collected 120 from pot
*** SUMMARY ***
Total pot 120 | Rake 0 
Seat 1: fincsi19 (button) (small blind) collected (120)
Seat 3: Mahu2021 (big blind) folded before Flop



PokerStars Hand #250498987859: Tournament #3754443579, $0.46+$0.04 USD Hold'em No Limit - Level IV (30/60) - 2024/05/14 21:11:33 CET [2024/05/14 15:11:33 ET]
Table '3754443579 1' 3-max Seat #3 is the button
Seat 1: fincsi19 (570 in chips) 
Seat 3: Mahu2021 (930 in chips) 
Mahu2021: posts small blind 30
fincsi19: posts big blind 60
*** HOLE CARDS ***
Dealt to Mahu2021 [4d Qd]
Mahu2021: calls 30
fincsi19: raises 510 to 570 and is all-in
Mahu2021: folds 
Uncalled bet (510) returned to fincsi19
fincsi19 collected 120 from pot
*** SUMMARY ***
Total pot 120 | Rake 0 
Seat 1: fincsi19 (big blind) collected (120)
Seat 3: Mahu2021 (button) (small blind) folded before Flop



PokerStars Hand #250498990902: Tournament #3754443579, $0.46+$0.04 USD Hold'em No Limit - Level IV (30/60) - 2024/05/14 21:11:41 CET [2024/05/14 15:11:41 ET]
Table '3754443579 1' 3-max Seat #1 is the button
Seat 1: fincsi19 (630 in chips) 
Seat 3: Mahu2021 (870 in chips) 
fincsi19: posts small blind 30
Mahu2021: posts big blind 60
*** HOLE CARDS ***
Dealt to Mahu2021 [Ac Qd]
fincsi19: raises 570 to 630 and is all-in
Mahu2021: calls 570
*** FLOP *** [8d Td 8s]
*** TURN *** [8d Td 8s] [4s]
*** RIVER *** [8d Td 8s 4s] [Jh]
*** SHOW DOWN ***
Mahu2021: shows [Ac Qd] (a pair of Eights)
fincsi19: shows [Ts Qh] (two pair, Tens and Eights)
fincsi19 collected 1260 from pot
*** SUMMARY ***
Total pot 1260 | Rake 0 
Board [8d Td 8s 4s Jh]
Seat 1: fincsi19 (button) (small blind) showed [Ts Qh] and won (1260) with two pair, Tens and Eights
Seat 3: Mahu2021 (big blind) showed [Ac Qd] and lost with a pair of Eights



PokerStars Hand #250498995583: Tournament #3754443579, $0.46+$0.04 USD Hold'em No Limit - Level IV (30/60) - 2024/05/14 21:11:54 CET [2024/05/14 15:11:54 ET]
Table '3754443579 1' 3-max Seat #3 is the button
Seat 1: fincsi19 (1260 in chips) 
Seat 3: Mahu2021 (240 in chips) 
Mahu2021: posts small blind 30
fincsi19: posts big blind 60
*** HOLE CARDS ***
Dealt to Mahu2021 [6h Qc]
Mahu2021: folds 
Uncalled bet (30) returned to fincsi19
fincsi19 collected 60 from pot
*** SUMMARY ***
Total pot 60 | Rake 0 
Seat 1: fincsi19 (big blind) collected (60)
Seat 3: Mahu2021 (button) (small blind) folded before Flop



PokerStars Hand #250498997128: Tournament #3754443579, $0.46+$0.04 USD Hold'em No Limit - Level IV (30/60) - 2024/05/14 21:11:59 CET [2024/05/14 15:11:59 ET]
Table '3754443579 1' 3-max Seat #1 is the button
Seat 1: fincsi19 (1290 in chips) 
Seat 3: Mahu2021 (210 in chips) 
fincsi19: posts small blind 30
Mahu2021: posts big blind 60
*** HOLE CARDS ***
Dealt to Mahu2021 [4h 4s]
fincsi19: calls 30
Mahu2021: raises 150 to 210 and is all-in
fincsi19: calls 150
*** FLOP *** [5d Jh Js]
*** TURN *** [5d Jh Js] [8d]
*** RIVER *** [5d Jh Js 8d] [3d]
*** SHOW DOWN ***
Mahu2021: shows [4h 4s] (two pair, Jacks and Fours)
fincsi19: shows [5s 2s] (two pair, Jacks and Fives)
fincsi19 collected 420 from pot
Mahu2021 finished the tournament in 2nd place
fincsi19 wins the tournament - congratulations!
fincsi19 wins a '$1.00 Power Path Step 2 Ticket' ticket
*** SUMMARY ***
Total pot 420 | Rake 0 
Board [5d Jh Js 8d 3d]
Seat 1: fincsi19 (button) (small blind) showed [5s 2s] and won (420) with two pair, Jacks and Fives
Seat 3: Mahu2021 (big blind) showed [4h 4s] and lost with two pair, Jacks and Fours



