PokerStars Hand #252554986758: Tournament #3803460388, $1.84+$0.16 USD Hold'em No Limit - Level I (10/20) - 2024/09/21 13:59:18 CET [2024/09/21 7:59:18 ET]
Table '3803460388 1' 3-max Seat #1 is the button
Seat 1: Mahu2021 (500 in chips) 
Seat 2: Cricc80 (500 in chips) 
Seat 3: elmo3334 (500 in chips) 
Cricc80: posts small blind 10
elmo3334: posts big blind 20
*** HOLE CARDS ***
Dealt to Mahu2021 [Ts Qh]
Mahu2021: raises 20 to 40
Cricc80: folds 
elmo3334: raises 110 to 150
Mahu2021: folds 
Uncalled bet (110) returned to elmo3334
elmo3334 collected 90 from pot
*** SUMMARY ***
Total pot 90 | Rake 0 
Seat 1: Mahu2021 (button) folded before Flop
Seat 2: Cricc80 (small blind) folded before Flop
Seat 3: elmo3334 (big blind) collected (90)



PokerStars Hand #252554988271: Tournament #3803460388, $1.84+$0.16 USD Hold'em No Limit - Level I (10/20) - 2024/09/21 13:59:30 CET [2024/09/21 7:59:30 ET]
Table '3803460388 1' 3-max Seat #2 is the button
Seat 1: Mahu2021 (460 in chips) 
Seat 2: Cricc80 (490 in chips) 
Seat 3: elmo3334 (550 in chips) 
elmo3334: posts small blind 10
Mahu2021: posts big blind 20
*** HOLE CARDS ***
Dealt to Mahu2021 [5d 9h]
Cricc80: folds 
elmo3334: folds 
Uncalled bet (10) returned to Mahu2021
Mahu2021 collected 20 from pot
Mahu2021: doesn't show hand 
*** SUMMARY ***
Total pot 20 | Rake 0 
Seat 1: Mahu2021 (big blind) collected (20)
Seat 2: Cricc80 (button) folded before Flop (didn't bet)
Seat 3: elmo3334 (small blind) folded before Flop



PokerStars Hand #252554988911: Tournament #3803460388, $1.84+$0.16 USD Hold'em No Limit - Level I (10/20) - 2024/09/21 13:59:35 CET [2024/09/21 7:59:35 ET]
Table '3803460388 1' 3-max Seat #3 is the button
Seat 1: Mahu2021 (470 in chips) 
Seat 2: Cricc80 (490 in chips) 
Seat 3: elmo3334 (540 in chips) 
Mahu2021: posts small blind 10
Cricc80: posts big blind 20
*** HOLE CARDS ***
Dealt to Mahu2021 [5d Th]
elmo3334: folds 
Mahu2021: folds 
Uncalled bet (10) returned to Cricc80
Cricc80 collected 20 from pot
Cricc80: doesn't show hand 
*** SUMMARY ***
Total pot 20 | Rake 0 
Seat 1: Mahu2021 (small blind) folded before Flop
Seat 2: Cricc80 (big blind) collected (20)
Seat 3: elmo3334 (button) folded before Flop (didn't bet)



PokerStars Hand #252554989456: Tournament #3803460388, $1.84+$0.16 USD Hold'em No Limit - Level I (10/20) - 2024/09/21 13:59:40 CET [2024/09/21 7:59:40 ET]
Table '3803460388 1' 3-max Seat #1 is the button
Seat 1: Mahu2021 (460 in chips) 
Seat 2: Cricc80 (500 in chips) 
Seat 3: elmo3334 (540 in chips) 
Cricc80: posts small blind 10
elmo3334: posts big blind 20
*** HOLE CARDS ***
Dealt to Mahu2021 [9d Th]
Mahu2021: calls 20
Cricc80: calls 10
elmo3334: checks 
*** FLOP *** [5c 9h Ts]
Cricc80: bets 80
elmo3334: folds 
Mahu2021: raises 360 to 440 and is all-in
Cricc80: calls 360
*** TURN *** [5c 9h Ts] [3h]
*** RIVER *** [5c 9h Ts 3h] [4s]
*** SHOW DOWN ***
Cricc80: shows [Tc Jc] (a pair of Tens)
Mahu2021: shows [9d Th] (two pair, Tens and Nines)
Mahu2021 collected 940 from pot
*** SUMMARY ***
Total pot 940 | Rake 0 
Board [5c 9h Ts 3h 4s]
Seat 1: Mahu2021 (button) showed [9d Th] and won (940) with two pair, Tens and Nines
Seat 2: Cricc80 (small blind) showed [Tc Jc] and lost with a pair of Tens
Seat 3: elmo3334 (big blind) folded on the Flop



PokerStars Hand #252554992290: Tournament #3803460388, $1.84+$0.16 USD Hold'em No Limit - Level I (10/20) - 2024/09/21 14:00:02 CET [2024/09/21 8:00:02 ET]
Table '3803460388 1' 3-max Seat #2 is the button
Seat 1: Mahu2021 (940 in chips) 
Seat 2: Cricc80 (40 in chips) 
Seat 3: elmo3334 (520 in chips) 
elmo3334: posts small blind 10
Mahu2021: posts big blind 20
*** HOLE CARDS ***
Dealt to Mahu2021 [3d 4s]
Cricc80: folds 
elmo3334: calls 10
Mahu2021: checks 
*** FLOP *** [8s Ah 9c]
elmo3334: bets 60
Mahu2021: folds 
Uncalled bet (60) returned to elmo3334
elmo3334 collected 40 from pot
*** SUMMARY ***
Total pot 40 | Rake 0 
Board [8s Ah 9c]
Seat 1: Mahu2021 (big blind) folded on the Flop
Seat 2: Cricc80 (button) folded before Flop (didn't bet)
Seat 3: elmo3334 (small blind) collected (40)



PokerStars Hand #252554994427: Tournament #3803460388, $1.84+$0.16 USD Hold'em No Limit - Level I (10/20) - 2024/09/21 14:00:19 CET [2024/09/21 8:00:19 ET]
Table '3803460388 1' 3-max Seat #3 is the button
Seat 1: Mahu2021 (920 in chips) 
Seat 2: Cricc80 (40 in chips) 
Seat 3: elmo3334 (540 in chips) 
Mahu2021: posts small blind 10
Cricc80: posts big blind 20
*** HOLE CARDS ***
Dealt to Mahu2021 [Th 4c]
elmo3334: raises 20 to 40
Mahu2021: folds 
Cricc80: calls 20 and is all-in
*** FLOP *** [9s 3h Ah]
*** TURN *** [9s 3h Ah] [Qh]
*** RIVER *** [9s 3h Ah Qh] [Qc]
*** SHOW DOWN ***
Cricc80: shows [3c 4d] (two pair, Queens and Threes)
elmo3334: shows [Ks 3s] (two pair, Queens and Threes)
Cricc80 collected 45 from pot
elmo3334 collected 45 from pot
*** SUMMARY ***
Total pot 90 | Rake 0 
Board [9s 3h Ah Qh Qc]
Seat 1: Mahu2021 (small blind) folded before Flop
Seat 2: Cricc80 (big blind) showed [3c 4d] and won (45) with two pair, Queens and Threes
Seat 3: elmo3334 (button) showed [Ks 3s] and won (45) with two pair, Queens and Threes



PokerStars Hand #252554996333: Tournament #3803460388, $1.84+$0.16 USD Hold'em No Limit - Level I (10/20) - 2024/09/21 14:00:34 CET [2024/09/21 8:00:34 ET]
Table '3803460388 1' 3-max Seat #1 is the button
Seat 1: Mahu2021 (910 in chips) 
Seat 2: Cricc80 (45 in chips) 
Seat 3: elmo3334 (545 in chips) 
Cricc80: posts small blind 10
elmo3334: posts big blind 20
*** HOLE CARDS ***
Dealt to Mahu2021 [2d As]
Mahu2021: folds 
Cricc80: raises 25 to 45 and is all-in
elmo3334: calls 25
*** FLOP *** [3c 7d Qs]
*** TURN *** [3c 7d Qs] [9h]
*** RIVER *** [3c 7d Qs 9h] [3s]
*** SHOW DOWN ***
Cricc80: shows [Ad 5s] (a pair of Threes)
elmo3334: shows [4c Qd] (two pair, Queens and Threes)
elmo3334 collected 90 from pot
Cricc80 finished the tournament in 3rd place
*** SUMMARY ***
Total pot 90 | Rake 0 
Board [3c 7d Qs 9h 3s]
Seat 1: Mahu2021 (button) folded before Flop (didn't bet)
Seat 2: Cricc80 (small blind) showed [Ad 5s] and lost with a pair of Threes
Seat 3: elmo3334 (big blind) showed [4c Qd] and won (90) with two pair, Queens and Threes



PokerStars Hand #252554998680: Tournament #3803460388, $1.84+$0.16 USD Hold'em No Limit - Level I (10/20) - 2024/09/21 14:00:51 CET [2024/09/21 8:00:51 ET]
Table '3803460388 1' 3-max Seat #3 is the button
Seat 1: Mahu2021 (910 in chips) 
Seat 3: elmo3334 (590 in chips) 
elmo3334: posts small blind 10
Mahu2021: posts big blind 20
*** HOLE CARDS ***
Dealt to Mahu2021 [5s Ac]
elmo3334: folds 
Uncalled bet (10) returned to Mahu2021
Mahu2021 collected 20 from pot
Mahu2021: doesn't show hand 
*** SUMMARY ***
Total pot 20 | Rake 0 
Seat 1: Mahu2021 (big blind) collected (20)
Seat 3: elmo3334 (button) (small blind) folded before Flop



PokerStars Hand #252554999541: Tournament #3803460388, $1.84+$0.16 USD Hold'em No Limit - Level I (10/20) - 2024/09/21 14:00:57 CET [2024/09/21 8:00:57 ET]
Table '3803460388 1' 3-max Seat #1 is the button
Seat 1: Mahu2021 (920 in chips) 
Seat 3: elmo3334 (580 in chips) 
Mahu2021: posts small blind 10
elmo3334: posts big blind 20
*** HOLE CARDS ***
Dealt to Mahu2021 [5c 3d]
Mahu2021: folds 
Uncalled bet (10) returned to elmo3334
elmo3334 collected 20 from pot
*** SUMMARY ***
Total pot 20 | Rake 0 
Seat 1: Mahu2021 (button) (small blind) folded before Flop
Seat 3: elmo3334 (big blind) collected (20)



PokerStars Hand #252555000180: Tournament #3803460388, $1.84+$0.16 USD Hold'em No Limit - Level I (10/20) - 2024/09/21 14:01:02 CET [2024/09/21 8:01:02 ET]
Table '3803460388 1' 3-max Seat #3 is the button
Seat 1: Mahu2021 (910 in chips) 
Seat 3: elmo3334 (590 in chips) 
elmo3334: posts small blind 10
Mahu2021: posts big blind 20
*** HOLE CARDS ***
Dealt to Mahu2021 [Js 5h]
elmo3334: raises 20 to 40
Mahu2021: calls 20
*** FLOP *** [7s 9h 9d]
Mahu2021: checks 
elmo3334: bets 40
Mahu2021: folds 
Uncalled bet (40) returned to elmo3334
elmo3334 collected 80 from pot
*** SUMMARY ***
Total pot 80 | Rake 0 
Board [7s 9h 9d]
Seat 1: Mahu2021 (big blind) folded on the Flop
Seat 3: elmo3334 (button) (small blind) collected (80)



PokerStars Hand #252555002360: Tournament #3803460388, $1.84+$0.16 USD Hold'em No Limit - Level I (10/20) - 2024/09/21 14:01:17 CET [2024/09/21 8:01:17 ET]
Table '3803460388 1' 3-max Seat #1 is the button
Seat 1: Mahu2021 (870 in chips) 
Seat 3: elmo3334 (630 in chips) 
Mahu2021: posts small blind 10
elmo3334: posts big blind 20
*** HOLE CARDS ***
Dealt to Mahu2021 [Td 6h]
Mahu2021: folds 
Uncalled bet (10) returned to elmo3334
elmo3334 collected 20 from pot
*** SUMMARY ***
Total pot 20 | Rake 0 
Seat 1: Mahu2021 (button) (small blind) folded before Flop
Seat 3: elmo3334 (big blind) collected (20)



PokerStars Hand #252555002959: Tournament #3803460388, $1.84+$0.16 USD Hold'em No Limit - Level I (10/20) - 2024/09/21 14:01:21 CET [2024/09/21 8:01:21 ET]
Table '3803460388 1' 3-max Seat #3 is the button
Seat 1: Mahu2021 (860 in chips) 
Seat 3: elmo3334 (640 in chips) 
elmo3334: posts small blind 10
Mahu2021: posts big blind 20
*** HOLE CARDS ***
Dealt to Mahu2021 [Ad 6c]
elmo3334: calls 10
Mahu2021: checks 
*** FLOP *** [5c Jh Qc]
Mahu2021: checks 
elmo3334: bets 40
Mahu2021: folds 
Uncalled bet (40) returned to elmo3334
elmo3334 collected 40 from pot
*** SUMMARY ***
Total pot 40 | Rake 0 
Board [5c Jh Qc]
Seat 1: Mahu2021 (big blind) folded on the Flop
Seat 3: elmo3334 (button) (small blind) collected (40)



PokerStars Hand #252555005187: Tournament #3803460388, $1.84+$0.16 USD Hold'em No Limit - Level I (10/20) - 2024/09/21 14:01:37 CET [2024/09/21 8:01:37 ET]
Table '3803460388 1' 3-max Seat #1 is the button
Seat 1: Mahu2021 (840 in chips) 
Seat 3: elmo3334 (660 in chips) 
Mahu2021: posts small blind 10
elmo3334: posts big blind 20
*** HOLE CARDS ***
Dealt to Mahu2021 [Qd 2d]
Mahu2021: raises 20 to 40
elmo3334: calls 20
*** FLOP *** [Ks Kc 4d]
elmo3334: checks 
Mahu2021: checks 
*** TURN *** [Ks Kc 4d] [8s]
elmo3334: bets 20
Mahu2021: raises 60 to 80
elmo3334: raises 60 to 140
Mahu2021: raises 100 to 240
elmo3334: raises 380 to 620 and is all-in
Mahu2021: folds 
Uncalled bet (380) returned to elmo3334
elmo3334 collected 560 from pot
*** SUMMARY ***
Total pot 560 | Rake 0 
Board [Ks Kc 4d 8s]
Seat 1: Mahu2021 (button) (small blind) folded on the Turn
Seat 3: elmo3334 (big blind) collected (560)



PokerStars Hand #252555011061: Tournament #3803460388, $1.84+$0.16 USD Hold'em No Limit - Level I (10/20) - 2024/09/21 14:02:16 CET [2024/09/21 8:02:16 ET]
Table '3803460388 1' 3-max Seat #3 is the button
Seat 1: Mahu2021 (560 in chips) 
Seat 3: elmo3334 (940 in chips) 
elmo3334: posts small blind 10
Mahu2021: posts big blind 20
*** HOLE CARDS ***
Dealt to Mahu2021 [3c 4c]
elmo3334: calls 10
Mahu2021: checks 
*** FLOP *** [6c 2h 6d]
Mahu2021: checks 
elmo3334: bets 920 and is all-in
Mahu2021: folds 
Uncalled bet (920) returned to elmo3334
elmo3334 collected 40 from pot
*** SUMMARY ***
Total pot 40 | Rake 0 
Board [6c 2h 6d]
Seat 1: Mahu2021 (big blind) folded on the Flop
Seat 3: elmo3334 (button) (small blind) collected (40)



PokerStars Hand #252555013310: Tournament #3803460388, $1.84+$0.16 USD Hold'em No Limit - Level II (15/30) - 2024/09/21 14:02:31 CET [2024/09/21 8:02:31 ET]
Table '3803460388 1' 3-max Seat #1 is the button
Seat 1: Mahu2021 (540 in chips) 
Seat 3: elmo3334 (960 in chips) 
Mahu2021: posts small blind 15
elmo3334: posts big blind 30
*** HOLE CARDS ***
Dealt to Mahu2021 [Qh Ah]
Mahu2021: raises 30 to 60
elmo3334: calls 30
*** FLOP *** [As Kc 2h]
elmo3334: checks 
Mahu2021: checks 
*** TURN *** [As Kc 2h] [8d]
elmo3334: checks 
Mahu2021: bets 30
elmo3334: calls 30
*** RIVER *** [As Kc 2h 8d] [5h]
elmo3334: checks 
Mahu2021: bets 180
elmo3334: calls 180
*** SHOW DOWN ***
Mahu2021: shows [Qh Ah] (a pair of Aces)
elmo3334: mucks hand 
Mahu2021 collected 540 from pot
*** SUMMARY ***
Total pot 540 | Rake 0 
Board [As Kc 2h 8d 5h]
Seat 1: Mahu2021 (button) (small blind) showed [Qh Ah] and won (540) with a pair of Aces
Seat 3: elmo3334 (big blind) mucked [Ks 6d]



PokerStars Hand #252555017543: Tournament #3803460388, $1.84+$0.16 USD Hold'em No Limit - Level II (15/30) - 2024/09/21 14:02:59 CET [2024/09/21 8:02:59 ET]
Table '3803460388 1' 3-max Seat #3 is the button
Seat 1: Mahu2021 (810 in chips) 
Seat 3: elmo3334 (690 in chips) 
elmo3334: posts small blind 15
Mahu2021: posts big blind 30
*** HOLE CARDS ***
Dealt to Mahu2021 [Qd Th]
elmo3334: folds 
Uncalled bet (15) returned to Mahu2021
Mahu2021 collected 30 from pot
Mahu2021: doesn't show hand 
*** SUMMARY ***
Total pot 30 | Rake 0 
Seat 1: Mahu2021 (big blind) collected (30)
Seat 3: elmo3334 (button) (small blind) folded before Flop



PokerStars Hand #252555018286: Tournament #3803460388, $1.84+$0.16 USD Hold'em No Limit - Level II (15/30) - 2024/09/21 14:03:04 CET [2024/09/21 8:03:04 ET]
Table '3803460388 1' 3-max Seat #1 is the button
Seat 1: Mahu2021 (825 in chips) 
Seat 3: elmo3334 (675 in chips) 
Mahu2021: posts small blind 15
elmo3334: posts big blind 30
*** HOLE CARDS ***
Dealt to Mahu2021 [Ah 6s]
Mahu2021: raises 30 to 60
elmo3334: calls 30
*** FLOP *** [5d 9c 6c]
elmo3334: bets 30
Mahu2021: raises 735 to 765 and is all-in
elmo3334: folds 
Uncalled bet (735) returned to Mahu2021
Mahu2021 collected 180 from pot
Mahu2021: doesn't show hand 
*** SUMMARY ***
Total pot 180 | Rake 0 
Board [5d 9c 6c]
Seat 1: Mahu2021 (button) (small blind) collected (180)
Seat 3: elmo3334 (big blind) folded on the Flop



PokerStars Hand #252555020427: Tournament #3803460388, $1.84+$0.16 USD Hold'em No Limit - Level II (15/30) - 2024/09/21 14:03:18 CET [2024/09/21 8:03:18 ET]
Table '3803460388 1' 3-max Seat #3 is the button
Seat 1: Mahu2021 (915 in chips) 
Seat 3: elmo3334 (585 in chips) 
elmo3334: posts small blind 15
Mahu2021: posts big blind 30
*** HOLE CARDS ***
Dealt to Mahu2021 [Ts Ac]
elmo3334: raises 60 to 90
Mahu2021: raises 825 to 915 and is all-in
elmo3334: calls 495 and is all-in
Uncalled bet (330) returned to Mahu2021
*** FLOP *** [2c 6h Qh]
*** TURN *** [2c 6h Qh] [6c]
*** RIVER *** [2c 6h Qh 6c] [9d]
*** SHOW DOWN ***
Mahu2021: shows [Ts Ac] (a pair of Sixes)
elmo3334: shows [Td Kd] (a pair of Sixes - lower kicker)
Mahu2021 collected 1170 from pot
elmo3334 finished the tournament in 2nd place
Mahu2021 wins the tournament and receives $6.00 - congratulations!
*** SUMMARY ***
Total pot 1170 | Rake 0 
Board [2c 6h Qh 6c 9d]
Seat 1: Mahu2021 (big blind) showed [Ts Ac] and won (1170) with a pair of Sixes
Seat 3: elmo3334 (button) (small blind) showed [Td Kd] and lost with a pair of Sixes



