PokerStars Hand #253627743736: Tournament #3827888497, $1.40+$0.10 USD Hold'em No Limit - Level I (50/100) - 2024/11/29 21:04:58 CET [2024/11/29 15:04:58 ET]
Table '3827888497 4' 8-max Seat #1 is the button
Seat 1: fane124 (10000 in chips) 
Seat 2: igoretH10 (10000 in chips) 
Seat 3: Mahu2021 (10000 in chips) 
Seat 4: DerPfister (10000 in chips) 
Seat 5: P0KER1HA1 (10000 in chips) 
Seat 6: mustaffar (10000 in chips) 
Seat 7: mantobeat1 (10000 in chips) 
Seat 8: $kill Game (10000 in chips) 
fane124: posts the ante 10
igoretH10: posts the ante 10
Mahu2021: posts the ante 10
DerPfister: posts the ante 10
P0KER1HA1: posts the ante 10
mustaffar: posts the ante 10
mantobeat1: posts the ante 10
$kill Game: posts the ante 10
igoretH10: posts small blind 50
Mahu2021: posts big blind 100
*** HOLE CARDS ***
Dealt to Mahu2021 [Th 3d]
DerPfister: raises 121 to 221
P0KER1HA1 has timed out
P0KER1HA1: folds 
P0KER1HA1 is sitting out
mustaffar: calls 221
mantobeat1: folds 
$kill Game: folds 
fane124: folds 
igoretH10: folds 
Mahu2021: folds 
*** FLOP *** [9h 7h Qc]
DerPfister: checks 
P0KER1HA1 has returned
mustaffar: bets 336
DerPfister: folds 
Uncalled bet (336) returned to mustaffar
mustaffar collected 672 from pot
mustaffar: doesn't show hand 
*** SUMMARY ***
Total pot 672 | Rake 0 
Board [9h 7h Qc]
Seat 1: fane124 (button) folded before Flop (didn't bet)
Seat 2: igoretH10 (small blind) folded before Flop
Seat 3: Mahu2021 (big blind) folded before Flop
Seat 4: DerPfister folded on the Flop
Seat 5: P0KER1HA1 folded before Flop (didn't bet)
Seat 6: mustaffar collected (672)
Seat 7: mantobeat1 folded before Flop (didn't bet)
Seat 8: $kill Game folded before Flop (didn't bet)



PokerStars Hand #253627761659: Tournament #3827888497, $1.40+$0.10 USD Hold'em No Limit - Level I (50/100) - 2024/11/29 21:06:02 CET [2024/11/29 15:06:02 ET]
Table '3827888497 4' 8-max Seat #2 is the button
Seat 1: fane124 (9990 in chips) 
Seat 2: igoretH10 (9940 in chips) 
Seat 3: Mahu2021 (9890 in chips) 
Seat 4: DerPfister (9769 in chips) 
Seat 5: P0KER1HA1 (9990 in chips) 
Seat 6: mustaffar (10441 in chips) 
Seat 7: mantobeat1 (9990 in chips) 
Seat 8: $kill Game (9990 in chips) 
fane124: posts the ante 10
igoretH10: posts the ante 10
Mahu2021: posts the ante 10
DerPfister: posts the ante 10
P0KER1HA1: posts the ante 10
mustaffar: posts the ante 10
mantobeat1: posts the ante 10
$kill Game: posts the ante 10
Mahu2021: posts small blind 50
DerPfister: posts big blind 100
*** HOLE CARDS ***
Dealt to Mahu2021 [Ac Qd]
P0KER1HA1: raises 200 to 300
mustaffar: folds 
mantobeat1: folds 
$kill Game: folds 
fane124: folds 
igoretH10: folds 
Mahu2021: calls 250
DerPfister: folds 
*** FLOP *** [Ts 9h 5c]
Mahu2021: checks 
P0KER1HA1: bets 200
Mahu2021: calls 200
*** TURN *** [Ts 9h 5c] [3h]
Mahu2021: checks 
P0KER1HA1: bets 700
Mahu2021: folds 
Uncalled bet (700) returned to P0KER1HA1
P0KER1HA1 collected 1180 from pot
P0KER1HA1: doesn't show hand 
*** SUMMARY ***
Total pot 1180 | Rake 0 
Board [Ts 9h 5c 3h]
Seat 1: fane124 folded before Flop (didn't bet)
Seat 2: igoretH10 (button) folded before Flop (didn't bet)
Seat 3: Mahu2021 (small blind) folded on the Turn
Seat 4: DerPfister (big blind) folded before Flop
Seat 5: P0KER1HA1 collected (1180)
Seat 6: mustaffar folded before Flop (didn't bet)
Seat 7: mantobeat1 folded before Flop (didn't bet)
Seat 8: $kill Game folded before Flop (didn't bet)



PokerStars Hand #253627777702: Tournament #3827888497, $1.40+$0.10 USD Hold'em No Limit - Level I (50/100) - 2024/11/29 21:07:00 CET [2024/11/29 15:07:00 ET]
Table '3827888497 4' 8-max Seat #3 is the button
Seat 1: fane124 (9980 in chips) 
Seat 2: igoretH10 (9930 in chips) 
Seat 3: Mahu2021 (9380 in chips) 
Seat 4: DerPfister (9659 in chips) 
Seat 5: P0KER1HA1 (10660 in chips) 
Seat 6: mustaffar (10431 in chips) 
Seat 7: mantobeat1 (9980 in chips) 
Seat 8: $kill Game (9980 in chips) 
fane124: posts the ante 10
igoretH10: posts the ante 10
Mahu2021: posts the ante 10
DerPfister: posts the ante 10
P0KER1HA1: posts the ante 10
mustaffar: posts the ante 10
mantobeat1: posts the ante 10
$kill Game: posts the ante 10
DerPfister: posts small blind 50
P0KER1HA1: posts big blind 100
*** HOLE CARDS ***
Dealt to Mahu2021 [9s 4s]
mustaffar: calls 100
mantobeat1: calls 100
$kill Game: folds 
fane124: folds 
igoretH10: folds 
Mahu2021: folds 
DerPfister: folds 
P0KER1HA1: raises 400 to 500
mustaffar: calls 400
mantobeat1: calls 400
*** FLOP *** [7h Ah Qd]
P0KER1HA1: bets 600
mustaffar: calls 600
mantobeat1: calls 600
*** TURN *** [7h Ah Qd] [7c]
P0KER1HA1: bets 2000
mustaffar: calls 2000
mantobeat1: raises 6870 to 8870 and is all-in
P0KER1HA1: raises 680 to 9550 and is all-in
mustaffar: calls 7321 and is all-in
Uncalled bet (229) returned to P0KER1HA1
*** RIVER *** [7h Ah Qd 7c] [Kd]
*** SHOW DOWN ***
P0KER1HA1: shows [Qh Qs] (a full house, Queens full of Sevens)
mustaffar: shows [7d Jd] (three of a kind, Sevens)
P0KER1HA1 collected 902 from side pot
mantobeat1: shows [2h 4h] (a pair of Sevens)
P0KER1HA1 collected 30040 from main pot
mustaffar finished the tournament
mantobeat1 finished the tournament
*** SUMMARY ***
Total pot 30942 Main pot 30040. Side pot 902. | Rake 0 
Board [7h Ah Qd 7c Kd]
Seat 1: fane124 folded before Flop (didn't bet)
Seat 2: igoretH10 folded before Flop (didn't bet)
Seat 3: Mahu2021 (button) folded before Flop (didn't bet)
Seat 4: DerPfister (small blind) folded before Flop
Seat 5: P0KER1HA1 (big blind) showed [Qh Qs] and won (30942) with a full house, Queens full of Sevens
Seat 6: mustaffar showed [7d Jd] and lost with three of a kind, Sevens
Seat 7: mantobeat1 showed [2h 4h] and lost with a pair of Sevens
Seat 8: $kill Game folded before Flop (didn't bet)



PokerStars Hand #253627797196: Tournament #3827888497, $1.40+$0.10 USD Hold'em No Limit - Level II (75/150) - 2024/11/29 21:08:11 CET [2024/11/29 15:08:11 ET]
Table '3827888497 4' 8-max Seat #4 is the button
Seat 1: fane124 (9970 in chips) 
Seat 2: igoretH10 (9920 in chips) 
Seat 3: Mahu2021 (9370 in chips) 
Seat 4: DerPfister (9599 in chips) 
Seat 5: P0KER1HA1 (31171 in chips) 
Seat 7: kiiV119 (10000 in chips) 
Seat 8: $kill Game (9970 in chips) 
fane124: posts the ante 15
igoretH10: posts the ante 15
Mahu2021: posts the ante 15
DerPfister: posts the ante 15
P0KER1HA1: posts the ante 15
kiiV119: posts the ante 15
$kill Game: posts the ante 15
P0KER1HA1: posts small blind 75
kiiV119: posts big blind 150
*** HOLE CARDS ***
Dealt to Mahu2021 [Ks 9d]
DebsPO is disconnected 
$kill Game: folds 
fane124: folds 
igoretH10: raises 150 to 300
Mahu2021: calls 300
DerPfister: folds 
P0KER1HA1 has timed out
P0KER1HA1: folds 
P0KER1HA1 is sitting out
kiiV119: folds 
*** FLOP *** [7h 3h 2c]
igoretH10: checks 
Mahu2021: checks 
*** TURN *** [7h 3h 2c] [8s]
igoretH10: bets 725
Mahu2021: folds 
Uncalled bet (725) returned to igoretH10
igoretH10 collected 930 from pot
igoretH10: doesn't show hand 
*** SUMMARY ***
Total pot 930 | Rake 0 
Board [7h 3h 2c 8s]
Seat 1: fane124 folded before Flop (didn't bet)
Seat 2: igoretH10 collected (930)
Seat 3: Mahu2021 folded on the Turn
Seat 4: DerPfister (button) folded before Flop (didn't bet)
Seat 5: P0KER1HA1 (small blind) folded before Flop
Seat 7: kiiV119 (big blind) folded before Flop
Seat 8: $kill Game folded before Flop (didn't bet)



PokerStars Hand #253627812719: Tournament #3827888497, $1.40+$0.10 USD Hold'em No Limit - Level II (75/150) - 2024/11/29 21:09:06 CET [2024/11/29 15:09:06 ET]
Table '3827888497 4' 8-max Seat #5 is the button
Seat 1: fane124 (9955 in chips) 
Seat 2: igoretH10 (10535 in chips) 
Seat 3: Mahu2021 (9055 in chips) 
Seat 4: DerPfister (9584 in chips) 
Seat 5: P0KER1HA1 (31081 in chips) is sitting out
Seat 6: DebsPO (10000 in chips) out of hand (moved from another table into small blind)
Seat 7: kiiV119 (9835 in chips) 
Seat 8: $kill Game (9955 in chips) 
DebsPO will be allowed to play after the button
fane124: posts the ante 15
igoretH10: posts the ante 15
Mahu2021: posts the ante 15
DerPfister: posts the ante 15
P0KER1HA1: posts the ante 15
kiiV119: posts the ante 15
$kill Game: posts the ante 15
kiiV119: posts small blind 75
$kill Game: posts big blind 150
*** HOLE CARDS ***
Dealt to Mahu2021 [4d 5c]
P0KER1HA1 has returned
fane124: calls 150
igoretH10: folds 
Mahu2021: folds 
DerPfister: folds 
P0KER1HA1: calls 150
kiiV119: calls 75
$kill Game: checks 
*** FLOP *** [Qh Qs 4c]
kiiV119: checks 
$kill Game: checks 
fane124: checks 
P0KER1HA1: checks 
*** TURN *** [Qh Qs 4c] [Jc]
kiiV119: checks 
$kill Game: checks 
fane124: checks 
P0KER1HA1: checks 
*** RIVER *** [Qh Qs 4c Jc] [8h]
kiiV119: checks 
$kill Game: checks 
fane124: bets 150
P0KER1HA1: calls 150
kiiV119: folds 
$kill Game: folds 
*** SHOW DOWN ***
fane124: shows [9d 8s] (two pair, Queens and Eights)
P0KER1HA1: shows [8c 7s] (two pair, Queens and Eights)
fane124 collected 503 from pot
P0KER1HA1 collected 502 from pot
*** SUMMARY ***
Total pot 1005 | Rake 0 
Board [Qh Qs 4c Jc 8h]
Seat 1: fane124 showed [9d 8s] and won (503) with two pair, Queens and Eights
Seat 2: igoretH10 folded before Flop (didn't bet)
Seat 3: Mahu2021 folded before Flop (didn't bet)
Seat 4: DerPfister folded before Flop (didn't bet)
Seat 5: P0KER1HA1 (button) showed [8c 7s] and won (502) with two pair, Queens and Eights
Seat 7: kiiV119 (small blind) folded on the River
Seat 8: $kill Game (big blind) folded on the River



PokerStars Hand #253627848696: Tournament #3827888497, $1.40+$0.10 USD Hold'em No Limit - Level III (100/200) - 2024/11/29 21:11:15 CET [2024/11/29 15:11:15 ET]
Table '3827888497 4' 8-max Seat #7 is the button
Seat 1: fane124 (10143 in chips) 
Seat 2: igoretH10 (10520 in chips) 
Seat 3: Mahu2021 (9040 in chips) 
Seat 4: DerPfister (9569 in chips) 
Seat 5: P0KER1HA1 (31268 in chips) 
Seat 6: DebsPO (10000 in chips) 
Seat 7: kiiV119 (9670 in chips) 
Seat 8: $kill Game (9790 in chips) 
fane124: posts the ante 20
igoretH10: posts the ante 20
Mahu2021: posts the ante 20
DerPfister: posts the ante 20
P0KER1HA1: posts the ante 20
DebsPO: posts the ante 20
kiiV119: posts the ante 20
$kill Game: posts the ante 20
$kill Game: posts small blind 100
fane124: posts big blind 200
*** HOLE CARDS ***
Dealt to Mahu2021 [6c Ts]
igoretH10: calls 200
Mahu2021: folds 
DerPfister: folds 
P0KER1HA1: folds 
DebsPO: calls 200
kiiV119: calls 200
$kill Game: folds 
fane124: checks 
*** FLOP *** [4d 5d 4h]
fane124: checks 
igoretH10: checks 
DebsPO: bets 200
kiiV119: folds 
fane124: folds 
igoretH10: calls 200
*** TURN *** [4d 5d 4h] [Ac]
igoretH10: checks 
DebsPO: bets 730
igoretH10: raises 730 to 1460
DebsPO: calls 730
*** RIVER *** [4d 5d 4h Ac] [3h]
igoretH10: checks 
DebsPO: bets 200
igoretH10: raises 2000 to 2200
DebsPO: folds [7s]
Uncalled bet (2000) returned to igoretH10
igoretH10 collected 4780 from pot
igoretH10: doesn't show hand 
*** SUMMARY ***
Total pot 4780 | Rake 0 
Board [4d 5d 4h Ac 3h]
Seat 1: fane124 (big blind) folded on the Flop
Seat 2: igoretH10 collected (4780)
Seat 3: Mahu2021 folded before Flop (didn't bet)
Seat 4: DerPfister folded before Flop (didn't bet)
Seat 5: P0KER1HA1 folded before Flop (didn't bet)
Seat 6: DebsPO folded on the River
Seat 7: kiiV119 (button) folded on the Flop
Seat 8: $kill Game (small blind) folded before Flop



PokerStars Hand #253627867338: Tournament #3827888497, $1.40+$0.10 USD Hold'em No Limit - Level III (100/200) - 2024/11/29 21:12:22 CET [2024/11/29 15:12:22 ET]
Table '3827888497 4' 8-max Seat #8 is the button
Seat 1: fane124 (9923 in chips) 
Seat 2: igoretH10 (13220 in chips) 
Seat 3: Mahu2021 (9020 in chips) 
Seat 4: DerPfister (9549 in chips) 
Seat 5: P0KER1HA1 (31248 in chips) 
Seat 6: DebsPO (7920 in chips) 
Seat 7: kiiV119 (9450 in chips) 
Seat 8: $kill Game (9670 in chips) 
fane124: posts the ante 20
igoretH10: posts the ante 20
Mahu2021: posts the ante 20
DerPfister: posts the ante 20
P0KER1HA1: posts the ante 20
DebsPO: posts the ante 20
kiiV119: posts the ante 20
$kill Game: posts the ante 20
fane124: posts small blind 100
igoretH10: posts big blind 200
*** HOLE CARDS ***
Dealt to Mahu2021 [Jc Qd]
Mahu2021: raises 200 to 400
DerPfister: folds 
P0KER1HA1: calls 400
DebsPO: calls 400
kiiV119: folds 
$kill Game: folds 
fane124: calls 300
igoretH10: folds 
*** FLOP *** [Ac 8c 2c]
fane124: checks 
Mahu2021: checks 
P0KER1HA1: checks 
DebsPO: checks 
*** TURN *** [Ac 8c 2c] [6h]
fane124: checks 
Mahu2021: bets 400
P0KER1HA1: calls 400
DebsPO: folds 
fane124: calls 400
*** RIVER *** [Ac 8c 2c 6h] [Ah]
fane124: checks 
Mahu2021: checks 
P0KER1HA1: checks 
*** SHOW DOWN ***
fane124: shows [9c Ts] (a pair of Aces)
Mahu2021: shows [Jc Qd] (a pair of Aces - Queen kicker)
P0KER1HA1: shows [7c 7d] (two pair, Aces and Sevens)
P0KER1HA1 collected 3160 from pot
*** SUMMARY ***
Total pot 3160 | Rake 0 
Board [Ac 8c 2c 6h Ah]
Seat 1: fane124 (small blind) showed [9c Ts] and lost with a pair of Aces
Seat 2: igoretH10 (big blind) folded before Flop
Seat 3: Mahu2021 showed [Jc Qd] and lost with a pair of Aces
Seat 4: DerPfister folded before Flop (didn't bet)
Seat 5: P0KER1HA1 showed [7c 7d] and won (3160) with two pair, Aces and Sevens
Seat 6: DebsPO folded on the Turn
Seat 7: kiiV119 folded before Flop (didn't bet)
Seat 8: $kill Game (button) folded before Flop (didn't bet)



PokerStars Hand #253627885229: Tournament #3827888497, $1.40+$0.10 USD Hold'em No Limit - Level III (100/200) - 2024/11/29 21:13:26 CET [2024/11/29 15:13:26 ET]
Table '3827888497 4' 8-max Seat #1 is the button
Seat 1: fane124 (9103 in chips) 
Seat 2: igoretH10 (13000 in chips) 
Seat 3: Mahu2021 (8200 in chips) 
Seat 4: DerPfister (9529 in chips) 
Seat 5: P0KER1HA1 (33588 in chips) 
Seat 6: DebsPO (7500 in chips) 
Seat 7: kiiV119 (9430 in chips) 
Seat 8: $kill Game (9650 in chips) 
fane124: posts the ante 20
igoretH10: posts the ante 20
Mahu2021: posts the ante 20
DerPfister: posts the ante 20
P0KER1HA1: posts the ante 20
DebsPO: posts the ante 20
kiiV119: posts the ante 20
$kill Game: posts the ante 20
igoretH10: posts small blind 100
Mahu2021: posts big blind 200
*** HOLE CARDS ***
Dealt to Mahu2021 [Kc 8d]
DerPfister: raises 242 to 442
P0KER1HA1: calls 442
DebsPO: calls 442
kiiV119: folds 
kiiV119 is sitting out
kiiV119 has returned
kiiV119 is sitting out
kiiV119 has returned
$kill Game: folds 
kiiV119 is sitting out
fane124: folds 
igoretH10: folds 
Mahu2021: folds 
*** FLOP *** [Ah 4s Jh]
DerPfister: bets 589
P0KER1HA1: folds 
DebsPO: folds 
Uncalled bet (589) returned to DerPfister
DerPfister collected 1786 from pot
*** SUMMARY ***
Total pot 1786 | Rake 0 
Board [Ah 4s Jh]
Seat 1: fane124 (button) folded before Flop (didn't bet)
Seat 2: igoretH10 (small blind) folded before Flop
Seat 3: Mahu2021 (big blind) folded before Flop
Seat 4: DerPfister collected (1786)
Seat 5: P0KER1HA1 folded on the Flop
Seat 6: DebsPO folded on the Flop
Seat 7: kiiV119 folded before Flop (didn't bet)
Seat 8: $kill Game folded before Flop (didn't bet)



PokerStars Hand #253627896723: Tournament #3827888497, $1.40+$0.10 USD Hold'em No Limit - Level IV (150/300) - 2024/11/29 21:14:08 CET [2024/11/29 15:14:08 ET]
Table '3827888497 4' 8-max Seat #2 is the button
Seat 1: fane124 (9083 in chips) 
Seat 2: igoretH10 (12880 in chips) 
Seat 3: Mahu2021 (7980 in chips) 
Seat 4: DerPfister (10853 in chips) 
Seat 5: P0KER1HA1 (33126 in chips) 
Seat 6: DebsPO (7038 in chips) 
Seat 7: kiiV119 (9410 in chips) 
Seat 8: $kill Game (9630 in chips) 
fane124: posts the ante 30
igoretH10: posts the ante 30
Mahu2021: posts the ante 30
DerPfister: posts the ante 30
P0KER1HA1: posts the ante 30
DebsPO: posts the ante 30
kiiV119: posts the ante 30
$kill Game: posts the ante 30
Mahu2021: posts small blind 150
DerPfister: posts big blind 300
*** HOLE CARDS ***
Dealt to Mahu2021 [8d 9d]
P0KER1HA1: calls 300
DebsPO: calls 300
kiiV119: calls 300
$kill Game: folds 
fane124: folds 
igoretH10: folds 
Mahu2021: calls 150
DerPfister: checks 
*** FLOP *** [8s 3d 7s]
Mahu2021: bets 300
DerPfister: calls 300
P0KER1HA1: raises 900 to 1200
DebsPO: folds 
kiiV119: folds 
Mahu2021: folds 
DerPfister: calls 900
*** TURN *** [8s 3d 7s] [7d]
DerPfister: checks 
P0KER1HA1: bets 2400
DerPfister: raises 6923 to 9323 and is all-in
P0KER1HA1: calls 6923
*** RIVER *** [8s 3d 7s 7d] [5c]
*** SHOW DOWN ***
DerPfister: shows [7h 4c] (three of a kind, Sevens)
P0KER1HA1: shows [5d 6s] (two pair, Sevens and Fives)
DerPfister collected 23086 from pot
*** SUMMARY ***
Total pot 23086 | Rake 0 
Board [8s 3d 7s 7d 5c]
Seat 1: fane124 folded before Flop (didn't bet)
Seat 2: igoretH10 (button) folded before Flop (didn't bet)
Seat 3: Mahu2021 (small blind) folded on the Flop
Seat 4: DerPfister (big blind) showed [7h 4c] and won (23086) with three of a kind, Sevens
Seat 5: P0KER1HA1 showed [5d 6s] and lost with two pair, Sevens and Fives
Seat 6: DebsPO folded on the Flop
Seat 7: kiiV119 folded on the Flop
Seat 8: $kill Game folded before Flop (didn't bet)



PokerStars Hand #253627916526: Tournament #3827888497, $1.40+$0.10 USD Hold'em No Limit - Level IV (150/300) - 2024/11/29 21:15:18 CET [2024/11/29 15:15:18 ET]
Table '3827888497 4' 8-max Seat #3 is the button
Seat 1: fane124 (9053 in chips) 
Seat 2: igoretH10 (12850 in chips) 
Seat 3: Mahu2021 (7350 in chips) 
Seat 4: DerPfister (23086 in chips) 
Seat 5: P0KER1HA1 (22273 in chips) 
Seat 6: DebsPO (6708 in chips) 
Seat 7: kiiV119 (9080 in chips) 
Seat 8: $kill Game (9600 in chips) 
fane124: posts the ante 30
igoretH10: posts the ante 30
Mahu2021: posts the ante 30
DerPfister: posts the ante 30
P0KER1HA1: posts the ante 30
DebsPO: posts the ante 30
kiiV119: posts the ante 30
$kill Game: posts the ante 30
DerPfister: posts small blind 150
P0KER1HA1: posts big blind 300
*** HOLE CARDS ***
Dealt to Mahu2021 [7h Qc]
DebsPO: folds 
kiiV119: calls 300
$kill Game: raises 597 to 897
fane124: folds 
igoretH10: calls 897
Mahu2021: folds 
DerPfister: folds 
P0KER1HA1: folds 
kiiV119: folds 
*** FLOP *** [Qs 6c 8c]
$kill Game: bets 8673 and is all-in
igoretH10: folds 
Uncalled bet (8673) returned to $kill Game
$kill Game collected 2784 from pot
$kill Game: doesn't show hand 
*** SUMMARY ***
Total pot 2784 | Rake 0 
Board [Qs 6c 8c]
Seat 1: fane124 folded before Flop (didn't bet)
Seat 2: igoretH10 folded on the Flop
Seat 3: Mahu2021 (button) folded before Flop (didn't bet)
Seat 4: DerPfister (small blind) folded before Flop
Seat 5: P0KER1HA1 (big blind) folded before Flop
Seat 6: DebsPO folded before Flop (didn't bet)
Seat 7: kiiV119 folded before Flop
Seat 8: $kill Game collected (2784)



PokerStars Hand #253627925926: Tournament #3827888497, $1.40+$0.10 USD Hold'em No Limit - Level IV (150/300) - 2024/11/29 21:15:52 CET [2024/11/29 15:15:52 ET]
Table '3827888497 4' 8-max Seat #4 is the button
Seat 1: fane124 (9023 in chips) 
Seat 2: igoretH10 (11923 in chips) 
Seat 3: Mahu2021 (7320 in chips) 
Seat 4: DerPfister (22906 in chips) 
Seat 5: P0KER1HA1 (21943 in chips) 
Seat 6: DebsPO (6678 in chips) 
Seat 7: kiiV119 (8750 in chips) 
Seat 8: $kill Game (11457 in chips) 
fane124: posts the ante 30
igoretH10: posts the ante 30
Mahu2021: posts the ante 30
DerPfister: posts the ante 30
P0KER1HA1: posts the ante 30
DebsPO: posts the ante 30
kiiV119: posts the ante 30
$kill Game: posts the ante 30
P0KER1HA1: posts small blind 150
DebsPO: posts big blind 300
*** HOLE CARDS ***
Dealt to Mahu2021 [Jd 2c]
kiiV119: calls 300
$kill Game: folds 
fane124: folds 
igoretH10: folds 
Mahu2021: folds 
DerPfister: calls 300
P0KER1HA1: calls 150
DebsPO: checks 
*** FLOP *** [9s As 2s]
P0KER1HA1: checks 
DebsPO: bets 300
kiiV119: calls 300
DerPfister: calls 300
P0KER1HA1: folds 
*** TURN *** [9s As 2s] [5s]
DebsPO: bets 300
kiiV119: calls 300
DerPfister: calls 300
*** RIVER *** [9s As 2s 5s] [4h]
DebsPO: bets 900
kiiV119: folds 
DerPfister: calls 900
*** SHOW DOWN ***
DebsPO: shows [5h Ts] (a flush, Ace high)
DerPfister: mucks hand 
DebsPO collected 5040 from pot
*** SUMMARY ***
Total pot 5040 | Rake 0 
Board [9s As 2s 5s 4h]
Seat 1: fane124 folded before Flop (didn't bet)
Seat 2: igoretH10 folded before Flop (didn't bet)
Seat 3: Mahu2021 folded before Flop (didn't bet)
Seat 4: DerPfister (button) mucked [Ac 4s]
Seat 5: P0KER1HA1 (small blind) folded on the Flop
Seat 6: DebsPO (big blind) showed [5h Ts] and won (5040) with a flush, Ace high
Seat 7: kiiV119 folded on the River
Seat 8: $kill Game folded before Flop (didn't bet)



PokerStars Hand #253627946170: Tournament #3827888497, $1.40+$0.10 USD Hold'em No Limit - Level V (200/400) - 2024/11/29 21:17:04 CET [2024/11/29 15:17:04 ET]
Table '3827888497 4' 8-max Seat #5 is the button
Seat 1: fane124 (8993 in chips) 
Seat 2: igoretH10 (11893 in chips) 
Seat 3: Mahu2021 (7290 in chips) 
Seat 4: DerPfister (21076 in chips) 
Seat 5: P0KER1HA1 (21613 in chips) 
Seat 6: DebsPO (9888 in chips) 
Seat 7: kiiV119 (7820 in chips) 
Seat 8: $kill Game (11427 in chips) 
fane124: posts the ante 40
igoretH10: posts the ante 40
Mahu2021: posts the ante 40
DerPfister: posts the ante 40
P0KER1HA1: posts the ante 40
DebsPO: posts the ante 40
kiiV119: posts the ante 40
$kill Game: posts the ante 40
DebsPO: posts small blind 200
kiiV119: posts big blind 400
*** HOLE CARDS ***
Dealt to Mahu2021 [7c 8c]
$kill Game: folds 
fane124: folds 
igoretH10: folds 
Mahu2021: raises 400 to 800
DerPfister: folds 
P0KER1HA1: calls 800
DebsPO: folds 
kiiV119: folds 
*** FLOP *** [Ks 9s 8s]
Mahu2021: checks 
P0KER1HA1 has timed out
P0KER1HA1: checks 
*** TURN *** [Ks 9s 8s] [4s]
Mahu2021: bets 800
P0KER1HA1: calls 800
*** RIVER *** [Ks 9s 8s 4s] [7s]
Mahu2021: bets 4120
P0KER1HA1: folds 
Uncalled bet (4120) returned to Mahu2021
Mahu2021 collected 4120 from pot
Mahu2021: doesn't show hand 
*** SUMMARY ***
Total pot 4120 | Rake 0 
Board [Ks 9s 8s 4s 7s]
Seat 1: fane124 folded before Flop (didn't bet)
Seat 2: igoretH10 folded before Flop (didn't bet)
Seat 3: Mahu2021 collected (4120)
Seat 4: DerPfister folded before Flop (didn't bet)
Seat 5: P0KER1HA1 (button) folded on the River
Seat 6: DebsPO (small blind) folded before Flop
Seat 7: kiiV119 (big blind) folded before Flop
Seat 8: $kill Game folded before Flop (didn't bet)



PokerStars Hand #253627960162: Tournament #3827888497, $1.40+$0.10 USD Hold'em No Limit - Level V (200/400) - 2024/11/29 21:17:54 CET [2024/11/29 15:17:54 ET]
Table '3827888497 4' 8-max Seat #6 is the button
Seat 1: fane124 (8953 in chips) 
Seat 2: igoretH10 (11853 in chips) 
Seat 3: Mahu2021 (9770 in chips) 
Seat 4: DerPfister (21036 in chips) 
Seat 5: P0KER1HA1 (19973 in chips) 
Seat 6: DebsPO (9648 in chips) 
Seat 7: kiiV119 (7380 in chips) 
Seat 8: $kill Game (11387 in chips) 
fane124: posts the ante 40
igoretH10: posts the ante 40
Mahu2021: posts the ante 40
DerPfister: posts the ante 40
P0KER1HA1: posts the ante 40
DebsPO: posts the ante 40
kiiV119: posts the ante 40
$kill Game: posts the ante 40
kiiV119: posts small blind 200
$kill Game: posts big blind 400
*** HOLE CARDS ***
Dealt to Mahu2021 [3s Qs]
fane124: raises 8513 to 8913 and is all-in
igoretH10: folds 
Mahu2021: folds 
DerPfister: folds 
P0KER1HA1: folds 
DebsPO: folds 
kiiV119: calls 7140 and is all-in
$kill Game: folds 
Uncalled bet (1573) returned to fane124
*** FLOP *** [8s 7d 9d]
*** TURN *** [8s 7d 9d] [Ks]
*** RIVER *** [8s 7d 9d Ks] [4d]
*** SHOW DOWN ***
kiiV119: shows [Ah Kc] (a pair of Kings)
fane124: shows [Qc As] (high card Ace)
kiiV119 collected 15400 from pot
*** SUMMARY ***
Total pot 15400 | Rake 0 
Board [8s 7d 9d Ks 4d]
Seat 1: fane124 showed [Qc As] and lost with high card Ace
Seat 2: igoretH10 folded before Flop (didn't bet)
Seat 3: Mahu2021 folded before Flop (didn't bet)
Seat 4: DerPfister folded before Flop (didn't bet)
Seat 5: P0KER1HA1 folded before Flop (didn't bet)
Seat 6: DebsPO (button) folded before Flop (didn't bet)
Seat 7: kiiV119 (small blind) showed [Ah Kc] and won (15400) with a pair of Kings
Seat 8: $kill Game (big blind) folded before Flop



PokerStars Hand #253627970104: Tournament #3827888497, $1.40+$0.10 USD Hold'em No Limit - Level V (200/400) - 2024/11/29 21:18:30 CET [2024/11/29 15:18:30 ET]
Table '3827888497 4' 8-max Seat #7 is the button
Seat 1: fane124 (1573 in chips) 
Seat 2: igoretH10 (11813 in chips) 
Seat 3: Mahu2021 (9730 in chips) 
Seat 4: DerPfister (20996 in chips) 
Seat 5: P0KER1HA1 (19933 in chips) 
Seat 6: DebsPO (9608 in chips) 
Seat 7: kiiV119 (15400 in chips) 
Seat 8: $kill Game (10947 in chips) 
fane124: posts the ante 40
igoretH10: posts the ante 40
Mahu2021: posts the ante 40
DerPfister: posts the ante 40
P0KER1HA1: posts the ante 40
DebsPO: posts the ante 40
kiiV119: posts the ante 40
$kill Game: posts the ante 40
$kill Game: posts small blind 200
fane124: posts big blind 400
*** HOLE CARDS ***
Dealt to Mahu2021 [4h Td]
igoretH10: folds 
Mahu2021: folds 
DerPfister: raises 484 to 884
P0KER1HA1: calls 884
DebsPO: calls 884
kiiV119: calls 884
$kill Game: folds 
fane124: raises 649 to 1533 and is all-in
DerPfister: calls 649
P0KER1HA1: calls 649
DebsPO: calls 649
kiiV119: calls 649
*** FLOP *** [Tc 9h Qd]
DerPfister: checks 
P0KER1HA1: bets 2800
DebsPO: calls 2800
kiiV119: folds 
DerPfister: folds 
*** TURN *** [Tc 9h Qd] [Ks]
P0KER1HA1: checks 
DebsPO: bets 400
P0KER1HA1: calls 400
*** RIVER *** [Tc 9h Qd Ks] [5s]
P0KER1HA1: checks 
DebsPO: bets 2400
igoretH10 is sitting out
P0KER1HA1: calls 2400
*** SHOW DOWN ***
DebsPO: shows [7c Jc] (a straight, Nine to King)
P0KER1HA1: mucks hand 
DebsPO collected 11200 from side pot
fane124: mucks hand 
DebsPO collected 8185 from main pot
fane124 is sitting out
fane124 finished the tournament
*** SUMMARY ***
Total pot 19385 Main pot 8185. Side pot 11200. | Rake 0 
Board [Tc 9h Qd Ks 5s]
Seat 1: fane124 (big blind) mucked [3d 4d]
Seat 2: igoretH10 folded before Flop (didn't bet)
Seat 3: Mahu2021 folded before Flop (didn't bet)
Seat 4: DerPfister folded on the Flop
Seat 5: P0KER1HA1 mucked [Qs 9s]
Seat 6: DebsPO showed [7c Jc] and won (19385) with a straight, Nine to King
Seat 7: kiiV119 (button) folded on the Flop
Seat 8: $kill Game (small blind) folded before Flop



PokerStars Hand #253627992380: Tournament #3827888497, $1.40+$0.10 USD Hold'em No Limit - Level V (200/400) - 2024/11/29 21:19:49 CET [2024/11/29 15:19:49 ET]
Table '3827888497 4' 8-max Seat #8 is the button
Seat 2: igoretH10 (11773 in chips) is sitting out
Seat 3: Mahu2021 (9690 in chips) 
Seat 4: DerPfister (19423 in chips) 
Seat 5: P0KER1HA1 (12760 in chips) 
Seat 6: DebsPO (21820 in chips) 
Seat 7: kiiV119 (13827 in chips) 
Seat 8: $kill Game (10707 in chips) 
igoretH10: posts the ante 40
Mahu2021: posts the ante 40
DerPfister: posts the ante 40
P0KER1HA1: posts the ante 40
DebsPO: posts the ante 40
kiiV119: posts the ante 40
$kill Game: posts the ante 40
igoretH10: posts small blind 200
Mahu2021: posts big blind 400
*** HOLE CARDS ***
Dealt to Mahu2021 [5h 3d]
DerPfister: folds 
P0KER1HA1: folds 
DebsPO: folds 
kiiV119: folds 
pacyff80 is disconnected 
$kill Game: raises 596 to 996
igoretH10: folds 
Mahu2021: folds 
Uncalled bet (596) returned to $kill Game
$kill Game collected 1280 from pot
$kill Game: doesn't show hand 
*** SUMMARY ***
Total pot 1280 | Rake 0 
Seat 2: igoretH10 (small blind) folded before Flop
Seat 3: Mahu2021 (big blind) folded before Flop
Seat 4: DerPfister folded before Flop (didn't bet)
Seat 5: P0KER1HA1 folded before Flop (didn't bet)
Seat 6: DebsPO folded before Flop (didn't bet)
Seat 7: kiiV119 folded before Flop (didn't bet)
Seat 8: $kill Game (button) collected (1280)



PokerStars Hand #253628000392: Tournament #3827888497, $1.40+$0.10 USD Hold'em No Limit - Level VI (250/500) - 2024/11/29 21:20:17 CET [2024/11/29 15:20:17 ET]
Table '3827888497 4' 8-max Seat #2 is the button
Seat 1: pacyff80 (10000 in chips) 
Seat 2: igoretH10 (11533 in chips) is sitting out
Seat 3: Mahu2021 (9250 in chips) 
Seat 4: DerPfister (19383 in chips) 
Seat 5: P0KER1HA1 (12720 in chips) 
Seat 6: DebsPO (21780 in chips) 
Seat 7: kiiV119 (13787 in chips) 
Seat 8: $kill Game (11547 in chips) 
pacyff80: posts the ante 50
igoretH10: posts the ante 50
Mahu2021: posts the ante 50
DerPfister: posts the ante 50
P0KER1HA1: posts the ante 50
DebsPO: posts the ante 50
kiiV119: posts the ante 50
$kill Game: posts the ante 50
Mahu2021: posts small blind 250
DerPfister: posts big blind 500
*** HOLE CARDS ***
Dealt to Mahu2021 [8s 9d]
P0KER1HA1: folds 
DebsPO: folds 
kiiV119: calls 500
$kill Game: folds 
pacyff80: folds 
igoretH10: folds 
Mahu2021: folds 
DerPfister: checks 
*** FLOP *** [Kh Jd 5d]
DerPfister: checks 
kiiV119: checks 
*** TURN *** [Kh Jd 5d] [Js]
DerPfister: checks 
kiiV119: checks 
*** RIVER *** [Kh Jd 5d Js] [2s]
DerPfister: checks 
kiiV119: bets 500
DerPfister: folds 
Uncalled bet (500) returned to kiiV119
kiiV119 collected 1650 from pot
*** SUMMARY ***
Total pot 1650 | Rake 0 
Board [Kh Jd 5d Js 2s]
Seat 1: pacyff80 folded before Flop (didn't bet)
Seat 2: igoretH10 (button) folded before Flop (didn't bet)
Seat 3: Mahu2021 (small blind) folded before Flop
Seat 4: DerPfister (big blind) folded on the River
Seat 5: P0KER1HA1 folded before Flop (didn't bet)
Seat 6: DebsPO folded before Flop (didn't bet)
Seat 7: kiiV119 collected (1650)
Seat 8: $kill Game folded before Flop (didn't bet)



PokerStars Hand #253628013876: Tournament #3827888497, $1.40+$0.10 USD Hold'em No Limit - Level VI (250/500) - 2024/11/29 21:21:06 CET [2024/11/29 15:21:06 ET]
Table '3827888497 4' 8-max Seat #3 is the button
Seat 1: pacyff80 (9950 in chips) 
Seat 2: igoretH10 (11483 in chips) is sitting out
Seat 3: Mahu2021 (8950 in chips) 
Seat 4: DerPfister (18833 in chips) 
Seat 5: P0KER1HA1 (12670 in chips) 
Seat 6: DebsPO (21730 in chips) 
Seat 7: kiiV119 (14887 in chips) 
Seat 8: $kill Game (11497 in chips) 
pacyff80: posts the ante 50
igoretH10: posts the ante 50
Mahu2021: posts the ante 50
DerPfister: posts the ante 50
P0KER1HA1: posts the ante 50
DebsPO: posts the ante 50
kiiV119: posts the ante 50
$kill Game: posts the ante 50
DerPfister: posts small blind 250
P0KER1HA1: posts big blind 500
*** HOLE CARDS ***
Dealt to Mahu2021 [Tc 3c]
igoretH10 has returned
DebsPO: folds 
kiiV119: folds 
$kill Game: folds 
pacyff80: folds 
igoretH10: folds 
Mahu2021: folds 
DerPfister: raises 18283 to 18783 and is all-in
P0KER1HA1: calls 12120 and is all-in
Uncalled bet (6163) returned to DerPfister
*** FLOP *** [2d Kd 5h]
*** TURN *** [2d Kd 5h] [7c]
*** RIVER *** [2d Kd 5h 7c] [5d]
*** SHOW DOWN ***
DerPfister: shows [Ts As] (a pair of Fives)
P0KER1HA1: shows [Qd Jc] (a pair of Fives - lower kicker)
DerPfister collected 25640 from pot
P0KER1HA1 finished the tournament
*** SUMMARY ***
Total pot 25640 | Rake 0 
Board [2d Kd 5h 7c 5d]
Seat 1: pacyff80 folded before Flop (didn't bet)
Seat 2: igoretH10 folded before Flop (didn't bet)
Seat 3: Mahu2021 (button) folded before Flop (didn't bet)
Seat 4: DerPfister (small blind) showed [Ts As] and won (25640) with a pair of Fives
Seat 5: P0KER1HA1 (big blind) showed [Qd Jc] and lost with a pair of Fives
Seat 6: DebsPO folded before Flop (didn't bet)
Seat 7: kiiV119 folded before Flop (didn't bet)
Seat 8: $kill Game folded before Flop (didn't bet)



PokerStars Hand #253628021931: Tournament #3827888497, $1.40+$0.10 USD Hold'em No Limit - Level VI (250/500) - 2024/11/29 21:21:34 CET [2024/11/29 15:21:34 ET]
Table '3827888497 4' 8-max Seat #4 is the button
Seat 1: pacyff80 (9900 in chips) 
Seat 2: igoretH10 (11433 in chips) 
Seat 3: Mahu2021 (8900 in chips) 
Seat 4: DerPfister (31803 in chips) 
Seat 6: DebsPO (21680 in chips) 
Seat 7: kiiV119 (14837 in chips) 
Seat 8: $kill Game (11447 in chips) 
pacyff80: posts the ante 50
igoretH10: posts the ante 50
Mahu2021: posts the ante 50
DerPfister: posts the ante 50
DebsPO: posts the ante 50
kiiV119: posts the ante 50
$kill Game: posts the ante 50
DebsPO: posts small blind 250
kiiV119: posts big blind 500
*** HOLE CARDS ***
Dealt to Mahu2021 [4d Ah]
$kill Game: folds 
pacyff80: raises 500 to 1000
igoretH10: calls 1000
Mahu2021: folds 
DerPfister: folds 
DebsPO: folds 
kiiV119: calls 500
*** FLOP *** [3h 3s Ad]
kiiV119: checks 
pacyff80: checks 
igoretH10: checks 
*** TURN *** [3h 3s Ad] [5d]
kiiV119: checks 
pacyff80: checks 
igoretH10: checks 
*** RIVER *** [3h 3s Ad 5d] [2h]
kiiV119: bets 1500
pacyff80: calls 1500
igoretH10: folds 
*** SHOW DOWN ***
kiiV119: shows [Jc Jh] (two pair, Jacks and Threes)
pacyff80: shows [Kd Kh] (two pair, Kings and Threes)
pacyff80 collected 6600 from pot
*** SUMMARY ***
Total pot 6600 | Rake 0 
Board [3h 3s Ad 5d 2h]
Seat 1: pacyff80 showed [Kd Kh] and won (6600) with two pair, Kings and Threes
Seat 2: igoretH10 folded on the River
Seat 3: Mahu2021 folded before Flop (didn't bet)
Seat 4: DerPfister (button) folded before Flop (didn't bet)
Seat 6: DebsPO (small blind) folded before Flop
Seat 7: kiiV119 (big blind) showed [Jc Jh] and lost with two pair, Jacks and Threes
Seat 8: $kill Game folded before Flop (didn't bet)



PokerStars Hand #253628040313: Tournament #3827888497, $1.40+$0.10 USD Hold'em No Limit - Level VI (250/500) - 2024/11/29 21:22:41 CET [2024/11/29 15:22:41 ET]
Table '3827888497 4' 8-max Seat #6 is the button
Seat 1: pacyff80 (13950 in chips) 
Seat 2: igoretH10 (10383 in chips) 
Seat 3: Mahu2021 (8850 in chips) 
Seat 4: DerPfister (31753 in chips) 
Seat 6: DebsPO (21380 in chips) 
Seat 7: kiiV119 (12287 in chips) 
Seat 8: $kill Game (11397 in chips) 
pacyff80: posts the ante 50
igoretH10: posts the ante 50
Mahu2021: posts the ante 50
DerPfister: posts the ante 50
DebsPO: posts the ante 50
kiiV119: posts the ante 50
$kill Game: posts the ante 50
kiiV119: posts small blind 250
$kill Game: posts big blind 500
*** HOLE CARDS ***
Dealt to Mahu2021 [6c Qh]
pacyff80: folds 
igoretH10: folds 
Mahu2021: folds 
DerPfister: folds 
DebsPO: calls 500
kiiV119: calls 250
$kill Game: checks 
*** FLOP *** [5d 3d Ah]
kiiV119: checks 
$kill Game: bets 925
DebsPO: folds 
kiiV119: folds 
Uncalled bet (925) returned to $kill Game
$kill Game collected 1850 from pot
$kill Game: doesn't show hand 
*** SUMMARY ***
Total pot 1850 | Rake 0 
Board [5d 3d Ah]
Seat 1: pacyff80 folded before Flop (didn't bet)
Seat 2: igoretH10 folded before Flop (didn't bet)
Seat 3: Mahu2021 folded before Flop (didn't bet)
Seat 4: DerPfister folded before Flop (didn't bet)
Seat 6: DebsPO (button) folded on the Flop
Seat 7: kiiV119 (small blind) folded on the Flop
Seat 8: $kill Game (big blind) collected (1850)



PokerStars Hand #253628053072: Tournament #3827888497, $1.40+$0.10 USD Hold'em No Limit - Level VII (300/600) - 2024/11/29 21:23:28 CET [2024/11/29 15:23:28 ET]
Table '3827888497 4' 8-max Seat #7 is the button
Seat 1: pacyff80 (13900 in chips) 
Seat 2: igoretH10 (10333 in chips) 
Seat 3: Mahu2021 (8800 in chips) 
Seat 4: DerPfister (31703 in chips) 
Seat 5: thomasl75 (10000 in chips) 
Seat 6: DebsPO (20830 in chips) 
Seat 7: kiiV119 (11737 in chips) 
Seat 8: $kill Game (12697 in chips) 
pacyff80: posts the ante 60
igoretH10: posts the ante 60
Mahu2021: posts the ante 60
DerPfister: posts the ante 60
thomasl75: posts the ante 60
DebsPO: posts the ante 60
kiiV119: posts the ante 60
$kill Game: posts the ante 60
$kill Game: posts small blind 300
pacyff80: posts big blind 600
*** HOLE CARDS ***
Dealt to Mahu2021 [Tc 2s]
igoretH10: folds 
Mahu2021: folds 
DerPfister: folds 
thomasl75: raises 9340 to 9940 and is all-in
DebsPO: folds 
kiiV119: folds 
$kill Game: folds 
pacyff80: folds 
Uncalled bet (9340) returned to thomasl75
thomasl75 collected 1980 from pot
*** SUMMARY ***
Total pot 1980 | Rake 0 
Seat 1: pacyff80 (big blind) folded before Flop
Seat 2: igoretH10 folded before Flop (didn't bet)
Seat 3: Mahu2021 folded before Flop (didn't bet)
Seat 4: DerPfister folded before Flop (didn't bet)
Seat 5: thomasl75 collected (1980)
Seat 6: DebsPO folded before Flop (didn't bet)
Seat 7: kiiV119 (button) folded before Flop (didn't bet)
Seat 8: $kill Game (small blind) folded before Flop



PokerStars Hand #253628060483: Tournament #3827888497, $1.40+$0.10 USD Hold'em No Limit - Level VII (300/600) - 2024/11/29 21:23:55 CET [2024/11/29 15:23:55 ET]
Table '3827888497 4' 8-max Seat #8 is the button
Seat 1: pacyff80 (13240 in chips) 
Seat 2: igoretH10 (10273 in chips) 
Seat 3: Mahu2021 (8740 in chips) 
Seat 4: DerPfister (31643 in chips) 
Seat 5: thomasl75 (11320 in chips) 
Seat 6: DebsPO (20770 in chips) 
Seat 7: kiiV119 (11677 in chips) 
Seat 8: $kill Game (12337 in chips) 
pacyff80: posts the ante 60
igoretH10: posts the ante 60
Mahu2021: posts the ante 60
DerPfister: posts the ante 60
thomasl75: posts the ante 60
DebsPO: posts the ante 60
kiiV119: posts the ante 60
$kill Game: posts the ante 60
pacyff80: posts small blind 300
igoretH10: posts big blind 600
*** HOLE CARDS ***
Dealt to Mahu2021 [3c 4h]
Mahu2021: folds 
DerPfister: folds 
thomasl75: raises 600 to 1200
DebsPO: calls 1200
kiiV119: calls 1200
$kill Game: folds 
pacyff80: folds 
igoretH10: calls 600
*** FLOP *** [Kd 8c 9s]
igoretH10: checks 
thomasl75: bets 10060 and is all-in
DebsPO: folds 
kiiV119: folds 
igoretH10: calls 9013 and is all-in
Uncalled bet (1047) returned to thomasl75
*** TURN *** [Kd 8c 9s] [7d]
*** RIVER *** [Kd 8c 9s 7d] [2d]
*** SHOW DOWN ***
igoretH10: shows [Qc 9c] (a pair of Nines)
thomasl75: shows [Th Js] (a straight, Seven to Jack)
thomasl75 collected 23606 from pot
igoretH10 finished the tournament
*** SUMMARY ***
Total pot 23606 | Rake 0 
Board [Kd 8c 9s 7d 2d]
Seat 1: pacyff80 (small blind) folded before Flop
Seat 2: igoretH10 (big blind) showed [Qc 9c] and lost with a pair of Nines
Seat 3: Mahu2021 folded before Flop (didn't bet)
Seat 4: DerPfister folded before Flop (didn't bet)
Seat 5: thomasl75 showed [Th Js] and won (23606) with a straight, Seven to Jack
Seat 6: DebsPO folded on the Flop
Seat 7: kiiV119 folded on the Flop
Seat 8: $kill Game (button) folded before Flop (didn't bet)



PokerStars Hand #253628075157: Tournament #3827888497, $1.40+$0.10 USD Hold'em No Limit - Level VII (300/600) - 2024/11/29 21:24:48 CET [2024/11/29 15:24:48 ET]
Table '3827888497 4' 8-max Seat #1 is the button
Seat 1: pacyff80 (12880 in chips) 
Seat 3: Mahu2021 (8680 in chips) 
Seat 4: DerPfister (31583 in chips) 
Seat 5: thomasl75 (24653 in chips) 
Seat 6: DebsPO (19510 in chips) 
Seat 7: kiiV119 (10417 in chips) 
Seat 8: $kill Game (12277 in chips) 
pacyff80: posts the ante 60
Mahu2021: posts the ante 60
DerPfister: posts the ante 60
thomasl75: posts the ante 60
DebsPO: posts the ante 60
kiiV119: posts the ante 60
$kill Game: posts the ante 60
Mahu2021: posts small blind 300
DerPfister: posts big blind 600
*** HOLE CARDS ***
Dealt to Mahu2021 [As Ad]
thomasl75: folds 
DebsPO: folds 
kiiV119: folds 
$kill Game: folds 
pacyff80: raises 600 to 1200
Mahu2021: raises 7420 to 8620 and is all-in
DerPfister: folds 
pacyff80: folds 
Uncalled bet (7420) returned to Mahu2021
Mahu2021 collected 3420 from pot
Mahu2021: doesn't show hand 
*** SUMMARY ***
Total pot 3420 | Rake 0 
Seat 1: pacyff80 (button) folded before Flop
Seat 3: Mahu2021 (small blind) collected (3420)
Seat 4: DerPfister (big blind) folded before Flop
Seat 5: thomasl75 folded before Flop (didn't bet)
Seat 6: DebsPO folded before Flop (didn't bet)
Seat 7: kiiV119 folded before Flop (didn't bet)
Seat 8: $kill Game folded before Flop (didn't bet)



PokerStars Hand #253628085332: Tournament #3827888497, $1.40+$0.10 USD Hold'em No Limit - Level VII (300/600) - 2024/11/29 21:25:26 CET [2024/11/29 15:25:26 ET]
Table '3827888497 4' 8-max Seat #3 is the button
Seat 1: pacyff80 (11620 in chips) 
Seat 3: Mahu2021 (10840 in chips) 
Seat 4: DerPfister (30923 in chips) 
Seat 5: thomasl75 (24593 in chips) 
Seat 6: DebsPO (19450 in chips) 
Seat 7: kiiV119 (10357 in chips) 
Seat 8: $kill Game (12217 in chips) 
pacyff80: posts the ante 60
Mahu2021: posts the ante 60
DerPfister: posts the ante 60
thomasl75: posts the ante 60
DebsPO: posts the ante 60
kiiV119: posts the ante 60
$kill Game: posts the ante 60
DerPfister: posts small blind 300
thomasl75: posts big blind 600
*** HOLE CARDS ***
Dealt to Mahu2021 [7d 3d]
DebsPO: calls 600
kiiV119: folds 
Rockyboi68 is disconnected 
$kill Game: folds 
pacyff80: raises 600 to 1200
Mahu2021: folds 
DerPfister: calls 900
thomasl75: folds 
DebsPO: calls 600
*** FLOP *** [9d 7s Kc]
DerPfister: checks 
DebsPO: bets 1200
pacyff80: raises 1200 to 2400
DerPfister: folds 
DebsPO: raises 15790 to 18190 and is all-in
pacyff80: calls 7960 and is all-in
Uncalled bet (7830) returned to DebsPO
*** TURN *** [9d 7s Kc] [8s]
*** RIVER *** [9d 7s Kc 8s] [Qh]
*** SHOW DOWN ***
DebsPO: shows [9c 4c] (a pair of Nines)
pacyff80: shows [Qc Kh] (two pair, Kings and Queens)
pacyff80 collected 25340 from pot
*** SUMMARY ***
Total pot 25340 | Rake 0 
Board [9d 7s Kc 8s Qh]
Seat 1: pacyff80 showed [Qc Kh] and won (25340) with two pair, Kings and Queens
Seat 3: Mahu2021 (button) folded before Flop (didn't bet)
Seat 4: DerPfister (small blind) folded on the Flop
Seat 5: thomasl75 (big blind) folded before Flop
Seat 6: DebsPO showed [9c 4c] and lost with a pair of Nines
Seat 7: kiiV119 folded before Flop (didn't bet)
Seat 8: $kill Game folded before Flop (didn't bet)



PokerStars Hand #253628104116: Tournament #3827888497, $1.40+$0.10 USD Hold'em No Limit - Level VIII (350/700) - 2024/11/29 21:26:35 CET [2024/11/29 15:26:35 ET]
Table '3827888497 4' 8-max Seat #4 is the button
Seat 1: pacyff80 (25340 in chips) 
Seat 2: Rockyboi68 (44140 in chips) 
Seat 3: Mahu2021 (10780 in chips) 
Seat 4: DerPfister (29663 in chips) 
Seat 5: thomasl75 (23933 in chips) 
Seat 6: DebsPO (7830 in chips) 
Seat 7: kiiV119 (10297 in chips) 
Seat 8: $kill Game (12157 in chips) 
pacyff80: posts the ante 70
Rockyboi68: posts the ante 70
Mahu2021: posts the ante 70
DerPfister: posts the ante 70
thomasl75: posts the ante 70
DebsPO: posts the ante 70
kiiV119: posts the ante 70
$kill Game: posts the ante 70
thomasl75: posts small blind 350
DebsPO: posts big blind 700
*** HOLE CARDS ***
Dealt to Mahu2021 [4h Qc]
kiiV119: folds 
$kill Game: folds 
pacyff80: calls 700
Rockyboi68: folds 
Mahu2021: folds 
DerPfister: raises 3010 to 3710
thomasl75: folds 
DebsPO: folds 
pacyff80: calls 3010
*** FLOP *** [8s 5d 9h]
pacyff80: checks 
DerPfister: checks 
*** TURN *** [8s 5d 9h] [9c]
pacyff80: checks 
DerPfister: checks 
*** RIVER *** [8s 5d 9h 9c] [Th]
pacyff80: checks 
DerPfister: checks 
*** SHOW DOWN ***
pacyff80: shows [Kc Jd] (a pair of Nines)
DerPfister: shows [Jc Ac] (a pair of Nines - Ace kicker)
DerPfister collected 9030 from pot
*** SUMMARY ***
Total pot 9030 | Rake 0 
Board [8s 5d 9h 9c Th]
Seat 1: pacyff80 showed [Kc Jd] and lost with a pair of Nines
Seat 2: Rockyboi68 folded before Flop (didn't bet)
Seat 3: Mahu2021 folded before Flop (didn't bet)
Seat 4: DerPfister (button) showed [Jc Ac] and won (9030) with a pair of Nines
Seat 5: thomasl75 (small blind) folded before Flop
Seat 6: DebsPO (big blind) folded before Flop
Seat 7: kiiV119 folded before Flop (didn't bet)
Seat 8: $kill Game folded before Flop (didn't bet)



PokerStars Hand #253628121225: Tournament #3827888497, $1.40+$0.10 USD Hold'em No Limit - Level VIII (350/700) - 2024/11/29 21:27:37 CET [2024/11/29 15:27:37 ET]
Table '3827888497 4' 8-max Seat #5 is the button
Seat 1: pacyff80 (21560 in chips) 
Seat 2: Rockyboi68 (44070 in chips) 
Seat 3: Mahu2021 (10710 in chips) 
Seat 4: DerPfister (34913 in chips) 
Seat 5: thomasl75 (23513 in chips) 
Seat 6: DebsPO (7060 in chips) 
Seat 7: kiiV119 (10227 in chips) 
Seat 8: $kill Game (12087 in chips) 
pacyff80: posts the ante 70
Rockyboi68: posts the ante 70
Mahu2021: posts the ante 70
DerPfister: posts the ante 70
thomasl75: posts the ante 70
DebsPO: posts the ante 70
kiiV119: posts the ante 70
$kill Game: posts the ante 70
DebsPO: posts small blind 350
kiiV119: posts big blind 700
*** HOLE CARDS ***
Dealt to Mahu2021 [8h 4d]
$kill Game: folds 
pacyff80: raises 700 to 1400
Rockyboi68: folds 
Mahu2021: folds 
DerPfister: raises 4410 to 5810
thomasl75: folds 
DebsPO: folds 
kiiV119: folds 
pacyff80: calls 4410
*** FLOP *** [5c 3h Th]
pacyff80: checks 
DerPfister: checks 
*** TURN *** [5c 3h Th] [Ks]
pacyff80: checks 
DerPfister: bets 6312
pacyff80: folds 
Uncalled bet (6312) returned to DerPfister
DerPfister collected 13230 from pot
*** SUMMARY ***
Total pot 13230 | Rake 0 
Board [5c 3h Th Ks]
Seat 1: pacyff80 folded on the Turn
Seat 2: Rockyboi68 folded before Flop (didn't bet)
Seat 3: Mahu2021 folded before Flop (didn't bet)
Seat 4: DerPfister collected (13230)
Seat 5: thomasl75 (button) folded before Flop (didn't bet)
Seat 6: DebsPO (small blind) folded before Flop
Seat 7: kiiV119 (big blind) folded before Flop
Seat 8: $kill Game folded before Flop (didn't bet)



PokerStars Hand #253628138365: Tournament #3827888497, $1.40+$0.10 USD Hold'em No Limit - Level VIII (350/700) - 2024/11/29 21:28:40 CET [2024/11/29 15:28:40 ET]
Table '3827888497 4' 8-max Seat #6 is the button
Seat 1: pacyff80 (15680 in chips) 
Seat 2: Rockyboi68 (44000 in chips) 
Seat 3: Mahu2021 (10640 in chips) 
Seat 4: DerPfister (42263 in chips) 
Seat 5: thomasl75 (23443 in chips) 
Seat 6: DebsPO (6640 in chips) 
Seat 7: kiiV119 (9457 in chips) 
Seat 8: $kill Game (12017 in chips) 
pacyff80: posts the ante 70
Rockyboi68: posts the ante 70
Mahu2021: posts the ante 70
DerPfister: posts the ante 70
thomasl75: posts the ante 70
DebsPO: posts the ante 70
kiiV119: posts the ante 70
$kill Game: posts the ante 70
kiiV119: posts small blind 350
$kill Game: posts big blind 700
*** HOLE CARDS ***
Dealt to Mahu2021 [As 4s]
pacyff80: folds 
Rockyboi68: folds 
Mahu2021: raises 1400 to 2100
DerPfister: folds 
thomasl75: folds 
DebsPO: folds 
kiiV119: folds 
$kill Game: raises 9847 to 11947 and is all-in
Mahu2021: folds 
Uncalled bet (9847) returned to $kill Game
$kill Game collected 5110 from pot
$kill Game: doesn't show hand 
*** SUMMARY ***
Total pot 5110 | Rake 0 
Seat 1: pacyff80 folded before Flop (didn't bet)
Seat 2: Rockyboi68 folded before Flop (didn't bet)
Seat 3: Mahu2021 folded before Flop
Seat 4: DerPfister folded before Flop (didn't bet)
Seat 5: thomasl75 folded before Flop (didn't bet)
Seat 6: DebsPO (button) folded before Flop (didn't bet)
Seat 7: kiiV119 (small blind) folded before Flop
Seat 8: $kill Game (big blind) collected (5110)



PokerStars Hand #253628150151: Tournament #3827888497, $1.40+$0.10 USD Hold'em No Limit - Level IX (400/800) - 2024/11/29 21:29:23 CET [2024/11/29 15:29:23 ET]
Table '3827888497 4' 8-max Seat #7 is the button
Seat 1: pacyff80 (15610 in chips) 
Seat 2: Rockyboi68 (43930 in chips) 
Seat 3: Mahu2021 (8470 in chips) 
Seat 4: DerPfister (42193 in chips) 
Seat 5: thomasl75 (23373 in chips) 
Seat 6: DebsPO (6570 in chips) 
Seat 7: kiiV119 (9037 in chips) 
Seat 8: $kill Game (14957 in chips) 
pacyff80: posts the ante 80
Rockyboi68: posts the ante 80
Mahu2021: posts the ante 80
DerPfister: posts the ante 80
thomasl75: posts the ante 80
DebsPO: posts the ante 80
kiiV119: posts the ante 80
$kill Game: posts the ante 80
$kill Game: posts small blind 400
pacyff80: posts big blind 800
*** HOLE CARDS ***
Dealt to Mahu2021 [Jd 5d]
Rockyboi68: folds 
Mahu2021: folds 
DerPfister: folds 
thomasl75: raises 800 to 1600
DebsPO: folds 
kiiV119: calls 1600
$kill Game: folds 
pacyff80: folds 
*** FLOP *** [Th 6c 7h]
thomasl75: bets 800
kiiV119: calls 800
*** TURN *** [Th 6c 7h] [2h]
thomasl75: bets 800
kiiV119: calls 800
*** RIVER *** [Th 6c 7h 2h] [Td]
thomasl75: checks 
kiiV119: checks 
*** SHOW DOWN ***
thomasl75: shows [9c Kh] (a pair of Tens)
kiiV119: shows [Qs Ac] (a pair of Tens - Ace kicker)
kiiV119 collected 8240 from pot
*** SUMMARY ***
Total pot 8240 | Rake 0 
Board [Th 6c 7h 2h Td]
Seat 1: pacyff80 (big blind) folded before Flop
Seat 2: Rockyboi68 folded before Flop (didn't bet)
Seat 3: Mahu2021 folded before Flop (didn't bet)
Seat 4: DerPfister folded before Flop (didn't bet)
Seat 5: thomasl75 showed [9c Kh] and lost with a pair of Tens
Seat 6: DebsPO folded before Flop (didn't bet)
Seat 7: kiiV119 (button) showed [Qs Ac] and won (8240) with a pair of Tens
Seat 8: $kill Game (small blind) folded before Flop



PokerStars Hand #253628160382: Tournament #3827888497, $1.40+$0.10 USD Hold'em No Limit - Level IX (400/800) - 2024/11/29 21:30:00 CET [2024/11/29 15:30:00 ET]
Table '3827888497 4' 8-max Seat #8 is the button
Seat 1: pacyff80 (14730 in chips) 
Seat 2: Rockyboi68 (43850 in chips) 
Seat 3: Mahu2021 (8390 in chips) 
Seat 4: DerPfister (42113 in chips) 
Seat 5: thomasl75 (20093 in chips) 
Seat 6: DebsPO (6490 in chips) 
Seat 7: kiiV119 (13997 in chips) 
Seat 8: $kill Game (14477 in chips) 
pacyff80: posts the ante 80
Rockyboi68: posts the ante 80
Mahu2021: posts the ante 80
DerPfister: posts the ante 80
thomasl75: posts the ante 80
DebsPO: posts the ante 80
kiiV119: posts the ante 80
$kill Game: posts the ante 80
pacyff80: posts small blind 400
Rockyboi68: posts big blind 800
*** HOLE CARDS ***
Dealt to Mahu2021 [Th 7h]
Mahu2021: folds 
DerPfister: folds 
thomasl75: folds 
DebsPO: folds 
kiiV119: folds 
$kill Game: raises 912 to 1712
pacyff80: folds 
Rockyboi68: folds 
Uncalled bet (912) returned to $kill Game
$kill Game collected 2640 from pot
$kill Game: doesn't show hand 
*** SUMMARY ***
Total pot 2640 | Rake 0 
Seat 1: pacyff80 (small blind) folded before Flop
Seat 2: Rockyboi68 (big blind) folded before Flop
Seat 3: Mahu2021 folded before Flop (didn't bet)
Seat 4: DerPfister folded before Flop (didn't bet)
Seat 5: thomasl75 folded before Flop (didn't bet)
Seat 6: DebsPO folded before Flop (didn't bet)
Seat 7: kiiV119 folded before Flop (didn't bet)
Seat 8: $kill Game (button) collected (2640)



PokerStars Hand #253628166684: Tournament #3827888497, $1.40+$0.10 USD Hold'em No Limit - Level IX (400/800) - 2024/11/29 21:30:23 CET [2024/11/29 15:30:23 ET]
Table '3827888497 4' 8-max Seat #1 is the button
Seat 1: pacyff80 (14250 in chips) 
Seat 2: Rockyboi68 (42970 in chips) 
Seat 3: Mahu2021 (8310 in chips) 
Seat 4: DerPfister (42033 in chips) 
Seat 5: thomasl75 (20013 in chips) 
Seat 6: DebsPO (6410 in chips) 
Seat 7: kiiV119 (13917 in chips) 
Seat 8: $kill Game (16237 in chips) 
pacyff80: posts the ante 80
Rockyboi68: posts the ante 80
Mahu2021: posts the ante 80
DerPfister: posts the ante 80
thomasl75: posts the ante 80
DebsPO: posts the ante 80
kiiV119: posts the ante 80
$kill Game: posts the ante 80
Rockyboi68: posts small blind 400
Mahu2021: posts big blind 800
*** HOLE CARDS ***
Dealt to Mahu2021 [9d Td]
DerPfister: folds 
thomasl75: folds 
DebsPO: raises 5530 to 6330 and is all-in
kiiV119: folds 
$kill Game: folds 
pacyff80: folds 
Rockyboi68: folds 
Mahu2021: folds 
Uncalled bet (5530) returned to DebsPO
DebsPO collected 2640 from pot
DebsPO: doesn't show hand 
*** SUMMARY ***
Total pot 2640 | Rake 0 
Seat 1: pacyff80 (button) folded before Flop (didn't bet)
Seat 2: Rockyboi68 (small blind) folded before Flop
Seat 3: Mahu2021 (big blind) folded before Flop
Seat 4: DerPfister folded before Flop (didn't bet)
Seat 5: thomasl75 folded before Flop (didn't bet)
Seat 6: DebsPO collected (2640)
Seat 7: kiiV119 folded before Flop (didn't bet)
Seat 8: $kill Game folded before Flop (didn't bet)



PokerStars Hand #253628179485: Tournament #3827888497, $1.40+$0.10 USD Hold'em No Limit - Level IX (400/800) - 2024/11/29 21:31:10 CET [2024/11/29 15:31:10 ET]
Table '3827888497 4' 8-max Seat #2 is the button
Seat 1: pacyff80 (14170 in chips) 
Seat 2: Rockyboi68 (42490 in chips) 
Seat 3: Mahu2021 (7430 in chips) 
Seat 4: DerPfister (41953 in chips) 
Seat 5: thomasl75 (19933 in chips) 
Seat 6: DebsPO (8170 in chips) 
Seat 7: kiiV119 (13837 in chips) 
Seat 8: $kill Game (16157 in chips) 
pacyff80: posts the ante 80
Rockyboi68: posts the ante 80
Mahu2021: posts the ante 80
DerPfister: posts the ante 80
thomasl75: posts the ante 80
DebsPO: posts the ante 80
kiiV119: posts the ante 80
$kill Game: posts the ante 80
Mahu2021: posts small blind 400
DerPfister: posts big blind 800
*** HOLE CARDS ***
Dealt to Mahu2021 [Ts 3c]
thomasl75: raises 2640 to 3440
DebsPO: folds 
kiiV119: folds 
$kill Game: folds 
pacyff80: raises 10650 to 14090 and is all-in
Rockyboi68: folds 
Mahu2021: folds 
DerPfister: folds 
thomasl75: calls 10650
*** FLOP *** [7s Ah 9d]
*** TURN *** [7s Ah 9d] [6d]
*** RIVER *** [7s Ah 9d 6d] [2d]
*** SHOW DOWN ***
thomasl75: shows [As 7c] (two pair, Aces and Sevens)
pacyff80: shows [Ac Qh] (a pair of Aces)
thomasl75 collected 30020 from pot
pacyff80 finished the tournament in 278th place
*** SUMMARY ***
Total pot 30020 | Rake 0 
Board [7s Ah 9d 6d 2d]
Seat 1: pacyff80 showed [Ac Qh] and lost with a pair of Aces
Seat 2: Rockyboi68 (button) folded before Flop (didn't bet)
Seat 3: Mahu2021 (small blind) folded before Flop
Seat 4: DerPfister (big blind) folded before Flop
Seat 5: thomasl75 showed [As 7c] and won (30020) with two pair, Aces and Sevens
Seat 6: DebsPO folded before Flop (didn't bet)
Seat 7: kiiV119 folded before Flop (didn't bet)
Seat 8: $kill Game folded before Flop (didn't bet)



PokerStars Hand #253628190942: Tournament #3827888497, $1.40+$0.10 USD Hold'em No Limit - Level IX (400/800) - 2024/11/29 21:31:52 CET [2024/11/29 15:31:52 ET]
Table '3827888497 4' 8-max Seat #3 is the button
Seat 2: Rockyboi68 (42410 in chips) 
Seat 3: Mahu2021 (6950 in chips) 
Seat 4: DerPfister (41073 in chips) 
Seat 5: thomasl75 (35783 in chips) 
Seat 6: DebsPO (8090 in chips) 
Seat 7: kiiV119 (13757 in chips) 
Seat 8: $kill Game (16077 in chips) 
Rockyboi68: posts the ante 80
Mahu2021: posts the ante 80
DerPfister: posts the ante 80
thomasl75: posts the ante 80
DebsPO: posts the ante 80
kiiV119: posts the ante 80
$kill Game: posts the ante 80
DerPfister: posts small blind 400
thomasl75: posts big blind 800
*** HOLE CARDS ***
Dealt to Mahu2021 [2h Qc]
DebsPO: calls 800
kiiV119: calls 800
$kill Game: folds 
Rockyboi68: folds 
Mahu2021: folds 
DerPfister: calls 400
thomasl75: raises 3760 to 4560
DebsPO: folds 
kiiV119: folds 
memojr29 is disconnected 
DerPfister: folds 
Uncalled bet (3760) returned to thomasl75
thomasl75 collected 3760 from pot
*** SUMMARY ***
Total pot 3760 | Rake 0 
Seat 2: Rockyboi68 folded before Flop (didn't bet)
Seat 3: Mahu2021 (button) folded before Flop (didn't bet)
Seat 4: DerPfister (small blind) folded before Flop
Seat 5: thomasl75 (big blind) collected (3760)
Seat 6: DebsPO folded before Flop
Seat 7: kiiV119 folded before Flop
Seat 8: $kill Game folded before Flop (didn't bet)



PokerStars Hand #253628199909: Tournament #3827888497, $1.40+$0.10 USD Hold'em No Limit - Level X (500/1000) - 2024/11/29 21:32:25 CET [2024/11/29 15:32:25 ET]
Table '3827888497 4' 8-max Seat #4 is the button
Seat 1: memojr29 (8390 in chips) 
Seat 2: Rockyboi68 (42330 in chips) 
Seat 3: Mahu2021 (6870 in chips) 
Seat 4: DerPfister (40193 in chips) 
Seat 5: thomasl75 (38663 in chips) 
Seat 6: DebsPO (7210 in chips) 
Seat 7: kiiV119 (12877 in chips) 
Seat 8: $kill Game (15997 in chips) 
memojr29: posts the ante 100
Rockyboi68: posts the ante 100
Mahu2021: posts the ante 100
DerPfister: posts the ante 100
thomasl75: posts the ante 100
DebsPO: posts the ante 100
kiiV119: posts the ante 100
$kill Game: posts the ante 100
thomasl75: posts small blind 500
DebsPO: posts big blind 1000
*** HOLE CARDS ***
Dealt to Mahu2021 [Qd As]
kiiV119: folds 
$kill Game: folds 
memojr29: raises 7290 to 8290 and is all-in
Rockyboi68: folds 
Mahu2021: calls 6770 and is all-in
DerPfister: folds 
thomasl75: raises 30273 to 38563 and is all-in
DebsPO: folds 
Uncalled bet (30273) returned to thomasl75
*** FLOP *** [Js 4h Kh]
*** TURN *** [Js 4h Kh] [6d]
*** RIVER *** [Js 4h Kh 6d] [Qh]
*** SHOW DOWN ***
thomasl75: shows [Kc Jd] (two pair, Kings and Jacks)
memojr29: shows [4d Ad] (a pair of Fours)
thomasl75 collected 3040 from side pot
Mahu2021: shows [Qd As] (a pair of Queens)
thomasl75 collected 22110 from main pot
memojr29 finished the tournament in 261st place
Mahu2021 finished the tournament in 262nd place
*** SUMMARY ***
Total pot 25150 Main pot 22110. Side pot 3040. | Rake 0 
Board [Js 4h Kh 6d Qh]
Seat 1: memojr29 showed [4d Ad] and lost with a pair of Fours
Seat 2: Rockyboi68 folded before Flop (didn't bet)
Seat 3: Mahu2021 showed [Qd As] and lost with a pair of Queens
Seat 4: DerPfister (button) folded before Flop (didn't bet)
Seat 5: thomasl75 (small blind) showed [Kc Jd] and won (25150) with two pair, Kings and Jacks
Seat 6: DebsPO (big blind) folded before Flop
Seat 7: kiiV119 folded before Flop (didn't bet)
Seat 8: $kill Game folded before Flop (didn't bet)



