PokerStars Hand #250508491226: Tournament #3754656437, $1.84+$0.16 USD Hold'em No Limit - Level I (10/20) - 2024/05/15 10:50:31 CET [2024/05/15 4:50:31 ET]
Table '3754656437 1' 3-max Seat #1 is the button
Seat 1: Nicko Buko (500 in chips) 
Seat 2: RudRRRud (500 in chips) 
Seat 3: Mahu2021 (500 in chips) 
RudRRRud: posts small blind 10
Mahu2021: posts big blind 20
*** HOLE CARDS ***
Dealt to Mahu2021 [Jc Kc]
Nicko Buko: folds 
RudRRRud: folds 
Uncalled bet (10) returned to Mahu2021
Mahu2021 collected 20 from pot
Mahu2021: doesn't show hand 
*** SUMMARY ***
Total pot 20 | Rake 0 
Seat 1: Nicko Buko (button) folded before Flop (didn't bet)
Seat 2: RudRRRud (small blind) folded before Flop
Seat 3: Mahu2021 (big blind) collected (20)



PokerStars Hand #250508491703: Tournament #3754656437, $1.84+$0.16 USD Hold'em No Limit - Level I (10/20) - 2024/05/15 10:50:35 CET [2024/05/15 4:50:35 ET]
Table '3754656437 1' 3-max Seat #2 is the button
Seat 1: Nicko Buko (500 in chips) 
Seat 2: RudRRRud (490 in chips) 
Seat 3: Mahu2021 (510 in chips) 
Mahu2021: posts small blind 10
Nicko Buko: posts big blind 20
*** HOLE CARDS ***
Dealt to Mahu2021 [4s 2h]
RudRRRud: raises 470 to 490 and is all-in
Mahu2021: folds 
Nicko Buko: folds 
Uncalled bet (470) returned to RudRRRud
RudRRRud collected 50 from pot
RudRRRud: doesn't show hand 
*** SUMMARY ***
Total pot 50 | Rake 0 
Seat 1: Nicko Buko (big blind) folded before Flop
Seat 2: RudRRRud (button) collected (50)
Seat 3: Mahu2021 (small blind) folded before Flop



PokerStars Hand #250508492414: Tournament #3754656437, $1.84+$0.16 USD Hold'em No Limit - Level I (10/20) - 2024/05/15 10:50:42 CET [2024/05/15 4:50:42 ET]
Table '3754656437 1' 3-max Seat #3 is the button
Seat 1: Nicko Buko (480 in chips) 
Seat 2: RudRRRud (520 in chips) 
Seat 3: Mahu2021 (500 in chips) 
Nicko Buko: posts small blind 10
RudRRRud: posts big blind 20
*** HOLE CARDS ***
Dealt to Mahu2021 [Tc 2c]
Mahu2021: folds 
Nicko Buko: raises 40 to 60
RudRRRud: folds 
Uncalled bet (40) returned to Nicko Buko
Nicko Buko collected 40 from pot
Nicko Buko: doesn't show hand 
*** SUMMARY ***
Total pot 40 | Rake 0 
Seat 1: Nicko Buko (small blind) collected (40)
Seat 2: RudRRRud (big blind) folded before Flop
Seat 3: Mahu2021 (button) folded before Flop (didn't bet)



PokerStars Hand #250508493434: Tournament #3754656437, $1.84+$0.16 USD Hold'em No Limit - Level I (10/20) - 2024/05/15 10:50:51 CET [2024/05/15 4:50:51 ET]
Table '3754656437 1' 3-max Seat #1 is the button
Seat 1: Nicko Buko (500 in chips) 
Seat 2: RudRRRud (500 in chips) 
Seat 3: Mahu2021 (500 in chips) 
RudRRRud: posts small blind 10
Mahu2021: posts big blind 20
*** HOLE CARDS ***
Dealt to Mahu2021 [7c 9s]
Nicko Buko: folds 
RudRRRud: calls 10
Mahu2021: checks 
*** FLOP *** [Kc Ah 2d]
RudRRRud: bets 20
Mahu2021: folds 
Uncalled bet (20) returned to RudRRRud
RudRRRud collected 40 from pot
RudRRRud: doesn't show hand 
*** SUMMARY ***
Total pot 40 | Rake 0 
Board [Kc Ah 2d]
Seat 1: Nicko Buko (button) folded before Flop (didn't bet)
Seat 2: RudRRRud (small blind) collected (40)
Seat 3: Mahu2021 (big blind) folded on the Flop



PokerStars Hand #250508495080: Tournament #3754656437, $1.84+$0.16 USD Hold'em No Limit - Level I (10/20) - 2024/05/15 10:51:06 CET [2024/05/15 4:51:06 ET]
Table '3754656437 1' 3-max Seat #2 is the button
Seat 1: Nicko Buko (500 in chips) 
Seat 2: RudRRRud (520 in chips) 
Seat 3: Mahu2021 (480 in chips) 
Mahu2021: posts small blind 10
Nicko Buko: posts big blind 20
*** HOLE CARDS ***
Dealt to Mahu2021 [3d 5s]
RudRRRud: raises 20 to 40
Mahu2021: folds 
Nicko Buko: calls 20
*** FLOP *** [4d Jh 8s]
Nicko Buko: checks 
RudRRRud: checks 
*** TURN *** [4d Jh 8s] [Jc]
Nicko Buko: bets 68
RudRRRud: folds 
Uncalled bet (68) returned to Nicko Buko
Nicko Buko collected 90 from pot
Nicko Buko: doesn't show hand 
*** SUMMARY ***
Total pot 90 | Rake 0 
Board [4d Jh 8s Jc]
Seat 1: Nicko Buko (big blind) collected (90)
Seat 2: RudRRRud (button) folded on the Turn
Seat 3: Mahu2021 (small blind) folded before Flop



PokerStars Hand #250508497675: Tournament #3754656437, $1.84+$0.16 USD Hold'em No Limit - Level I (10/20) - 2024/05/15 10:51:30 CET [2024/05/15 4:51:30 ET]
Table '3754656437 1' 3-max Seat #3 is the button
Seat 1: Nicko Buko (550 in chips) 
Seat 2: RudRRRud (480 in chips) 
Seat 3: Mahu2021 (470 in chips) 
Nicko Buko: posts small blind 10
RudRRRud: posts big blind 20
*** HOLE CARDS ***
Dealt to Mahu2021 [Jc Ac]
Mahu2021: raises 20 to 40
Nicko Buko: folds 
RudRRRud: calls 20
*** FLOP *** [Jh Td 3h]
RudRRRud: checks 
Mahu2021: bets 90
RudRRRud: folds 
Uncalled bet (90) returned to Mahu2021
Mahu2021 collected 90 from pot
Mahu2021: doesn't show hand 
*** SUMMARY ***
Total pot 90 | Rake 0 
Board [Jh Td 3h]
Seat 1: Nicko Buko (small blind) folded before Flop
Seat 2: RudRRRud (big blind) folded on the Flop
Seat 3: Mahu2021 (button) collected (90)



PokerStars Hand #250508499324: Tournament #3754656437, $1.84+$0.16 USD Hold'em No Limit - Level I (10/20) - 2024/05/15 10:51:44 CET [2024/05/15 4:51:44 ET]
Table '3754656437 1' 3-max Seat #1 is the button
Seat 1: Nicko Buko (540 in chips) 
Seat 2: RudRRRud (440 in chips) 
Seat 3: Mahu2021 (520 in chips) 
RudRRRud: posts small blind 10
Mahu2021: posts big blind 20
*** HOLE CARDS ***
Dealt to Mahu2021 [8h Qh]
Nicko Buko: folds 
RudRRRud: calls 10
Mahu2021: checks 
*** FLOP *** [4s 6s 8c]
RudRRRud: checks 
Mahu2021: bets 20
RudRRRud: calls 20
*** TURN *** [4s 6s 8c] [4d]
RudRRRud: checks 
Mahu2021: checks 
*** RIVER *** [4s 6s 8c 4d] [8d]
RudRRRud: checks 
Mahu2021: bets 80
RudRRRud: folds 
Uncalled bet (80) returned to Mahu2021
Mahu2021 collected 80 from pot
Mahu2021: doesn't show hand 
*** SUMMARY ***
Total pot 80 | Rake 0 
Board [4s 6s 8c 4d 8d]
Seat 1: Nicko Buko (button) folded before Flop (didn't bet)
Seat 2: RudRRRud (small blind) folded on the River
Seat 3: Mahu2021 (big blind) collected (80)



PokerStars Hand #250508502286: Tournament #3754656437, $1.84+$0.16 USD Hold'em No Limit - Level I (10/20) - 2024/05/15 10:52:12 CET [2024/05/15 4:52:12 ET]
Table '3754656437 1' 3-max Seat #2 is the button
Seat 1: Nicko Buko (540 in chips) 
Seat 2: RudRRRud (400 in chips) 
Seat 3: Mahu2021 (560 in chips) 
Mahu2021: posts small blind 10
Nicko Buko: posts big blind 20
*** HOLE CARDS ***
Dealt to Mahu2021 [3h 2c]
RudRRRud: folds 
Mahu2021: folds 
Uncalled bet (10) returned to Nicko Buko
Nicko Buko collected 20 from pot
Nicko Buko: doesn't show hand 
*** SUMMARY ***
Total pot 20 | Rake 0 
Seat 1: Nicko Buko (big blind) collected (20)
Seat 2: RudRRRud (button) folded before Flop (didn't bet)
Seat 3: Mahu2021 (small blind) folded before Flop



PokerStars Hand #250508502924: Tournament #3754656437, $1.84+$0.16 USD Hold'em No Limit - Level I (10/20) - 2024/05/15 10:52:18 CET [2024/05/15 4:52:18 ET]
Table '3754656437 1' 3-max Seat #3 is the button
Seat 1: Nicko Buko (550 in chips) 
Seat 2: RudRRRud (400 in chips) 
Seat 3: Mahu2021 (550 in chips) 
Nicko Buko: posts small blind 10
RudRRRud: posts big blind 20
*** HOLE CARDS ***
Dealt to Mahu2021 [Ad 4c]
Mahu2021: calls 20
Nicko Buko: raises 530 to 550 and is all-in
RudRRRud: folds 
Mahu2021: folds 
Uncalled bet (530) returned to Nicko Buko
Nicko Buko collected 60 from pot
Nicko Buko: doesn't show hand 
*** SUMMARY ***
Total pot 60 | Rake 0 
Seat 1: Nicko Buko (small blind) collected (60)
Seat 2: RudRRRud (big blind) folded before Flop
Seat 3: Mahu2021 (button) folded before Flop



PokerStars Hand #250508503949: Tournament #3754656437, $1.84+$0.16 USD Hold'em No Limit - Level I (10/20) - 2024/05/15 10:52:27 CET [2024/05/15 4:52:27 ET]
Table '3754656437 1' 3-max Seat #1 is the button
Seat 1: Nicko Buko (590 in chips) 
Seat 2: RudRRRud (380 in chips) 
Seat 3: Mahu2021 (530 in chips) 
RudRRRud: posts small blind 10
Mahu2021: posts big blind 20
*** HOLE CARDS ***
Dealt to Mahu2021 [8d 3s]
Nicko Buko: folds 
RudRRRud: calls 10
Mahu2021: checks 
*** FLOP *** [Jh Kd 5d]
RudRRRud: bets 20
Mahu2021: folds 
Uncalled bet (20) returned to RudRRRud
RudRRRud collected 40 from pot
RudRRRud: doesn't show hand 
*** SUMMARY ***
Total pot 40 | Rake 0 
Board [Jh Kd 5d]
Seat 1: Nicko Buko (button) folded before Flop (didn't bet)
Seat 2: RudRRRud (small blind) collected (40)
Seat 3: Mahu2021 (big blind) folded on the Flop



PokerStars Hand #250508506310: Tournament #3754656437, $1.84+$0.16 USD Hold'em No Limit - Level II (15/30) - 2024/05/15 10:52:48 CET [2024/05/15 4:52:48 ET]
Table '3754656437 1' 3-max Seat #2 is the button
Seat 1: Nicko Buko (590 in chips) 
Seat 2: RudRRRud (400 in chips) 
Seat 3: Mahu2021 (510 in chips) 
Mahu2021: posts small blind 15
Nicko Buko: posts big blind 30
*** HOLE CARDS ***
Dealt to Mahu2021 [8d Qc]
RudRRRud: folds 
Mahu2021: calls 15
Nicko Buko: raises 560 to 590 and is all-in
Mahu2021: folds 
Uncalled bet (560) returned to Nicko Buko
Nicko Buko collected 60 from pot
Nicko Buko: doesn't show hand 
*** SUMMARY ***
Total pot 60 | Rake 0 
Seat 1: Nicko Buko (big blind) collected (60)
Seat 2: RudRRRud (button) folded before Flop (didn't bet)
Seat 3: Mahu2021 (small blind) folded before Flop



PokerStars Hand #250508507256: Tournament #3754656437, $1.84+$0.16 USD Hold'em No Limit - Level II (15/30) - 2024/05/15 10:52:57 CET [2024/05/15 4:52:57 ET]
Table '3754656437 1' 3-max Seat #3 is the button
Seat 1: Nicko Buko (620 in chips) 
Seat 2: RudRRRud (400 in chips) 
Seat 3: Mahu2021 (480 in chips) 
Nicko Buko: posts small blind 15
RudRRRud: posts big blind 30
*** HOLE CARDS ***
Dealt to Mahu2021 [9s 2s]
Mahu2021: folds 
Nicko Buko: folds 
Uncalled bet (15) returned to RudRRRud
RudRRRud collected 30 from pot
RudRRRud: doesn't show hand 
*** SUMMARY ***
Total pot 30 | Rake 0 
Seat 1: Nicko Buko (small blind) folded before Flop
Seat 2: RudRRRud (big blind) collected (30)
Seat 3: Mahu2021 (button) folded before Flop (didn't bet)



PokerStars Hand #250508508007: Tournament #3754656437, $1.84+$0.16 USD Hold'em No Limit - Level II (15/30) - 2024/05/15 10:53:04 CET [2024/05/15 4:53:04 ET]
Table '3754656437 1' 3-max Seat #1 is the button
Seat 1: Nicko Buko (605 in chips) 
Seat 2: RudRRRud (415 in chips) 
Seat 3: Mahu2021 (480 in chips) 
RudRRRud: posts small blind 15
Mahu2021: posts big blind 30
*** HOLE CARDS ***
Dealt to Mahu2021 [8s 9s]
Nicko Buko: folds 
RudRRRud: calls 15
Mahu2021: checks 
*** FLOP *** [5d 9h Js]
RudRRRud: checks 
Mahu2021: bets 30
RudRRRud: folds 
Uncalled bet (30) returned to Mahu2021
Mahu2021 collected 60 from pot
Mahu2021: doesn't show hand 
*** SUMMARY ***
Total pot 60 | Rake 0 
Board [5d 9h Js]
Seat 1: Nicko Buko (button) folded before Flop (didn't bet)
Seat 2: RudRRRud (small blind) folded on the Flop
Seat 3: Mahu2021 (big blind) collected (60)



PokerStars Hand #250508509828: Tournament #3754656437, $1.84+$0.16 USD Hold'em No Limit - Level II (15/30) - 2024/05/15 10:53:20 CET [2024/05/15 4:53:20 ET]
Table '3754656437 1' 3-max Seat #2 is the button
Seat 1: Nicko Buko (605 in chips) 
Seat 2: RudRRRud (385 in chips) 
Seat 3: Mahu2021 (510 in chips) 
Mahu2021: posts small blind 15
Nicko Buko: posts big blind 30
*** HOLE CARDS ***
Dealt to Mahu2021 [5d Js]
RudRRRud: calls 30
Mahu2021: folds 
Nicko Buko: raises 575 to 605 and is all-in
RudRRRud: folds 
Uncalled bet (575) returned to Nicko Buko
Nicko Buko collected 75 from pot
Nicko Buko: doesn't show hand 
*** SUMMARY ***
Total pot 75 | Rake 0 
Seat 1: Nicko Buko (big blind) collected (75)
Seat 2: RudRRRud (button) folded before Flop
Seat 3: Mahu2021 (small blind) folded before Flop



PokerStars Hand #250508510907: Tournament #3754656437, $1.84+$0.16 USD Hold'em No Limit - Level II (15/30) - 2024/05/15 10:53:30 CET [2024/05/15 4:53:30 ET]
Table '3754656437 1' 3-max Seat #3 is the button
Seat 1: Nicko Buko (650 in chips) 
Seat 2: RudRRRud (355 in chips) 
Seat 3: Mahu2021 (495 in chips) 
Nicko Buko: posts small blind 15
RudRRRud: posts big blind 30
*** HOLE CARDS ***
Dealt to Mahu2021 [5c 5s]
Mahu2021: raises 30 to 60
Nicko Buko: folds 
RudRRRud: folds 
Uncalled bet (30) returned to Mahu2021
Mahu2021 collected 75 from pot
Mahu2021: doesn't show hand 
*** SUMMARY ***
Total pot 75 | Rake 0 
Seat 1: Nicko Buko (small blind) folded before Flop
Seat 2: RudRRRud (big blind) folded before Flop
Seat 3: Mahu2021 (button) collected (75)



PokerStars Hand #250508512280: Tournament #3754656437, $1.84+$0.16 USD Hold'em No Limit - Level II (15/30) - 2024/05/15 10:53:43 CET [2024/05/15 4:53:43 ET]
Table '3754656437 1' 3-max Seat #1 is the button
Seat 1: Nicko Buko (635 in chips) 
Seat 2: RudRRRud (325 in chips) 
Seat 3: Mahu2021 (540 in chips) 
RudRRRud: posts small blind 15
Mahu2021: posts big blind 30
*** HOLE CARDS ***
Dealt to Mahu2021 [Qs 6d]
Nicko Buko: folds 
RudRRRud: folds 
Uncalled bet (15) returned to Mahu2021
Mahu2021 collected 30 from pot
Mahu2021: doesn't show hand 
*** SUMMARY ***
Total pot 30 | Rake 0 
Seat 1: Nicko Buko (button) folded before Flop (didn't bet)
Seat 2: RudRRRud (small blind) folded before Flop
Seat 3: Mahu2021 (big blind) collected (30)



PokerStars Hand #250508513479: Tournament #3754656437, $1.84+$0.16 USD Hold'em No Limit - Level II (15/30) - 2024/05/15 10:53:54 CET [2024/05/15 4:53:54 ET]
Table '3754656437 1' 3-max Seat #2 is the button
Seat 1: Nicko Buko (635 in chips) 
Seat 2: RudRRRud (310 in chips) 
Seat 3: Mahu2021 (555 in chips) 
Mahu2021: posts small blind 15
Nicko Buko: posts big blind 30
*** HOLE CARDS ***
Dealt to Mahu2021 [4c 5s]
RudRRRud: folds 
Mahu2021: raises 30 to 60
Nicko Buko: folds 
Uncalled bet (30) returned to Mahu2021
Mahu2021 collected 60 from pot
Mahu2021: doesn't show hand 
*** SUMMARY ***
Total pot 60 | Rake 0 
Seat 1: Nicko Buko (big blind) folded before Flop
Seat 2: RudRRRud (button) folded before Flop (didn't bet)
Seat 3: Mahu2021 (small blind) collected (60)



PokerStars Hand #250508514531: Tournament #3754656437, $1.84+$0.16 USD Hold'em No Limit - Level II (15/30) - 2024/05/15 10:54:03 CET [2024/05/15 4:54:03 ET]
Table '3754656437 1' 3-max Seat #3 is the button
Seat 1: Nicko Buko (605 in chips) 
Seat 2: RudRRRud (310 in chips) 
Seat 3: Mahu2021 (585 in chips) 
Nicko Buko: posts small blind 15
RudRRRud: posts big blind 30
*** HOLE CARDS ***
Dealt to Mahu2021 [Ac 7c]
Mahu2021: calls 30
Nicko Buko: folds 
RudRRRud: checks 
*** FLOP *** [9c Jh 3d]
RudRRRud: checks 
Mahu2021: checks 
*** TURN *** [9c Jh 3d] [2h]
RudRRRud: checks 
Mahu2021: checks 
*** RIVER *** [9c Jh 3d 2h] [5h]
RudRRRud: checks 
Mahu2021: checks 
*** SHOW DOWN ***
RudRRRud: shows [Qh 3c] (a pair of Threes)
Mahu2021: mucks hand 
RudRRRud collected 75 from pot
*** SUMMARY ***
Total pot 75 | Rake 0 
Board [9c Jh 3d 2h 5h]
Seat 1: Nicko Buko (small blind) folded before Flop
Seat 2: RudRRRud (big blind) showed [Qh 3c] and won (75) with a pair of Threes
Seat 3: Mahu2021 (button) mucked [Ac 7c]



PokerStars Hand #250508517039: Tournament #3754656437, $1.84+$0.16 USD Hold'em No Limit - Level II (15/30) - 2024/05/15 10:54:26 CET [2024/05/15 4:54:26 ET]
Table '3754656437 1' 3-max Seat #1 is the button
Seat 1: Nicko Buko (590 in chips) 
Seat 2: RudRRRud (355 in chips) 
Seat 3: Mahu2021 (555 in chips) 
RudRRRud: posts small blind 15
Mahu2021: posts big blind 30
*** HOLE CARDS ***
Dealt to Mahu2021 [Jd 7d]
Nicko Buko: raises 560 to 590 and is all-in
RudRRRud: folds 
Mahu2021: folds 
Uncalled bet (560) returned to Nicko Buko
Nicko Buko collected 75 from pot
Nicko Buko: doesn't show hand 
*** SUMMARY ***
Total pot 75 | Rake 0 
Seat 1: Nicko Buko (button) collected (75)
Seat 2: RudRRRud (small blind) folded before Flop
Seat 3: Mahu2021 (big blind) folded before Flop



PokerStars Hand #250508519038: Tournament #3754656437, $1.84+$0.16 USD Hold'em No Limit - Level III (20/40) - 2024/05/15 10:54:44 CET [2024/05/15 4:54:44 ET]
Table '3754656437 1' 3-max Seat #2 is the button
Seat 1: Nicko Buko (635 in chips) 
Seat 2: RudRRRud (340 in chips) 
Seat 3: Mahu2021 (525 in chips) 
Mahu2021: posts small blind 20
Nicko Buko: posts big blind 40
*** HOLE CARDS ***
Dealt to Mahu2021 [Kd Qd]
RudRRRud: folds 
Mahu2021: raises 40 to 80
Nicko Buko: folds 
Uncalled bet (40) returned to Mahu2021
Mahu2021 collected 80 from pot
Mahu2021: doesn't show hand 
*** SUMMARY ***
Total pot 80 | Rake 0 
Seat 1: Nicko Buko (big blind) folded before Flop
Seat 2: RudRRRud (button) folded before Flop (didn't bet)
Seat 3: Mahu2021 (small blind) collected (80)



PokerStars Hand #250508520114: Tournament #3754656437, $1.84+$0.16 USD Hold'em No Limit - Level III (20/40) - 2024/05/15 10:54:53 CET [2024/05/15 4:54:53 ET]
Table '3754656437 1' 3-max Seat #3 is the button
Seat 1: Nicko Buko (595 in chips) 
Seat 2: RudRRRud (340 in chips) 
Seat 3: Mahu2021 (565 in chips) 
Nicko Buko: posts small blind 20
RudRRRud: posts big blind 40
*** HOLE CARDS ***
Dealt to Mahu2021 [9d 6c]
Mahu2021: folds 
Nicko Buko: raises 555 to 595 and is all-in
RudRRRud: calls 300 and is all-in
Uncalled bet (255) returned to Nicko Buko
*** FLOP *** [6h 8h Ts]
*** TURN *** [6h 8h Ts] [2d]
*** RIVER *** [6h 8h Ts 2d] [Js]
*** SHOW DOWN ***
Nicko Buko: shows [As Qd] (high card Ace)
RudRRRud: shows [9c Ks] (high card King)
Nicko Buko collected 680 from pot
RudRRRud finished the tournament in 3rd place
*** SUMMARY ***
Total pot 680 | Rake 0 
Board [6h 8h Ts 2d Js]
Seat 1: Nicko Buko (small blind) showed [As Qd] and won (680) with high card Ace
Seat 2: RudRRRud (big blind) showed [9c Ks] and lost with high card King
Seat 3: Mahu2021 (button) folded before Flop (didn't bet)



PokerStars Hand #250508522130: Tournament #3754656437, $1.84+$0.16 USD Hold'em No Limit - Level III (20/40) - 2024/05/15 10:55:12 CET [2024/05/15 4:55:12 ET]
Table '3754656437 1' 3-max Seat #1 is the button
Seat 1: Nicko Buko (935 in chips) 
Seat 3: Mahu2021 (565 in chips) 
Nicko Buko: posts small blind 20
Mahu2021: posts big blind 40
*** HOLE CARDS ***
Dealt to Mahu2021 [Qh Js]
Nicko Buko: calls 20
Mahu2021: checks 
*** FLOP *** [4h 6s 3c]
Mahu2021: checks 
Nicko Buko: checks 
*** TURN *** [4h 6s 3c] [7s]
Mahu2021: checks 
Nicko Buko: checks 
*** RIVER *** [4h 6s 3c 7s] [5d]
Mahu2021: bets 80
Nicko Buko: folds 
Uncalled bet (80) returned to Mahu2021
Mahu2021 collected 80 from pot
Mahu2021: doesn't show hand 
*** SUMMARY ***
Total pot 80 | Rake 0 
Board [4h 6s 3c 7s 5d]
Seat 1: Nicko Buko (button) (small blind) folded on the River
Seat 3: Mahu2021 (big blind) collected (80)



PokerStars Hand #250508523960: Tournament #3754656437, $1.84+$0.16 USD Hold'em No Limit - Level III (20/40) - 2024/05/15 10:55:31 CET [2024/05/15 4:55:31 ET]
Table '3754656437 1' 3-max Seat #3 is the button
Seat 1: Nicko Buko (895 in chips) 
Seat 3: Mahu2021 (605 in chips) 
Mahu2021: posts small blind 20
Nicko Buko: posts big blind 40
*** HOLE CARDS ***
Dealt to Mahu2021 [5s As]
Mahu2021: raises 40 to 80
Nicko Buko: raises 815 to 895 and is all-in
Mahu2021: calls 525 and is all-in
Uncalled bet (290) returned to Nicko Buko
*** FLOP *** [Kd 2h 8c]
*** TURN *** [Kd 2h 8c] [4s]
*** RIVER *** [Kd 2h 8c 4s] [3h]
*** SHOW DOWN ***
Nicko Buko: shows [Ad Jc] (high card Ace)
Mahu2021: shows [5s As] (a straight, Ace to Five)
Mahu2021 collected 1210 from pot
*** SUMMARY ***
Total pot 1210 | Rake 0 
Board [Kd 2h 8c 4s 3h]
Seat 1: Nicko Buko (big blind) showed [Ad Jc] and lost with high card Ace
Seat 3: Mahu2021 (button) (small blind) showed [5s As] and won (1210) with a straight, Ace to Five



PokerStars Hand #250508525376: Tournament #3754656437, $1.84+$0.16 USD Hold'em No Limit - Level III (20/40) - 2024/05/15 10:55:46 CET [2024/05/15 4:55:46 ET]
Table '3754656437 1' 3-max Seat #1 is the button
Seat 1: Nicko Buko (290 in chips) 
Seat 3: Mahu2021 (1210 in chips) 
Nicko Buko: posts small blind 20
Mahu2021: posts big blind 40
*** HOLE CARDS ***
Dealt to Mahu2021 [7h 4s]
Nicko Buko: folds 
Uncalled bet (20) returned to Mahu2021
Mahu2021 collected 40 from pot
Mahu2021: doesn't show hand 
*** SUMMARY ***
Total pot 40 | Rake 0 
Seat 1: Nicko Buko (button) (small blind) folded before Flop
Seat 3: Mahu2021 (big blind) collected (40)



PokerStars Hand #250508525808: Tournament #3754656437, $1.84+$0.16 USD Hold'em No Limit - Level III (20/40) - 2024/05/15 10:55:51 CET [2024/05/15 4:55:51 ET]
Table '3754656437 1' 3-max Seat #3 is the button
Seat 1: Nicko Buko (270 in chips) 
Seat 3: Mahu2021 (1230 in chips) 
Mahu2021: posts small blind 20
Nicko Buko: posts big blind 40
*** HOLE CARDS ***
Dealt to Mahu2021 [Kh 7s]
Mahu2021: raises 40 to 80
Nicko Buko: folds 
Uncalled bet (40) returned to Mahu2021
Mahu2021 collected 80 from pot
Mahu2021: doesn't show hand 
*** SUMMARY ***
Total pot 80 | Rake 0 
Seat 1: Nicko Buko (big blind) folded before Flop
Seat 3: Mahu2021 (button) (small blind) collected (80)



PokerStars Hand #250508526344: Tournament #3754656437, $1.84+$0.16 USD Hold'em No Limit - Level III (20/40) - 2024/05/15 10:55:57 CET [2024/05/15 4:55:57 ET]
Table '3754656437 1' 3-max Seat #1 is the button
Seat 1: Nicko Buko (230 in chips) 
Seat 3: Mahu2021 (1270 in chips) 
Nicko Buko: posts small blind 20
Mahu2021: posts big blind 40
*** HOLE CARDS ***
Dealt to Mahu2021 [7c 4c]
Nicko Buko: raises 190 to 230 and is all-in
Mahu2021: folds 
Uncalled bet (190) returned to Nicko Buko
Nicko Buko collected 80 from pot
Nicko Buko: doesn't show hand 
*** SUMMARY ***
Total pot 80 | Rake 0 
Seat 1: Nicko Buko (button) (small blind) collected (80)
Seat 3: Mahu2021 (big blind) folded before Flop



PokerStars Hand #250508526981: Tournament #3754656437, $1.84+$0.16 USD Hold'em No Limit - Level III (20/40) - 2024/05/15 10:56:04 CET [2024/05/15 4:56:04 ET]
Table '3754656437 1' 3-max Seat #3 is the button
Seat 1: Nicko Buko (270 in chips) 
Seat 3: Mahu2021 (1230 in chips) 
Mahu2021: posts small blind 20
Nicko Buko: posts big blind 40
*** HOLE CARDS ***
Dealt to Mahu2021 [4d 8s]
Mahu2021: folds 
Uncalled bet (20) returned to Nicko Buko
Nicko Buko collected 40 from pot
Nicko Buko: doesn't show hand 
*** SUMMARY ***
Total pot 40 | Rake 0 
Seat 1: Nicko Buko (big blind) collected (40)
Seat 3: Mahu2021 (button) (small blind) folded before Flop



PokerStars Hand #250508527381: Tournament #3754656437, $1.84+$0.16 USD Hold'em No Limit - Level III (20/40) - 2024/05/15 10:56:08 CET [2024/05/15 4:56:08 ET]
Table '3754656437 1' 3-max Seat #1 is the button
Seat 1: Nicko Buko (290 in chips) 
Seat 3: Mahu2021 (1210 in chips) 
Nicko Buko: posts small blind 20
Mahu2021: posts big blind 40
*** HOLE CARDS ***
Dealt to Mahu2021 [2d Qs]
Nicko Buko: calls 20
Mahu2021: checks 
*** FLOP *** [Js 6d 8d]
Mahu2021: checks 
Nicko Buko: checks 
*** TURN *** [Js 6d 8d] [Td]
Mahu2021: bets 40
Nicko Buko: folds 
Uncalled bet (40) returned to Mahu2021
Mahu2021 collected 80 from pot
Mahu2021: doesn't show hand 
*** SUMMARY ***
Total pot 80 | Rake 0 
Board [Js 6d 8d Td]
Seat 1: Nicko Buko (button) (small blind) folded on the Turn
Seat 3: Mahu2021 (big blind) collected (80)



PokerStars Hand #250508528772: Tournament #3754656437, $1.84+$0.16 USD Hold'em No Limit - Level III (20/40) - 2024/05/15 10:56:23 CET [2024/05/15 4:56:23 ET]
Table '3754656437 1' 3-max Seat #3 is the button
Seat 1: Nicko Buko (250 in chips) 
Seat 3: Mahu2021 (1250 in chips) 
Mahu2021: posts small blind 20
Nicko Buko: posts big blind 40
*** HOLE CARDS ***
Dealt to Mahu2021 [8s 3d]
Mahu2021: folds 
Uncalled bet (20) returned to Nicko Buko
Nicko Buko collected 40 from pot
Nicko Buko: doesn't show hand 
*** SUMMARY ***
Total pot 40 | Rake 0 
Seat 1: Nicko Buko (big blind) collected (40)
Seat 3: Mahu2021 (button) (small blind) folded before Flop



PokerStars Hand #250508529206: Tournament #3754656437, $1.84+$0.16 USD Hold'em No Limit - Level III (20/40) - 2024/05/15 10:56:27 CET [2024/05/15 4:56:27 ET]
Table '3754656437 1' 3-max Seat #1 is the button
Seat 1: Nicko Buko (270 in chips) 
Seat 3: Mahu2021 (1230 in chips) 
Nicko Buko: posts small blind 20
Mahu2021: posts big blind 40
*** HOLE CARDS ***
Dealt to Mahu2021 [6s 8h]
Nicko Buko: raises 230 to 270 and is all-in
Mahu2021: folds 
Uncalled bet (230) returned to Nicko Buko
Nicko Buko collected 80 from pot
Nicko Buko: doesn't show hand 
*** SUMMARY ***
Total pot 80 | Rake 0 
Seat 1: Nicko Buko (button) (small blind) collected (80)
Seat 3: Mahu2021 (big blind) folded before Flop



PokerStars Hand #250508529951: Tournament #3754656437, $1.84+$0.16 USD Hold'em No Limit - Level IV (30/60) - 2024/05/15 10:56:35 CET [2024/05/15 4:56:35 ET]
Table '3754656437 1' 3-max Seat #3 is the button
Seat 1: Nicko Buko (310 in chips) 
Seat 3: Mahu2021 (1190 in chips) 
Mahu2021: posts small blind 30
Nicko Buko: posts big blind 60
*** HOLE CARDS ***
Dealt to Mahu2021 [3c 8d]
Mahu2021: folds 
Uncalled bet (30) returned to Nicko Buko
Nicko Buko collected 60 from pot
Nicko Buko: doesn't show hand 
*** SUMMARY ***
Total pot 60 | Rake 0 
Seat 1: Nicko Buko (big blind) collected (60)
Seat 3: Mahu2021 (button) (small blind) folded before Flop



PokerStars Hand #250508530372: Tournament #3754656437, $1.84+$0.16 USD Hold'em No Limit - Level IV (30/60) - 2024/05/15 10:56:40 CET [2024/05/15 4:56:40 ET]
Table '3754656437 1' 3-max Seat #1 is the button
Seat 1: Nicko Buko (340 in chips) 
Seat 3: Mahu2021 (1160 in chips) 
Nicko Buko: posts small blind 30
Mahu2021: posts big blind 60
*** HOLE CARDS ***
Dealt to Mahu2021 [Qs 2d]
Nicko Buko: folds 
Uncalled bet (30) returned to Mahu2021
Mahu2021 collected 60 from pot
Mahu2021: doesn't show hand 
*** SUMMARY ***
Total pot 60 | Rake 0 
Seat 1: Nicko Buko (button) (small blind) folded before Flop
Seat 3: Mahu2021 (big blind) collected (60)



PokerStars Hand #250508530932: Tournament #3754656437, $1.84+$0.16 USD Hold'em No Limit - Level IV (30/60) - 2024/05/15 10:56:45 CET [2024/05/15 4:56:45 ET]
Table '3754656437 1' 3-max Seat #3 is the button
Seat 1: Nicko Buko (310 in chips) 
Seat 3: Mahu2021 (1190 in chips) 
Mahu2021: posts small blind 30
Nicko Buko: posts big blind 60
*** HOLE CARDS ***
Dealt to Mahu2021 [5h 7d]
Mahu2021: folds 
Uncalled bet (30) returned to Nicko Buko
Nicko Buko collected 60 from pot
Nicko Buko: doesn't show hand 
*** SUMMARY ***
Total pot 60 | Rake 0 
Seat 1: Nicko Buko (big blind) collected (60)
Seat 3: Mahu2021 (button) (small blind) folded before Flop



PokerStars Hand #250508531340: Tournament #3754656437, $1.84+$0.16 USD Hold'em No Limit - Level IV (30/60) - 2024/05/15 10:56:50 CET [2024/05/15 4:56:50 ET]
Table '3754656437 1' 3-max Seat #1 is the button
Seat 1: Nicko Buko (340 in chips) 
Seat 3: Mahu2021 (1160 in chips) 
Nicko Buko: posts small blind 30
Mahu2021: posts big blind 60
*** HOLE CARDS ***
Dealt to Mahu2021 [Jd Kc]
Nicko Buko: raises 280 to 340 and is all-in
Mahu2021: calls 280
*** FLOP *** [Tc 9d 5s]
*** TURN *** [Tc 9d 5s] [7d]
*** RIVER *** [Tc 9d 5s 7d] [4d]
*** SHOW DOWN ***
Mahu2021: shows [Jd Kc] (high card King)
Nicko Buko: shows [4h 4s] (three of a kind, Fours)
Nicko Buko collected 680 from pot
*** SUMMARY ***
Total pot 680 | Rake 0 
Board [Tc 9d 5s 7d 4d]
Seat 1: Nicko Buko (button) (small blind) showed [4h 4s] and won (680) with three of a kind, Fours
Seat 3: Mahu2021 (big blind) showed [Jd Kc] and lost with high card King



PokerStars Hand #250508532762: Tournament #3754656437, $1.84+$0.16 USD Hold'em No Limit - Level IV (30/60) - 2024/05/15 10:57:04 CET [2024/05/15 4:57:04 ET]
Table '3754656437 1' 3-max Seat #3 is the button
Seat 1: Nicko Buko (680 in chips) 
Seat 3: Mahu2021 (820 in chips) 
Mahu2021: posts small blind 30
Nicko Buko: posts big blind 60
*** HOLE CARDS ***
Dealt to Mahu2021 [2h 2d]
Mahu2021: raises 760 to 820 and is all-in
Nicko Buko: folds 
Uncalled bet (760) returned to Mahu2021
Mahu2021 collected 120 from pot
Mahu2021: doesn't show hand 
*** SUMMARY ***
Total pot 120 | Rake 0 
Seat 1: Nicko Buko (big blind) folded before Flop
Seat 3: Mahu2021 (button) (small blind) collected (120)



PokerStars Hand #250508533855: Tournament #3754656437, $1.84+$0.16 USD Hold'em No Limit - Level IV (30/60) - 2024/05/15 10:57:16 CET [2024/05/15 4:57:16 ET]
Table '3754656437 1' 3-max Seat #1 is the button
Seat 1: Nicko Buko (620 in chips) 
Seat 3: Mahu2021 (880 in chips) 
Nicko Buko: posts small blind 30
Mahu2021: posts big blind 60
*** HOLE CARDS ***
Dealt to Mahu2021 [Qd Kh]
Nicko Buko: calls 30
Mahu2021: raises 820 to 880 and is all-in
Nicko Buko: folds 
Uncalled bet (820) returned to Mahu2021
Mahu2021 collected 120 from pot
Mahu2021: doesn't show hand 
*** SUMMARY ***
Total pot 120 | Rake 0 
Seat 1: Nicko Buko (button) (small blind) folded before Flop
Seat 3: Mahu2021 (big blind) collected (120)



PokerStars Hand #250508534760: Tournament #3754656437, $1.84+$0.16 USD Hold'em No Limit - Level IV (30/60) - 2024/05/15 10:57:25 CET [2024/05/15 4:57:25 ET]
Table '3754656437 1' 3-max Seat #3 is the button
Seat 1: Nicko Buko (560 in chips) 
Seat 3: Mahu2021 (940 in chips) 
Mahu2021: posts small blind 30
Nicko Buko: posts big blind 60
*** HOLE CARDS ***
Dealt to Mahu2021 [Th 7c]
Mahu2021: calls 30
Nicko Buko: raises 90 to 150
Mahu2021: calls 90
*** FLOP *** [Ks Jh Qc]
Nicko Buko: bets 120
Mahu2021: calls 120
*** TURN *** [Ks Jh Qc] [7s]
Nicko Buko: bets 290 and is all-in
Mahu2021: calls 290
*** RIVER *** [Ks Jh Qc 7s] [9d]
*** SHOW DOWN ***
Nicko Buko: shows [Jc Js] (three of a kind, Jacks)
Mahu2021: shows [Th 7c] (a straight, Nine to King)
Mahu2021 collected 1120 from pot
Nicko Buko finished the tournament in 2nd place
Mahu2021 wins the tournament and receives $4.00 - congratulations!
*** SUMMARY ***
Total pot 1120 | Rake 0 
Board [Ks Jh Qc 7s 9d]
Seat 1: Nicko Buko (big blind) showed [Jc Js] and lost with three of a kind, Jacks
Seat 3: Mahu2021 (button) (small blind) showed [Th 7c] and won (1120) with a straight, Nine to King



