PokerStars Hand #252606014525: Tournament #3804566533, $1.84+$0.16 USD Hold'em No Limit - Level I (10/20) - 2024/09/24 17:22:54 CET [2024/09/24 11:22:54 ET]
Table '3804566533 1' 3-max Seat #1 is the button
Seat 1: StarmanD1 (500 in chips) 
Seat 2: kiszer23 (500 in chips) 
Seat 3: Mahu2021 (500 in chips) 
kiszer23: posts small blind 10
Mahu2021: posts big blind 20
*** HOLE CARDS ***
Dealt to Mahu2021 [Jc 2s]
StarmanD1: calls 20
kiszer23: calls 10
Mahu2021: checks 
*** FLOP *** [8c Td 7s]
kiszer23: checks 
Mahu2021: checks 
StarmanD1: checks 
*** TURN *** [8c Td 7s] [Kc]
kiszer23: checks 
Mahu2021: checks 
StarmanD1: bets 60
kiszer23: folds 
Mahu2021: folds 
Uncalled bet (60) returned to StarmanD1
StarmanD1 collected 60 from pot
StarmanD1: doesn't show hand 
*** SUMMARY ***
Total pot 60 | Rake 0 
Board [8c Td 7s Kc]
Seat 1: StarmanD1 (button) collected (60)
Seat 2: kiszer23 (small blind) folded on the Turn
Seat 3: Mahu2021 (big blind) folded on the Turn



PokerStars Hand #252606019151: Tournament #3804566533, $1.84+$0.16 USD Hold'em No Limit - Level I (10/20) - 2024/09/24 17:23:15 CET [2024/09/24 11:23:15 ET]
Table '3804566533 1' 3-max Seat #2 is the button
Seat 1: StarmanD1 (540 in chips) 
Seat 2: kiszer23 (480 in chips) 
Seat 3: Mahu2021 (480 in chips) 
Mahu2021: posts small blind 10
StarmanD1: posts big blind 20
*** HOLE CARDS ***
Dealt to Mahu2021 [6h 6c]
kiszer23: raises 20 to 40
Mahu2021: calls 30
StarmanD1: calls 20
*** FLOP *** [8c 9h 6d]
Mahu2021: bets 40
StarmanD1: folds 
kiszer23: raises 400 to 440 and is all-in
Mahu2021: calls 400 and is all-in
*** TURN *** [8c 9h 6d] [Td]
*** RIVER *** [8c 9h 6d Td] [2d]
*** SHOW DOWN ***
Mahu2021: shows [6h 6c] (three of a kind, Sixes)
kiszer23: shows [Tc Th] (three of a kind, Tens)
kiszer23 collected 1000 from pot
Mahu2021 finished the tournament in 3rd place
*** SUMMARY ***
Total pot 1000 | Rake 0 
Board [8c 9h 6d Td 2d]
Seat 1: StarmanD1 (big blind) folded on the Flop
Seat 2: kiszer23 (button) showed [Tc Th] and won (1000) with three of a kind, Tens
Seat 3: Mahu2021 (small blind) showed [6h 6c] and lost with three of a kind, Sixes



