PokerStars Hand #249584335146: Tournament #3732690330, $1.84+$0.16 USD Hold'em No Limit - Level I (10/20) - 2024/03/23 21:51:04 CET [2024/03/23 16:51:04 ET]
Table '3732690330 1' 3-max Seat #1 is the button
Seat 1: Mahu2021 (500 in chips) 
Seat 2: von_pizza (500 in chips) 
Seat 3: maniakTOX (500 in chips) 
von_pizza: posts small blind 10
maniakTOX: posts big blind 20
*** HOLE CARDS ***
Dealt to Mahu2021 [5c Kc]
Mahu2021: calls 20
von_pizza: calls 10
maniakTOX: checks 
*** FLOP *** [7s As 4c]
von_pizza: checks 
maniakTOX: checks 
Mahu2021: bets 20
von_pizza: folds 
maniakTOX: folds 
Uncalled bet (20) returned to Mahu2021
Mahu2021 collected 60 from pot
Mahu2021: doesn't show hand 
*** SUMMARY ***
Total pot 60 | Rake 0 
Board [7s As 4c]
Seat 1: Mahu2021 (button) collected (60)
Seat 2: von_pizza (small blind) folded on the Flop
Seat 3: maniakTOX (big blind) folded on the Flop



PokerStars Hand #249584342597: Tournament #3732690330, $1.84+$0.16 USD Hold'em No Limit - Level I (10/20) - 2024/03/23 21:51:27 CET [2024/03/23 16:51:27 ET]
Table '3732690330 1' 3-max Seat #2 is the button
Seat 1: Mahu2021 (540 in chips) 
Seat 2: von_pizza (480 in chips) 
Seat 3: maniakTOX (480 in chips) 
maniakTOX: posts small blind 10
Mahu2021: posts big blind 20
*** HOLE CARDS ***
Dealt to Mahu2021 [Tc 2c]
von_pizza: calls 20
maniakTOX: folds 
Mahu2021: checks 
*** FLOP *** [4d 5s Kh]
Mahu2021: checks 
von_pizza: bets 20
Mahu2021: folds 
Uncalled bet (20) returned to von_pizza
von_pizza collected 50 from pot
von_pizza: doesn't show hand 
*** SUMMARY ***
Total pot 50 | Rake 0 
Board [4d 5s Kh]
Seat 1: Mahu2021 (big blind) folded on the Flop
Seat 2: von_pizza (button) collected (50)
Seat 3: maniakTOX (small blind) folded before Flop



PokerStars Hand #249584346179: Tournament #3732690330, $1.84+$0.16 USD Hold'em No Limit - Level I (10/20) - 2024/03/23 21:51:38 CET [2024/03/23 16:51:38 ET]
Table '3732690330 1' 3-max Seat #3 is the button
Seat 1: Mahu2021 (520 in chips) 
Seat 2: von_pizza (510 in chips) 
Seat 3: maniakTOX (470 in chips) 
Mahu2021: posts small blind 10
von_pizza: posts big blind 20
*** HOLE CARDS ***
Dealt to Mahu2021 [7d 3d]
maniakTOX: raises 20 to 40
Mahu2021: folds 
von_pizza: folds 
Uncalled bet (20) returned to maniakTOX
maniakTOX collected 50 from pot
*** SUMMARY ***
Total pot 50 | Rake 0 
Seat 1: Mahu2021 (small blind) folded before Flop
Seat 2: von_pizza (big blind) folded before Flop
Seat 3: maniakTOX (button) collected (50)



PokerStars Hand #249584348937: Tournament #3732690330, $1.84+$0.16 USD Hold'em No Limit - Level I (10/20) - 2024/03/23 21:51:46 CET [2024/03/23 16:51:46 ET]
Table '3732690330 1' 3-max Seat #1 is the button
Seat 1: Mahu2021 (510 in chips) 
Seat 2: von_pizza (490 in chips) 
Seat 3: maniakTOX (500 in chips) 
von_pizza: posts small blind 10
maniakTOX: posts big blind 20
*** HOLE CARDS ***
Dealt to Mahu2021 [4h 8h]
Mahu2021: folds 
von_pizza: calls 10
maniakTOX: raises 40 to 60
von_pizza: folds 
Uncalled bet (40) returned to maniakTOX
maniakTOX collected 40 from pot
*** SUMMARY ***
Total pot 40 | Rake 0 
Seat 1: Mahu2021 (button) folded before Flop (didn't bet)
Seat 2: von_pizza (small blind) folded before Flop
Seat 3: maniakTOX (big blind) collected (40)



PokerStars Hand #249584351932: Tournament #3732690330, $1.84+$0.16 USD Hold'em No Limit - Level I (10/20) - 2024/03/23 21:51:55 CET [2024/03/23 16:51:55 ET]
Table '3732690330 1' 3-max Seat #2 is the button
Seat 1: Mahu2021 (510 in chips) 
Seat 2: von_pizza (470 in chips) 
Seat 3: maniakTOX (520 in chips) 
maniakTOX: posts small blind 10
Mahu2021: posts big blind 20
*** HOLE CARDS ***
Dealt to Mahu2021 [5d 9c]
von_pizza: raises 450 to 470 and is all-in
maniakTOX: folds 
Mahu2021: folds 
Uncalled bet (450) returned to von_pizza
von_pizza collected 50 from pot
von_pizza: doesn't show hand 
*** SUMMARY ***
Total pot 50 | Rake 0 
Seat 1: Mahu2021 (big blind) folded before Flop
Seat 2: von_pizza (button) collected (50)
Seat 3: maniakTOX (small blind) folded before Flop



PokerStars Hand #249584354055: Tournament #3732690330, $1.84+$0.16 USD Hold'em No Limit - Level I (10/20) - 2024/03/23 21:52:02 CET [2024/03/23 16:52:02 ET]
Table '3732690330 1' 3-max Seat #3 is the button
Seat 1: Mahu2021 (490 in chips) 
Seat 2: von_pizza (500 in chips) 
Seat 3: maniakTOX (510 in chips) 
Mahu2021: posts small blind 10
von_pizza: posts big blind 20
*** HOLE CARDS ***
Dealt to Mahu2021 [8d As]
maniakTOX: folds 
Mahu2021: raises 20 to 40
von_pizza: calls 20
*** FLOP *** [7s 3d 8s]
Mahu2021: bets 40
von_pizza: folds 
Uncalled bet (40) returned to Mahu2021
Mahu2021 collected 80 from pot
Mahu2021: doesn't show hand 
*** SUMMARY ***
Total pot 80 | Rake 0 
Board [7s 3d 8s]
Seat 1: Mahu2021 (small blind) collected (80)
Seat 2: von_pizza (big blind) folded on the Flop
Seat 3: maniakTOX (button) folded before Flop (didn't bet)



PokerStars Hand #249584357945: Tournament #3732690330, $1.84+$0.16 USD Hold'em No Limit - Level I (10/20) - 2024/03/23 21:52:13 CET [2024/03/23 16:52:13 ET]
Table '3732690330 1' 3-max Seat #1 is the button
Seat 1: Mahu2021 (530 in chips) 
Seat 2: von_pizza (460 in chips) 
Seat 3: maniakTOX (510 in chips) 
von_pizza: posts small blind 10
maniakTOX: posts big blind 20
*** HOLE CARDS ***
Dealt to Mahu2021 [Kd Js]
Mahu2021: raises 20 to 40
von_pizza: folds 
maniakTOX: folds 
Uncalled bet (20) returned to Mahu2021
Mahu2021 collected 50 from pot
Mahu2021: doesn't show hand 
*** SUMMARY ***
Total pot 50 | Rake 0 
Seat 1: Mahu2021 (button) collected (50)
Seat 2: von_pizza (small blind) folded before Flop
Seat 3: maniakTOX (big blind) folded before Flop



PokerStars Hand #249584360486: Tournament #3732690330, $1.84+$0.16 USD Hold'em No Limit - Level I (10/20) - 2024/03/23 21:52:21 CET [2024/03/23 16:52:21 ET]
Table '3732690330 1' 3-max Seat #2 is the button
Seat 1: Mahu2021 (560 in chips) 
Seat 2: von_pizza (450 in chips) 
Seat 3: maniakTOX (490 in chips) 
maniakTOX: posts small blind 10
Mahu2021: posts big blind 20
*** HOLE CARDS ***
Dealt to Mahu2021 [9s 3d]
von_pizza: calls 20
maniakTOX: raises 470 to 490 and is all-in
Mahu2021: folds 
von_pizza: folds 
Uncalled bet (470) returned to maniakTOX
maniakTOX collected 60 from pot
*** SUMMARY ***
Total pot 60 | Rake 0 
Seat 1: Mahu2021 (big blind) folded before Flop
Seat 2: von_pizza (button) folded before Flop
Seat 3: maniakTOX (small blind) collected (60)



PokerStars Hand #249584363163: Tournament #3732690330, $1.84+$0.16 USD Hold'em No Limit - Level I (10/20) - 2024/03/23 21:52:29 CET [2024/03/23 16:52:29 ET]
Table '3732690330 1' 3-max Seat #3 is the button
Seat 1: Mahu2021 (540 in chips) 
Seat 2: von_pizza (430 in chips) 
Seat 3: maniakTOX (530 in chips) 
Mahu2021: posts small blind 10
von_pizza: posts big blind 20
*** HOLE CARDS ***
Dealt to Mahu2021 [Jh Ah]
maniakTOX: folds 
Mahu2021: raises 20 to 40
von_pizza: calls 20
*** FLOP *** [6h Qc Js]
Mahu2021: bets 40
von_pizza: folds 
Uncalled bet (40) returned to Mahu2021
Mahu2021 collected 80 from pot
Mahu2021: doesn't show hand 
*** SUMMARY ***
Total pot 80 | Rake 0 
Board [6h Qc Js]
Seat 1: Mahu2021 (small blind) collected (80)
Seat 2: von_pizza (big blind) folded on the Flop
Seat 3: maniakTOX (button) folded before Flop (didn't bet)



PokerStars Hand #249584366420: Tournament #3732690330, $1.84+$0.16 USD Hold'em No Limit - Level I (10/20) - 2024/03/23 21:52:39 CET [2024/03/23 16:52:39 ET]
Table '3732690330 1' 3-max Seat #1 is the button
Seat 1: Mahu2021 (580 in chips) 
Seat 2: von_pizza (390 in chips) 
Seat 3: maniakTOX (530 in chips) 
von_pizza: posts small blind 10
maniakTOX: posts big blind 20
*** HOLE CARDS ***
Dealt to Mahu2021 [2c 2d]
Mahu2021: calls 20
von_pizza: calls 10
maniakTOX: checks 
*** FLOP *** [2s Td 9c]
von_pizza: bets 370 and is all-in
maniakTOX: folds 
Mahu2021: calls 370
*** TURN *** [2s Td 9c] [4s]
*** RIVER *** [2s Td 9c 4s] [3h]
*** SHOW DOWN ***
von_pizza: shows [Ts Kd] (a pair of Tens)
Mahu2021: shows [2c 2d] (three of a kind, Deuces)
Mahu2021 collected 800 from pot
von_pizza finished the tournament in 3rd place
*** SUMMARY ***
Total pot 800 | Rake 0 
Board [2s Td 9c 4s 3h]
Seat 1: Mahu2021 (button) showed [2c 2d] and won (800) with three of a kind, Deuces
Seat 2: von_pizza (small blind) showed [Ts Kd] and lost with a pair of Tens
Seat 3: maniakTOX (big blind) folded on the Flop



PokerStars Hand #249584373282: Tournament #3732690330, $1.84+$0.16 USD Hold'em No Limit - Level I (10/20) - 2024/03/23 21:53:00 CET [2024/03/23 16:53:00 ET]
Table '3732690330 1' 3-max Seat #3 is the button
Seat 1: Mahu2021 (990 in chips) 
Seat 3: maniakTOX (510 in chips) 
maniakTOX: posts small blind 10
Mahu2021: posts big blind 20
*** HOLE CARDS ***
Dealt to Mahu2021 [Qh 3c]
maniakTOX: calls 10
Mahu2021: checks 
*** FLOP *** [7h 6h 3d]
Mahu2021: bets 20
maniakTOX: calls 20
*** TURN *** [7h 6h 3d] [Qs]
Mahu2021: bets 20
maniakTOX: calls 20
*** RIVER *** [7h 6h 3d Qs] [Jh]
Mahu2021: bets 40
maniakTOX: folds 
Uncalled bet (40) returned to Mahu2021
Mahu2021 collected 120 from pot
Mahu2021: doesn't show hand 
*** SUMMARY ***
Total pot 120 | Rake 0 
Board [7h 6h 3d Qs Jh]
Seat 1: Mahu2021 (big blind) collected (120)
Seat 3: maniakTOX (button) (small blind) folded on the River



PokerStars Hand #249584380413: Tournament #3732690330, $1.84+$0.16 USD Hold'em No Limit - Level II (15/30) - 2024/03/23 21:53:21 CET [2024/03/23 16:53:21 ET]
Table '3732690330 1' 3-max Seat #1 is the button
Seat 1: Mahu2021 (1050 in chips) 
Seat 3: maniakTOX (450 in chips) 
Mahu2021: posts small blind 15
maniakTOX: posts big blind 30
*** HOLE CARDS ***
Dealt to Mahu2021 [9h 2h]
Mahu2021: folds 
Uncalled bet (15) returned to maniakTOX
maniakTOX collected 30 from pot
*** SUMMARY ***
Total pot 30 | Rake 0 
Seat 1: Mahu2021 (button) (small blind) folded before Flop
Seat 3: maniakTOX (big blind) collected (30)



PokerStars Hand #249584381860: Tournament #3732690330, $1.84+$0.16 USD Hold'em No Limit - Level II (15/30) - 2024/03/23 21:53:26 CET [2024/03/23 16:53:26 ET]
Table '3732690330 1' 3-max Seat #3 is the button
Seat 1: Mahu2021 (1035 in chips) 
Seat 3: maniakTOX (465 in chips) 
maniakTOX: posts small blind 15
Mahu2021: posts big blind 30
*** HOLE CARDS ***
Dealt to Mahu2021 [Ks 7d]
maniakTOX: calls 15
Mahu2021: checks 
*** FLOP *** [5d 2h 9c]
Mahu2021: checks 
maniakTOX: bets 30
Mahu2021: calls 30
*** TURN *** [5d 2h 9c] [7s]
Mahu2021: checks 
maniakTOX: bets 75
Mahu2021: calls 75
*** RIVER *** [5d 2h 9c 7s] [4c]
Mahu2021: checks 
maniakTOX: checks 
*** SHOW DOWN ***
Mahu2021: shows [Ks 7d] (a pair of Sevens)
maniakTOX: shows [Jh 9d] (a pair of Nines)
maniakTOX collected 270 from pot
*** SUMMARY ***
Total pot 270 | Rake 0 
Board [5d 2h 9c 7s 4c]
Seat 1: Mahu2021 (big blind) showed [Ks 7d] and lost with a pair of Sevens
Seat 3: maniakTOX (button) (small blind) showed [Jh 9d] and won (270) with a pair of Nines



PokerStars Hand #249584388833: Tournament #3732690330, $1.84+$0.16 USD Hold'em No Limit - Level II (15/30) - 2024/03/23 21:53:47 CET [2024/03/23 16:53:47 ET]
Table '3732690330 1' 3-max Seat #1 is the button
Seat 1: Mahu2021 (900 in chips) 
Seat 3: maniakTOX (600 in chips) 
Mahu2021: posts small blind 15
maniakTOX: posts big blind 30
*** HOLE CARDS ***
Dealt to Mahu2021 [Js Ah]
Mahu2021: raises 30 to 60
maniakTOX: calls 30
*** FLOP *** [Jh 2c 7s]
maniakTOX: checks 
Mahu2021: bets 60
maniakTOX: folds 
Uncalled bet (60) returned to Mahu2021
Mahu2021 collected 120 from pot
Mahu2021: doesn't show hand 
*** SUMMARY ***
Total pot 120 | Rake 0 
Board [Jh 2c 7s]
Seat 1: Mahu2021 (button) (small blind) collected (120)
Seat 3: maniakTOX (big blind) folded on the Flop



PokerStars Hand #249584393814: Tournament #3732690330, $1.84+$0.16 USD Hold'em No Limit - Level II (15/30) - 2024/03/23 21:54:01 CET [2024/03/23 16:54:01 ET]
Table '3732690330 1' 3-max Seat #3 is the button
Seat 1: Mahu2021 (960 in chips) 
Seat 3: maniakTOX (540 in chips) 
maniakTOX: posts small blind 15
Mahu2021: posts big blind 30
*** HOLE CARDS ***
Dealt to Mahu2021 [4h 6c]
maniakTOX: calls 15
Mahu2021: checks 
*** FLOP *** [Ts Qc Qd]
Mahu2021: checks 
maniakTOX: bets 30
Mahu2021: folds 
Uncalled bet (30) returned to maniakTOX
maniakTOX collected 60 from pot
*** SUMMARY ***
Total pot 60 | Rake 0 
Board [Ts Qc Qd]
Seat 1: Mahu2021 (big blind) folded on the Flop
Seat 3: maniakTOX (button) (small blind) collected (60)



PokerStars Hand #249584396816: Tournament #3732690330, $1.84+$0.16 USD Hold'em No Limit - Level II (15/30) - 2024/03/23 21:54:11 CET [2024/03/23 16:54:11 ET]
Table '3732690330 1' 3-max Seat #1 is the button
Seat 1: Mahu2021 (930 in chips) 
Seat 3: maniakTOX (570 in chips) 
Mahu2021: posts small blind 15
maniakTOX: posts big blind 30
*** HOLE CARDS ***
Dealt to Mahu2021 [8c Ad]
Mahu2021: raises 30 to 60
maniakTOX: calls 30
*** FLOP *** [6h 2c 8s]
maniakTOX: checks 
Mahu2021: bets 60
maniakTOX: calls 60
*** TURN *** [6h 2c 8s] [3s]
maniakTOX: checks 
Mahu2021: bets 240
maniakTOX: folds 
Uncalled bet (240) returned to Mahu2021
Mahu2021 collected 240 from pot
Mahu2021: doesn't show hand 
*** SUMMARY ***
Total pot 240 | Rake 0 
Board [6h 2c 8s 3s]
Seat 1: Mahu2021 (button) (small blind) collected (240)
Seat 3: maniakTOX (big blind) folded on the Turn



PokerStars Hand #249584403327: Tournament #3732690330, $1.84+$0.16 USD Hold'em No Limit - Level II (15/30) - 2024/03/23 21:54:31 CET [2024/03/23 16:54:31 ET]
Table '3732690330 1' 3-max Seat #3 is the button
Seat 1: Mahu2021 (1050 in chips) 
Seat 3: maniakTOX (450 in chips) 
maniakTOX: posts small blind 15
Mahu2021: posts big blind 30
*** HOLE CARDS ***
Dealt to Mahu2021 [3d 6s]
maniakTOX: calls 15
Mahu2021: checks 
*** FLOP *** [Ts Qh Jc]
Mahu2021: checks 
maniakTOX: bets 30
Mahu2021: folds 
Uncalled bet (30) returned to maniakTOX
maniakTOX collected 60 from pot
*** SUMMARY ***
Total pot 60 | Rake 0 
Board [Ts Qh Jc]
Seat 1: Mahu2021 (big blind) folded on the Flop
Seat 3: maniakTOX (button) (small blind) collected (60)



PokerStars Hand #249584406137: Tournament #3732690330, $1.84+$0.16 USD Hold'em No Limit - Level II (15/30) - 2024/03/23 21:54:39 CET [2024/03/23 16:54:39 ET]
Table '3732690330 1' 3-max Seat #1 is the button
Seat 1: Mahu2021 (1020 in chips) 
Seat 3: maniakTOX (480 in chips) 
Mahu2021: posts small blind 15
maniakTOX: posts big blind 30
*** HOLE CARDS ***
Dealt to Mahu2021 [Ts 8d]
Mahu2021: raises 30 to 60
maniakTOX: folds 
Uncalled bet (30) returned to Mahu2021
Mahu2021 collected 60 from pot
Mahu2021: doesn't show hand 
*** SUMMARY ***
Total pot 60 | Rake 0 
Seat 1: Mahu2021 (button) (small blind) collected (60)
Seat 3: maniakTOX (big blind) folded before Flop



PokerStars Hand #249584408389: Tournament #3732690330, $1.84+$0.16 USD Hold'em No Limit - Level II (15/30) - 2024/03/23 21:54:46 CET [2024/03/23 16:54:46 ET]
Table '3732690330 1' 3-max Seat #3 is the button
Seat 1: Mahu2021 (1050 in chips) 
Seat 3: maniakTOX (450 in chips) 
maniakTOX: posts small blind 15
Mahu2021: posts big blind 30
*** HOLE CARDS ***
Dealt to Mahu2021 [5c Ah]
maniakTOX: calls 15
Mahu2021: raises 60 to 90
maniakTOX: folds 
Uncalled bet (60) returned to Mahu2021
Mahu2021 collected 60 from pot
Mahu2021: doesn't show hand 
*** SUMMARY ***
Total pot 60 | Rake 0 
Seat 1: Mahu2021 (big blind) collected (60)
Seat 3: maniakTOX (button) (small blind) folded before Flop



PokerStars Hand #249584410741: Tournament #3732690330, $1.84+$0.16 USD Hold'em No Limit - Level II (15/30) - 2024/03/23 21:54:53 CET [2024/03/23 16:54:53 ET]
Table '3732690330 1' 3-max Seat #1 is the button
Seat 1: Mahu2021 (1080 in chips) 
Seat 3: maniakTOX (420 in chips) 
Mahu2021: posts small blind 15
maniakTOX: posts big blind 30
*** HOLE CARDS ***
Dealt to Mahu2021 [Ah 6s]
Mahu2021: raises 30 to 60
maniakTOX: folds 
Uncalled bet (30) returned to Mahu2021
Mahu2021 collected 60 from pot
Mahu2021: doesn't show hand 
*** SUMMARY ***
Total pot 60 | Rake 0 
Seat 1: Mahu2021 (button) (small blind) collected (60)
Seat 3: maniakTOX (big blind) folded before Flop



PokerStars Hand #249584413052: Tournament #3732690330, $1.84+$0.16 USD Hold'em No Limit - Level II (15/30) - 2024/03/23 21:55:00 CET [2024/03/23 16:55:00 ET]
Table '3732690330 1' 3-max Seat #3 is the button
Seat 1: Mahu2021 (1110 in chips) 
Seat 3: maniakTOX (390 in chips) 
maniakTOX: posts small blind 15
Mahu2021: posts big blind 30
*** HOLE CARDS ***
Dealt to Mahu2021 [Ah Ac]
maniakTOX: calls 15
Mahu2021: raises 30 to 60
maniakTOX: calls 30
*** FLOP *** [7c Td 9s]
Mahu2021: checks 
maniakTOX: bets 90
Mahu2021: raises 960 to 1050 and is all-in
maniakTOX: calls 240 and is all-in
Uncalled bet (720) returned to Mahu2021
*** TURN *** [7c Td 9s] [Ks]
*** RIVER *** [7c Td 9s Ks] [6s]
*** SHOW DOWN ***
Mahu2021: shows [Ah Ac] (a pair of Aces)
maniakTOX: shows [Tc Kh] (two pair, Kings and Tens)
maniakTOX collected 780 from pot
*** SUMMARY ***
Total pot 780 | Rake 0 
Board [7c Td 9s Ks 6s]
Seat 1: Mahu2021 (big blind) showed [Ah Ac] and lost with a pair of Aces
Seat 3: maniakTOX (button) (small blind) showed [Tc Kh] and won (780) with two pair, Kings and Tens



PokerStars Hand #249584418461: Tournament #3732690330, $1.84+$0.16 USD Hold'em No Limit - Level III (20/40) - 2024/03/23 21:55:22 CET [2024/03/23 16:55:22 ET]
Table '3732690330 1' 3-max Seat #1 is the button
Seat 1: Mahu2021 (720 in chips) 
Seat 3: maniakTOX (780 in chips) 
Mahu2021: posts small blind 20
maniakTOX: posts big blind 40
*** HOLE CARDS ***
Dealt to Mahu2021 [Qh 4s]
Mahu2021: calls 20
maniakTOX: raises 80 to 120
Mahu2021: calls 80
*** FLOP *** [Ac 9s Kd]
maniakTOX: bets 60
Mahu2021: folds 
Uncalled bet (60) returned to maniakTOX
maniakTOX collected 240 from pot
*** SUMMARY ***
Total pot 240 | Rake 0 
Board [Ac 9s Kd]
Seat 1: Mahu2021 (button) (small blind) folded on the Flop
Seat 3: maniakTOX (big blind) collected (240)



PokerStars Hand #249584421152: Tournament #3732690330, $1.84+$0.16 USD Hold'em No Limit - Level III (20/40) - 2024/03/23 21:55:34 CET [2024/03/23 16:55:34 ET]
Table '3732690330 1' 3-max Seat #3 is the button
Seat 1: Mahu2021 (600 in chips) 
Seat 3: maniakTOX (900 in chips) 
maniakTOX: posts small blind 20
Mahu2021: posts big blind 40
*** HOLE CARDS ***
Dealt to Mahu2021 [3c 2c]
maniakTOX: calls 20
Mahu2021: checks 
*** FLOP *** [2h 2s 7c]
Mahu2021: checks 
maniakTOX: checks 
*** TURN *** [2h 2s 7c] [5d]
Mahu2021: checks 
maniakTOX: checks 
*** RIVER *** [2h 2s 7c 5d] [8h]
Mahu2021: bets 560 and is all-in
maniakTOX: folds 
Uncalled bet (560) returned to Mahu2021
Mahu2021 collected 80 from pot
Mahu2021: doesn't show hand 
*** SUMMARY ***
Total pot 80 | Rake 0 
Board [2h 2s 7c 5d 8h]
Seat 1: Mahu2021 (big blind) collected (80)
Seat 3: maniakTOX (button) (small blind) folded on the River



PokerStars Hand #249584425086: Tournament #3732690330, $1.84+$0.16 USD Hold'em No Limit - Level III (20/40) - 2024/03/23 21:55:51 CET [2024/03/23 16:55:51 ET]
Table '3732690330 1' 3-max Seat #1 is the button
Seat 1: Mahu2021 (640 in chips) 
Seat 3: maniakTOX (860 in chips) 
Mahu2021: posts small blind 20
maniakTOX: posts big blind 40
*** HOLE CARDS ***
Dealt to Mahu2021 [5h 3h]
Mahu2021: calls 20
maniakTOX: checks 
*** FLOP *** [2c Qd Td]
maniakTOX: checks 
Mahu2021: bets 80
maniakTOX: folds 
Uncalled bet (80) returned to Mahu2021
Mahu2021 collected 80 from pot
Mahu2021: doesn't show hand 
*** SUMMARY ***
Total pot 80 | Rake 0 
Board [2c Qd Td]
Seat 1: Mahu2021 (button) (small blind) collected (80)
Seat 3: maniakTOX (big blind) folded on the Flop



PokerStars Hand #249584430203: Tournament #3732690330, $1.84+$0.16 USD Hold'em No Limit - Level III (20/40) - 2024/03/23 21:56:13 CET [2024/03/23 16:56:13 ET]
Table '3732690330 1' 3-max Seat #3 is the button
Seat 1: Mahu2021 (680 in chips) 
Seat 3: maniakTOX (820 in chips) 
maniakTOX: posts small blind 20
Mahu2021: posts big blind 40
*** HOLE CARDS ***
Dealt to Mahu2021 [Jd 6s]
maniakTOX: raises 40 to 80
Mahu2021: calls 40
*** FLOP *** [5d Js 3h]
Mahu2021: checks 
maniakTOX: bets 40
Mahu2021: raises 560 to 600 and is all-in
maniakTOX: folds 
Uncalled bet (560) returned to Mahu2021
Mahu2021 collected 240 from pot
Mahu2021: doesn't show hand 
*** SUMMARY ***
Total pot 240 | Rake 0 
Board [5d Js 3h]
Seat 1: Mahu2021 (big blind) collected (240)
Seat 3: maniakTOX (button) (small blind) folded on the Flop



PokerStars Hand #249584432858: Tournament #3732690330, $1.84+$0.16 USD Hold'em No Limit - Level III (20/40) - 2024/03/23 21:56:25 CET [2024/03/23 16:56:25 ET]
Table '3732690330 1' 3-max Seat #1 is the button
Seat 1: Mahu2021 (800 in chips) 
Seat 3: maniakTOX (700 in chips) 
Mahu2021: posts small blind 20
maniakTOX: posts big blind 40
*** HOLE CARDS ***
Dealt to Mahu2021 [Js 9c]
Mahu2021: raises 40 to 80
maniakTOX: calls 40
*** FLOP *** [Qc 2s Ah]
maniakTOX: checks 
Mahu2021: bets 80
maniakTOX: folds 
Uncalled bet (80) returned to Mahu2021
Mahu2021 collected 160 from pot
Mahu2021: doesn't show hand 
*** SUMMARY ***
Total pot 160 | Rake 0 
Board [Qc 2s Ah]
Seat 1: Mahu2021 (button) (small blind) collected (160)
Seat 3: maniakTOX (big blind) folded on the Flop



PokerStars Hand #249584435530: Tournament #3732690330, $1.84+$0.16 USD Hold'em No Limit - Level III (20/40) - 2024/03/23 21:56:37 CET [2024/03/23 16:56:37 ET]
Table '3732690330 1' 3-max Seat #3 is the button
Seat 1: Mahu2021 (880 in chips) 
Seat 3: maniakTOX (620 in chips) 
maniakTOX: posts small blind 20
Mahu2021: posts big blind 40
*** HOLE CARDS ***
Dealt to Mahu2021 [Kd Td]
maniakTOX: calls 20
Mahu2021: checks 
*** FLOP *** [4c Ah 5s]
Mahu2021: checks 
maniakTOX: bets 40
Mahu2021: calls 40
*** TURN *** [4c Ah 5s] [4h]
Mahu2021: checks 
maniakTOX: checks 
*** RIVER *** [4c Ah 5s 4h] [4d]
Mahu2021: checks 
maniakTOX: checks 
*** SHOW DOWN ***
Mahu2021: shows [Kd Td] (three of a kind, Fours)
maniakTOX: mucks hand 
Mahu2021 collected 160 from pot
*** SUMMARY ***
Total pot 160 | Rake 0 
Board [4c Ah 5s 4h 4d]
Seat 1: Mahu2021 (big blind) showed [Kd Td] and won (160) with three of a kind, Fours
Seat 3: maniakTOX (button) (small blind) mucked [Qs 3h]



PokerStars Hand #249584439288: Tournament #3732690330, $1.84+$0.16 USD Hold'em No Limit - Level III (20/40) - 2024/03/23 21:56:53 CET [2024/03/23 16:56:53 ET]
Table '3732690330 1' 3-max Seat #1 is the button
Seat 1: Mahu2021 (960 in chips) 
Seat 3: maniakTOX (540 in chips) 
Mahu2021: posts small blind 20
maniakTOX: posts big blind 40
*** HOLE CARDS ***
Dealt to Mahu2021 [6c Td]
Mahu2021: calls 20
maniakTOX: checks 
*** FLOP *** [2s 7s Kc]
maniakTOX: checks 
Mahu2021: checks 
*** TURN *** [2s 7s Kc] [Jc]
maniakTOX: checks 
Mahu2021: checks 
*** RIVER *** [2s 7s Kc Jc] [9h]
maniakTOX: bets 40
Mahu2021: folds 
Uncalled bet (40) returned to maniakTOX
maniakTOX collected 80 from pot
*** SUMMARY ***
Total pot 80 | Rake 0 
Board [2s 7s Kc Jc 9h]
Seat 1: Mahu2021 (button) (small blind) folded on the River
Seat 3: maniakTOX (big blind) collected (80)



PokerStars Hand #249584445616: Tournament #3732690330, $1.84+$0.16 USD Hold'em No Limit - Level IV (30/60) - 2024/03/23 21:57:20 CET [2024/03/23 16:57:20 ET]
Table '3732690330 1' 3-max Seat #3 is the button
Seat 1: Mahu2021 (920 in chips) 
Seat 3: maniakTOX (580 in chips) 
maniakTOX: posts small blind 30
Mahu2021: posts big blind 60
*** HOLE CARDS ***
Dealt to Mahu2021 [Js 9d]
maniakTOX: calls 30
Mahu2021: checks 
*** FLOP *** [2h 4c Kd]
Mahu2021: checks 
maniakTOX: bets 60
Mahu2021: folds 
Uncalled bet (60) returned to maniakTOX
maniakTOX collected 120 from pot
*** SUMMARY ***
Total pot 120 | Rake 0 
Board [2h 4c Kd]
Seat 1: Mahu2021 (big blind) folded on the Flop
Seat 3: maniakTOX (button) (small blind) collected (120)



PokerStars Hand #249584447688: Tournament #3732690330, $1.84+$0.16 USD Hold'em No Limit - Level IV (30/60) - 2024/03/23 21:57:29 CET [2024/03/23 16:57:29 ET]
Table '3732690330 1' 3-max Seat #1 is the button
Seat 1: Mahu2021 (860 in chips) 
Seat 3: maniakTOX (640 in chips) 
Mahu2021: posts small blind 30
maniakTOX: posts big blind 60
*** HOLE CARDS ***
Dealt to Mahu2021 [Ad Ts]
Mahu2021: raises 60 to 120
maniakTOX: folds 
Uncalled bet (60) returned to Mahu2021
Mahu2021 collected 120 from pot
Mahu2021: doesn't show hand 
*** SUMMARY ***
Total pot 120 | Rake 0 
Seat 1: Mahu2021 (button) (small blind) collected (120)
Seat 3: maniakTOX (big blind) folded before Flop



PokerStars Hand #249584449966: Tournament #3732690330, $1.84+$0.16 USD Hold'em No Limit - Level IV (30/60) - 2024/03/23 21:57:39 CET [2024/03/23 16:57:39 ET]
Table '3732690330 1' 3-max Seat #3 is the button
Seat 1: Mahu2021 (920 in chips) 
Seat 3: maniakTOX (580 in chips) 
maniakTOX: posts small blind 30
Mahu2021: posts big blind 60
*** HOLE CARDS ***
Dealt to Mahu2021 [Ts Ah]
maniakTOX: raises 520 to 580 and is all-in
Mahu2021: calls 520
*** FLOP *** [Js Ac 4d]
*** TURN *** [Js Ac 4d] [5c]
*** RIVER *** [Js Ac 4d 5c] [7h]
*** SHOW DOWN ***
Mahu2021: shows [Ts Ah] (a pair of Aces)
maniakTOX: shows [Th Kh] (high card Ace)
Mahu2021 collected 1160 from pot
maniakTOX finished the tournament in 2nd place
Mahu2021 wins the tournament and receives $4.00 - congratulations!
*** SUMMARY ***
Total pot 1160 | Rake 0 
Board [Js Ac 4d 5c 7h]
Seat 1: Mahu2021 (big blind) showed [Ts Ah] and won (1160) with a pair of Aces
Seat 3: maniakTOX (button) (small blind) showed [Th Kh] and lost with high card Ace



