PokerStars Hand #247016494940: Tournament #3670511931, $1.84+$0.16 USD Hold'em No Limit - Level I (10/20) - 2023/11/09 22:11:08 CET [2023/11/09 16:11:08 ET]
Table '3670511931 1' 3-max Seat #1 is the button
Seat 1: MARCGY (500 in chips) 
Seat 2: KingDisp (500 in chips) 
Seat 3: Mahu2021 (500 in chips) 
KingDisp: posts small blind 10
Mahu2021: posts big blind 20
*** HOLE CARDS ***
Dealt to Mahu2021 [Ad Ac]
MARCGY: calls 20
KingDisp: calls 10
Mahu2021: raises 480 to 500 and is all-in
MARCGY: folds 
KingDisp: folds 
Uncalled bet (480) returned to Mahu2021
Mahu2021 collected 60 from pot
Mahu2021: doesn't show hand 
*** SUMMARY ***
Total pot 60 | Rake 0 
Seat 1: MARCGY (button) folded before Flop
Seat 2: KingDisp (small blind) folded before Flop
Seat 3: Mahu2021 (big blind) collected (60)



PokerStars Hand #247016499880: Tournament #3670511931, $1.84+$0.16 USD Hold'em No Limit - Level I (10/20) - 2023/11/09 22:11:20 CET [2023/11/09 16:11:20 ET]
Table '3670511931 1' 3-max Seat #2 is the button
Seat 1: MARCGY (480 in chips) 
Seat 2: KingDisp (480 in chips) 
Seat 3: Mahu2021 (540 in chips) 
Mahu2021: posts small blind 10
MARCGY: posts big blind 20
*** HOLE CARDS ***
Dealt to Mahu2021 [Kc 3c]
KingDisp: raises 40 to 60
Mahu2021: calls 50
MARCGY: calls 40
*** FLOP *** [7h 7s 6d]
Mahu2021: checks 
MARCGY: checks 
KingDisp: bets 100
Mahu2021: folds 
MARCGY: folds 
Uncalled bet (100) returned to KingDisp
KingDisp collected 180 from pot
KingDisp: doesn't show hand 
*** SUMMARY ***
Total pot 180 | Rake 0 
Board [7h 7s 6d]
Seat 1: MARCGY (big blind) folded on the Flop
Seat 2: KingDisp (button) collected (180)
Seat 3: Mahu2021 (small blind) folded on the Flop



PokerStars Hand #247016512528: Tournament #3670511931, $1.84+$0.16 USD Hold'em No Limit - Level I (10/20) - 2023/11/09 22:11:51 CET [2023/11/09 16:11:51 ET]
Table '3670511931 1' 3-max Seat #3 is the button
Seat 1: MARCGY (420 in chips) 
Seat 2: KingDisp (600 in chips) 
Seat 3: Mahu2021 (480 in chips) 
MARCGY: posts small blind 10
KingDisp: posts big blind 20
*** HOLE CARDS ***
Dealt to Mahu2021 [6c 3h]
Mahu2021: folds 
MARCGY: calls 10
KingDisp: checks 
*** FLOP *** [3d 9d Jc]
MARCGY: checks 
KingDisp: checks 
*** TURN *** [3d 9d Jc] [Qh]
MARCGY: bets 20
KingDisp: calls 20
*** RIVER *** [3d 9d Jc Qh] [3c]
MARCGY: checks 
KingDisp: checks 
*** SHOW DOWN ***
MARCGY: shows [5s Ks] (a pair of Threes)
KingDisp: shows [5d Kh] (a pair of Threes)
MARCGY collected 40 from pot
KingDisp collected 40 from pot
*** SUMMARY ***
Total pot 80 | Rake 0 
Board [3d 9d Jc Qh 3c]
Seat 1: MARCGY (small blind) showed [5s Ks] and won (40) with a pair of Threes
Seat 2: KingDisp (big blind) showed [5d Kh] and won (40) with a pair of Threes
Seat 3: Mahu2021 (button) folded before Flop (didn't bet)



PokerStars Hand #247016522068: Tournament #3670511931, $1.84+$0.16 USD Hold'em No Limit - Level I (10/20) - 2023/11/09 22:12:15 CET [2023/11/09 16:12:15 ET]
Table '3670511931 1' 3-max Seat #1 is the button
Seat 1: MARCGY (420 in chips) 
Seat 2: KingDisp (600 in chips) 
Seat 3: Mahu2021 (480 in chips) 
KingDisp: posts small blind 10
Mahu2021: posts big blind 20
*** HOLE CARDS ***
Dealt to Mahu2021 [2c 8c]
MARCGY: calls 20
KingDisp: calls 10
Mahu2021: checks 
*** FLOP *** [9c 4d Ts]
KingDisp: checks 
Mahu2021: checks 
MARCGY: checks 
*** TURN *** [9c 4d Ts] [5h]
KingDisp: checks 
Mahu2021: checks 
MARCGY: bets 40
KingDisp: folds 
Mahu2021: folds 
Uncalled bet (40) returned to MARCGY
MARCGY collected 60 from pot
MARCGY: doesn't show hand 
*** SUMMARY ***
Total pot 60 | Rake 0 
Board [9c 4d Ts 5h]
Seat 1: MARCGY (button) collected (60)
Seat 2: KingDisp (small blind) folded on the Turn
Seat 3: Mahu2021 (big blind) folded on the Turn



PokerStars Hand #247016532680: Tournament #3670511931, $1.84+$0.16 USD Hold'em No Limit - Level I (10/20) - 2023/11/09 22:12:41 CET [2023/11/09 16:12:41 ET]
Table '3670511931 1' 3-max Seat #2 is the button
Seat 1: MARCGY (460 in chips) 
Seat 2: KingDisp (580 in chips) 
Seat 3: Mahu2021 (460 in chips) 
Mahu2021: posts small blind 10
MARCGY: posts big blind 20
*** HOLE CARDS ***
Dealt to Mahu2021 [Qc 2s]
KingDisp: raises 20 to 40
Mahu2021: folds 
MARCGY: calls 20
*** FLOP *** [Th 2d Qh]
MARCGY: checks 
KingDisp: bets 60
MARCGY: folds 
Uncalled bet (60) returned to KingDisp
KingDisp collected 90 from pot
KingDisp: doesn't show hand 
*** SUMMARY ***
Total pot 90 | Rake 0 
Board [Th 2d Qh]
Seat 1: MARCGY (big blind) folded on the Flop
Seat 2: KingDisp (button) collected (90)
Seat 3: Mahu2021 (small blind) folded before Flop



PokerStars Hand #247016541299: Tournament #3670511931, $1.84+$0.16 USD Hold'em No Limit - Level I (10/20) - 2023/11/09 22:13:03 CET [2023/11/09 16:13:03 ET]
Table '3670511931 1' 3-max Seat #3 is the button
Seat 1: MARCGY (420 in chips) 
Seat 2: KingDisp (630 in chips) 
Seat 3: Mahu2021 (450 in chips) 
MARCGY: posts small blind 10
KingDisp: posts big blind 20
*** HOLE CARDS ***
Dealt to Mahu2021 [5d Kd]
Mahu2021: raises 20 to 40
MARCGY: folds 
KingDisp: calls 20
*** FLOP *** [4s 7s 9d]
KingDisp: checks 
Mahu2021: checks 
*** TURN *** [4s 7s 9d] [8s]
KingDisp: checks 
Mahu2021: checks 
*** RIVER *** [4s 7s 9d 8s] [Qs]
KingDisp: bets 20
Mahu2021: raises 100 to 120
KingDisp: folds 
Uncalled bet (100) returned to Mahu2021
Mahu2021 collected 130 from pot
Mahu2021: doesn't show hand 
*** SUMMARY ***
Total pot 130 | Rake 0 
Board [4s 7s 9d 8s Qs]
Seat 1: MARCGY (small blind) folded before Flop
Seat 2: KingDisp (big blind) folded on the River
Seat 3: Mahu2021 (button) collected (130)



PokerStars Hand #247016553044: Tournament #3670511931, $1.84+$0.16 USD Hold'em No Limit - Level I (10/20) - 2023/11/09 22:13:32 CET [2023/11/09 16:13:32 ET]
Table '3670511931 1' 3-max Seat #1 is the button
Seat 1: MARCGY (410 in chips) 
Seat 2: KingDisp (570 in chips) 
Seat 3: Mahu2021 (520 in chips) 
KingDisp: posts small blind 10
Mahu2021: posts big blind 20
*** HOLE CARDS ***
Dealt to Mahu2021 [3s Jh]
MARCGY: calls 20
KingDisp: folds 
Mahu2021: checks 
*** FLOP *** [Jc Js 3d]
Mahu2021: checks 
MARCGY: checks 
*** TURN *** [Jc Js 3d] [Qh]
Mahu2021: checks 
MARCGY has timed out
MARCGY: checks 
*** RIVER *** [Jc Js 3d Qh] [9d]
Mahu2021: bets 50
MARCGY: calls 50
*** SHOW DOWN ***
Mahu2021: shows [3s Jh] (a full house, Jacks full of Threes)
MARCGY: mucks hand 
Mahu2021 collected 150 from pot
*** SUMMARY ***
Total pot 150 | Rake 0 
Board [Jc Js 3d Qh 9d]
Seat 1: MARCGY (button) mucked [5h 9c]
Seat 2: KingDisp (small blind) folded before Flop
Seat 3: Mahu2021 (big blind) showed [3s Jh] and won (150) with a full house, Jacks full of Threes



PokerStars Hand #247016572886: Tournament #3670511931, $1.84+$0.16 USD Hold'em No Limit - Level II (15/30) - 2023/11/09 22:14:22 CET [2023/11/09 16:14:22 ET]
Table '3670511931 1' 3-max Seat #2 is the button
Seat 1: MARCGY (340 in chips) 
Seat 2: KingDisp (560 in chips) 
Seat 3: Mahu2021 (600 in chips) 
Mahu2021: posts small blind 15
MARCGY: posts big blind 30
*** HOLE CARDS ***
Dealt to Mahu2021 [3d Jc]
KingDisp: raises 30 to 60
Mahu2021: folds 
MARCGY: calls 30
*** FLOP *** [5c 9h Kc]
MARCGY: checks 
KingDisp: bets 60
MARCGY: folds 
Uncalled bet (60) returned to KingDisp
KingDisp collected 135 from pot
KingDisp: doesn't show hand 
*** SUMMARY ***
Total pot 135 | Rake 0 
Board [5c 9h Kc]
Seat 1: MARCGY (big blind) folded on the Flop
Seat 2: KingDisp (button) collected (135)
Seat 3: Mahu2021 (small blind) folded before Flop



PokerStars Hand #247016579019: Tournament #3670511931, $1.84+$0.16 USD Hold'em No Limit - Level II (15/30) - 2023/11/09 22:14:38 CET [2023/11/09 16:14:38 ET]
Table '3670511931 1' 3-max Seat #3 is the button
Seat 1: MARCGY (280 in chips) 
Seat 2: KingDisp (635 in chips) 
Seat 3: Mahu2021 (585 in chips) 
MARCGY: posts small blind 15
KingDisp: posts big blind 30
*** HOLE CARDS ***
Dealt to Mahu2021 [6c 5h]
Mahu2021: calls 30
MARCGY: raises 90 to 120
KingDisp: folds 
Mahu2021: calls 90
*** FLOP *** [4c Kc 8d]
MARCGY: checks 
Mahu2021: checks 
*** TURN *** [4c Kc 8d] [5d]
MARCGY: bets 60
Mahu2021: calls 60
*** RIVER *** [4c Kc 8d 5d] [9h]
MARCGY: bets 90
Mahu2021: calls 90
*** SHOW DOWN ***
MARCGY: shows [Jd Qs] (high card King)
Mahu2021: shows [6c 5h] (a pair of Fives)
Mahu2021 collected 570 from pot
*** SUMMARY ***
Total pot 570 | Rake 0 
Board [4c Kc 8d 5d 9h]
Seat 1: MARCGY (small blind) showed [Jd Qs] and lost with high card King
Seat 2: KingDisp (big blind) folded before Flop
Seat 3: Mahu2021 (button) showed [6c 5h] and won (570) with a pair of Fives



PokerStars Hand #247016590553: Tournament #3670511931, $1.84+$0.16 USD Hold'em No Limit - Level II (15/30) - 2023/11/09 22:15:06 CET [2023/11/09 16:15:06 ET]
Table '3670511931 1' 3-max Seat #1 is the button
Seat 1: MARCGY (10 in chips) 
Seat 2: KingDisp (605 in chips) 
Seat 3: Mahu2021 (885 in chips) 
KingDisp: posts small blind 15
Mahu2021: posts big blind 30
*** HOLE CARDS ***
Dealt to Mahu2021 [5s Td]
MARCGY: calls 10 and is all-in
KingDisp: raises 30 to 60
Mahu2021: folds 
Uncalled bet (30) returned to KingDisp
*** FLOP *** [Jc Kh 7s]
*** TURN *** [Jc Kh 7s] [5c]
*** RIVER *** [Jc Kh 7s 5c] [5h]
*** SHOW DOWN ***
KingDisp: shows [Ah Ad] (two pair, Aces and Fives)
KingDisp collected 40 from side pot
MARCGY: shows [4d 2d] (a pair of Fives)
KingDisp collected 30 from main pot
MARCGY finished the tournament in 3rd place
*** SUMMARY ***
Total pot 70 Main pot 30. Side pot 40. | Rake 0 
Board [Jc Kh 7s 5c 5h]
Seat 1: MARCGY (button) showed [4d 2d] and lost with a pair of Fives
Seat 2: KingDisp (small blind) showed [Ah Ad] and won (70) with two pair, Aces and Fives
Seat 3: Mahu2021 (big blind) folded before Flop



PokerStars Hand #247016599315: Tournament #3670511931, $1.84+$0.16 USD Hold'em No Limit - Level II (15/30) - 2023/11/09 22:15:28 CET [2023/11/09 16:15:28 ET]
Table '3670511931 1' 3-max Seat #3 is the button
Seat 2: KingDisp (645 in chips) 
Seat 3: Mahu2021 (855 in chips) 
Mahu2021: posts small blind 15
KingDisp: posts big blind 30
*** HOLE CARDS ***
Dealt to Mahu2021 [Kh 3h]
Mahu2021: raises 30 to 60
KingDisp: calls 30
*** FLOP *** [Tc 3c 9d]
KingDisp: checks 
Mahu2021: bets 60
KingDisp: raises 60 to 120
Mahu2021: calls 60
*** TURN *** [Tc 3c 9d] [Ac]
KingDisp: checks 
Mahu2021: checks 
*** RIVER *** [Tc 3c 9d Ac] [6c]
KingDisp: bets 120
Mahu2021: folds 
Uncalled bet (120) returned to KingDisp
KingDisp collected 360 from pot
KingDisp: doesn't show hand 
*** SUMMARY ***
Total pot 360 | Rake 0 
Board [Tc 3c 9d Ac 6c]
Seat 2: KingDisp (big blind) collected (360)
Seat 3: Mahu2021 (button) (small blind) folded on the River



PokerStars Hand #247016610257: Tournament #3670511931, $1.84+$0.16 USD Hold'em No Limit - Level II (15/30) - 2023/11/09 22:15:56 CET [2023/11/09 16:15:56 ET]
Table '3670511931 1' 3-max Seat #2 is the button
Seat 2: KingDisp (825 in chips) 
Seat 3: Mahu2021 (675 in chips) 
KingDisp: posts small blind 15
Mahu2021: posts big blind 30
*** HOLE CARDS ***
Dealt to Mahu2021 [Jc 7c]
KingDisp: raises 30 to 60
Mahu2021: calls 30
*** FLOP *** [6c 4d Kd]
Mahu2021: checks 
KingDisp: bets 60
Mahu2021: folds 
Uncalled bet (60) returned to KingDisp
KingDisp collected 120 from pot
KingDisp: doesn't show hand 
*** SUMMARY ***
Total pot 120 | Rake 0 
Board [6c 4d Kd]
Seat 2: KingDisp (button) (small blind) collected (120)
Seat 3: Mahu2021 (big blind) folded on the Flop



PokerStars Hand #247016615561: Tournament #3670511931, $1.84+$0.16 USD Hold'em No Limit - Level II (15/30) - 2023/11/09 22:16:09 CET [2023/11/09 16:16:09 ET]
Table '3670511931 1' 3-max Seat #3 is the button
Seat 2: KingDisp (885 in chips) 
Seat 3: Mahu2021 (615 in chips) 
Mahu2021: posts small blind 15
KingDisp: posts big blind 30
*** HOLE CARDS ***
Dealt to Mahu2021 [8d 4c]
Mahu2021: folds 
Uncalled bet (15) returned to KingDisp
KingDisp collected 30 from pot
KingDisp: doesn't show hand 
*** SUMMARY ***
Total pot 30 | Rake 0 
Seat 2: KingDisp (big blind) collected (30)
Seat 3: Mahu2021 (button) (small blind) folded before Flop



PokerStars Hand #247016617280: Tournament #3670511931, $1.84+$0.16 USD Hold'em No Limit - Level II (15/30) - 2023/11/09 22:16:14 CET [2023/11/09 16:16:14 ET]
Table '3670511931 1' 3-max Seat #2 is the button
Seat 2: KingDisp (900 in chips) 
Seat 3: Mahu2021 (600 in chips) 
KingDisp: posts small blind 15
Mahu2021: posts big blind 30
*** HOLE CARDS ***
Dealt to Mahu2021 [9d 5s]
KingDisp: calls 15
Mahu2021: checks 
*** FLOP *** [5d 8d 8s]
Mahu2021: checks 
KingDisp: checks 
*** TURN *** [5d 8d 8s] [Tc]
Mahu2021: bets 60
KingDisp: calls 60
*** RIVER *** [5d 8d 8s Tc] [Ad]
Mahu2021: checks 
KingDisp: checks 
*** SHOW DOWN ***
Mahu2021: shows [9d 5s] (two pair, Eights and Fives)
KingDisp: shows [Td 4s] (two pair, Tens and Eights)
KingDisp collected 180 from pot
*** SUMMARY ***
Total pot 180 | Rake 0 
Board [5d 8d 8s Tc Ad]
Seat 2: KingDisp (button) (small blind) showed [Td 4s] and won (180) with two pair, Tens and Eights
Seat 3: Mahu2021 (big blind) showed [9d 5s] and lost with two pair, Eights and Fives



PokerStars Hand #247016629685: Tournament #3670511931, $1.84+$0.16 USD Hold'em No Limit - Level II (15/30) - 2023/11/09 22:16:45 CET [2023/11/09 16:16:45 ET]
Table '3670511931 1' 3-max Seat #3 is the button
Seat 2: KingDisp (990 in chips) 
Seat 3: Mahu2021 (510 in chips) 
Mahu2021: posts small blind 15
KingDisp: posts big blind 30
*** HOLE CARDS ***
Dealt to Mahu2021 [9s Js]
Mahu2021: raises 30 to 60
KingDisp: calls 30
*** FLOP *** [8d 8s Ah]
KingDisp: checks 
Mahu2021: checks 
*** TURN *** [8d 8s Ah] [Kd]
KingDisp: checks 
Mahu2021: checks 
*** RIVER *** [8d 8s Ah Kd] [Ad]
KingDisp: bets 30
Mahu2021: calls 30
*** SHOW DOWN ***
KingDisp: shows [4s 6s] (two pair, Aces and Eights)
Mahu2021: shows [9s Js] (two pair, Aces and Eights)
KingDisp collected 90 from pot
Mahu2021 collected 90 from pot
*** SUMMARY ***
Total pot 180 | Rake 0 
Board [8d 8s Ah Kd Ad]
Seat 2: KingDisp (big blind) showed [4s 6s] and won (90) with two pair, Aces and Eights
Seat 3: Mahu2021 (button) (small blind) showed [9s Js] and won (90) with two pair, Aces and Eights



PokerStars Hand #247016635812: Tournament #3670511931, $1.84+$0.16 USD Hold'em No Limit - Level II (15/30) - 2023/11/09 22:17:00 CET [2023/11/09 16:17:00 ET]
Table '3670511931 1' 3-max Seat #2 is the button
Seat 2: KingDisp (990 in chips) 
Seat 3: Mahu2021 (510 in chips) 
KingDisp: posts small blind 15
Mahu2021: posts big blind 30
*** HOLE CARDS ***
Dealt to Mahu2021 [Tc 6s]
KingDisp: calls 15
Mahu2021: checks 
*** FLOP *** [7c As 3h]
Mahu2021: checks 
KingDisp: bets 30
Mahu2021: folds 
Uncalled bet (30) returned to KingDisp
KingDisp collected 60 from pot
KingDisp: doesn't show hand 
*** SUMMARY ***
Total pot 60 | Rake 0 
Board [7c As 3h]
Seat 2: KingDisp (button) (small blind) collected (60)
Seat 3: Mahu2021 (big blind) folded on the Flop



PokerStars Hand #247016642506: Tournament #3670511931, $1.84+$0.16 USD Hold'em No Limit - Level III (20/40) - 2023/11/09 22:17:17 CET [2023/11/09 16:17:17 ET]
Table '3670511931 1' 3-max Seat #3 is the button
Seat 2: KingDisp (1020 in chips) 
Seat 3: Mahu2021 (480 in chips) 
Mahu2021: posts small blind 20
KingDisp: posts big blind 40
*** HOLE CARDS ***
Dealt to Mahu2021 [2d 9h]
Mahu2021: folds 
Uncalled bet (20) returned to KingDisp
KingDisp collected 40 from pot
KingDisp: doesn't show hand 
*** SUMMARY ***
Total pot 40 | Rake 0 
Seat 2: KingDisp (big blind) collected (40)
Seat 3: Mahu2021 (button) (small blind) folded before Flop



PokerStars Hand #247016644252: Tournament #3670511931, $1.84+$0.16 USD Hold'em No Limit - Level III (20/40) - 2023/11/09 22:17:21 CET [2023/11/09 16:17:21 ET]
Table '3670511931 1' 3-max Seat #2 is the button
Seat 2: KingDisp (1040 in chips) 
Seat 3: Mahu2021 (460 in chips) 
KingDisp: posts small blind 20
Mahu2021: posts big blind 40
*** HOLE CARDS ***
Dealt to Mahu2021 [6c 6d]
KingDisp: raises 40 to 80
Mahu2021: raises 380 to 460 and is all-in
KingDisp: folds 
Uncalled bet (380) returned to Mahu2021
Mahu2021 collected 160 from pot
Mahu2021: doesn't show hand 
*** SUMMARY ***
Total pot 160 | Rake 0 
Seat 2: KingDisp (button) (small blind) folded before Flop
Seat 3: Mahu2021 (big blind) collected (160)



PokerStars Hand #247016648084: Tournament #3670511931, $1.84+$0.16 USD Hold'em No Limit - Level III (20/40) - 2023/11/09 22:17:31 CET [2023/11/09 16:17:31 ET]
Table '3670511931 1' 3-max Seat #3 is the button
Seat 2: KingDisp (960 in chips) 
Seat 3: Mahu2021 (540 in chips) 
Mahu2021: posts small blind 20
KingDisp: posts big blind 40
*** HOLE CARDS ***
Dealt to Mahu2021 [5h Th]
Mahu2021: calls 20
KingDisp: raises 40 to 80
Mahu2021: calls 40
*** FLOP *** [4d Qc 7d]
KingDisp: bets 80
Mahu2021: folds 
Uncalled bet (80) returned to KingDisp
KingDisp collected 160 from pot
KingDisp: doesn't show hand 
*** SUMMARY ***
Total pot 160 | Rake 0 
Board [4d Qc 7d]
Seat 2: KingDisp (big blind) collected (160)
Seat 3: Mahu2021 (button) (small blind) folded on the Flop



PokerStars Hand #247016652131: Tournament #3670511931, $1.84+$0.16 USD Hold'em No Limit - Level III (20/40) - 2023/11/09 22:17:41 CET [2023/11/09 16:17:41 ET]
Table '3670511931 1' 3-max Seat #2 is the button
Seat 2: KingDisp (1040 in chips) 
Seat 3: Mahu2021 (460 in chips) 
KingDisp: posts small blind 20
Mahu2021: posts big blind 40
*** HOLE CARDS ***
Dealt to Mahu2021 [Ac Jd]
KingDisp: calls 20
Mahu2021: raises 80 to 120
KingDisp: folds 
Uncalled bet (80) returned to Mahu2021
Mahu2021 collected 80 from pot
Mahu2021: doesn't show hand 
*** SUMMARY ***
Total pot 80 | Rake 0 
Seat 2: KingDisp (button) (small blind) folded before Flop
Seat 3: Mahu2021 (big blind) collected (80)



PokerStars Hand #247016655355: Tournament #3670511931, $1.84+$0.16 USD Hold'em No Limit - Level III (20/40) - 2023/11/09 22:17:49 CET [2023/11/09 16:17:49 ET]
Table '3670511931 1' 3-max Seat #3 is the button
Seat 2: KingDisp (1000 in chips) 
Seat 3: Mahu2021 (500 in chips) 
Mahu2021: posts small blind 20
KingDisp: posts big blind 40
*** HOLE CARDS ***
Dealt to Mahu2021 [Tc Ah]
Mahu2021: raises 80 to 120
KingDisp: folds 
Uncalled bet (80) returned to Mahu2021
Mahu2021 collected 80 from pot
Mahu2021: doesn't show hand 
*** SUMMARY ***
Total pot 80 | Rake 0 
Seat 2: KingDisp (big blind) folded before Flop
Seat 3: Mahu2021 (button) (small blind) collected (80)



PokerStars Hand #247016657872: Tournament #3670511931, $1.84+$0.16 USD Hold'em No Limit - Level III (20/40) - 2023/11/09 22:17:55 CET [2023/11/09 16:17:55 ET]
Table '3670511931 1' 3-max Seat #2 is the button
Seat 2: KingDisp (960 in chips) 
Seat 3: Mahu2021 (540 in chips) 
KingDisp: posts small blind 20
Mahu2021: posts big blind 40
*** HOLE CARDS ***
Dealt to Mahu2021 [8s 8d]
KingDisp: calls 20
Mahu2021: raises 80 to 120
KingDisp: folds 
Uncalled bet (80) returned to Mahu2021
Mahu2021 collected 80 from pot
Mahu2021: doesn't show hand 
*** SUMMARY ***
Total pot 80 | Rake 0 
Seat 2: KingDisp (button) (small blind) folded before Flop
Seat 3: Mahu2021 (big blind) collected (80)



PokerStars Hand #247016661224: Tournament #3670511931, $1.84+$0.16 USD Hold'em No Limit - Level III (20/40) - 2023/11/09 22:18:04 CET [2023/11/09 16:18:04 ET]
Table '3670511931 1' 3-max Seat #3 is the button
Seat 2: KingDisp (920 in chips) 
Seat 3: Mahu2021 (580 in chips) 
Mahu2021: posts small blind 20
KingDisp: posts big blind 40
*** HOLE CARDS ***
Dealt to Mahu2021 [Qs Js]
Mahu2021: raises 80 to 120
KingDisp: raises 80 to 200
Mahu2021: raises 380 to 580 and is all-in
KingDisp: folds 
Uncalled bet (380) returned to Mahu2021
Mahu2021 collected 400 from pot
Mahu2021: doesn't show hand 
*** SUMMARY ***
Total pot 400 | Rake 0 
Seat 2: KingDisp (big blind) folded before Flop
Seat 3: Mahu2021 (button) (small blind) collected (400)



PokerStars Hand #247016668643: Tournament #3670511931, $1.84+$0.16 USD Hold'em No Limit - Level III (20/40) - 2023/11/09 22:18:22 CET [2023/11/09 16:18:22 ET]
Table '3670511931 1' 3-max Seat #2 is the button
Seat 2: KingDisp (720 in chips) 
Seat 3: Mahu2021 (780 in chips) 
KingDisp: posts small blind 20
Mahu2021: posts big blind 40
*** HOLE CARDS ***
Dealt to Mahu2021 [9h 7d]
KingDisp: calls 20
Mahu2021: checks 
*** FLOP *** [5d 2h Js]
Mahu2021: checks 
KingDisp: checks 
*** TURN *** [5d 2h Js] [8h]
Mahu2021: checks 
KingDisp: checks 
*** RIVER *** [5d 2h Js 8h] [3h]
Mahu2021: checks 
KingDisp: bets 40
Mahu2021: folds 
Uncalled bet (40) returned to KingDisp
KingDisp collected 80 from pot
KingDisp: doesn't show hand 
*** SUMMARY ***
Total pot 80 | Rake 0 
Board [5d 2h Js 8h 3h]
Seat 2: KingDisp (button) (small blind) collected (80)
Seat 3: Mahu2021 (big blind) folded on the River



PokerStars Hand #247016675004: Tournament #3670511931, $1.84+$0.16 USD Hold'em No Limit - Level III (20/40) - 2023/11/09 22:18:38 CET [2023/11/09 16:18:38 ET]
Table '3670511931 1' 3-max Seat #3 is the button
Seat 2: KingDisp (760 in chips) 
Seat 3: Mahu2021 (740 in chips) 
Mahu2021: posts small blind 20
KingDisp: posts big blind 40
*** HOLE CARDS ***
Dealt to Mahu2021 [Qh 2h]
Mahu2021: raises 40 to 80
KingDisp: calls 40
*** FLOP *** [6d Ad 6s]
KingDisp: checks 
Mahu2021: bets 80
KingDisp: folds 
Uncalled bet (80) returned to Mahu2021
Mahu2021 collected 160 from pot
Mahu2021: doesn't show hand 
*** SUMMARY ***
Total pot 160 | Rake 0 
Board [6d Ad 6s]
Seat 2: KingDisp (big blind) folded on the Flop
Seat 3: Mahu2021 (button) (small blind) collected (160)



PokerStars Hand #247016679688: Tournament #3670511931, $1.84+$0.16 USD Hold'em No Limit - Level III (20/40) - 2023/11/09 22:18:50 CET [2023/11/09 16:18:50 ET]
Table '3670511931 1' 3-max Seat #2 is the button
Seat 2: KingDisp (680 in chips) 
Seat 3: Mahu2021 (820 in chips) 
KingDisp: posts small blind 20
Mahu2021: posts big blind 40
*** HOLE CARDS ***
Dealt to Mahu2021 [Ad 8s]
KingDisp: raises 40 to 80
Mahu2021: calls 40
*** FLOP *** [8c 2d 9h]
Mahu2021: checks 
KingDisp: bets 80
Mahu2021: calls 80
*** TURN *** [8c 2d 9h] [4s]
Mahu2021: checks 
KingDisp: checks 
*** RIVER *** [8c 2d 9h 4s] [Ts]
Mahu2021: checks 
KingDisp: checks 
*** SHOW DOWN ***
Mahu2021: shows [Ad 8s] (a pair of Eights)
KingDisp: mucks hand 
Mahu2021 collected 320 from pot
*** SUMMARY ***
Total pot 320 | Rake 0 
Board [8c 2d 9h 4s Ts]
Seat 2: KingDisp (button) (small blind) mucked [Jc 3h]
Seat 3: Mahu2021 (big blind) showed [Ad 8s] and won (320) with a pair of Eights



PokerStars Hand #247016687774: Tournament #3670511931, $1.84+$0.16 USD Hold'em No Limit - Level III (20/40) - 2023/11/09 22:19:10 CET [2023/11/09 16:19:10 ET]
Table '3670511931 1' 3-max Seat #3 is the button
Seat 2: KingDisp (520 in chips) 
Seat 3: Mahu2021 (980 in chips) 
Mahu2021: posts small blind 20
KingDisp: posts big blind 40
*** HOLE CARDS ***
Dealt to Mahu2021 [8h 7d]
Mahu2021: calls 20
KingDisp: checks 
*** FLOP *** [4h 8s Ad]
KingDisp: checks 
Mahu2021: bets 40
KingDisp: calls 40
*** TURN *** [4h 8s Ad] [Qh]
KingDisp: checks 
Mahu2021: checks 
*** RIVER *** [4h 8s Ad Qh] [Ac]
KingDisp: checks 
Mahu2021: checks 
*** SHOW DOWN ***
KingDisp: shows [2d 4c] (two pair, Aces and Fours)
Mahu2021: shows [8h 7d] (two pair, Aces and Eights)
Mahu2021 collected 160 from pot
*** SUMMARY ***
Total pot 160 | Rake 0 
Board [4h 8s Ad Qh Ac]
Seat 2: KingDisp (big blind) showed [2d 4c] and lost with two pair, Aces and Fours
Seat 3: Mahu2021 (button) (small blind) showed [8h 7d] and won (160) with two pair, Aces and Eights



PokerStars Hand #247016694464: Tournament #3670511931, $1.84+$0.16 USD Hold'em No Limit - Level III (20/40) - 2023/11/09 22:19:27 CET [2023/11/09 16:19:27 ET]
Table '3670511931 1' 3-max Seat #2 is the button
Seat 2: KingDisp (440 in chips) 
Seat 3: Mahu2021 (1060 in chips) 
KingDisp: posts small blind 20
Mahu2021: posts big blind 40
*** HOLE CARDS ***
Dealt to Mahu2021 [Qc Jd]
KingDisp: raises 40 to 80
Mahu2021: calls 40
*** FLOP *** [6s Qs 8h]
Mahu2021: bets 80
KingDisp: calls 80
*** TURN *** [6s Qs 8h] [Th]
Mahu2021: bets 320
KingDisp: calls 280 and is all-in
Uncalled bet (40) returned to Mahu2021
*** RIVER *** [6s Qs 8h Th] [9c]
*** SHOW DOWN ***
Mahu2021: shows [Qc Jd] (a straight, Eight to Queen)
KingDisp: shows [Ks 3s] (high card King)
Mahu2021 collected 880 from pot
KingDisp finished the tournament in 2nd place
Mahu2021 wins the tournament and receives $6.00 - congratulations!
*** SUMMARY ***
Total pot 880 | Rake 0 
Board [6s Qs 8h Th 9c]
Seat 2: KingDisp (button) (small blind) showed [Ks 3s] and lost with high card King
Seat 3: Mahu2021 (big blind) showed [Qc Jd] and won (880) with a straight, Eight to Queen



