PokerStars Hand #245728354273: Tournament #3639444583, $0.92+$0.08 USD Hold'em No Limit - Level I (10/20) - 2023/09/02 14:39:07 CET [2023/09/02 8:39:07 ET]
Table '3639444583 1' 3-max Seat #1 is the button
Seat 1: Mahu2021 (500 in chips) 
Seat 2: QQmaverick (500 in chips) 
Seat 3: prestije607 (500 in chips) 
QQmaverick: posts small blind 10
prestije607: posts big blind 20
*** HOLE CARDS ***
Dealt to Mahu2021 [Qd 5h]
Mahu2021: folds 
QQmaverick: raises 40 to 60
prestije607: calls 40
*** FLOP *** [Ks 8c 2s]
QQmaverick: checks 
prestije607: checks 
*** TURN *** [Ks 8c 2s] [6s]
QQmaverick: checks 
prestije607: checks 
*** RIVER *** [Ks 8c 2s 6s] [8d]
QQmaverick: bets 60
prestije607: calls 60
*** SHOW DOWN ***
QQmaverick: shows [3c 3h] (two pair, Eights and Threes)
prestije607: shows [6d 5d] (two pair, Eights and Sixes)
prestije607 collected 240 from pot
*** SUMMARY ***
Total pot 240 | Rake 0 
Board [Ks 8c 2s 6s 8d]
Seat 1: Mahu2021 (button) folded before Flop (didn't bet)
Seat 2: QQmaverick (small blind) showed [3c 3h] and lost with two pair, Eights and Threes
Seat 3: prestije607 (big blind) showed [6d 5d] and won (240) with two pair, Eights and Sixes



PokerStars Hand #245728357903: Tournament #3639444583, $0.92+$0.08 USD Hold'em No Limit - Level I (10/20) - 2023/09/02 14:39:24 CET [2023/09/02 8:39:24 ET]
Table '3639444583 1' 3-max Seat #2 is the button
Seat 1: Mahu2021 (500 in chips) 
Seat 2: QQmaverick (380 in chips) 
Seat 3: prestije607 (620 in chips) 
prestije607: posts small blind 10
Mahu2021: posts big blind 20
*** HOLE CARDS ***
Dealt to Mahu2021 [Td 8c]
QQmaverick: folds 
prestije607: calls 10
Mahu2021: checks 
*** FLOP *** [7c Kh Ah]
prestije607: checks 
Mahu2021: checks 
*** TURN *** [7c Kh Ah] [Tc]
prestije607: checks 
Mahu2021: bets 20
prestije607: calls 20
*** RIVER *** [7c Kh Ah Tc] [5h]
prestije607: checks 
Mahu2021: checks 
*** SHOW DOWN ***
prestije607: shows [5d 6c] (a pair of Fives)
Mahu2021: shows [Td 8c] (a pair of Tens)
Mahu2021 collected 80 from pot
*** SUMMARY ***
Total pot 80 | Rake 0 
Board [7c Kh Ah Tc 5h]
Seat 1: Mahu2021 (big blind) showed [Td 8c] and won (80) with a pair of Tens
Seat 2: QQmaverick (button) folded before Flop (didn't bet)
Seat 3: prestije607 (small blind) showed [5d 6c] and lost with a pair of Fives



PokerStars Hand #245728361487: Tournament #3639444583, $0.92+$0.08 USD Hold'em No Limit - Level I (10/20) - 2023/09/02 14:39:41 CET [2023/09/02 8:39:41 ET]
Table '3639444583 1' 3-max Seat #3 is the button
Seat 1: Mahu2021 (540 in chips) 
Seat 2: QQmaverick (380 in chips) 
Seat 3: prestije607 (580 in chips) 
Mahu2021: posts small blind 10
QQmaverick: posts big blind 20
*** HOLE CARDS ***
Dealt to Mahu2021 [8h Th]
prestije607: folds 
Mahu2021: calls 10
QQmaverick: checks 
*** FLOP *** [7s 8d 6s]
Mahu2021: bets 20
QQmaverick: calls 20
*** TURN *** [7s 8d 6s] [4s]
Mahu2021: bets 20
QQmaverick: calls 20
*** RIVER *** [7s 8d 6s 4s] [8s]
Mahu2021: bets 40
QQmaverick: raises 80 to 120
Mahu2021: folds 
Uncalled bet (80) returned to QQmaverick
QQmaverick collected 200 from pot
*** SUMMARY ***
Total pot 200 | Rake 0 
Board [7s 8d 6s 4s 8s]
Seat 1: Mahu2021 (small blind) folded on the River
Seat 2: QQmaverick (big blind) collected (200)
Seat 3: prestije607 (button) folded before Flop (didn't bet)



PokerStars Hand #245728366589: Tournament #3639444583, $0.92+$0.08 USD Hold'em No Limit - Level I (10/20) - 2023/09/02 14:40:06 CET [2023/09/02 8:40:06 ET]
Table '3639444583 1' 3-max Seat #1 is the button
Seat 1: Mahu2021 (440 in chips) 
Seat 2: QQmaverick (480 in chips) 
Seat 3: prestije607 (580 in chips) 
QQmaverick: posts small blind 10
prestije607: posts big blind 20
*** HOLE CARDS ***
Dealt to Mahu2021 [9d Ks]
Mahu2021: raises 20 to 40
QQmaverick: folds 
prestije607: folds 
Uncalled bet (20) returned to Mahu2021
Mahu2021 collected 50 from pot
Mahu2021: doesn't show hand 
*** SUMMARY ***
Total pot 50 | Rake 0 
Seat 1: Mahu2021 (button) collected (50)
Seat 2: QQmaverick (small blind) folded before Flop
Seat 3: prestije607 (big blind) folded before Flop



PokerStars Hand #245728367969: Tournament #3639444583, $0.92+$0.08 USD Hold'em No Limit - Level I (10/20) - 2023/09/02 14:40:12 CET [2023/09/02 8:40:12 ET]
Table '3639444583 1' 3-max Seat #2 is the button
Seat 1: Mahu2021 (470 in chips) 
Seat 2: QQmaverick (470 in chips) 
Seat 3: prestije607 (560 in chips) 
prestije607: posts small blind 10
Mahu2021: posts big blind 20
*** HOLE CARDS ***
Dealt to Mahu2021 [Kd Qs]
QQmaverick: calls 20
prestije607: calls 10
Mahu2021: checks 
*** FLOP *** [Js 5h Kc]
prestije607: checks 
Mahu2021: bets 60
QQmaverick: folds 
prestije607: folds 
Uncalled bet (60) returned to Mahu2021
Mahu2021 collected 60 from pot
Mahu2021: doesn't show hand 
*** SUMMARY ***
Total pot 60 | Rake 0 
Board [Js 5h Kc]
Seat 1: Mahu2021 (big blind) collected (60)
Seat 2: QQmaverick (button) folded on the Flop
Seat 3: prestije607 (small blind) folded on the Flop



PokerStars Hand #245728370699: Tournament #3639444583, $0.92+$0.08 USD Hold'em No Limit - Level I (10/20) - 2023/09/02 14:40:25 CET [2023/09/02 8:40:25 ET]
Table '3639444583 1' 3-max Seat #3 is the button
Seat 1: Mahu2021 (510 in chips) 
Seat 2: QQmaverick (450 in chips) 
Seat 3: prestije607 (540 in chips) 
Mahu2021: posts small blind 10
QQmaverick: posts big blind 20
*** HOLE CARDS ***
Dealt to Mahu2021 [9d Kh]
prestije607: calls 20
Mahu2021: calls 10
QQmaverick: checks 
*** FLOP *** [6h 5c 4h]
Mahu2021: checks 
QQmaverick: bets 20
prestije607: calls 20
Mahu2021: folds 
*** TURN *** [6h 5c 4h] [Jd]
QQmaverick: checks 
prestije607: checks 
*** RIVER *** [6h 5c 4h Jd] [7h]
QQmaverick: bets 40
prestije607: calls 40
*** SHOW DOWN ***
QQmaverick: shows [Qc 5s] (a pair of Fives)
prestije607: mucks hand 
QQmaverick collected 180 from pot
*** SUMMARY ***
Total pot 180 | Rake 0 
Board [6h 5c 4h Jd 7h]
Seat 1: Mahu2021 (small blind) folded on the Flop
Seat 2: QQmaverick (big blind) showed [Qc 5s] and won (180) with a pair of Fives
Seat 3: prestije607 (button) mucked [2s 2d]



PokerStars Hand #245728374718: Tournament #3639444583, $0.92+$0.08 USD Hold'em No Limit - Level I (10/20) - 2023/09/02 14:40:44 CET [2023/09/02 8:40:44 ET]
Table '3639444583 1' 3-max Seat #1 is the button
Seat 1: Mahu2021 (490 in chips) 
Seat 2: QQmaverick (550 in chips) 
Seat 3: prestije607 (460 in chips) 
QQmaverick: posts small blind 10
prestije607: posts big blind 20
*** HOLE CARDS ***
Dealt to Mahu2021 [Ts 8c]
Mahu2021: folds 
QQmaverick: calls 10
prestije607: checks 
*** FLOP *** [8s Jc 6h]
QQmaverick: checks 
prestije607: checks 
*** TURN *** [8s Jc 6h] [2c]
QQmaverick: checks 
prestije607: checks 
*** RIVER *** [8s Jc 6h 2c] [2s]
QQmaverick: checks 
prestije607: checks 
*** SHOW DOWN ***
QQmaverick: shows [Ks 5d] (a pair of Deuces)
prestije607: mucks hand 
QQmaverick collected 40 from pot
*** SUMMARY ***
Total pot 40 | Rake 0 
Board [8s Jc 6h 2c 2s]
Seat 1: Mahu2021 (button) folded before Flop (didn't bet)
Seat 2: QQmaverick (small blind) showed [Ks 5d] and won (40) with a pair of Deuces
Seat 3: prestije607 (big blind) mucked [5c 7d]



PokerStars Hand #245728377967: Tournament #3639444583, $0.92+$0.08 USD Hold'em No Limit - Level I (10/20) - 2023/09/02 14:40:59 CET [2023/09/02 8:40:59 ET]
Table '3639444583 1' 3-max Seat #2 is the button
Seat 1: Mahu2021 (490 in chips) 
Seat 2: QQmaverick (570 in chips) 
Seat 3: prestije607 (440 in chips) 
prestije607: posts small blind 10
Mahu2021: posts big blind 20
*** HOLE CARDS ***
Dealt to Mahu2021 [Jc 6h]
QQmaverick: folds 
prestije607: calls 10
Mahu2021: checks 
*** FLOP *** [Jh Qd 7s]
prestije607: checks 
Mahu2021: bets 20
prestije607: folds 
Uncalled bet (20) returned to Mahu2021
Mahu2021 collected 40 from pot
Mahu2021: doesn't show hand 
*** SUMMARY ***
Total pot 40 | Rake 0 
Board [Jh Qd 7s]
Seat 1: Mahu2021 (big blind) collected (40)
Seat 2: QQmaverick (button) folded before Flop (didn't bet)
Seat 3: prestije607 (small blind) folded on the Flop



PokerStars Hand #245728380701: Tournament #3639444583, $0.92+$0.08 USD Hold'em No Limit - Level II (15/30) - 2023/09/02 14:41:12 CET [2023/09/02 8:41:12 ET]
Table '3639444583 1' 3-max Seat #3 is the button
Seat 1: Mahu2021 (510 in chips) 
Seat 2: QQmaverick (570 in chips) 
Seat 3: prestije607 (420 in chips) 
Mahu2021: posts small blind 15
QQmaverick: posts big blind 30
*** HOLE CARDS ***
Dealt to Mahu2021 [8s 4d]
prestije607: folds 
Mahu2021: folds 
Uncalled bet (15) returned to QQmaverick
QQmaverick collected 30 from pot
*** SUMMARY ***
Total pot 30 | Rake 0 
Seat 1: Mahu2021 (small blind) folded before Flop
Seat 2: QQmaverick (big blind) collected (30)
Seat 3: prestije607 (button) folded before Flop (didn't bet)



PokerStars Hand #245728381689: Tournament #3639444583, $0.92+$0.08 USD Hold'em No Limit - Level II (15/30) - 2023/09/02 14:41:17 CET [2023/09/02 8:41:17 ET]
Table '3639444583 1' 3-max Seat #1 is the button
Seat 1: Mahu2021 (495 in chips) 
Seat 2: QQmaverick (585 in chips) 
Seat 3: prestije607 (420 in chips) 
QQmaverick: posts small blind 15
prestije607: posts big blind 30
*** HOLE CARDS ***
Dealt to Mahu2021 [Td 2h]
Mahu2021: folds 
QQmaverick: calls 15
prestije607: checks 
*** FLOP *** [2d 3c 7s]
QQmaverick: checks 
prestije607: checks 
*** TURN *** [2d 3c 7s] [As]
QQmaverick: checks 
prestije607: checks 
*** RIVER *** [2d 3c 7s As] [Kc]
QQmaverick: checks 
prestije607: bets 30
QQmaverick: calls 30
*** SHOW DOWN ***
prestije607: shows [3h 2s] (two pair, Threes and Deuces)
QQmaverick: mucks hand 
prestije607 collected 120 from pot
*** SUMMARY ***
Total pot 120 | Rake 0 
Board [2d 3c 7s As Kc]
Seat 1: Mahu2021 (button) folded before Flop (didn't bet)
Seat 2: QQmaverick (small blind) mucked [8h Ks]
Seat 3: prestije607 (big blind) showed [3h 2s] and won (120) with two pair, Threes and Deuces



PokerStars Hand #245728385634: Tournament #3639444583, $0.92+$0.08 USD Hold'em No Limit - Level II (15/30) - 2023/09/02 14:41:36 CET [2023/09/02 8:41:36 ET]
Table '3639444583 1' 3-max Seat #2 is the button
Seat 1: Mahu2021 (495 in chips) 
Seat 2: QQmaverick (525 in chips) 
Seat 3: prestije607 (480 in chips) 
prestije607: posts small blind 15
Mahu2021: posts big blind 30
*** HOLE CARDS ***
Dealt to Mahu2021 [4d 7c]
QQmaverick: calls 30
prestije607: calls 15
Mahu2021: checks 
*** FLOP *** [8d 6h 4h]
prestije607: bets 30
Mahu2021: calls 30
QQmaverick: calls 30
*** TURN *** [8d 6h 4h] [9h]
prestije607: bets 30
Mahu2021: calls 30
QQmaverick: calls 30
*** RIVER *** [8d 6h 4h 9h] [5h]
prestije607: bets 270
Mahu2021: folds 
QQmaverick: folds 
Uncalled bet (270) returned to prestije607
prestije607 collected 270 from pot
*** SUMMARY ***
Total pot 270 | Rake 0 
Board [8d 6h 4h 9h 5h]
Seat 1: Mahu2021 (big blind) folded on the River
Seat 2: QQmaverick (button) folded on the River
Seat 3: prestije607 (small blind) collected (270)



PokerStars Hand #245728392078: Tournament #3639444583, $0.92+$0.08 USD Hold'em No Limit - Level II (15/30) - 2023/09/02 14:42:06 CET [2023/09/02 8:42:06 ET]
Table '3639444583 1' 3-max Seat #3 is the button
Seat 1: Mahu2021 (405 in chips) 
Seat 2: QQmaverick (435 in chips) 
Seat 3: prestije607 (660 in chips) 
Mahu2021: posts small blind 15
QQmaverick: posts big blind 30
*** HOLE CARDS ***
Dealt to Mahu2021 [8d 7c]
prestije607: raises 30 to 60
Mahu2021: calls 45
QQmaverick: folds 
*** FLOP *** [Th 4h Kc]
Mahu2021: checks 
prestije607: bets 150
Mahu2021: folds 
Uncalled bet (150) returned to prestije607
prestije607 collected 150 from pot
*** SUMMARY ***
Total pot 150 | Rake 0 
Board [Th 4h Kc]
Seat 1: Mahu2021 (small blind) folded on the Flop
Seat 2: QQmaverick (big blind) folded before Flop
Seat 3: prestije607 (button) collected (150)



PokerStars Hand #245728394770: Tournament #3639444583, $0.92+$0.08 USD Hold'em No Limit - Level II (15/30) - 2023/09/02 14:42:18 CET [2023/09/02 8:42:18 ET]
Table '3639444583 1' 3-max Seat #1 is the button
Seat 1: Mahu2021 (345 in chips) 
Seat 2: QQmaverick (405 in chips) 
Seat 3: prestije607 (750 in chips) 
QQmaverick: posts small blind 15
prestije607: posts big blind 30
*** HOLE CARDS ***
Dealt to Mahu2021 [Ah 7c]
Mahu2021: raises 315 to 345 and is all-in
QQmaverick: folds 
prestije607: folds 
Uncalled bet (315) returned to Mahu2021
Mahu2021 collected 75 from pot
Mahu2021: doesn't show hand 
*** SUMMARY ***
Total pot 75 | Rake 0 
Seat 1: Mahu2021 (button) collected (75)
Seat 2: QQmaverick (small blind) folded before Flop
Seat 3: prestije607 (big blind) folded before Flop



PokerStars Hand #245728396230: Tournament #3639444583, $0.92+$0.08 USD Hold'em No Limit - Level II (15/30) - 2023/09/02 14:42:25 CET [2023/09/02 8:42:25 ET]
Table '3639444583 1' 3-max Seat #2 is the button
Seat 1: Mahu2021 (390 in chips) 
Seat 2: QQmaverick (390 in chips) 
Seat 3: prestije607 (720 in chips) 
prestije607: posts small blind 15
Mahu2021: posts big blind 30
*** HOLE CARDS ***
Dealt to Mahu2021 [Kh Qs]
QQmaverick: calls 30
prestije607: raises 30 to 60
Mahu2021: calls 30
QQmaverick: calls 30
*** FLOP *** [6d Td 5s]
prestije607: bets 180
Mahu2021: folds 
QQmaverick: raises 150 to 330 and is all-in
prestije607: calls 150
*** TURN *** [6d Td 5s] [4c]
*** RIVER *** [6d Td 5s 4c] [3d]
*** SHOW DOWN ***
prestije607: shows [Kc Kd] (a pair of Kings)
QQmaverick: shows [Tc 8c] (a pair of Tens)
prestije607 collected 840 from pot
QQmaverick finished the tournament in 3rd place
*** SUMMARY ***
Total pot 840 | Rake 0 
Board [6d Td 5s 4c 3d]
Seat 1: Mahu2021 (big blind) folded on the Flop
Seat 2: QQmaverick (button) showed [Tc 8c] and lost with a pair of Tens
Seat 3: prestije607 (small blind) showed [Kc Kd] and won (840) with a pair of Kings



PokerStars Hand #245728401538: Tournament #3639444583, $0.92+$0.08 USD Hold'em No Limit - Level II (15/30) - 2023/09/02 14:42:50 CET [2023/09/02 8:42:50 ET]
Table '3639444583 1' 3-max Seat #1 is the button
Seat 1: Mahu2021 (330 in chips) 
Seat 3: prestije607 (1170 in chips) 
Mahu2021: posts small blind 15
prestije607: posts big blind 30
*** HOLE CARDS ***
Dealt to Mahu2021 [8h 5h]
Mahu2021: calls 15
prestije607: checks 
*** FLOP *** [6c 4d 5d]
prestije607: checks 
Mahu2021: bets 30
prestije607: calls 30
*** TURN *** [6c 4d 5d] [7s]
prestije607: checks 
Mahu2021: bets 30
prestije607: calls 30
*** RIVER *** [6c 4d 5d 7s] [3c]
prestije607: checks 
Mahu2021: bets 240 and is all-in
prestije607: folds 
Uncalled bet (240) returned to Mahu2021
Mahu2021 collected 180 from pot
Mahu2021: doesn't show hand 
*** SUMMARY ***
Total pot 180 | Rake 0 
Board [6c 4d 5d 7s 3c]
Seat 1: Mahu2021 (button) (small blind) collected (180)
Seat 3: prestije607 (big blind) folded on the River



PokerStars Hand #245728406814: Tournament #3639444583, $0.92+$0.08 USD Hold'em No Limit - Level III (20/40) - 2023/09/02 14:43:15 CET [2023/09/02 8:43:15 ET]
Table '3639444583 1' 3-max Seat #3 is the button
Seat 1: Mahu2021 (420 in chips) 
Seat 3: prestije607 (1080 in chips) 
prestije607: posts small blind 20
Mahu2021: posts big blind 40
*** HOLE CARDS ***
Dealt to Mahu2021 [2d Jd]
prestije607: folds 
Uncalled bet (20) returned to Mahu2021
Mahu2021 collected 40 from pot
Mahu2021: doesn't show hand 
*** SUMMARY ***
Total pot 40 | Rake 0 
Seat 1: Mahu2021 (big blind) collected (40)
Seat 3: prestije607 (button) (small blind) folded before Flop



PokerStars Hand #245728407799: Tournament #3639444583, $0.92+$0.08 USD Hold'em No Limit - Level III (20/40) - 2023/09/02 14:43:20 CET [2023/09/02 8:43:20 ET]
Table '3639444583 1' 3-max Seat #1 is the button
Seat 1: Mahu2021 (440 in chips) 
Seat 3: prestije607 (1060 in chips) 
Mahu2021: posts small blind 20
prestije607: posts big blind 40
*** HOLE CARDS ***
Dealt to Mahu2021 [9c 8s]
Mahu2021: calls 20
prestije607: checks 
*** FLOP *** [Th Qd Kh]
prestije607: checks 
Mahu2021: bets 40
prestije607: folds 
Uncalled bet (40) returned to Mahu2021
Mahu2021 collected 80 from pot
Mahu2021: doesn't show hand 
*** SUMMARY ***
Total pot 80 | Rake 0 
Board [Th Qd Kh]
Seat 1: Mahu2021 (button) (small blind) collected (80)
Seat 3: prestije607 (big blind) folded on the Flop



PokerStars Hand #245728410179: Tournament #3639444583, $0.92+$0.08 USD Hold'em No Limit - Level III (20/40) - 2023/09/02 14:43:31 CET [2023/09/02 8:43:31 ET]
Table '3639444583 1' 3-max Seat #3 is the button
Seat 1: Mahu2021 (480 in chips) 
Seat 3: prestije607 (1020 in chips) 
prestije607: posts small blind 20
Mahu2021: posts big blind 40
*** HOLE CARDS ***
Dealt to Mahu2021 [2s Jc]
prestije607: folds 
Uncalled bet (20) returned to Mahu2021
Mahu2021 collected 40 from pot
Mahu2021: doesn't show hand 
*** SUMMARY ***
Total pot 40 | Rake 0 
Seat 1: Mahu2021 (big blind) collected (40)
Seat 3: prestije607 (button) (small blind) folded before Flop



PokerStars Hand #245728411120: Tournament #3639444583, $0.92+$0.08 USD Hold'em No Limit - Level III (20/40) - 2023/09/02 14:43:35 CET [2023/09/02 8:43:35 ET]
Table '3639444583 1' 3-max Seat #1 is the button
Seat 1: Mahu2021 (500 in chips) 
Seat 3: prestije607 (1000 in chips) 
Mahu2021: posts small blind 20
prestije607: posts big blind 40
*** HOLE CARDS ***
Dealt to Mahu2021 [Tc Jh]
Mahu2021: calls 20
prestije607: checks 
*** FLOP *** [9h 7d 9s]
prestije607: checks 
Mahu2021: bets 40
prestije607: raises 40 to 80
Mahu2021: calls 40
*** TURN *** [9h 7d 9s] [3s]
prestije607: checks 
Mahu2021: checks 
*** RIVER *** [9h 7d 9s 3s] [5s]
prestije607: checks 
Mahu2021: checks 
*** SHOW DOWN ***
prestije607: shows [4c Kd] (a pair of Nines)
Mahu2021: mucks hand 
prestije607 collected 240 from pot
*** SUMMARY ***
Total pot 240 | Rake 0 
Board [9h 7d 9s 3s 5s]
Seat 1: Mahu2021 (button) (small blind) mucked [Tc Jh]
Seat 3: prestije607 (big blind) showed [4c Kd] and won (240) with a pair of Nines



PokerStars Hand #245728414728: Tournament #3639444583, $0.92+$0.08 USD Hold'em No Limit - Level III (20/40) - 2023/09/02 14:43:53 CET [2023/09/02 8:43:53 ET]
Table '3639444583 1' 3-max Seat #3 is the button
Seat 1: Mahu2021 (380 in chips) 
Seat 3: prestije607 (1120 in chips) 
prestije607: posts small blind 20
Mahu2021: posts big blind 40
*** HOLE CARDS ***
Dealt to Mahu2021 [6h 6c]
prestije607: raises 40 to 80
Mahu2021: raises 300 to 380 and is all-in
prestije607: calls 300
*** FLOP *** [8c 9s 4d]
*** TURN *** [8c 9s 4d] [As]
*** RIVER *** [8c 9s 4d As] [3h]
*** SHOW DOWN ***
Mahu2021: shows [6h 6c] (a pair of Sixes)
prestije607: shows [Th Qs] (high card Ace)
Mahu2021 collected 760 from pot
*** SUMMARY ***
Total pot 760 | Rake 0 
Board [8c 9s 4d As 3h]
Seat 1: Mahu2021 (big blind) showed [6h 6c] and won (760) with a pair of Sixes
Seat 3: prestije607 (button) (small blind) showed [Th Qs] and lost with high card Ace



PokerStars Hand #245728417618: Tournament #3639444583, $0.92+$0.08 USD Hold'em No Limit - Level III (20/40) - 2023/09/02 14:44:06 CET [2023/09/02 8:44:06 ET]
Table '3639444583 1' 3-max Seat #1 is the button
Seat 1: Mahu2021 (760 in chips) 
Seat 3: prestije607 (740 in chips) 
Mahu2021: posts small blind 20
prestije607: posts big blind 40
*** HOLE CARDS ***
Dealt to Mahu2021 [7c Ks]
Mahu2021: calls 20
prestije607: checks 
*** FLOP *** [2d Jd 6h]
prestije607: bets 40
Mahu2021: folds 
Uncalled bet (40) returned to prestije607
prestije607 collected 80 from pot
*** SUMMARY ***
Total pot 80 | Rake 0 
Board [2d Jd 6h]
Seat 1: Mahu2021 (button) (small blind) folded on the Flop
Seat 3: prestije607 (big blind) collected (80)



PokerStars Hand #245728419581: Tournament #3639444583, $0.92+$0.08 USD Hold'em No Limit - Level III (20/40) - 2023/09/02 14:44:15 CET [2023/09/02 8:44:15 ET]
Table '3639444583 1' 3-max Seat #3 is the button
Seat 1: Mahu2021 (720 in chips) 
Seat 3: prestije607 (780 in chips) 
prestije607: posts small blind 20
Mahu2021: posts big blind 40
*** HOLE CARDS ***
Dealt to Mahu2021 [7h 7c]
prestije607: calls 20
Mahu2021: raises 680 to 720 and is all-in
prestije607: folds 
Uncalled bet (680) returned to Mahu2021
Mahu2021 collected 80 from pot
Mahu2021: doesn't show hand 
*** SUMMARY ***
Total pot 80 | Rake 0 
Seat 1: Mahu2021 (big blind) collected (80)
Seat 3: prestije607 (button) (small blind) folded before Flop



PokerStars Hand #245728421099: Tournament #3639444583, $0.92+$0.08 USD Hold'em No Limit - Level III (20/40) - 2023/09/02 14:44:23 CET [2023/09/02 8:44:23 ET]
Table '3639444583 1' 3-max Seat #1 is the button
Seat 1: Mahu2021 (760 in chips) 
Seat 3: prestije607 (740 in chips) 
Mahu2021: posts small blind 20
prestije607: posts big blind 40
*** HOLE CARDS ***
Dealt to Mahu2021 [Qd 9d]
Mahu2021: calls 20
prestije607: raises 40 to 80
Mahu2021: calls 40
*** FLOP *** [Th 9s Kh]
prestije607: bets 160
Mahu2021: folds 
Uncalled bet (160) returned to prestije607
prestije607 collected 160 from pot
*** SUMMARY ***
Total pot 160 | Rake 0 
Board [Th 9s Kh]
Seat 1: Mahu2021 (button) (small blind) folded on the Flop
Seat 3: prestije607 (big blind) collected (160)



PokerStars Hand #245728424666: Tournament #3639444583, $0.92+$0.08 USD Hold'em No Limit - Level III (20/40) - 2023/09/02 14:44:40 CET [2023/09/02 8:44:40 ET]
Table '3639444583 1' 3-max Seat #3 is the button
Seat 1: Mahu2021 (680 in chips) 
Seat 3: prestije607 (820 in chips) 
prestije607: posts small blind 20
Mahu2021: posts big blind 40
*** HOLE CARDS ***
Dealt to Mahu2021 [6d 3s]
prestije607: raises 40 to 80
Mahu2021: folds 
Uncalled bet (40) returned to prestije607
prestije607 collected 80 from pot
*** SUMMARY ***
Total pot 80 | Rake 0 
Seat 1: Mahu2021 (big blind) folded before Flop
Seat 3: prestije607 (button) (small blind) collected (80)



PokerStars Hand #245728425988: Tournament #3639444583, $0.92+$0.08 USD Hold'em No Limit - Level III (20/40) - 2023/09/02 14:44:46 CET [2023/09/02 8:44:46 ET]
Table '3639444583 1' 3-max Seat #1 is the button
Seat 1: Mahu2021 (640 in chips) 
Seat 3: prestije607 (860 in chips) 
Mahu2021: posts small blind 20
prestije607: posts big blind 40
*** HOLE CARDS ***
Dealt to Mahu2021 [7h Qh]
Mahu2021: calls 20
prestije607: checks 
*** FLOP *** [Qs 8d Jh]
prestije607: checks 
Mahu2021: bets 40
prestije607: folds 
Uncalled bet (40) returned to Mahu2021
Mahu2021 collected 80 from pot
Mahu2021: doesn't show hand 
*** SUMMARY ***
Total pot 80 | Rake 0 
Board [Qs 8d Jh]
Seat 1: Mahu2021 (button) (small blind) collected (80)
Seat 3: prestije607 (big blind) folded on the Flop



PokerStars Hand #245728427891: Tournament #3639444583, $0.92+$0.08 USD Hold'em No Limit - Level III (20/40) - 2023/09/02 14:44:55 CET [2023/09/02 8:44:55 ET]
Table '3639444583 1' 3-max Seat #3 is the button
Seat 1: Mahu2021 (680 in chips) 
Seat 3: prestije607 (820 in chips) 
prestije607: posts small blind 20
Mahu2021: posts big blind 40
*** HOLE CARDS ***
Dealt to Mahu2021 [9h 2h]
prestije607: raises 40 to 80
Mahu2021: folds 
Uncalled bet (40) returned to prestije607
prestije607 collected 80 from pot
*** SUMMARY ***
Total pot 80 | Rake 0 
Seat 1: Mahu2021 (big blind) folded before Flop
Seat 3: prestije607 (button) (small blind) collected (80)



PokerStars Hand #245728429043: Tournament #3639444583, $0.92+$0.08 USD Hold'em No Limit - Level III (20/40) - 2023/09/02 14:45:01 CET [2023/09/02 8:45:01 ET]
Table '3639444583 1' 3-max Seat #1 is the button
Seat 1: Mahu2021 (640 in chips) 
Seat 3: prestije607 (860 in chips) 
Mahu2021: posts small blind 20
prestije607: posts big blind 40
*** HOLE CARDS ***
Dealt to Mahu2021 [9d Qs]
Mahu2021: calls 20
prestije607: raises 40 to 80
Mahu2021: calls 40
*** FLOP *** [Kc Ks 7d]
prestije607: bets 160
Mahu2021: folds 
Uncalled bet (160) returned to prestije607
prestije607 collected 160 from pot
*** SUMMARY ***
Total pot 160 | Rake 0 
Board [Kc Ks 7d]
Seat 1: Mahu2021 (button) (small blind) folded on the Flop
Seat 3: prestije607 (big blind) collected (160)



PokerStars Hand #245728432288: Tournament #3639444583, $0.92+$0.08 USD Hold'em No Limit - Level IV (30/60) - 2023/09/02 14:45:16 CET [2023/09/02 8:45:16 ET]
Table '3639444583 1' 3-max Seat #3 is the button
Seat 1: Mahu2021 (560 in chips) 
Seat 3: prestije607 (940 in chips) 
prestije607: posts small blind 30
Mahu2021: posts big blind 60
*** HOLE CARDS ***
Dealt to Mahu2021 [Tc Qc]
prestije607: folds 
Uncalled bet (30) returned to Mahu2021
Mahu2021 collected 60 from pot
Mahu2021: doesn't show hand 
*** SUMMARY ***
Total pot 60 | Rake 0 
Seat 1: Mahu2021 (big blind) collected (60)
Seat 3: prestije607 (button) (small blind) folded before Flop



PokerStars Hand #245728433242: Tournament #3639444583, $0.92+$0.08 USD Hold'em No Limit - Level IV (30/60) - 2023/09/02 14:45:20 CET [2023/09/02 8:45:20 ET]
Table '3639444583 1' 3-max Seat #1 is the button
Seat 1: Mahu2021 (590 in chips) 
Seat 3: prestije607 (910 in chips) 
Mahu2021: posts small blind 30
prestije607: posts big blind 60
*** HOLE CARDS ***
Dealt to Mahu2021 [Ad 7h]
Mahu2021: calls 30
prestije607: checks 
*** FLOP *** [8h 8d 9s]
prestije607: checks 
Mahu2021: checks 
*** TURN *** [8h 8d 9s] [Qh]
prestije607: bets 120
Mahu2021: folds 
Uncalled bet (120) returned to prestije607
prestije607 collected 120 from pot
*** SUMMARY ***
Total pot 120 | Rake 0 
Board [8h 8d 9s Qh]
Seat 1: Mahu2021 (button) (small blind) folded on the Turn
Seat 3: prestije607 (big blind) collected (120)



PokerStars Hand #245728435942: Tournament #3639444583, $0.92+$0.08 USD Hold'em No Limit - Level IV (30/60) - 2023/09/02 14:45:33 CET [2023/09/02 8:45:33 ET]
Table '3639444583 1' 3-max Seat #3 is the button
Seat 1: Mahu2021 (530 in chips) 
Seat 3: prestije607 (970 in chips) 
prestije607: posts small blind 30
Mahu2021: posts big blind 60
*** HOLE CARDS ***
Dealt to Mahu2021 [Kd 8c]
prestije607: raises 60 to 120
Mahu2021: calls 60
*** FLOP *** [Ks 9c 2h]
Mahu2021: checks 
prestije607: bets 240
Mahu2021: raises 170 to 410 and is all-in
prestije607: calls 170
*** TURN *** [Ks 9c 2h] [Ts]
*** RIVER *** [Ks 9c 2h Ts] [8s]
*** SHOW DOWN ***
Mahu2021: shows [Kd 8c] (two pair, Kings and Eights)
prestije607: shows [Qs 9s] (a flush, King high)
prestije607 collected 1060 from pot
Mahu2021 finished the tournament in 2nd place
prestije607 wins the tournament and receives $2.00 - congratulations!
*** SUMMARY ***
Total pot 1060 | Rake 0 
Board [Ks 9c 2h Ts 8s]
Seat 1: Mahu2021 (big blind) showed [Kd 8c] and lost with two pair, Kings and Eights
Seat 3: prestije607 (button) (small blind) showed [Qs 9s] and won (1060) with a flush, King high



