PokerStars Hand #249085295992: Tournament #3721042628, $4.60+$0.40 USD Hold'em No Limit - Level I (10/20) - 2024/02/25 16:18:03 CET [2024/02/25 10:18:03 ET]
Table '3721042628 1' 3-max Seat #1 is the button
Seat 1: Mahu2021 (500 in chips) 
Seat 2: Leper Gnóm (500 in chips) 
Seat 3: trevasprince (500 in chips) 
Leper Gnóm: posts small blind 10
trevasprince: posts big blind 20
*** HOLE CARDS ***
Dealt to Mahu2021 [5c 4c]
Mahu2021: folds 
Leper Gnóm: folds 
Uncalled bet (10) returned to trevasprince
trevasprince collected 20 from pot
trevasprince: doesn't show hand 
*** SUMMARY ***
Total pot 20 | Rake 0 
Seat 1: Mahu2021 (button) folded before Flop (didn't bet)
Seat 2: Leper Gnóm (small blind) folded before Flop
Seat 3: trevasprince (big blind) collected (20)



PokerStars Hand #249085299022: Tournament #3721042628, $4.60+$0.40 USD Hold'em No Limit - Level I (10/20) - 2024/02/25 16:18:13 CET [2024/02/25 10:18:13 ET]
Table '3721042628 1' 3-max Seat #2 is the button
Seat 1: Mahu2021 (500 in chips) 
Seat 2: Leper Gnóm (490 in chips) 
Seat 3: trevasprince (510 in chips) 
trevasprince: posts small blind 10
Mahu2021: posts big blind 20
*** HOLE CARDS ***
Dealt to Mahu2021 [Tc 4h]
Leper Gnóm: calls 20
trevasprince: calls 10
Mahu2021: checks 
*** FLOP *** [Js 6s 7c]
trevasprince: checks 
Mahu2021: checks 
Leper Gnóm: bets 40
trevasprince: calls 40
Mahu2021: folds 
*** TURN *** [Js 6s 7c] [Ac]
trevasprince: checks 
Leper Gnóm: checks 
*** RIVER *** [Js 6s 7c Ac] [2d]
trevasprince: bets 80
Leper Gnóm: folds 
Uncalled bet (80) returned to trevasprince
trevasprince collected 140 from pot
trevasprince: doesn't show hand 
*** SUMMARY ***
Total pot 140 | Rake 0 
Board [Js 6s 7c Ac 2d]
Seat 1: Mahu2021 (big blind) folded on the Flop
Seat 2: Leper Gnóm (button) folded on the River
Seat 3: trevasprince (small blind) collected (140)



PokerStars Hand #249085311307: Tournament #3721042628, $4.60+$0.40 USD Hold'em No Limit - Level I (10/20) - 2024/02/25 16:18:57 CET [2024/02/25 10:18:57 ET]
Table '3721042628 1' 3-max Seat #3 is the button
Seat 1: Mahu2021 (480 in chips) 
Seat 2: Leper Gnóm (430 in chips) 
Seat 3: trevasprince (590 in chips) 
Mahu2021: posts small blind 10
Leper Gnóm: posts big blind 20
*** HOLE CARDS ***
Dealt to Mahu2021 [Th 2c]
trevasprince: raises 20 to 40
Mahu2021: folds 
Leper Gnóm: folds 
Uncalled bet (20) returned to trevasprince
trevasprince collected 50 from pot
trevasprince: doesn't show hand 
*** SUMMARY ***
Total pot 50 | Rake 0 
Seat 1: Mahu2021 (small blind) folded before Flop
Seat 2: Leper Gnóm (big blind) folded before Flop
Seat 3: trevasprince (button) collected (50)



PokerStars Hand #249085314010: Tournament #3721042628, $4.60+$0.40 USD Hold'em No Limit - Level I (10/20) - 2024/02/25 16:19:06 CET [2024/02/25 10:19:06 ET]
Table '3721042628 1' 3-max Seat #1 is the button
Seat 1: Mahu2021 (470 in chips) 
Seat 2: Leper Gnóm (410 in chips) 
Seat 3: trevasprince (620 in chips) 
Leper Gnóm: posts small blind 10
trevasprince: posts big blind 20
*** HOLE CARDS ***
Dealt to Mahu2021 [Ac Qc]
Mahu2021: raises 40 to 60
Leper Gnóm: calls 50
trevasprince: folds 
*** FLOP *** [9d Ad 2h]
Leper Gnóm: checks 
Mahu2021: bets 140
Leper Gnóm: folds 
Uncalled bet (140) returned to Mahu2021
Mahu2021 collected 140 from pot
Mahu2021: doesn't show hand 
*** SUMMARY ***
Total pot 140 | Rake 0 
Board [9d Ad 2h]
Seat 1: Mahu2021 (button) collected (140)
Seat 2: Leper Gnóm (small blind) folded on the Flop
Seat 3: trevasprince (big blind) folded before Flop



PokerStars Hand #249085318864: Tournament #3721042628, $4.60+$0.40 USD Hold'em No Limit - Level I (10/20) - 2024/02/25 16:19:23 CET [2024/02/25 10:19:23 ET]
Table '3721042628 1' 3-max Seat #2 is the button
Seat 1: Mahu2021 (550 in chips) 
Seat 2: Leper Gnóm (350 in chips) 
Seat 3: trevasprince (600 in chips) 
trevasprince: posts small blind 10
Mahu2021: posts big blind 20
*** HOLE CARDS ***
Dealt to Mahu2021 [2s Ah]
Leper Gnóm: folds 
trevasprince: calls 10
Mahu2021: checks 
*** FLOP *** [Th 2h 3c]
trevasprince: checks 
Mahu2021: bets 40
trevasprince: folds 
Uncalled bet (40) returned to Mahu2021
Mahu2021 collected 40 from pot
Mahu2021: doesn't show hand 
*** SUMMARY ***
Total pot 40 | Rake 0 
Board [Th 2h 3c]
Seat 1: Mahu2021 (big blind) collected (40)
Seat 2: Leper Gnóm (button) folded before Flop (didn't bet)
Seat 3: trevasprince (small blind) folded on the Flop



PokerStars Hand #249085323944: Tournament #3721042628, $4.60+$0.40 USD Hold'em No Limit - Level I (10/20) - 2024/02/25 16:19:42 CET [2024/02/25 10:19:42 ET]
Table '3721042628 1' 3-max Seat #3 is the button
Seat 1: Mahu2021 (570 in chips) 
Seat 2: Leper Gnóm (350 in chips) 
Seat 3: trevasprince (580 in chips) 
Mahu2021: posts small blind 10
Leper Gnóm: posts big blind 20
*** HOLE CARDS ***
Dealt to Mahu2021 [Js 2h]
trevasprince: folds 
Mahu2021: folds 
Uncalled bet (10) returned to Leper Gnóm
Leper Gnóm collected 20 from pot
Leper Gnóm: doesn't show hand 
*** SUMMARY ***
Total pot 20 | Rake 0 
Seat 1: Mahu2021 (small blind) folded before Flop
Seat 2: Leper Gnóm (big blind) collected (20)
Seat 3: trevasprince (button) folded before Flop (didn't bet)



PokerStars Hand #249085325423: Tournament #3721042628, $4.60+$0.40 USD Hold'em No Limit - Level I (10/20) - 2024/02/25 16:19:47 CET [2024/02/25 10:19:47 ET]
Table '3721042628 1' 3-max Seat #1 is the button
Seat 1: Mahu2021 (560 in chips) 
Seat 2: Leper Gnóm (360 in chips) 
Seat 3: trevasprince (580 in chips) 
Leper Gnóm: posts small blind 10
trevasprince: posts big blind 20
*** HOLE CARDS ***
Dealt to Mahu2021 [Js Ks]
Mahu2021: raises 20 to 40
Leper Gnóm: raises 20 to 60
trevasprince: folds 
Mahu2021: calls 20
*** FLOP *** [5d 2h 5c]
Leper Gnóm: checks 
Mahu2021: checks 
*** TURN *** [5d 2h 5c] [9h]
Leper Gnóm: bets 40
Mahu2021: calls 40
*** RIVER *** [5d 2h 5c 9h] [6h]
Leper Gnóm: bets 260 and is all-in
Mahu2021: folds 
Uncalled bet (260) returned to Leper Gnóm
Leper Gnóm collected 220 from pot
Leper Gnóm: doesn't show hand 
*** SUMMARY ***
Total pot 220 | Rake 0 
Board [5d 2h 5c 9h 6h]
Seat 1: Mahu2021 (button) folded on the River
Seat 2: Leper Gnóm (small blind) collected (220)
Seat 3: trevasprince (big blind) folded before Flop



PokerStars Hand #249085331352: Tournament #3721042628, $4.60+$0.40 USD Hold'em No Limit - Level I (10/20) - 2024/02/25 16:20:08 CET [2024/02/25 10:20:08 ET]
Table '3721042628 1' 3-max Seat #2 is the button
Seat 1: Mahu2021 (460 in chips) 
Seat 2: Leper Gnóm (480 in chips) 
Seat 3: trevasprince (560 in chips) 
trevasprince: posts small blind 10
Mahu2021: posts big blind 20
*** HOLE CARDS ***
Dealt to Mahu2021 [Jh 3h]
Leper Gnóm: folds 
trevasprince: calls 10
Mahu2021: checks 
*** FLOP *** [4h Tc 5h]
trevasprince: checks 
Mahu2021: bets 40
trevasprince: folds 
Uncalled bet (40) returned to Mahu2021
Mahu2021 collected 40 from pot
Mahu2021: doesn't show hand 
*** SUMMARY ***
Total pot 40 | Rake 0 
Board [4h Tc 5h]
Seat 1: Mahu2021 (big blind) collected (40)
Seat 2: Leper Gnóm (button) folded before Flop (didn't bet)
Seat 3: trevasprince (small blind) folded on the Flop



PokerStars Hand #249085336880: Tournament #3721042628, $4.60+$0.40 USD Hold'em No Limit - Level I (10/20) - 2024/02/25 16:20:27 CET [2024/02/25 10:20:27 ET]
Table '3721042628 1' 3-max Seat #3 is the button
Seat 1: Mahu2021 (480 in chips) 
Seat 2: Leper Gnóm (480 in chips) 
Seat 3: trevasprince (540 in chips) 
Mahu2021: posts small blind 10
Leper Gnóm: posts big blind 20
*** HOLE CARDS ***
Dealt to Mahu2021 [Ks Kc]
trevasprince: raises 20 to 40
Mahu2021: raises 440 to 480 and is all-in
Leper Gnóm: folds 
trevasprince: calls 440
*** FLOP *** [Ah Qc Jh]
*** TURN *** [Ah Qc Jh] [Qd]
*** RIVER *** [Ah Qc Jh Qd] [Ad]
*** SHOW DOWN ***
Mahu2021: shows [Ks Kc] (two pair, Aces and Kings)
trevasprince: shows [Js As] (a full house, Aces full of Queens)
trevasprince collected 980 from pot
Mahu2021 finished the tournament in 3rd place
*** SUMMARY ***
Total pot 980 | Rake 0 
Board [Ah Qc Jh Qd Ad]
Seat 1: Mahu2021 (small blind) showed [Ks Kc] and lost with two pair, Aces and Kings
Seat 2: Leper Gnóm (big blind) folded before Flop
Seat 3: trevasprince (button) showed [Js As] and won (980) with a full house, Aces full of Queens



