PokerStars Hand #242964115058: Tournament #3574096987, $0.92+$0.08 USD Hold'em No Limit - Level I (10/20) - 2023/04/08 17:28:33 CET [2023/04/08 11:28:33 ET]
Table '3574096987 1' 3-max Seat #1 is the button
Seat 1: GPP1978 (500 in chips) 
Seat 2: Mahu2021 (500 in chips) 
Seat 3: kristaps1769 (500 in chips) 
Mahu2021: posts small blind 10
kristaps1769: posts big blind 20
*** HOLE CARDS ***
Dealt to Mahu2021 [6s 9c]
GPP1978: calls 20
Mahu2021: folds 
kristaps1769: checks 
*** FLOP *** [2d 9d Ts]
kristaps1769: checks 
GPP1978: bets 50
kristaps1769: folds 
Uncalled bet (50) returned to GPP1978
GPP1978 collected 50 from pot
*** SUMMARY ***
Total pot 50 | Rake 0 
Board [2d 9d Ts]
Seat 1: GPP1978 (button) collected (50)
Seat 2: Mahu2021 (small blind) folded before Flop
Seat 3: kristaps1769 (big blind) folded on the Flop



PokerStars Hand #242964118431: Tournament #3574096987, $0.92+$0.08 USD Hold'em No Limit - Level I (10/20) - 2023/04/08 17:28:45 CET [2023/04/08 11:28:45 ET]
Table '3574096987 1' 3-max Seat #2 is the button
Seat 1: GPP1978 (530 in chips) 
Seat 2: Mahu2021 (490 in chips) 
Seat 3: kristaps1769 (480 in chips) 
kristaps1769: posts small blind 10
GPP1978: posts big blind 20
*** HOLE CARDS ***
Dealt to Mahu2021 [Tc As]
Mahu2021: raises 20 to 40
kristaps1769: folds 
GPP1978: calls 20
*** FLOP *** [Ks Qd Jc]
GPP1978: checks 
Mahu2021: checks 
*** TURN *** [Ks Qd Jc] [Qc]
GPP1978: checks 
Mahu2021: checks 
*** RIVER *** [Ks Qd Jc Qc] [3c]
GPP1978: checks 
Mahu2021: bets 90
GPP1978: folds 
Uncalled bet (90) returned to Mahu2021
Mahu2021 collected 90 from pot
Mahu2021: doesn't show hand 
*** SUMMARY ***
Total pot 90 | Rake 0 
Board [Ks Qd Jc Qc 3c]
Seat 1: GPP1978 (big blind) folded on the River
Seat 2: Mahu2021 (button) collected (90)
Seat 3: kristaps1769 (small blind) folded before Flop



PokerStars Hand #242964125677: Tournament #3574096987, $0.92+$0.08 USD Hold'em No Limit - Level I (10/20) - 2023/04/08 17:29:09 CET [2023/04/08 11:29:09 ET]
Table '3574096987 1' 3-max Seat #3 is the button
Seat 1: GPP1978 (490 in chips) 
Seat 2: Mahu2021 (540 in chips) 
Seat 3: kristaps1769 (470 in chips) 
GPP1978: posts small blind 10
Mahu2021: posts big blind 20
*** HOLE CARDS ***
Dealt to Mahu2021 [2d 7c]
kristaps1769: folds 
GPP1978: calls 10
Mahu2021: checks 
*** FLOP *** [2h 5s 4c]
GPP1978: checks 
Mahu2021: bets 20
GPP1978: calls 20
*** TURN *** [2h 5s 4c] [8h]
GPP1978: bets 80
Mahu2021: calls 80
*** RIVER *** [2h 5s 4c 8h] [Kd]
GPP1978: checks 
Mahu2021: checks 
*** SHOW DOWN ***
GPP1978: shows [8c Qh] (a pair of Eights)
Mahu2021: mucks hand 
GPP1978 collected 240 from pot
*** SUMMARY ***
Total pot 240 | Rake 0 
Board [2h 5s 4c 8h Kd]
Seat 1: GPP1978 (small blind) showed [8c Qh] and won (240) with a pair of Eights
Seat 2: Mahu2021 (big blind) mucked [2d 7c]
Seat 3: kristaps1769 (button) folded before Flop (didn't bet)



PokerStars Hand #242964132183: Tournament #3574096987, $0.92+$0.08 USD Hold'em No Limit - Level I (10/20) - 2023/04/08 17:29:32 CET [2023/04/08 11:29:32 ET]
Table '3574096987 1' 3-max Seat #1 is the button
Seat 1: GPP1978 (610 in chips) 
Seat 2: Mahu2021 (420 in chips) 
Seat 3: kristaps1769 (470 in chips) 
Mahu2021: posts small blind 10
kristaps1769: posts big blind 20
*** HOLE CARDS ***
Dealt to Mahu2021 [6s Kh]
GPP1978: calls 20
Mahu2021: calls 10
kristaps1769: checks 
*** FLOP *** [Qh Qs 9s]
Mahu2021: checks 
kristaps1769: checks 
GPP1978: checks 
*** TURN *** [Qh Qs 9s] [8c]
Mahu2021: bets 20
kristaps1769: calls 20
GPP1978: folds 
*** RIVER *** [Qh Qs 9s 8c] [6d]
Mahu2021: checks 
kristaps1769: checks 
*** SHOW DOWN ***
Mahu2021: shows [6s Kh] (two pair, Queens and Sixes)
kristaps1769: shows [8h 4d] (two pair, Queens and Eights)
kristaps1769 collected 100 from pot
*** SUMMARY ***
Total pot 100 | Rake 0 
Board [Qh Qs 9s 8c 6d]
Seat 1: GPP1978 (button) folded on the Turn
Seat 2: Mahu2021 (small blind) showed [6s Kh] and lost with two pair, Queens and Sixes
Seat 3: kristaps1769 (big blind) showed [8h 4d] and won (100) with two pair, Queens and Eights



PokerStars Hand #242964137330: Tournament #3574096987, $0.92+$0.08 USD Hold'em No Limit - Level I (10/20) - 2023/04/08 17:29:49 CET [2023/04/08 11:29:49 ET]
Table '3574096987 1' 3-max Seat #2 is the button
Seat 1: GPP1978 (590 in chips) 
Seat 2: Mahu2021 (380 in chips) 
Seat 3: kristaps1769 (530 in chips) 
kristaps1769: posts small blind 10
GPP1978: posts big blind 20
*** HOLE CARDS ***
Dealt to Mahu2021 [2s 6d]
Mahu2021: folds 
kristaps1769: calls 10
GPP1978: raises 100 to 120
kristaps1769: calls 100
*** FLOP *** [Ah Js 6h]
kristaps1769: checks 
GPP1978: bets 240
kristaps1769: calls 240
*** TURN *** [Ah Js 6h] [5d]
kristaps1769: checks 
GPP1978: bets 230 and is all-in
kristaps1769: calls 170 and is all-in
Uncalled bet (60) returned to GPP1978
*** RIVER *** [Ah Js 6h 5d] [4d]
*** SHOW DOWN ***
kristaps1769: shows [3h Qh] (high card Ace)
GPP1978: shows [Ac 9s] (a pair of Aces)
GPP1978 collected 1060 from pot
kristaps1769 finished the tournament in 3rd place
*** SUMMARY ***
Total pot 1060 | Rake 0 
Board [Ah Js 6h 5d 4d]
Seat 1: GPP1978 (big blind) showed [Ac 9s] and won (1060) with a pair of Aces
Seat 2: Mahu2021 (button) folded before Flop (didn't bet)
Seat 3: kristaps1769 (small blind) showed [3h Qh] and lost with high card Ace



PokerStars Hand #242964145886: Tournament #3574096987, $0.92+$0.08 USD Hold'em No Limit - Level I (10/20) - 2023/04/08 17:30:18 CET [2023/04/08 11:30:18 ET]
Table '3574096987 1' 3-max Seat #1 is the button
Seat 1: GPP1978 (1120 in chips) 
Seat 2: Mahu2021 (380 in chips) 
GPP1978: posts small blind 10
Mahu2021: posts big blind 20
*** HOLE CARDS ***
Dealt to Mahu2021 [6s 8h]
GPP1978: calls 10
Mahu2021: checks 
*** FLOP *** [4c 9c 5s]
Mahu2021: checks 
GPP1978: checks 
*** TURN *** [4c 9c 5s] [3h]
Mahu2021: bets 40
GPP1978: folds 
Uncalled bet (40) returned to Mahu2021
Mahu2021 collected 40 from pot
Mahu2021: doesn't show hand 
*** SUMMARY ***
Total pot 40 | Rake 0 
Board [4c 9c 5s 3h]
Seat 1: GPP1978 (button) (small blind) folded on the Turn
Seat 2: Mahu2021 (big blind) collected (40)



PokerStars Hand #242964151081: Tournament #3574096987, $0.92+$0.08 USD Hold'em No Limit - Level I (10/20) - 2023/04/08 17:30:35 CET [2023/04/08 11:30:35 ET]
Table '3574096987 1' 3-max Seat #2 is the button
Seat 1: GPP1978 (1100 in chips) 
Seat 2: Mahu2021 (400 in chips) 
Mahu2021: posts small blind 10
GPP1978: posts big blind 20
*** HOLE CARDS ***
Dealt to Mahu2021 [Jc 8c]
Mahu2021: calls 10
GPP1978: checks 
*** FLOP *** [5c Qh As]
GPP1978: bets 40
Mahu2021: folds 
Uncalled bet (40) returned to GPP1978
GPP1978 collected 40 from pot
*** SUMMARY ***
Total pot 40 | Rake 0 
Board [5c Qh As]
Seat 1: GPP1978 (big blind) collected (40)
Seat 2: Mahu2021 (button) (small blind) folded on the Flop



PokerStars Hand #242964154230: Tournament #3574096987, $0.92+$0.08 USD Hold'em No Limit - Level I (10/20) - 2023/04/08 17:30:46 CET [2023/04/08 11:30:46 ET]
Table '3574096987 1' 3-max Seat #1 is the button
Seat 1: GPP1978 (1120 in chips) 
Seat 2: Mahu2021 (380 in chips) 
GPP1978: posts small blind 10
Mahu2021: posts big blind 20
*** HOLE CARDS ***
Dealt to Mahu2021 [5d 9h]
GPP1978: raises 20 to 40
Mahu2021: folds 
Uncalled bet (20) returned to GPP1978
GPP1978 collected 40 from pot
*** SUMMARY ***
Total pot 40 | Rake 0 
Seat 1: GPP1978 (button) (small blind) collected (40)
Seat 2: Mahu2021 (big blind) folded before Flop



PokerStars Hand #242964155858: Tournament #3574096987, $0.92+$0.08 USD Hold'em No Limit - Level I (10/20) - 2023/04/08 17:30:51 CET [2023/04/08 11:30:51 ET]
Table '3574096987 1' 3-max Seat #2 is the button
Seat 1: GPP1978 (1140 in chips) 
Seat 2: Mahu2021 (360 in chips) 
Mahu2021: posts small blind 10
GPP1978: posts big blind 20
*** HOLE CARDS ***
Dealt to Mahu2021 [6c Tc]
Mahu2021: calls 10
GPP1978: raises 20 to 40
Mahu2021: calls 20
*** FLOP *** [3c Jc Ac]
GPP1978: checks 
Mahu2021: bets 40
GPP1978: folds 
Uncalled bet (40) returned to Mahu2021
Mahu2021 collected 80 from pot
Mahu2021: doesn't show hand 
*** SUMMARY ***
Total pot 80 | Rake 0 
Board [3c Jc Ac]
Seat 1: GPP1978 (big blind) folded on the Flop
Seat 2: Mahu2021 (button) (small blind) collected (80)



PokerStars Hand #242964159655: Tournament #3574096987, $0.92+$0.08 USD Hold'em No Limit - Level I (10/20) - 2023/04/08 17:31:04 CET [2023/04/08 11:31:04 ET]
Table '3574096987 1' 3-max Seat #1 is the button
Seat 1: GPP1978 (1100 in chips) 
Seat 2: Mahu2021 (400 in chips) 
GPP1978: posts small blind 10
Mahu2021: posts big blind 20
*** HOLE CARDS ***
Dealt to Mahu2021 [5c 4c]
GPP1978: raises 1080 to 1100 and is all-in
Mahu2021: folds 
Uncalled bet (1080) returned to GPP1978
GPP1978 collected 40 from pot
GPP1978: doesn't show hand 
*** SUMMARY ***
Total pot 40 | Rake 0 
Seat 1: GPP1978 (button) (small blind) collected (40)
Seat 2: Mahu2021 (big blind) folded before Flop



PokerStars Hand #242964161782: Tournament #3574096987, $0.92+$0.08 USD Hold'em No Limit - Level I (10/20) - 2023/04/08 17:31:11 CET [2023/04/08 11:31:11 ET]
Table '3574096987 1' 3-max Seat #2 is the button
Seat 1: GPP1978 (1120 in chips) 
Seat 2: Mahu2021 (380 in chips) 
Mahu2021: posts small blind 10
GPP1978: posts big blind 20
*** HOLE CARDS ***
Dealt to Mahu2021 [Ks 3s]
Mahu2021: calls 10
GPP1978: checks 
*** FLOP *** [7h 4d Kc]
GPP1978: checks 
Mahu2021: bets 20
GPP1978: calls 20
*** TURN *** [7h 4d Kc] [8d]
GPP1978: bets 80
Mahu2021: raises 260 to 340 and is all-in
GPP1978: calls 260
*** RIVER *** [7h 4d Kc 8d] [9d]
*** SHOW DOWN ***
GPP1978: shows [8c 7c] (two pair, Eights and Sevens)
Mahu2021: shows [Ks 3s] (a pair of Kings)
GPP1978 collected 760 from pot
Mahu2021 finished the tournament in 2nd place
GPP1978 wins the tournament and receives $3.00 - congratulations!
*** SUMMARY ***
Total pot 760 | Rake 0 
Board [7h 4d Kc 8d 9d]
Seat 1: GPP1978 (big blind) showed [8c 7c] and won (760) with two pair, Eights and Sevens
Seat 2: Mahu2021 (button) (small blind) showed [Ks 3s] and lost with a pair of Kings



