PokerStars Hand #246883546668: Tournament #3667290452, $1.84+$0.16 USD Hold'em No Limit - Level I (10/20) - 2023/11/02 16:19:08 CET [2023/11/02 11:19:08 ET]
Table '3667290452 1' 3-max Seat #1 is the button
Seat 1: Mahu2021 (500 in chips) 
Seat 2: samson572 (500 in chips) 
Seat 3: luvvtoo44 (500 in chips) 
samson572: posts small blind 10
luvvtoo44: posts big blind 20
*** HOLE CARDS ***
Dealt to Mahu2021 [9h Qc]
Mahu2021: folds 
samson572: calls 10
luvvtoo44: checks 
*** FLOP *** [Ac Ks 8d]
samson572: checks 
luvvtoo44: checks 
*** TURN *** [Ac Ks 8d] [Kd]
samson572: checks 
luvvtoo44: checks 
*** RIVER *** [Ac Ks 8d Kd] [Th]
samson572: bets 60
luvvtoo44: folds 
Uncalled bet (60) returned to samson572
samson572 collected 40 from pot
samson572: doesn't show hand 
*** SUMMARY ***
Total pot 40 | Rake 0 
Board [Ac Ks 8d Kd Th]
Seat 1: Mahu2021 (button) folded before Flop (didn't bet)
Seat 2: samson572 (small blind) collected (40)
Seat 3: luvvtoo44 (big blind) folded on the River



PokerStars Hand #246883553909: Tournament #3667290452, $1.84+$0.16 USD Hold'em No Limit - Level I (10/20) - 2023/11/02 16:19:39 CET [2023/11/02 11:19:39 ET]
Table '3667290452 1' 3-max Seat #2 is the button
Seat 1: Mahu2021 (500 in chips) 
Seat 2: samson572 (520 in chips) 
Seat 3: luvvtoo44 (480 in chips) 
luvvtoo44: posts small blind 10
Mahu2021: posts big blind 20
*** HOLE CARDS ***
Dealt to Mahu2021 [8h 8c]
samson572: folds 
luvvtoo44: raises 20 to 40
Mahu2021: calls 20
*** FLOP *** [Ac 9h Kd]
luvvtoo44: checks 
Mahu2021: bets 40
luvvtoo44: folds 
Uncalled bet (40) returned to Mahu2021
Mahu2021 collected 80 from pot
Mahu2021: doesn't show hand 
*** SUMMARY ***
Total pot 80 | Rake 0 
Board [Ac 9h Kd]
Seat 1: Mahu2021 (big blind) collected (80)
Seat 2: samson572 (button) folded before Flop (didn't bet)
Seat 3: luvvtoo44 (small blind) folded on the Flop



PokerStars Hand #246883558483: Tournament #3667290452, $1.84+$0.16 USD Hold'em No Limit - Level I (10/20) - 2023/11/02 16:19:59 CET [2023/11/02 11:19:59 ET]
Table '3667290452 1' 3-max Seat #3 is the button
Seat 1: Mahu2021 (540 in chips) 
Seat 2: samson572 (520 in chips) 
Seat 3: luvvtoo44 (440 in chips) 
Mahu2021: posts small blind 10
samson572: posts big blind 20
*** HOLE CARDS ***
Dealt to Mahu2021 [6c 4h]
luvvtoo44: folds 
Mahu2021: folds 
Uncalled bet (10) returned to samson572
samson572 collected 20 from pot
samson572: doesn't show hand 
*** SUMMARY ***
Total pot 20 | Rake 0 
Seat 1: Mahu2021 (small blind) folded before Flop
Seat 2: samson572 (big blind) collected (20)
Seat 3: luvvtoo44 (button) folded before Flop (didn't bet)



PokerStars Hand #246883559789: Tournament #3667290452, $1.84+$0.16 USD Hold'em No Limit - Level I (10/20) - 2023/11/02 16:20:05 CET [2023/11/02 11:20:05 ET]
Table '3667290452 1' 3-max Seat #1 is the button
Seat 1: Mahu2021 (530 in chips) 
Seat 2: samson572 (530 in chips) 
Seat 3: luvvtoo44 (440 in chips) 
samson572: posts small blind 10
luvvtoo44: posts big blind 20
*** HOLE CARDS ***
Dealt to Mahu2021 [Qh Jh]
Mahu2021: raises 20 to 40
samson572: folds 
luvvtoo44: folds 
Uncalled bet (20) returned to Mahu2021
Mahu2021 collected 50 from pot
Mahu2021: doesn't show hand 
*** SUMMARY ***
Total pot 50 | Rake 0 
Seat 1: Mahu2021 (button) collected (50)
Seat 2: samson572 (small blind) folded before Flop
Seat 3: luvvtoo44 (big blind) folded before Flop



PokerStars Hand #246883562164: Tournament #3667290452, $1.84+$0.16 USD Hold'em No Limit - Level I (10/20) - 2023/11/02 16:20:15 CET [2023/11/02 11:20:15 ET]
Table '3667290452 1' 3-max Seat #2 is the button
Seat 1: Mahu2021 (560 in chips) 
Seat 2: samson572 (520 in chips) 
Seat 3: luvvtoo44 (420 in chips) 
luvvtoo44: posts small blind 10
Mahu2021: posts big blind 20
*** HOLE CARDS ***
Dealt to Mahu2021 [7d Ah]
samson572: calls 20
luvvtoo44: folds 
Mahu2021: checks 
*** FLOP *** [Ac 9d 2c]
Mahu2021: checks 
samson572: checks 
*** TURN *** [Ac 9d 2c] [4h]
Mahu2021: checks 
samson572: checks 
*** RIVER *** [Ac 9d 2c 4h] [7h]
Mahu2021: bets 50
samson572: calls 50
*** SHOW DOWN ***
Mahu2021: shows [7d Ah] (two pair, Aces and Sevens)
samson572: mucks hand 
Mahu2021 collected 150 from pot
*** SUMMARY ***
Total pot 150 | Rake 0 
Board [Ac 9d 2c 4h 7h]
Seat 1: Mahu2021 (big blind) showed [7d Ah] and won (150) with two pair, Aces and Sevens
Seat 2: samson572 (button) mucked [7s 9c]
Seat 3: luvvtoo44 (small blind) folded before Flop



PokerStars Hand #246883571200: Tournament #3667290452, $1.84+$0.16 USD Hold'em No Limit - Level I (10/20) - 2023/11/02 16:20:54 CET [2023/11/02 11:20:54 ET]
Table '3667290452 1' 3-max Seat #3 is the button
Seat 1: Mahu2021 (640 in chips) 
Seat 2: samson572 (450 in chips) 
Seat 3: luvvtoo44 (410 in chips) 
Mahu2021: posts small blind 10
samson572: posts big blind 20
*** HOLE CARDS ***
Dealt to Mahu2021 [3s 5h]
luvvtoo44: raises 50 to 70
Mahu2021: folds 
samson572: calls 50
*** FLOP *** [Jd 9c 8h]
samson572: checks 
luvvtoo44: checks 
*** TURN *** [Jd 9c 8h] [6c]
samson572: checks 
luvvtoo44: bets 150
samson572: folds 
Uncalled bet (150) returned to luvvtoo44
luvvtoo44 collected 150 from pot
*** SUMMARY ***
Total pot 150 | Rake 0 
Board [Jd 9c 8h 6c]
Seat 1: Mahu2021 (small blind) folded before Flop
Seat 2: samson572 (big blind) folded on the Turn
Seat 3: luvvtoo44 (button) collected (150)



PokerStars Hand #246883576093: Tournament #3667290452, $1.84+$0.16 USD Hold'em No Limit - Level II (15/30) - 2023/11/02 16:21:15 CET [2023/11/02 11:21:15 ET]
Table '3667290452 1' 3-max Seat #1 is the button
Seat 1: Mahu2021 (630 in chips) 
Seat 2: samson572 (380 in chips) 
Seat 3: luvvtoo44 (490 in chips) 
samson572: posts small blind 15
luvvtoo44: posts big blind 30
*** HOLE CARDS ***
Dealt to Mahu2021 [5s 5c]
Mahu2021: raises 30 to 60
samson572: folds 
luvvtoo44: raises 30 to 90
Mahu2021: calls 30
*** FLOP *** [Jd 6h 6c]
luvvtoo44: checks 
Mahu2021: checks 
*** TURN *** [Jd 6h 6c] [9c]
luvvtoo44: checks 
Mahu2021: checks 
*** RIVER *** [Jd 6h 6c 9c] [4d]
luvvtoo44: bets 195
Mahu2021: calls 195
*** SHOW DOWN ***
luvvtoo44: shows [Qh 3h] (a pair of Sixes)
Mahu2021: shows [5s 5c] (two pair, Sixes and Fives)
Mahu2021 collected 585 from pot
*** SUMMARY ***
Total pot 585 | Rake 0 
Board [Jd 6h 6c 9c 4d]
Seat 1: Mahu2021 (button) showed [5s 5c] and won (585) with two pair, Sixes and Fives
Seat 2: samson572 (small blind) folded before Flop
Seat 3: luvvtoo44 (big blind) showed [Qh 3h] and lost with a pair of Sixes



PokerStars Hand #246883579847: Tournament #3667290452, $1.84+$0.16 USD Hold'em No Limit - Level II (15/30) - 2023/11/02 16:21:31 CET [2023/11/02 11:21:31 ET]
Table '3667290452 1' 3-max Seat #2 is the button
Seat 1: Mahu2021 (930 in chips) 
Seat 2: samson572 (365 in chips) 
Seat 3: luvvtoo44 (205 in chips) 
luvvtoo44: posts small blind 15
Mahu2021: posts big blind 30
*** HOLE CARDS ***
Dealt to Mahu2021 [Ts 7h]
samson572: folds 
luvvtoo44: folds 
Uncalled bet (15) returned to Mahu2021
Mahu2021 collected 30 from pot
Mahu2021: doesn't show hand 
*** SUMMARY ***
Total pot 30 | Rake 0 
Seat 1: Mahu2021 (big blind) collected (30)
Seat 2: samson572 (button) folded before Flop (didn't bet)
Seat 3: luvvtoo44 (small blind) folded before Flop



PokerStars Hand #246883581466: Tournament #3667290452, $1.84+$0.16 USD Hold'em No Limit - Level II (15/30) - 2023/11/02 16:21:38 CET [2023/11/02 11:21:38 ET]
Table '3667290452 1' 3-max Seat #3 is the button
Seat 1: Mahu2021 (945 in chips) 
Seat 2: samson572 (365 in chips) 
Seat 3: luvvtoo44 (190 in chips) 
Mahu2021: posts small blind 15
samson572: posts big blind 30
*** HOLE CARDS ***
Dealt to Mahu2021 [Qs Ad]
luvvtoo44: raises 160 to 190 and is all-in
Mahu2021: calls 175
samson572: folds 
*** FLOP *** [7h 3d 2s]
*** TURN *** [7h 3d 2s] [5d]
*** RIVER *** [7h 3d 2s 5d] [8c]
*** SHOW DOWN ***
Mahu2021: shows [Qs Ad] (high card Ace)
luvvtoo44: shows [Ah 7s] (a pair of Sevens)
luvvtoo44 collected 410 from pot
*** SUMMARY ***
Total pot 410 | Rake 0 
Board [7h 3d 2s 5d 8c]
Seat 1: Mahu2021 (small blind) showed [Qs Ad] and lost with high card Ace
Seat 2: samson572 (big blind) folded before Flop
Seat 3: luvvtoo44 (button) showed [Ah 7s] and won (410) with a pair of Sevens



PokerStars Hand #246883585128: Tournament #3667290452, $1.84+$0.16 USD Hold'em No Limit - Level II (15/30) - 2023/11/02 16:21:54 CET [2023/11/02 11:21:54 ET]
Table '3667290452 1' 3-max Seat #1 is the button
Seat 1: Mahu2021 (755 in chips) 
Seat 2: samson572 (335 in chips) 
Seat 3: luvvtoo44 (410 in chips) 
samson572: posts small blind 15
luvvtoo44: posts big blind 30
*** HOLE CARDS ***
Dealt to Mahu2021 [7h 2h]
Mahu2021: folds 
samson572: calls 15
luvvtoo44: checks 
*** FLOP *** [Ac 9h 6h]
samson572: checks 
luvvtoo44: checks 
*** TURN *** [Ac 9h 6h] [5d]
samson572: checks 
luvvtoo44: checks 
*** RIVER *** [Ac 9h 6h 5d] [3c]
samson572: checks 
luvvtoo44: checks 
*** SHOW DOWN ***
samson572: shows [Qc 9c] (a pair of Nines)
luvvtoo44: mucks hand 
samson572 collected 60 from pot
*** SUMMARY ***
Total pot 60 | Rake 0 
Board [Ac 9h 6h 5d 3c]
Seat 1: Mahu2021 (button) folded before Flop (didn't bet)
Seat 2: samson572 (small blind) showed [Qc 9c] and won (60) with a pair of Nines
Seat 3: luvvtoo44 (big blind) mucked [Td 8c]



PokerStars Hand #246883591073: Tournament #3667290452, $1.84+$0.16 USD Hold'em No Limit - Level II (15/30) - 2023/11/02 16:22:19 CET [2023/11/02 11:22:19 ET]
Table '3667290452 1' 3-max Seat #2 is the button
Seat 1: Mahu2021 (755 in chips) 
Seat 2: samson572 (365 in chips) 
Seat 3: luvvtoo44 (380 in chips) 
luvvtoo44: posts small blind 15
Mahu2021: posts big blind 30
*** HOLE CARDS ***
Dealt to Mahu2021 [4h 9d]
samson572: calls 30
luvvtoo44: raises 60 to 90
Mahu2021: folds 
samson572: folds 
Uncalled bet (60) returned to luvvtoo44
luvvtoo44 collected 90 from pot
*** SUMMARY ***
Total pot 90 | Rake 0 
Seat 1: Mahu2021 (big blind) folded before Flop
Seat 2: samson572 (button) folded before Flop
Seat 3: luvvtoo44 (small blind) collected (90)



PokerStars Hand #246883593310: Tournament #3667290452, $1.84+$0.16 USD Hold'em No Limit - Level II (15/30) - 2023/11/02 16:22:29 CET [2023/11/02 11:22:29 ET]
Table '3667290452 1' 3-max Seat #3 is the button
Seat 1: Mahu2021 (725 in chips) 
Seat 2: samson572 (335 in chips) 
Seat 3: luvvtoo44 (440 in chips) 
Mahu2021: posts small blind 15
samson572: posts big blind 30
*** HOLE CARDS ***
Dealt to Mahu2021 [5h 9d]
luvvtoo44: calls 30
Mahu2021: folds 
samson572: checks 
*** FLOP *** [Ac 7d 8d]
samson572: checks 
luvvtoo44: checks 
*** TURN *** [Ac 7d 8d] [Qh]
samson572: checks 
luvvtoo44: checks 
*** RIVER *** [Ac 7d 8d Qh] [4c]
samson572: bets 75
luvvtoo44: folds 
Uncalled bet (75) returned to samson572
samson572 collected 75 from pot
samson572: doesn't show hand 
*** SUMMARY ***
Total pot 75 | Rake 0 
Board [Ac 7d 8d Qh 4c]
Seat 1: Mahu2021 (small blind) folded before Flop
Seat 2: samson572 (big blind) collected (75)
Seat 3: luvvtoo44 (button) folded on the River



PokerStars Hand #246883597884: Tournament #3667290452, $1.84+$0.16 USD Hold'em No Limit - Level II (15/30) - 2023/11/02 16:22:49 CET [2023/11/02 11:22:49 ET]
Table '3667290452 1' 3-max Seat #1 is the button
Seat 1: Mahu2021 (710 in chips) 
Seat 2: samson572 (380 in chips) 
Seat 3: luvvtoo44 (410 in chips) 
samson572: posts small blind 15
luvvtoo44: posts big blind 30
*** HOLE CARDS ***
Dealt to Mahu2021 [2d 3d]
Mahu2021: calls 30
samson572: calls 15
luvvtoo44: checks 
*** FLOP *** [8d 7h 2s]
samson572: checks 
luvvtoo44: checks 
Mahu2021: bets 30
samson572: calls 30
luvvtoo44: calls 30
*** TURN *** [8d 7h 2s] [6h]
samson572: checks 
luvvtoo44: checks 
Mahu2021: checks 
*** RIVER *** [8d 7h 2s 6h] [6s]
samson572: bets 180
luvvtoo44: folds 
Mahu2021: folds 
Uncalled bet (180) returned to samson572
samson572 collected 180 from pot
samson572: doesn't show hand 
*** SUMMARY ***
Total pot 180 | Rake 0 
Board [8d 7h 2s 6h 6s]
Seat 1: Mahu2021 (button) folded on the River
Seat 2: samson572 (small blind) collected (180)
Seat 3: luvvtoo44 (big blind) folded on the River



PokerStars Hand #246883606529: Tournament #3667290452, $1.84+$0.16 USD Hold'em No Limit - Level III (20/40) - 2023/11/02 16:23:26 CET [2023/11/02 11:23:26 ET]
Table '3667290452 1' 3-max Seat #2 is the button
Seat 1: Mahu2021 (650 in chips) 
Seat 2: samson572 (500 in chips) 
Seat 3: luvvtoo44 (350 in chips) 
luvvtoo44: posts small blind 20
Mahu2021: posts big blind 40
*** HOLE CARDS ***
Dealt to Mahu2021 [4h 2h]
samson572: folds 
luvvtoo44: folds 
Uncalled bet (20) returned to Mahu2021
Mahu2021 collected 40 from pot
Mahu2021: doesn't show hand 
*** SUMMARY ***
Total pot 40 | Rake 0 
Seat 1: Mahu2021 (big blind) collected (40)
Seat 2: samson572 (button) folded before Flop (didn't bet)
Seat 3: luvvtoo44 (small blind) folded before Flop



PokerStars Hand #246883608038: Tournament #3667290452, $1.84+$0.16 USD Hold'em No Limit - Level III (20/40) - 2023/11/02 16:23:33 CET [2023/11/02 11:23:33 ET]
Table '3667290452 1' 3-max Seat #3 is the button
Seat 1: Mahu2021 (670 in chips) 
Seat 2: samson572 (500 in chips) 
Seat 3: luvvtoo44 (330 in chips) 
Mahu2021: posts small blind 20
samson572: posts big blind 40
*** HOLE CARDS ***
Dealt to Mahu2021 [9d 6d]
luvvtoo44: folds 
Mahu2021: calls 20
samson572: checks 
*** FLOP *** [5s 9c Th]
Mahu2021: bets 40
samson572: folds 
Uncalled bet (40) returned to Mahu2021
Mahu2021 collected 80 from pot
Mahu2021: doesn't show hand 
*** SUMMARY ***
Total pot 80 | Rake 0 
Board [5s 9c Th]
Seat 1: Mahu2021 (small blind) collected (80)
Seat 2: samson572 (big blind) folded on the Flop
Seat 3: luvvtoo44 (button) folded before Flop (didn't bet)



PokerStars Hand #246883611536: Tournament #3667290452, $1.84+$0.16 USD Hold'em No Limit - Level III (20/40) - 2023/11/02 16:23:48 CET [2023/11/02 11:23:48 ET]
Table '3667290452 1' 3-max Seat #1 is the button
Seat 1: Mahu2021 (710 in chips) 
Seat 2: samson572 (460 in chips) 
Seat 3: luvvtoo44 (330 in chips) 
samson572: posts small blind 20
luvvtoo44: posts big blind 40
*** HOLE CARDS ***
Dealt to Mahu2021 [8d Js]
Mahu2021: folds 
samson572: folds 
Uncalled bet (20) returned to luvvtoo44
luvvtoo44 collected 40 from pot
*** SUMMARY ***
Total pot 40 | Rake 0 
Seat 1: Mahu2021 (button) folded before Flop (didn't bet)
Seat 2: samson572 (small blind) folded before Flop
Seat 3: luvvtoo44 (big blind) collected (40)



PokerStars Hand #246883614013: Tournament #3667290452, $1.84+$0.16 USD Hold'em No Limit - Level III (20/40) - 2023/11/02 16:23:58 CET [2023/11/02 11:23:58 ET]
Table '3667290452 1' 3-max Seat #2 is the button
Seat 1: Mahu2021 (710 in chips) 
Seat 2: samson572 (440 in chips) 
Seat 3: luvvtoo44 (350 in chips) 
luvvtoo44: posts small blind 20
Mahu2021: posts big blind 40
*** HOLE CARDS ***
Dealt to Mahu2021 [8s 9s]
samson572: calls 40
luvvtoo44: raises 310 to 350 and is all-in
Mahu2021: folds 
samson572: folds 
Uncalled bet (310) returned to luvvtoo44
luvvtoo44 collected 120 from pot
*** SUMMARY ***
Total pot 120 | Rake 0 
Seat 1: Mahu2021 (big blind) folded before Flop
Seat 2: samson572 (button) folded before Flop
Seat 3: luvvtoo44 (small blind) collected (120)



PokerStars Hand #246883616783: Tournament #3667290452, $1.84+$0.16 USD Hold'em No Limit - Level III (20/40) - 2023/11/02 16:24:10 CET [2023/11/02 11:24:10 ET]
Table '3667290452 1' 3-max Seat #3 is the button
Seat 1: Mahu2021 (670 in chips) 
Seat 2: samson572 (400 in chips) 
Seat 3: luvvtoo44 (430 in chips) 
Mahu2021: posts small blind 20
samson572: posts big blind 40
*** HOLE CARDS ***
Dealt to Mahu2021 [Tc 5d]
luvvtoo44: folds 
Mahu2021: folds 
Uncalled bet (20) returned to samson572
samson572 collected 40 from pot
samson572: doesn't show hand 
*** SUMMARY ***
Total pot 40 | Rake 0 
Seat 1: Mahu2021 (small blind) folded before Flop
Seat 2: samson572 (big blind) collected (40)
Seat 3: luvvtoo44 (button) folded before Flop (didn't bet)



PokerStars Hand #246883617823: Tournament #3667290452, $1.84+$0.16 USD Hold'em No Limit - Level III (20/40) - 2023/11/02 16:24:14 CET [2023/11/02 11:24:14 ET]
Table '3667290452 1' 3-max Seat #1 is the button
Seat 1: Mahu2021 (650 in chips) 
Seat 2: samson572 (420 in chips) 
Seat 3: luvvtoo44 (430 in chips) 
samson572: posts small blind 20
luvvtoo44: posts big blind 40
*** HOLE CARDS ***
Dealt to Mahu2021 [3s Qh]
Mahu2021: folds 
samson572: folds 
Uncalled bet (20) returned to luvvtoo44
luvvtoo44 collected 40 from pot
*** SUMMARY ***
Total pot 40 | Rake 0 
Seat 1: Mahu2021 (button) folded before Flop (didn't bet)
Seat 2: samson572 (small blind) folded before Flop
Seat 3: luvvtoo44 (big blind) collected (40)



PokerStars Hand #246883619867: Tournament #3667290452, $1.84+$0.16 USD Hold'em No Limit - Level III (20/40) - 2023/11/02 16:24:23 CET [2023/11/02 11:24:23 ET]
Table '3667290452 1' 3-max Seat #2 is the button
Seat 1: Mahu2021 (650 in chips) 
Seat 2: samson572 (400 in chips) 
Seat 3: luvvtoo44 (450 in chips) 
luvvtoo44: posts small blind 20
Mahu2021: posts big blind 40
*** HOLE CARDS ***
Dealt to Mahu2021 [Ac Js]
samson572: calls 40
luvvtoo44: calls 20
Mahu2021: raises 610 to 650 and is all-in
samson572: calls 360 and is all-in
luvvtoo44: folds 
Uncalled bet (250) returned to Mahu2021
*** FLOP *** [Tc Kh Jc]
*** TURN *** [Tc Kh Jc] [2h]
*** RIVER *** [Tc Kh Jc 2h] [6c]
*** SHOW DOWN ***
Mahu2021: shows [Ac Js] (a pair of Jacks)
samson572: shows [Jd Qh] (a pair of Jacks - lower kicker)
Mahu2021 collected 840 from pot
samson572 finished the tournament in 3rd place
*** SUMMARY ***
Total pot 840 | Rake 0 
Board [Tc Kh Jc 2h 6c]
Seat 1: Mahu2021 (big blind) showed [Ac Js] and won (840) with a pair of Jacks
Seat 2: samson572 (button) showed [Jd Qh] and lost with a pair of Jacks
Seat 3: luvvtoo44 (small blind) folded before Flop



PokerStars Hand #246883625504: Tournament #3667290452, $1.84+$0.16 USD Hold'em No Limit - Level III (20/40) - 2023/11/02 16:24:48 CET [2023/11/02 11:24:48 ET]
Table '3667290452 1' 3-max Seat #1 is the button
Seat 1: Mahu2021 (1090 in chips) 
Seat 3: luvvtoo44 (410 in chips) 
Mahu2021: posts small blind 20
luvvtoo44: posts big blind 40
*** HOLE CARDS ***
Dealt to Mahu2021 [Ah 4c]
Mahu2021: calls 20
luvvtoo44: raises 370 to 410 and is all-in
Mahu2021: folds 
Uncalled bet (370) returned to luvvtoo44
luvvtoo44 collected 80 from pot
*** SUMMARY ***
Total pot 80 | Rake 0 
Seat 1: Mahu2021 (button) (small blind) folded before Flop
Seat 3: luvvtoo44 (big blind) collected (80)



PokerStars Hand #246883629454: Tournament #3667290452, $1.84+$0.16 USD Hold'em No Limit - Level III (20/40) - 2023/11/02 16:25:05 CET [2023/11/02 11:25:05 ET]
Table '3667290452 1' 3-max Seat #3 is the button
Seat 1: Mahu2021 (1050 in chips) 
Seat 3: luvvtoo44 (450 in chips) 
luvvtoo44: posts small blind 20
Mahu2021: posts big blind 40
*** HOLE CARDS ***
Dealt to Mahu2021 [4d 3s]
luvvtoo44: folds 
Uncalled bet (20) returned to Mahu2021
Mahu2021 collected 40 from pot
Mahu2021: doesn't show hand 
*** SUMMARY ***
Total pot 40 | Rake 0 
Seat 1: Mahu2021 (big blind) collected (40)
Seat 3: luvvtoo44 (button) (small blind) folded before Flop



PokerStars Hand #246883632081: Tournament #3667290452, $1.84+$0.16 USD Hold'em No Limit - Level IV (30/60) - 2023/11/02 16:25:17 CET [2023/11/02 11:25:17 ET]
Table '3667290452 1' 3-max Seat #1 is the button
Seat 1: Mahu2021 (1070 in chips) 
Seat 3: luvvtoo44 (430 in chips) 
Mahu2021: posts small blind 30
luvvtoo44: posts big blind 60
*** HOLE CARDS ***
Dealt to Mahu2021 [Qs 8d]
Mahu2021: calls 30
luvvtoo44: checks 
*** FLOP *** [Jd Ad Th]
luvvtoo44: checks 
Mahu2021: bets 60
luvvtoo44: folds 
Uncalled bet (60) returned to Mahu2021
Mahu2021 collected 120 from pot
Mahu2021: doesn't show hand 
*** SUMMARY ***
Total pot 120 | Rake 0 
Board [Jd Ad Th]
Seat 1: Mahu2021 (button) (small blind) collected (120)
Seat 3: luvvtoo44 (big blind) folded on the Flop



PokerStars Hand #246883635179: Tournament #3667290452, $1.84+$0.16 USD Hold'em No Limit - Level IV (30/60) - 2023/11/02 16:25:30 CET [2023/11/02 11:25:30 ET]
Table '3667290452 1' 3-max Seat #3 is the button
Seat 1: Mahu2021 (1130 in chips) 
Seat 3: luvvtoo44 (370 in chips) 
luvvtoo44: posts small blind 30
Mahu2021: posts big blind 60
*** HOLE CARDS ***
Dealt to Mahu2021 [5h Qd]
luvvtoo44: folds 
Uncalled bet (30) returned to Mahu2021
Mahu2021 collected 60 from pot
Mahu2021: doesn't show hand 
*** SUMMARY ***
Total pot 60 | Rake 0 
Seat 1: Mahu2021 (big blind) collected (60)
Seat 3: luvvtoo44 (button) (small blind) folded before Flop



PokerStars Hand #246883636283: Tournament #3667290452, $1.84+$0.16 USD Hold'em No Limit - Level IV (30/60) - 2023/11/02 16:25:35 CET [2023/11/02 11:25:35 ET]
Table '3667290452 1' 3-max Seat #1 is the button
Seat 1: Mahu2021 (1160 in chips) 
Seat 3: luvvtoo44 (340 in chips) 
Mahu2021: posts small blind 30
luvvtoo44: posts big blind 60
*** HOLE CARDS ***
Dealt to Mahu2021 [2d 2c]
Mahu2021: raises 1100 to 1160 and is all-in
luvvtoo44: folds 
Uncalled bet (1100) returned to Mahu2021
Mahu2021 collected 120 from pot
Mahu2021: doesn't show hand 
*** SUMMARY ***
Total pot 120 | Rake 0 
Seat 1: Mahu2021 (button) (small blind) collected (120)
Seat 3: luvvtoo44 (big blind) folded before Flop



PokerStars Hand #246883637688: Tournament #3667290452, $1.84+$0.16 USD Hold'em No Limit - Level IV (30/60) - 2023/11/02 16:25:41 CET [2023/11/02 11:25:41 ET]
Table '3667290452 1' 3-max Seat #3 is the button
Seat 1: Mahu2021 (1220 in chips) 
Seat 3: luvvtoo44 (280 in chips) 
luvvtoo44: posts small blind 30
Mahu2021: posts big blind 60
*** HOLE CARDS ***
Dealt to Mahu2021 [Ts 4h]
luvvtoo44: raises 220 to 280 and is all-in
Mahu2021: folds 
Uncalled bet (220) returned to luvvtoo44
luvvtoo44 collected 120 from pot
*** SUMMARY ***
Total pot 120 | Rake 0 
Seat 1: Mahu2021 (big blind) folded before Flop
Seat 3: luvvtoo44 (button) (small blind) collected (120)



PokerStars Hand #246883639054: Tournament #3667290452, $1.84+$0.16 USD Hold'em No Limit - Level IV (30/60) - 2023/11/02 16:25:47 CET [2023/11/02 11:25:47 ET]
Table '3667290452 1' 3-max Seat #1 is the button
Seat 1: Mahu2021 (1160 in chips) 
Seat 3: luvvtoo44 (340 in chips) 
Mahu2021: posts small blind 30
luvvtoo44: posts big blind 60
*** HOLE CARDS ***
Dealt to Mahu2021 [4d 7d]
Mahu2021: calls 30
luvvtoo44: checks 
*** FLOP *** [9h 4s 9c]
luvvtoo44: checks 
Mahu2021: bets 60
luvvtoo44: raises 220 to 280 and is all-in
Mahu2021: calls 220
*** TURN *** [9h 4s 9c] [4h]
*** RIVER *** [9h 4s 9c 4h] [Js]
*** SHOW DOWN ***
luvvtoo44: shows [8d 4c] (a full house, Fours full of Nines)
Mahu2021: shows [4d 7d] (a full house, Fours full of Nines)
luvvtoo44 collected 340 from pot
Mahu2021 collected 340 from pot
*** SUMMARY ***
Total pot 680 | Rake 0 
Board [9h 4s 9c 4h Js]
Seat 1: Mahu2021 (button) (small blind) showed [4d 7d] and won (340) with a full house, Fours full of Nines
Seat 3: luvvtoo44 (big blind) showed [8d 4c] and won (340) with a full house, Fours full of Nines



PokerStars Hand #246883642877: Tournament #3667290452, $1.84+$0.16 USD Hold'em No Limit - Level IV (30/60) - 2023/11/02 16:26:03 CET [2023/11/02 11:26:03 ET]
Table '3667290452 1' 3-max Seat #3 is the button
Seat 1: Mahu2021 (1160 in chips) 
Seat 3: luvvtoo44 (340 in chips) 
luvvtoo44: posts small blind 30
Mahu2021: posts big blind 60
*** HOLE CARDS ***
Dealt to Mahu2021 [Ac 6h]
luvvtoo44: raises 280 to 340 and is all-in
Mahu2021: calls 280
*** FLOP *** [Tc Jh 6s]
*** TURN *** [Tc Jh 6s] [5s]
*** RIVER *** [Tc Jh 6s 5s] [7h]
*** SHOW DOWN ***
Mahu2021: shows [Ac 6h] (a pair of Sixes)
luvvtoo44: shows [9s 9d] (a pair of Nines)
luvvtoo44 collected 680 from pot
*** SUMMARY ***
Total pot 680 | Rake 0 
Board [Tc Jh 6s 5s 7h]
Seat 1: Mahu2021 (big blind) showed [Ac 6h] and lost with a pair of Sixes
Seat 3: luvvtoo44 (button) (small blind) showed [9s 9d] and won (680) with a pair of Nines



PokerStars Hand #246883645731: Tournament #3667290452, $1.84+$0.16 USD Hold'em No Limit - Level IV (30/60) - 2023/11/02 16:26:16 CET [2023/11/02 11:26:16 ET]
Table '3667290452 1' 3-max Seat #1 is the button
Seat 1: Mahu2021 (820 in chips) 
Seat 3: luvvtoo44 (680 in chips) 
Mahu2021: posts small blind 30
luvvtoo44: posts big blind 60
*** HOLE CARDS ***
Dealt to Mahu2021 [Th Kc]
Mahu2021: calls 30
luvvtoo44: raises 120 to 180
Mahu2021: calls 120
*** FLOP *** [7s Qs 3d]
luvvtoo44: bets 360
Mahu2021: folds 
Uncalled bet (360) returned to luvvtoo44
luvvtoo44 collected 360 from pot
*** SUMMARY ***
Total pot 360 | Rake 0 
Board [7s Qs 3d]
Seat 1: Mahu2021 (button) (small blind) folded on the Flop
Seat 3: luvvtoo44 (big blind) collected (360)



PokerStars Hand #246883648400: Tournament #3667290452, $1.84+$0.16 USD Hold'em No Limit - Level IV (30/60) - 2023/11/02 16:26:27 CET [2023/11/02 11:26:27 ET]
Table '3667290452 1' 3-max Seat #3 is the button
Seat 1: Mahu2021 (640 in chips) 
Seat 3: luvvtoo44 (860 in chips) 
luvvtoo44: posts small blind 30
Mahu2021: posts big blind 60
*** HOLE CARDS ***
Dealt to Mahu2021 [8h 9s]
luvvtoo44: calls 30
Mahu2021: checks 
*** FLOP *** [7d Js 2c]
Mahu2021: checks 
luvvtoo44: checks 
*** TURN *** [7d Js 2c] [Qc]
Mahu2021: bets 60
luvvtoo44: calls 60
*** RIVER *** [7d Js 2c Qc] [As]
Mahu2021: checks 
luvvtoo44: bets 740 and is all-in
Mahu2021: folds 
Uncalled bet (740) returned to luvvtoo44
luvvtoo44 collected 240 from pot
*** SUMMARY ***
Total pot 240 | Rake 0 
Board [7d Js 2c Qc As]
Seat 1: Mahu2021 (big blind) folded on the River
Seat 3: luvvtoo44 (button) (small blind) collected (240)



PokerStars Hand #246883652381: Tournament #3667290452, $1.84+$0.16 USD Hold'em No Limit - Level IV (30/60) - 2023/11/02 16:26:44 CET [2023/11/02 11:26:44 ET]
Table '3667290452 1' 3-max Seat #1 is the button
Seat 1: Mahu2021 (520 in chips) 
Seat 3: luvvtoo44 (980 in chips) 
Mahu2021: posts small blind 30
luvvtoo44: posts big blind 60
*** HOLE CARDS ***
Dealt to Mahu2021 [7c Ah]
Mahu2021: raises 460 to 520 and is all-in
luvvtoo44: folds 
Uncalled bet (460) returned to Mahu2021
Mahu2021 collected 120 from pot
Mahu2021: doesn't show hand 
*** SUMMARY ***
Total pot 120 | Rake 0 
Seat 1: Mahu2021 (button) (small blind) collected (120)
Seat 3: luvvtoo44 (big blind) folded before Flop



PokerStars Hand #246883653822: Tournament #3667290452, $1.84+$0.16 USD Hold'em No Limit - Level IV (30/60) - 2023/11/02 16:26:50 CET [2023/11/02 11:26:50 ET]
Table '3667290452 1' 3-max Seat #3 is the button
Seat 1: Mahu2021 (580 in chips) 
Seat 3: luvvtoo44 (920 in chips) 
luvvtoo44: posts small blind 30
Mahu2021: posts big blind 60
*** HOLE CARDS ***
Dealt to Mahu2021 [6c 3c]
luvvtoo44: raises 860 to 920 and is all-in
Mahu2021: folds 
Uncalled bet (860) returned to luvvtoo44
luvvtoo44 collected 120 from pot
*** SUMMARY ***
Total pot 120 | Rake 0 
Seat 1: Mahu2021 (big blind) folded before Flop
Seat 3: luvvtoo44 (button) (small blind) collected (120)



PokerStars Hand #246883655174: Tournament #3667290452, $1.84+$0.16 USD Hold'em No Limit - Level IV (30/60) - 2023/11/02 16:26:56 CET [2023/11/02 11:26:56 ET]
Table '3667290452 1' 3-max Seat #1 is the button
Seat 1: Mahu2021 (520 in chips) 
Seat 3: luvvtoo44 (980 in chips) 
Mahu2021: posts small blind 30
luvvtoo44: posts big blind 60
*** HOLE CARDS ***
Dealt to Mahu2021 [Jd Tc]
Mahu2021: calls 30
luvvtoo44: raises 920 to 980 and is all-in
Mahu2021: folds 
Uncalled bet (920) returned to luvvtoo44
luvvtoo44 collected 120 from pot
*** SUMMARY ***
Total pot 120 | Rake 0 
Seat 1: Mahu2021 (button) (small blind) folded before Flop
Seat 3: luvvtoo44 (big blind) collected (120)



PokerStars Hand #246883658132: Tournament #3667290452, $1.84+$0.16 USD Hold'em No Limit - Level IV (30/60) - 2023/11/02 16:27:09 CET [2023/11/02 11:27:09 ET]
Table '3667290452 1' 3-max Seat #3 is the button
Seat 1: Mahu2021 (460 in chips) 
Seat 3: luvvtoo44 (1040 in chips) 
luvvtoo44: posts small blind 30
Mahu2021: posts big blind 60
*** HOLE CARDS ***
Dealt to Mahu2021 [9h Ts]
luvvtoo44: folds 
Uncalled bet (30) returned to Mahu2021
Mahu2021 collected 60 from pot
Mahu2021: doesn't show hand 
*** SUMMARY ***
Total pot 60 | Rake 0 
Seat 1: Mahu2021 (big blind) collected (60)
Seat 3: luvvtoo44 (button) (small blind) folded before Flop



PokerStars Hand #246883659940: Tournament #3667290452, $1.84+$0.16 USD Hold'em No Limit - Level V (40/80) - 2023/11/02 16:27:17 CET [2023/11/02 11:27:17 ET]
Table '3667290452 1' 3-max Seat #1 is the button
Seat 1: Mahu2021 (490 in chips) 
Seat 3: luvvtoo44 (1010 in chips) 
Mahu2021: posts small blind 40
luvvtoo44: posts big blind 80
*** HOLE CARDS ***
Dealt to Mahu2021 [Qs 6h]
Mahu2021: folds 
Uncalled bet (40) returned to luvvtoo44
luvvtoo44 collected 80 from pot
*** SUMMARY ***
Total pot 80 | Rake 0 
Seat 1: Mahu2021 (button) (small blind) folded before Flop
Seat 3: luvvtoo44 (big blind) collected (80)



PokerStars Hand #246883660889: Tournament #3667290452, $1.84+$0.16 USD Hold'em No Limit - Level V (40/80) - 2023/11/02 16:27:21 CET [2023/11/02 11:27:21 ET]
Table '3667290452 1' 3-max Seat #3 is the button
Seat 1: Mahu2021 (450 in chips) 
Seat 3: luvvtoo44 (1050 in chips) 
luvvtoo44: posts small blind 40
Mahu2021: posts big blind 80
*** HOLE CARDS ***
Dealt to Mahu2021 [8c 7d]
luvvtoo44: raises 970 to 1050 and is all-in
Mahu2021: folds 
Uncalled bet (970) returned to luvvtoo44
luvvtoo44 collected 160 from pot
*** SUMMARY ***
Total pot 160 | Rake 0 
Seat 1: Mahu2021 (big blind) folded before Flop
Seat 3: luvvtoo44 (button) (small blind) collected (160)



PokerStars Hand #246883662306: Tournament #3667290452, $1.84+$0.16 USD Hold'em No Limit - Level V (40/80) - 2023/11/02 16:27:27 CET [2023/11/02 11:27:27 ET]
Table '3667290452 1' 3-max Seat #1 is the button
Seat 1: Mahu2021 (370 in chips) 
Seat 3: luvvtoo44 (1130 in chips) 
Mahu2021: posts small blind 40
luvvtoo44: posts big blind 80
*** HOLE CARDS ***
Dealt to Mahu2021 [3c 7s]
Mahu2021: folds 
Uncalled bet (40) returned to luvvtoo44
luvvtoo44 collected 80 from pot
*** SUMMARY ***
Total pot 80 | Rake 0 
Seat 1: Mahu2021 (button) (small blind) folded before Flop
Seat 3: luvvtoo44 (big blind) collected (80)



PokerStars Hand #246883663257: Tournament #3667290452, $1.84+$0.16 USD Hold'em No Limit - Level V (40/80) - 2023/11/02 16:27:31 CET [2023/11/02 11:27:31 ET]
Table '3667290452 1' 3-max Seat #3 is the button
Seat 1: Mahu2021 (330 in chips) 
Seat 3: luvvtoo44 (1170 in chips) 
luvvtoo44: posts small blind 40
Mahu2021: posts big blind 80
*** HOLE CARDS ***
Dealt to Mahu2021 [Ts Ks]
luvvtoo44: folds 
Uncalled bet (40) returned to Mahu2021
Mahu2021 collected 80 from pot
Mahu2021: doesn't show hand 
*** SUMMARY ***
Total pot 80 | Rake 0 
Seat 1: Mahu2021 (big blind) collected (80)
Seat 3: luvvtoo44 (button) (small blind) folded before Flop



PokerStars Hand #246883664413: Tournament #3667290452, $1.84+$0.16 USD Hold'em No Limit - Level V (40/80) - 2023/11/02 16:27:36 CET [2023/11/02 11:27:36 ET]
Table '3667290452 1' 3-max Seat #1 is the button
Seat 1: Mahu2021 (370 in chips) 
Seat 3: luvvtoo44 (1130 in chips) 
Mahu2021: posts small blind 40
luvvtoo44: posts big blind 80
*** HOLE CARDS ***
Dealt to Mahu2021 [5d 3d]
Mahu2021: folds 
Uncalled bet (40) returned to luvvtoo44
luvvtoo44 collected 80 from pot
*** SUMMARY ***
Total pot 80 | Rake 0 
Seat 1: Mahu2021 (button) (small blind) folded before Flop
Seat 3: luvvtoo44 (big blind) collected (80)



PokerStars Hand #246883665391: Tournament #3667290452, $1.84+$0.16 USD Hold'em No Limit - Level V (40/80) - 2023/11/02 16:27:40 CET [2023/11/02 11:27:40 ET]
Table '3667290452 1' 3-max Seat #3 is the button
Seat 1: Mahu2021 (330 in chips) 
Seat 3: luvvtoo44 (1170 in chips) 
luvvtoo44: posts small blind 40
Mahu2021: posts big blind 80
*** HOLE CARDS ***
Dealt to Mahu2021 [5c Tc]
luvvtoo44: folds 
Uncalled bet (40) returned to Mahu2021
Mahu2021 collected 80 from pot
Mahu2021: doesn't show hand 
*** SUMMARY ***
Total pot 80 | Rake 0 
Seat 1: Mahu2021 (big blind) collected (80)
Seat 3: luvvtoo44 (button) (small blind) folded before Flop



PokerStars Hand #246883666515: Tournament #3667290452, $1.84+$0.16 USD Hold'em No Limit - Level V (40/80) - 2023/11/02 16:27:45 CET [2023/11/02 11:27:45 ET]
Table '3667290452 1' 3-max Seat #1 is the button
Seat 1: Mahu2021 (370 in chips) 
Seat 3: luvvtoo44 (1130 in chips) 
Mahu2021: posts small blind 40
luvvtoo44: posts big blind 80
*** HOLE CARDS ***
Dealt to Mahu2021 [9s 3h]
Mahu2021: folds 
Uncalled bet (40) returned to luvvtoo44
luvvtoo44 collected 80 from pot
*** SUMMARY ***
Total pot 80 | Rake 0 
Seat 1: Mahu2021 (button) (small blind) folded before Flop
Seat 3: luvvtoo44 (big blind) collected (80)



PokerStars Hand #246883667577: Tournament #3667290452, $1.84+$0.16 USD Hold'em No Limit - Level V (40/80) - 2023/11/02 16:27:50 CET [2023/11/02 11:27:50 ET]
Table '3667290452 1' 3-max Seat #3 is the button
Seat 1: Mahu2021 (330 in chips) 
Seat 3: luvvtoo44 (1170 in chips) 
luvvtoo44: posts small blind 40
Mahu2021: posts big blind 80
*** HOLE CARDS ***
Dealt to Mahu2021 [Th 7d]
luvvtoo44: folds 
Uncalled bet (40) returned to Mahu2021
Mahu2021 collected 80 from pot
Mahu2021: doesn't show hand 
*** SUMMARY ***
Total pot 80 | Rake 0 
Seat 1: Mahu2021 (big blind) collected (80)
Seat 3: luvvtoo44 (button) (small blind) folded before Flop



PokerStars Hand #246883668563: Tournament #3667290452, $1.84+$0.16 USD Hold'em No Limit - Level V (40/80) - 2023/11/02 16:27:54 CET [2023/11/02 11:27:54 ET]
Table '3667290452 1' 3-max Seat #1 is the button
Seat 1: Mahu2021 (370 in chips) 
Seat 3: luvvtoo44 (1130 in chips) 
Mahu2021: posts small blind 40
luvvtoo44: posts big blind 80
*** HOLE CARDS ***
Dealt to Mahu2021 [Jh 8d]
Mahu2021: raises 290 to 370 and is all-in
luvvtoo44: folds 
Uncalled bet (290) returned to Mahu2021
Mahu2021 collected 160 from pot
Mahu2021: doesn't show hand 
*** SUMMARY ***
Total pot 160 | Rake 0 
Seat 1: Mahu2021 (button) (small blind) collected (160)
Seat 3: luvvtoo44 (big blind) folded before Flop



PokerStars Hand #246883671675: Tournament #3667290452, $1.84+$0.16 USD Hold'em No Limit - Level V (40/80) - 2023/11/02 16:28:07 CET [2023/11/02 11:28:07 ET]
Table '3667290452 1' 3-max Seat #3 is the button
Seat 1: Mahu2021 (450 in chips) 
Seat 3: luvvtoo44 (1050 in chips) 
luvvtoo44: posts small blind 40
Mahu2021: posts big blind 80
*** HOLE CARDS ***
Dealt to Mahu2021 [Qh Td]
luvvtoo44: raises 970 to 1050 and is all-in
Mahu2021: calls 370 and is all-in
Uncalled bet (600) returned to luvvtoo44
*** FLOP *** [9c Jd 6d]
*** TURN *** [9c Jd 6d] [7s]
*** RIVER *** [9c Jd 6d 7s] [6c]
*** SHOW DOWN ***
Mahu2021: shows [Qh Td] (a pair of Sixes)
luvvtoo44: shows [8c 5d] (a straight, Five to Nine)
luvvtoo44 collected 900 from pot
Mahu2021 finished the tournament in 2nd place
luvvtoo44 wins the tournament and receives $4.00 - congratulations!
*** SUMMARY ***
Total pot 900 | Rake 0 
Board [9c Jd 6d 7s 6c]
Seat 1: Mahu2021 (big blind) showed [Qh Td] and lost with a pair of Sixes
Seat 3: luvvtoo44 (button) (small blind) showed [8c 5d] and won (900) with a straight, Five to Nine



