PokerStars Hand #253472717930: Tournament #3825105269, $1.84+$0.16 USD Hold'em No Limit - Level I (10/20) - 2024/11/19 7:50:08 CET [2024/11/19 1:50:08 ET]
Table '3825105269 1' 3-max Seat #1 is the button
Seat 1: M1kalay (500 in chips) 
Seat 2: ShaolinPigKilll (500 in chips) 
Seat 3: Mahu2021 (500 in chips) 
ShaolinPigKilll: posts small blind 10
Mahu2021: posts big blind 20
*** HOLE CARDS ***
Dealt to Mahu2021 [7c 5c]
M1kalay: raises 40 to 60
ShaolinPigKilll: calls 50
Mahu2021: folds 
*** FLOP *** [5h Jh 7d]
ShaolinPigKilll: checks 
M1kalay: checks 
*** TURN *** [5h Jh 7d] [2c]
ShaolinPigKilll: bets 110
M1kalay: folds 
Uncalled bet (110) returned to ShaolinPigKilll
ShaolinPigKilll collected 140 from pot
ShaolinPigKilll: doesn't show hand 
*** SUMMARY ***
Total pot 140 | Rake 0 
Board [5h Jh 7d 2c]
Seat 1: M1kalay (button) folded on the Turn
Seat 2: ShaolinPigKilll (small blind) collected (140)
Seat 3: Mahu2021 (big blind) folded before Flop



PokerStars Hand #253472719426: Tournament #3825105269, $1.84+$0.16 USD Hold'em No Limit - Level I (10/20) - 2024/11/19 7:50:30 CET [2024/11/19 1:50:30 ET]
Table '3825105269 1' 3-max Seat #2 is the button
Seat 1: M1kalay (440 in chips) 
Seat 2: ShaolinPigKilll (580 in chips) 
Seat 3: Mahu2021 (480 in chips) 
Mahu2021: posts small blind 10
M1kalay: posts big blind 20
*** HOLE CARDS ***
Dealt to Mahu2021 [Tc As]
ShaolinPigKilll: raises 20 to 40
Mahu2021: calls 30
M1kalay: folds 
*** FLOP *** [Js 7s Ac]
Mahu2021: checks 
ShaolinPigKilll: bets 50
Mahu2021: calls 50
*** TURN *** [Js 7s Ac] [Jd]
Mahu2021: checks 
ShaolinPigKilll: checks 
*** RIVER *** [Js 7s Ac Jd] [4d]
Mahu2021: bets 80
ShaolinPigKilll: raises 120 to 200
Mahu2021: calls 120
*** SHOW DOWN ***
ShaolinPigKilll: shows [Ad 9c] (two pair, Aces and Jacks)
Mahu2021: shows [Tc As] (two pair, Aces and Jacks - Ten kicker)
Mahu2021 collected 600 from pot
*** SUMMARY ***
Total pot 600 | Rake 0 
Board [Js 7s Ac Jd 4d]
Seat 1: M1kalay (big blind) folded before Flop
Seat 2: ShaolinPigKilll (button) showed [Ad 9c] and lost with two pair, Aces and Jacks
Seat 3: Mahu2021 (small blind) showed [Tc As] and won (600) with two pair, Aces and Jacks



PokerStars Hand #253472720761: Tournament #3825105269, $1.84+$0.16 USD Hold'em No Limit - Level I (10/20) - 2024/11/19 7:50:50 CET [2024/11/19 1:50:50 ET]
Table '3825105269 1' 3-max Seat #3 is the button
Seat 1: M1kalay (420 in chips) 
Seat 2: ShaolinPigKilll (290 in chips) 
Seat 3: Mahu2021 (790 in chips) 
M1kalay: posts small blind 10
ShaolinPigKilll: posts big blind 20
*** HOLE CARDS ***
Dealt to Mahu2021 [Kd 4c]
Mahu2021: folds 
M1kalay: folds 
Uncalled bet (10) returned to ShaolinPigKilll
ShaolinPigKilll collected 20 from pot
ShaolinPigKilll: doesn't show hand 
*** SUMMARY ***
Total pot 20 | Rake 0 
Seat 1: M1kalay (small blind) folded before Flop
Seat 2: ShaolinPigKilll (big blind) collected (20)
Seat 3: Mahu2021 (button) folded before Flop (didn't bet)



PokerStars Hand #253472721434: Tournament #3825105269, $1.84+$0.16 USD Hold'em No Limit - Level I (10/20) - 2024/11/19 7:51:00 CET [2024/11/19 1:51:00 ET]
Table '3825105269 1' 3-max Seat #1 is the button
Seat 1: M1kalay (410 in chips) 
Seat 2: ShaolinPigKilll (300 in chips) 
Seat 3: Mahu2021 (790 in chips) 
ShaolinPigKilll: posts small blind 10
Mahu2021: posts big blind 20
*** HOLE CARDS ***
Dealt to Mahu2021 [Td 9s]
M1kalay: folds 
ShaolinPigKilll: calls 10
Mahu2021: checks 
*** FLOP *** [Jh 5d Kc]
ShaolinPigKilll: checks 
Mahu2021: checks 
*** TURN *** [Jh 5d Kc] [Kh]
ShaolinPigKilll: bets 40
Mahu2021: folds 
Uncalled bet (40) returned to ShaolinPigKilll
ShaolinPigKilll collected 40 from pot
ShaolinPigKilll: doesn't show hand 
*** SUMMARY ***
Total pot 40 | Rake 0 
Board [Jh 5d Kc Kh]
Seat 1: M1kalay (button) folded before Flop (didn't bet)
Seat 2: ShaolinPigKilll (small blind) collected (40)
Seat 3: Mahu2021 (big blind) folded on the Turn



PokerStars Hand #253472722745: Tournament #3825105269, $1.84+$0.16 USD Hold'em No Limit - Level I (10/20) - 2024/11/19 7:51:20 CET [2024/11/19 1:51:20 ET]
Table '3825105269 1' 3-max Seat #2 is the button
Seat 1: M1kalay (410 in chips) 
Seat 2: ShaolinPigKilll (320 in chips) 
Seat 3: Mahu2021 (770 in chips) 
Mahu2021: posts small blind 10
M1kalay: posts big blind 20
*** HOLE CARDS ***
Dealt to Mahu2021 [7h Th]
ShaolinPigKilll: calls 20
Mahu2021: calls 10
M1kalay: raises 390 to 410 and is all-in
ShaolinPigKilll: folds 
Mahu2021: folds 
Uncalled bet (390) returned to M1kalay
M1kalay collected 60 from pot
*** SUMMARY ***
Total pot 60 | Rake 0 
Seat 1: M1kalay (big blind) collected (60)
Seat 2: ShaolinPigKilll (button) folded before Flop
Seat 3: Mahu2021 (small blind) folded before Flop



PokerStars Hand #253472723441: Tournament #3825105269, $1.84+$0.16 USD Hold'em No Limit - Level I (10/20) - 2024/11/19 7:51:31 CET [2024/11/19 1:51:31 ET]
Table '3825105269 1' 3-max Seat #3 is the button
Seat 1: M1kalay (450 in chips) 
Seat 2: ShaolinPigKilll (300 in chips) 
Seat 3: Mahu2021 (750 in chips) 
M1kalay: posts small blind 10
ShaolinPigKilll: posts big blind 20
*** HOLE CARDS ***
Dealt to Mahu2021 [2c Qs]
Mahu2021: folds 
M1kalay: raises 40 to 60
ShaolinPigKilll: calls 40
*** FLOP *** [Tc 8s Js]
M1kalay: checks 
ShaolinPigKilll: checks 
*** TURN *** [Tc 8s Js] [2s]
M1kalay: bets 20
ShaolinPigKilll: calls 20
*** RIVER *** [Tc 8s Js 2s] [9h]
M1kalay: checks 
ShaolinPigKilll: checks 
*** SHOW DOWN ***
M1kalay: shows [8h 8c] (three of a kind, Eights)
ShaolinPigKilll: mucks hand 
M1kalay collected 160 from pot
*** SUMMARY ***
Total pot 160 | Rake 0 
Board [Tc 8s Js 2s 9h]
Seat 1: M1kalay (small blind) showed [8h 8c] and won (160) with three of a kind, Eights
Seat 2: ShaolinPigKilll (big blind) mucked [5c 5h]
Seat 3: Mahu2021 (button) folded before Flop (didn't bet)



PokerStars Hand #253472725690: Tournament #3825105269, $1.84+$0.16 USD Hold'em No Limit - Level I (10/20) - 2024/11/19 7:52:03 CET [2024/11/19 1:52:03 ET]
Table '3825105269 1' 3-max Seat #1 is the button
Seat 1: M1kalay (530 in chips) 
Seat 2: ShaolinPigKilll (220 in chips) 
Seat 3: Mahu2021 (750 in chips) 
ShaolinPigKilll: posts small blind 10
Mahu2021: posts big blind 20
*** HOLE CARDS ***
Dealt to Mahu2021 [2d 4h]
M1kalay: raises 20 to 40
ShaolinPigKilll: calls 30
Mahu2021: folds 
*** FLOP *** [9h 9c 5s]
ShaolinPigKilll: checks 
M1kalay: bets 50
ShaolinPigKilll: calls 50
*** TURN *** [9h 9c 5s] [8s]
ShaolinPigKilll: checks 
M1kalay: bets 100
ShaolinPigKilll: calls 100
*** RIVER *** [9h 9c 5s 8s] [5c]
ShaolinPigKilll: checks 
M1kalay: checks 
*** SHOW DOWN ***
ShaolinPigKilll: shows [Kd 8c] (two pair, Nines and Eights)
M1kalay: shows [Ac Ad] (two pair, Aces and Nines)
M1kalay collected 400 from pot
*** SUMMARY ***
Total pot 400 | Rake 0 
Board [9h 9c 5s 8s 5c]
Seat 1: M1kalay (button) showed [Ac Ad] and won (400) with two pair, Aces and Nines
Seat 2: ShaolinPigKilll (small blind) showed [Kd 8c] and lost with two pair, Nines and Eights
Seat 3: Mahu2021 (big blind) folded before Flop



PokerStars Hand #253472727694: Tournament #3825105269, $1.84+$0.16 USD Hold'em No Limit - Level II (15/30) - 2024/11/19 7:52:32 CET [2024/11/19 1:52:32 ET]
Table '3825105269 1' 3-max Seat #2 is the button
Seat 1: M1kalay (740 in chips) 
Seat 2: ShaolinPigKilll (30 in chips) 
Seat 3: Mahu2021 (730 in chips) 
Mahu2021: posts small blind 15
M1kalay: posts big blind 30
*** HOLE CARDS ***
Dealt to Mahu2021 [7s 8h]
ShaolinPigKilll: calls 30 and is all-in
Mahu2021: calls 15
M1kalay: checks 
*** FLOP *** [Qd 4s Th]
Mahu2021: checks 
M1kalay: bets 30
Mahu2021: folds 
Uncalled bet (30) returned to M1kalay
*** TURN *** [Qd 4s Th] [8s]
*** RIVER *** [Qd 4s Th 8s] [7c]
*** SHOW DOWN ***
M1kalay: shows [4h Qs] (two pair, Queens and Fours)
ShaolinPigKilll: shows [Qc Ks] (a pair of Queens)
M1kalay collected 90 from pot
ShaolinPigKilll finished the tournament in 3rd place
*** SUMMARY ***
Total pot 90 | Rake 0 
Board [Qd 4s Th 8s 7c]
Seat 1: M1kalay (big blind) showed [4h Qs] and won (90) with two pair, Queens and Fours
Seat 2: ShaolinPigKilll (button) showed [Qc Ks] and lost with a pair of Queens
Seat 3: Mahu2021 (small blind) folded on the Flop



PokerStars Hand #253472729035: Tournament #3825105269, $1.84+$0.16 USD Hold'em No Limit - Level II (15/30) - 2024/11/19 7:52:52 CET [2024/11/19 1:52:52 ET]
Table '3825105269 1' 3-max Seat #1 is the button
Seat 1: M1kalay (800 in chips) 
Seat 3: Mahu2021 (700 in chips) 
M1kalay: posts small blind 15
Mahu2021: posts big blind 30
*** HOLE CARDS ***
Dealt to Mahu2021 [2s 2d]
M1kalay: raises 30 to 60
Mahu2021: calls 30
*** FLOP *** [7s Jd 6s]
Mahu2021: checks 
M1kalay: bets 60
Mahu2021: raises 60 to 120
M1kalay: calls 60
*** TURN *** [7s Jd 6s] [Qd]
Mahu2021: checks 
M1kalay: bets 120
Mahu2021: folds 
Uncalled bet (120) returned to M1kalay
M1kalay collected 360 from pot
*** SUMMARY ***
Total pot 360 | Rake 0 
Board [7s Jd 6s Qd]
Seat 1: M1kalay (button) (small blind) collected (360)
Seat 3: Mahu2021 (big blind) folded on the Turn



PokerStars Hand #253472730723: Tournament #3825105269, $1.84+$0.16 USD Hold'em No Limit - Level II (15/30) - 2024/11/19 7:53:17 CET [2024/11/19 1:53:17 ET]
Table '3825105269 1' 3-max Seat #3 is the button
Seat 1: M1kalay (980 in chips) 
Seat 3: Mahu2021 (520 in chips) 
Mahu2021: posts small blind 15
M1kalay: posts big blind 30
*** HOLE CARDS ***
Dealt to Mahu2021 [8h 7d]
Mahu2021: calls 15
M1kalay: checks 
*** FLOP *** [Kd 4s Ks]
M1kalay: checks 
Mahu2021: checks 
*** TURN *** [Kd 4s Ks] [Jc]
M1kalay: checks 
Mahu2021: checks 
*** RIVER *** [Kd 4s Ks Jc] [Kc]
M1kalay: checks 
Mahu2021: checks 
*** SHOW DOWN ***
M1kalay: shows [3d 2d] (three of a kind, Kings)
Mahu2021: shows [8h 7d] (three of a kind, Kings - Jack+Eight kicker)
Mahu2021 collected 60 from pot
*** SUMMARY ***
Total pot 60 | Rake 0 
Board [Kd 4s Ks Jc Kc]
Seat 1: M1kalay (big blind) showed [3d 2d] and lost with three of a kind, Kings
Seat 3: Mahu2021 (button) (small blind) showed [8h 7d] and won (60) with three of a kind, Kings



PokerStars Hand #253472731791: Tournament #3825105269, $1.84+$0.16 USD Hold'em No Limit - Level II (15/30) - 2024/11/19 7:53:34 CET [2024/11/19 1:53:34 ET]
Table '3825105269 1' 3-max Seat #1 is the button
Seat 1: M1kalay (950 in chips) 
Seat 3: Mahu2021 (550 in chips) 
M1kalay: posts small blind 15
Mahu2021: posts big blind 30
*** HOLE CARDS ***
Dealt to Mahu2021 [4h Jh]
M1kalay: raises 30 to 60
Mahu2021: calls 30
*** FLOP *** [9c 3c 8d]
Mahu2021: checks 
M1kalay: checks 
*** TURN *** [9c 3c 8d] [2h]
Mahu2021: checks 
M1kalay: checks 
*** RIVER *** [9c 3c 8d 2h] [Qs]
Mahu2021: checks 
M1kalay: bets 60
Mahu2021: folds 
Uncalled bet (60) returned to M1kalay
M1kalay collected 120 from pot
*** SUMMARY ***
Total pot 120 | Rake 0 
Board [9c 3c 8d 2h Qs]
Seat 1: M1kalay (button) (small blind) collected (120)
Seat 3: Mahu2021 (big blind) folded on the River



PokerStars Hand #253472733148: Tournament #3825105269, $1.84+$0.16 USD Hold'em No Limit - Level II (15/30) - 2024/11/19 7:53:54 CET [2024/11/19 1:53:54 ET]
Table '3825105269 1' 3-max Seat #3 is the button
Seat 1: M1kalay (1010 in chips) 
Seat 3: Mahu2021 (490 in chips) 
Mahu2021: posts small blind 15
M1kalay: posts big blind 30
*** HOLE CARDS ***
Dealt to Mahu2021 [2d 6d]
Mahu2021: folds 
Uncalled bet (15) returned to M1kalay
M1kalay collected 30 from pot
*** SUMMARY ***
Total pot 30 | Rake 0 
Seat 1: M1kalay (big blind) collected (30)
Seat 3: Mahu2021 (button) (small blind) folded before Flop



PokerStars Hand #253472733453: Tournament #3825105269, $1.84+$0.16 USD Hold'em No Limit - Level II (15/30) - 2024/11/19 7:53:59 CET [2024/11/19 1:53:59 ET]
Table '3825105269 1' 3-max Seat #1 is the button
Seat 1: M1kalay (1025 in chips) 
Seat 3: Mahu2021 (475 in chips) 
M1kalay: posts small blind 15
Mahu2021: posts big blind 30
*** HOLE CARDS ***
Dealt to Mahu2021 [6s 3c]
M1kalay: raises 30 to 60
Mahu2021: folds 
Uncalled bet (30) returned to M1kalay
M1kalay collected 60 from pot
*** SUMMARY ***
Total pot 60 | Rake 0 
Seat 1: M1kalay (button) (small blind) collected (60)
Seat 3: Mahu2021 (big blind) folded before Flop



PokerStars Hand #253472733879: Tournament #3825105269, $1.84+$0.16 USD Hold'em No Limit - Level II (15/30) - 2024/11/19 7:54:05 CET [2024/11/19 1:54:05 ET]
Table '3825105269 1' 3-max Seat #3 is the button
Seat 1: M1kalay (1055 in chips) 
Seat 3: Mahu2021 (445 in chips) 
Mahu2021: posts small blind 15
M1kalay: posts big blind 30
*** HOLE CARDS ***
Dealt to Mahu2021 [Js Kd]
Mahu2021: raises 30 to 60
M1kalay: raises 995 to 1055 and is all-in
Mahu2021: calls 385 and is all-in
Uncalled bet (610) returned to M1kalay
*** FLOP *** [9h Jc 6c]
*** TURN *** [9h Jc 6c] [3h]
*** RIVER *** [9h Jc 6c 3h] [6d]
*** SHOW DOWN ***
M1kalay: shows [9d 9c] (a full house, Nines full of Sixes)
Mahu2021: shows [Js Kd] (two pair, Jacks and Sixes)
M1kalay collected 890 from pot
Mahu2021 finished the tournament in 2nd place
M1kalay wins the tournament and receives $4.00 - congratulations!
*** SUMMARY ***
Total pot 890 | Rake 0 
Board [9h Jc 6c 3h 6d]
Seat 1: M1kalay (big blind) showed [9d 9c] and won (890) with a full house, Nines full of Sixes
Seat 3: Mahu2021 (button) (small blind) showed [Js Kd] and lost with two pair, Jacks and Sixes



