PokerStars Zoom Hand #255094019761:  Hold'em No Limit ($0.05/$0.10) - 2025/03/01 21:50:08 CET [2025/03/01 15:50:08 ET]
Table 'Aludra' 6-max Seat #1 is the button
Seat 1: crytexs123 ($23.43 in chips) 
Seat 2: fregel05 ($10 in chips) 
Seat 3: polina70 ($3.63 in chips) 
Seat 4: Die8 ($12.28 in chips) 
Seat 5: enry7.ice ($10.22 in chips) 
Seat 6: Mahu2021 ($9.90 in chips) 
fregel05: posts small blind $0.05
polina70: posts big blind $0.10
*** HOLE CARDS ***
Dealt to Mahu2021 [Qs Kh]
Die8: folds 
enry7.ice: folds 
Mahu2021: raises $0.14 to $0.24
crytexs123: folds 
fregel05: folds 
polina70: calls $0.14
*** FLOP *** [Td Ts 7c]
polina70: checks 
Mahu2021: checks 
*** TURN *** [Td Ts 7c] [5d]
polina70: checks 
Mahu2021: checks 
*** RIVER *** [Td Ts 7c 5d] [Js]
polina70: bets $0.30
Mahu2021: folds 
Uncalled bet ($0.30) returned to polina70
polina70 collected $0.51 from pot
polina70: doesn't show hand 
*** SUMMARY ***
Total pot $0.53 | Rake $0.02 
Board [Td Ts 7c 5d Js]
Seat 1: crytexs123 (button) folded before Flop (didn't bet)
Seat 2: fregel05 (small blind) folded before Flop
Seat 3: polina70 (big blind) collected ($0.51)
Seat 4: Die8 folded before Flop (didn't bet)
Seat 5: enry7.ice folded before Flop (didn't bet)
Seat 6: Mahu2021 folded on the River



PokerStars Zoom Hand #255094026848:  Hold'em No Limit ($0.05/$0.10) - 2025/03/01 21:50:33 CET [2025/03/01 15:50:33 ET]
Table 'Aludra' 6-max Seat #1 is the button
Seat 1: durugica10 ($26.61 in chips) 
Seat 2: Mahu2021 ($9.66 in chips) 
Seat 3: overmind27 ($11.21 in chips) 
Seat 4: gareth76 ($6 in chips) 
Seat 5: 491811 ($4.26 in chips) 
Seat 6: Jajje7 ($12.49 in chips) 
Mahu2021: posts small blind $0.05
overmind27: posts big blind $0.10
*** HOLE CARDS ***
Dealt to Mahu2021 [9d 3s]
gareth76: folds 
491811: folds 
Jajje7: folds 
durugica10: raises $0.12 to $0.22
Mahu2021: folds 
overmind27: folds 
Uncalled bet ($0.12) returned to durugica10
durugica10 collected $0.25 from pot
durugica10: doesn't show hand 
*** SUMMARY ***
Total pot $0.25 | Rake $0 
Seat 1: durugica10 (button) collected ($0.25)
Seat 2: Mahu2021 (small blind) folded before Flop
Seat 3: overmind27 (big blind) folded before Flop
Seat 4: gareth76 folded before Flop (didn't bet)
Seat 5: 491811 folded before Flop (didn't bet)
Seat 6: Jajje7 folded before Flop (didn't bet)



PokerStars Zoom Hand #255094018185:  Hold'em No Limit ($0.05/$0.10) - 2025/03/01 21:50:02 CET [2025/03/01 15:50:02 ET]
Table 'Aludra' 6-max Seat #1 is the button
Seat 1: RoWw23 ($14.04 in chips) 
Seat 2: Fpithers ($18.69 in chips) 
Seat 3: Mahu2021 ($10 in chips) 
Seat 4: sonyks2007 ($10 in chips) 
Seat 5: JonKing75 ($36.35 in chips) 
Seat 6: gio!!!160490 ($16.86 in chips) 
Fpithers: posts small blind $0.05
Mahu2021: posts big blind $0.10
*** HOLE CARDS ***
Dealt to Mahu2021 [2h 3s]
sonyks2007: raises $0.10 to $0.20
JonKing75: calls $0.20
gio!!!160490: folds 
RoWw23: raises $0.75 to $0.95
Fpithers: folds 
Mahu2021: folds 
sonyks2007: folds 
JonKing75: calls $0.75
*** FLOP *** [8h 7s Ks]
JonKing75: checks 
RoWw23: bets $0.71
JonKing75: raises $0.71 to $1.42
RoWw23: calls $0.71
*** TURN *** [8h 7s Ks] [Kh]
JonKing75: bets $2.43
RoWw23: calls $2.43
*** RIVER *** [8h 7s Ks Kh] [Th]
JonKing75: bets $9.50
RoWw23: calls $9.24 and is all-in
Uncalled bet ($0.26) returned to JonKing75
*** SHOW DOWN ***
JonKing75: shows [8c 8s] (a full house, Eights full of Kings)
RoWw23: shows [Kd Qd] (three of a kind, Kings)
JonKing75 collected $27.15 from pot
*** SUMMARY ***
Total pot $28.43 | Rake $1.28 
Board [8h 7s Ks Kh Th]
Seat 1: RoWw23 (button) showed [Kd Qd] and lost with three of a kind, Kings
Seat 2: Fpithers (small blind) folded before Flop
Seat 3: Mahu2021 (big blind) folded before Flop
Seat 4: sonyks2007 folded before Flop
Seat 5: JonKing75 showed [8c 8s] and won ($27.15) with a full house, Eights full of Kings
Seat 6: gio!!!160490 folded before Flop (didn't bet)



PokerStars Zoom Hand #255094028989:  Hold'em No Limit ($0.05/$0.10) - 2025/03/01 21:50:41 CET [2025/03/01 15:50:41 ET]
Table 'Aludra' 6-max Seat #1 is the button
Seat 1: Mahu2021 ($9.61 in chips) 
Seat 2: NutHunt5R ($36.92 in chips) 
Seat 3: sur_d_yan ($5.37 in chips) 
Seat 4: superMike233 ($10 in chips) 
Seat 5: anacarlacelso ($17.76 in chips) 
Seat 6: Fpithers ($28 in chips) 
NutHunt5R: posts small blind $0.05
sur_d_yan: posts big blind $0.10
*** HOLE CARDS ***
Dealt to Mahu2021 [As Ac]
superMike233: folds 
anacarlacelso: folds 
Fpithers: folds 
Mahu2021: raises $0.20 to $0.30
NutHunt5R: folds 
sur_d_yan: folds 
Uncalled bet ($0.20) returned to Mahu2021
Mahu2021 collected $0.25 from pot
Mahu2021: doesn't show hand 
*** SUMMARY ***
Total pot $0.25 | Rake $0 
Seat 1: Mahu2021 (button) collected ($0.25)
Seat 2: NutHunt5R (small blind) folded before Flop
Seat 3: sur_d_yan (big blind) folded before Flop
Seat 4: superMike233 folded before Flop (didn't bet)
Seat 5: anacarlacelso folded before Flop (didn't bet)
Seat 6: Fpithers folded before Flop (didn't bet)



PokerStars Zoom Hand #255094034291:  Hold'em No Limit ($0.05/$0.10) - 2025/03/01 21:50:59 CET [2025/03/01 15:50:59 ET]
Table 'Aludra' 6-max Seat #1 is the button
Seat 1: BigfootWwa ($10.25 in chips) 
Seat 2: AnjinhoTrex ($18.57 in chips) 
Seat 3: mrbombpot ($19.99 in chips) 
Seat 4: Mahu2021 ($9.76 in chips) 
Seat 5: Jajje7 ($12.39 in chips) 
Seat 6: emo114 ($11.24 in chips) 
AnjinhoTrex: posts small blind $0.05
mrbombpot: posts big blind $0.10
*** HOLE CARDS ***
Dealt to Mahu2021 [2h 6d]
Mahu2021: folds 
Jajje7: folds 
emo114: folds 
BigfootWwa: folds 
AnjinhoTrex: folds 
Uncalled bet ($0.05) returned to mrbombpot
mrbombpot collected $0.10 from pot
mrbombpot: doesn't show hand 
*** SUMMARY ***
Total pot $0.10 | Rake $0 
Seat 1: BigfootWwa (button) folded before Flop (didn't bet)
Seat 2: AnjinhoTrex (small blind) folded before Flop
Seat 3: mrbombpot (big blind) collected ($0.10)
Seat 4: Mahu2021 folded before Flop (didn't bet)
Seat 5: Jajje7 folded before Flop (didn't bet)
Seat 6: emo114 folded before Flop (didn't bet)



PokerStars Zoom Hand #255094043957:  Hold'em No Limit ($0.05/$0.10) - 2025/03/01 21:51:33 CET [2025/03/01 15:51:33 ET]
Table 'Aludra' 6-max Seat #1 is the button
Seat 1: welshman19 ($16.40 in chips) 
Seat 2: Mahu2021 ($9.66 in chips) 
Seat 3: Last70 ($19.32 in chips) 
Seat 4: gpap241182 ($8.80 in chips) 
Seat 5: szabarna ($10 in chips) 
Seat 6: acd_045 ($17.26 in chips) 
Mahu2021: posts small blind $0.05
Last70: posts big blind $0.10
*** HOLE CARDS ***
Dealt to Mahu2021 [Ac As]
gpap241182: folds 
szabarna: raises $0.20 to $0.30
acd_045: folds 
welshman19: folds 
Mahu2021: raises $9.36 to $9.66 and is all-in
Last70: folds 
szabarna: folds 
Uncalled bet ($9.36) returned to Mahu2021
Mahu2021 collected $0.70 from pot
Mahu2021: doesn't show hand 
*** SUMMARY ***
Total pot $0.70 | Rake $0 
Seat 1: welshman19 (button) folded before Flop (didn't bet)
Seat 2: Mahu2021 (small blind) collected ($0.70)
Seat 3: Last70 (big blind) folded before Flop
Seat 4: gpap241182 folded before Flop (didn't bet)
Seat 5: szabarna folded before Flop
Seat 6: acd_045 folded before Flop (didn't bet)



PokerStars Zoom Hand #255094042820:  Hold'em No Limit ($0.05/$0.10) - 2025/03/01 21:51:29 CET [2025/03/01 15:51:29 ET]
Table 'Aludra' 6-max Seat #1 is the button
Seat 1: masi1951 ($4.85 in chips) 
Seat 2: SAVKA71 ($9.90 in chips) 
Seat 3: iam2fun4u ($9.81 in chips) 
Seat 4: NutHunt5R ($37.18 in chips) 
Seat 5: Mahu2021 ($9.66 in chips) 
Seat 6: Sniffer20 ($16.13 in chips) 
SAVKA71: posts small blind $0.05
iam2fun4u: posts big blind $0.10
*** HOLE CARDS ***
Dealt to Mahu2021 [6s 4h]
NutHunt5R: folds 
Mahu2021: folds 
Sniffer20: folds 
masi1951: raises $0.30 to $0.40
SAVKA71: calls $0.35
iam2fun4u: raises $9.41 to $9.81 and is all-in
masi1951: folds 
SAVKA71: calls $9.41
*** FLOP *** [7h 9s 6c]
*** TURN *** [7h 9s 6c] [5s]
*** RIVER *** [7h 9s 6c 5s] [Qs]
*** SHOW DOWN ***
SAVKA71: shows [8h 6h] (a straight, Five to Nine)
iam2fun4u: shows [Kc Kh] (a pair of Kings)
SAVKA71 collected $19.12 from pot
*** SUMMARY ***
Total pot $20.02 | Rake $0.90 
Board [7h 9s 6c 5s Qs]
Seat 1: masi1951 (button) folded before Flop
Seat 2: SAVKA71 (small blind) showed [8h 6h] and won ($19.12) with a straight, Five to Nine
Seat 3: iam2fun4u (big blind) showed [Kc Kh] and lost with a pair of Kings
Seat 4: NutHunt5R folded before Flop (didn't bet)
Seat 5: Mahu2021 folded before Flop (didn't bet)
Seat 6: Sniffer20 folded before Flop (didn't bet)



PokerStars Zoom Hand #255094035333:  Hold'em No Limit ($0.05/$0.10) - 2025/03/01 21:51:03 CET [2025/03/01 15:51:03 ET]
Table 'Aludra' 6-max Seat #1 is the button
Seat 1: Jajje7 ($12.39 in chips) 
Seat 2: Hopewar ($21.24 in chips) 
Seat 3: Mahu2021 ($9.76 in chips) 
Seat 4: go_vandam ($15.84 in chips) 
Seat 5: emo114 ($22.14 in chips) 
Seat 6: KidMamba ($92.47 in chips) 
Hopewar: posts small blind $0.05
Mahu2021: posts big blind $0.10
*** HOLE CARDS ***
Dealt to Mahu2021 [2s 7d]
go_vandam: calls $0.10
emo114: folds 
KidMamba: calls $0.10
Jajje7: folds 
Hopewar: folds 
Mahu2021: checks 
*** FLOP *** [4c 2c 8s]
Mahu2021: checks 
go_vandam: bets $0.20
KidMamba: calls $0.20
Mahu2021: folds 
*** TURN *** [4c 2c 8s] [Jd]
go_vandam: checks 
KidMamba: checks 
*** RIVER *** [4c 2c 8s Jd] [Kh]
go_vandam: bets $0.50
KidMamba: folds 
Uncalled bet ($0.50) returned to go_vandam
go_vandam collected $0.72 from pot
go_vandam: doesn't show hand 
*** SUMMARY ***
Total pot $0.75 | Rake $0.03 
Board [4c 2c 8s Jd Kh]
Seat 1: Jajje7 (button) folded before Flop (didn't bet)
Seat 2: Hopewar (small blind) folded before Flop
Seat 3: Mahu2021 (big blind) folded on the Flop
Seat 4: go_vandam collected ($0.72)
Seat 5: emo114 folded before Flop (didn't bet)
Seat 6: KidMamba folded on the River



PokerStars Zoom Hand #255094051527:  Hold'em No Limit ($0.05/$0.10) - 2025/03/01 21:51:59 CET [2025/03/01 15:51:59 ET]
Table 'Aludra' 6-max Seat #1 is the button
Seat 1: JonKing75 ($43.97 in chips) 
Seat 2: iron b-man ($11.99 in chips) 
Seat 3: HITMANHUMPY ($5.80 in chips) 
Seat 4: anakondo87 ($10.08 in chips) 
Seat 5: vyaan65 ($9.95 in chips) 
Seat 6: Mahu2021 ($10.06 in chips) 
iron b-man: posts small blind $0.05
HITMANHUMPY: posts big blind $0.10
*** HOLE CARDS ***
Dealt to Mahu2021 [Th Qh]
anakondo87: calls $0.10
vyaan65: folds 
Mahu2021: calls $0.10
JonKing75: calls $0.10
iron b-man: folds 
HITMANHUMPY: checks 
*** FLOP *** [8d 4c Jh]
HITMANHUMPY: checks 
anakondo87: checks 
Mahu2021: bets $0.43
JonKing75: folds 
HITMANHUMPY: calls $0.43
anakondo87: calls $0.43
*** TURN *** [8d 4c Jh] [Jd]
HITMANHUMPY: checks 
anakondo87: checks 
Mahu2021: bets $1.66
HITMANHUMPY: folds 
anakondo87: folds 
Uncalled bet ($1.66) returned to Mahu2021
Mahu2021 collected $1.66 from pot
Mahu2021: doesn't show hand 
*** SUMMARY ***
Total pot $1.74 | Rake $0.08 
Board [8d 4c Jh Jd]
Seat 1: JonKing75 (button) folded on the Flop
Seat 2: iron b-man (small blind) folded before Flop
Seat 3: HITMANHUMPY (big blind) folded on the Turn
Seat 4: anakondo87 folded on the Turn
Seat 5: vyaan65 folded before Flop (didn't bet)
Seat 6: Mahu2021 collected ($1.66)



PokerStars Zoom Hand #255094049765:  Hold'em No Limit ($0.05/$0.10) - 2025/03/01 21:51:53 CET [2025/03/01 15:51:53 ET]
Table 'Aludra' 6-max Seat #1 is the button
Seat 1: Mahu2021 ($10.06 in chips) 
Seat 2: LuchoJacobo8 ($10.32 in chips) 
Seat 3: erps112 ($10 in chips) 
Seat 4: Rezzotto0208 ($37.42 in chips) 
Seat 5: darchas ($10 in chips) 
Seat 6: Die8 ($10.53 in chips) 
LuchoJacobo8: posts small blind $0.05
erps112: posts big blind $0.10
*** HOLE CARDS ***
Dealt to Mahu2021 [3s 5c]
Rezzotto0208: raises $0.20 to $0.30
darchas: folds 
Die8: folds 
Mahu2021: folds 
LuchoJacobo8: folds 
erps112: calls $0.20
*** FLOP *** [Qc 7h 2h]
erps112: checks 
Rezzotto0208: checks 
*** TURN *** [Qc 7h 2h] [5h]
erps112: checks 
Rezzotto0208: checks 
*** RIVER *** [Qc 7h 2h 5h] [Tc]
erps112: checks 
Rezzotto0208: checks 
*** SHOW DOWN ***
erps112: shows [4d 4h] (a pair of Fours)
Rezzotto0208: shows [6h 6s] (a pair of Sixes)
Rezzotto0208 collected $0.62 from pot
*** SUMMARY ***
Total pot $0.65 | Rake $0.03 
Board [Qc 7h 2h 5h Tc]
Seat 1: Mahu2021 (button) folded before Flop (didn't bet)
Seat 2: LuchoJacobo8 (small blind) folded before Flop
Seat 3: erps112 (big blind) showed [4d 4h] and lost with a pair of Fours
Seat 4: Rezzotto0208 showed [6h 6s] and won ($0.62) with a pair of Sixes
Seat 5: darchas folded before Flop (didn't bet)
Seat 6: Die8 folded before Flop (didn't bet)



PokerStars Zoom Hand #255094064661:  Hold'em No Limit ($0.05/$0.10) - 2025/03/01 21:52:45 CET [2025/03/01 15:52:45 ET]
Table 'Aludra' 6-max Seat #1 is the button
Seat 1: vyaan65 ($11.59 in chips) 
Seat 2: Rodesp6893 ($8.52 in chips) 
Seat 3: Sweeney145 ($10 in chips) 
Seat 4: Beardown72 ($11.03 in chips) 
Seat 5: Mahu2021 ($11.19 in chips) 
Seat 6: Hopewar ($21.07 in chips) 
Rodesp6893: posts small blind $0.05
Sweeney145: posts big blind $0.10
*** HOLE CARDS ***
Dealt to Mahu2021 [As Kd]
Beardown72: folds 
Mahu2021: raises $0.14 to $0.24
Hopewar: folds 
vyaan65: folds 
Rodesp6893: folds 
Sweeney145: calls $0.14
*** FLOP *** [Th 6s 8c]
Sweeney145: checks 
Mahu2021: checks 
*** TURN *** [Th 6s 8c] [Qs]
Sweeney145: checks 
Mahu2021: bets $0.30
Sweeney145: folds 
Uncalled bet ($0.30) returned to Mahu2021
Mahu2021 collected $0.51 from pot
Mahu2021: doesn't show hand 
*** SUMMARY ***
Total pot $0.53 | Rake $0.02 
Board [Th 6s 8c Qs]
Seat 1: vyaan65 (button) folded before Flop (didn't bet)
Seat 2: Rodesp6893 (small blind) folded before Flop
Seat 3: Sweeney145 (big blind) folded on the Turn
Seat 4: Beardown72 folded before Flop (didn't bet)
Seat 5: Mahu2021 collected ($0.51)
Seat 6: Hopewar folded before Flop (didn't bet)



