PokerStars Hand #249885080498: Tournament #3739743145, $1.84+$0.16 USD Hold'em No Limit - Level I (10/20) - 2024/04/09 19:42:57 CET [2024/04/09 13:42:57 ET]
Table '3739743145 1' 3-max Seat #1 is the button
Seat 1: Jovembuh (500 in chips) 
Seat 2: Konny-Reiman (500 in chips) 
Seat 3: Mahu2021 (500 in chips) 
Konny-Reiman: posts small blind 10
Mahu2021: posts big blind 20
*** HOLE CARDS ***
Dealt to Mahu2021 [9h Js]
Jovembuh: folds 
Konny-Reiman: raises 20 to 40
Mahu2021: calls 20
*** FLOP *** [Kd 7h 9c]
Konny-Reiman: checks 
Mahu2021: bets 40
Konny-Reiman: folds 
Uncalled bet (40) returned to Mahu2021
Mahu2021 collected 80 from pot
Mahu2021: doesn't show hand 
*** SUMMARY ***
Total pot 80 | Rake 0 
Board [Kd 7h 9c]
Seat 1: Jovembuh (button) folded before Flop (didn't bet)
Seat 2: Konny-Reiman (small blind) folded on the Flop
Seat 3: Mahu2021 (big blind) collected (80)



PokerStars Hand #249885084955: Tournament #3739743145, $1.84+$0.16 USD Hold'em No Limit - Level I (10/20) - 2024/04/09 19:43:12 CET [2024/04/09 13:43:12 ET]
Table '3739743145 1' 3-max Seat #2 is the button
Seat 1: Jovembuh (500 in chips) 
Seat 2: Konny-Reiman (460 in chips) 
Seat 3: Mahu2021 (540 in chips) 
Mahu2021: posts small blind 10
Jovembuh: posts big blind 20
*** HOLE CARDS ***
Dealt to Mahu2021 [8d Jh]
Konny-Reiman: raises 20 to 40
Mahu2021: folds 
Jovembuh: folds 
Uncalled bet (20) returned to Konny-Reiman
Konny-Reiman collected 50 from pot
*** SUMMARY ***
Total pot 50 | Rake 0 
Seat 1: Jovembuh (big blind) folded before Flop
Seat 2: Konny-Reiman (button) collected (50)
Seat 3: Mahu2021 (small blind) folded before Flop



PokerStars Hand #249885087587: Tournament #3739743145, $1.84+$0.16 USD Hold'em No Limit - Level I (10/20) - 2024/04/09 19:43:21 CET [2024/04/09 13:43:21 ET]
Table '3739743145 1' 3-max Seat #3 is the button
Seat 1: Jovembuh (480 in chips) 
Seat 2: Konny-Reiman (490 in chips) 
Seat 3: Mahu2021 (530 in chips) 
Jovembuh: posts small blind 10
Konny-Reiman: posts big blind 20
*** HOLE CARDS ***
Dealt to Mahu2021 [5c Jc]
Mahu2021: calls 20
Jovembuh: calls 10
Konny-Reiman has timed out
Konny-Reiman: checks 
*** FLOP *** [8s 7d Ac]
Jovembuh: checks 
Konny-Reiman: checks 
Mahu2021: checks 
*** TURN *** [8s 7d Ac] [Kc]
Jovembuh: checks 
Konny-Reiman: checks 
Mahu2021: bets 60
Jovembuh: folds 
Konny-Reiman: folds 
Uncalled bet (60) returned to Mahu2021
Mahu2021 collected 60 from pot
Mahu2021: doesn't show hand 
*** SUMMARY ***
Total pot 60 | Rake 0 
Board [8s 7d Ac Kc]
Seat 1: Jovembuh (small blind) folded on the Turn
Seat 2: Konny-Reiman (big blind) folded on the Turn
Seat 3: Mahu2021 (button) collected (60)



PokerStars Hand #249885104621: Tournament #3739743145, $1.84+$0.16 USD Hold'em No Limit - Level I (10/20) - 2024/04/09 19:44:21 CET [2024/04/09 13:44:21 ET]
Table '3739743145 1' 3-max Seat #1 is the button
Seat 1: Jovembuh (460 in chips) 
Seat 2: Konny-Reiman (470 in chips) 
Seat 3: Mahu2021 (570 in chips) 
Konny-Reiman: posts small blind 10
Mahu2021: posts big blind 20
*** HOLE CARDS ***
Dealt to Mahu2021 [7h Ad]
Jovembuh: calls 20
Konny-Reiman: calls 10
Mahu2021: checks 
*** FLOP *** [5c 8s 3h]
Konny-Reiman: checks 
Mahu2021: checks 
Jovembuh: checks 
*** TURN *** [5c 8s 3h] [Kd]
Konny-Reiman: checks 
Mahu2021: checks 
Jovembuh: bets 20
Konny-Reiman: folds 
Mahu2021: folds 
Uncalled bet (20) returned to Jovembuh
Jovembuh collected 60 from pot
Jovembuh: doesn't show hand 
*** SUMMARY ***
Total pot 60 | Rake 0 
Board [5c 8s 3h Kd]
Seat 1: Jovembuh (button) collected (60)
Seat 2: Konny-Reiman (small blind) folded on the Turn
Seat 3: Mahu2021 (big blind) folded on the Turn



PokerStars Hand #249885111535: Tournament #3739743145, $1.84+$0.16 USD Hold'em No Limit - Level I (10/20) - 2024/04/09 19:44:45 CET [2024/04/09 13:44:45 ET]
Table '3739743145 1' 3-max Seat #2 is the button
Seat 1: Jovembuh (500 in chips) 
Seat 2: Konny-Reiman (450 in chips) 
Seat 3: Mahu2021 (550 in chips) 
Mahu2021: posts small blind 10
Jovembuh: posts big blind 20
*** HOLE CARDS ***
Dealt to Mahu2021 [2d 9h]
Konny-Reiman: calls 20
Mahu2021: folds 
Jovembuh: checks 
*** FLOP *** [5s Kd 4d]
Jovembuh: checks 
Konny-Reiman: checks 
*** TURN *** [5s Kd 4d] [Kc]
Jovembuh: checks 
Konny-Reiman: checks 
*** RIVER *** [5s Kd 4d Kc] [6c]
Jovembuh: checks 
Konny-Reiman: checks 
*** SHOW DOWN ***
Jovembuh: shows [9c 2s] (a pair of Kings)
Konny-Reiman: shows [8h 9s] (a pair of Kings - Nine+Eight kicker)
Konny-Reiman collected 50 from pot
*** SUMMARY ***
Total pot 50 | Rake 0 
Board [5s Kd 4d Kc 6c]
Seat 1: Jovembuh (big blind) showed [9c 2s] and lost with a pair of Kings
Seat 2: Konny-Reiman (button) showed [8h 9s] and won (50) with a pair of Kings
Seat 3: Mahu2021 (small blind) folded before Flop



PokerStars Hand #249885116363: Tournament #3739743145, $1.84+$0.16 USD Hold'em No Limit - Level I (10/20) - 2024/04/09 19:45:02 CET [2024/04/09 13:45:02 ET]
Table '3739743145 1' 3-max Seat #3 is the button
Seat 1: Jovembuh (480 in chips) 
Seat 2: Konny-Reiman (480 in chips) 
Seat 3: Mahu2021 (540 in chips) 
Jovembuh: posts small blind 10
Konny-Reiman: posts big blind 20
*** HOLE CARDS ***
Dealt to Mahu2021 [Ad Js]
Mahu2021: raises 20 to 40
Jovembuh: folds 
Konny-Reiman: calls 20
*** FLOP *** [5c 6h 5h]
Konny-Reiman: bets 90
Mahu2021: folds 
Uncalled bet (90) returned to Konny-Reiman
Konny-Reiman collected 90 from pot
*** SUMMARY ***
Total pot 90 | Rake 0 
Board [5c 6h 5h]
Seat 1: Jovembuh (small blind) folded before Flop
Seat 2: Konny-Reiman (big blind) collected (90)
Seat 3: Mahu2021 (button) folded on the Flop



PokerStars Hand #249885122294: Tournament #3739743145, $1.84+$0.16 USD Hold'em No Limit - Level I (10/20) - 2024/04/09 19:45:22 CET [2024/04/09 13:45:22 ET]
Table '3739743145 1' 3-max Seat #1 is the button
Seat 1: Jovembuh (470 in chips) 
Seat 2: Konny-Reiman (530 in chips) 
Seat 3: Mahu2021 (500 in chips) 
Konny-Reiman: posts small blind 10
Mahu2021: posts big blind 20
*** HOLE CARDS ***
Dealt to Mahu2021 [5h 9h]
Jovembuh: folds 
Konny-Reiman: raises 20 to 40
Mahu2021: calls 20
*** FLOP *** [7s Js 5c]
Konny-Reiman: checks 
Mahu2021: bets 40
Konny-Reiman: raises 80 to 120
Mahu2021: folds 
Uncalled bet (80) returned to Konny-Reiman
Konny-Reiman collected 160 from pot
*** SUMMARY ***
Total pot 160 | Rake 0 
Board [7s Js 5c]
Seat 1: Jovembuh (button) folded before Flop (didn't bet)
Seat 2: Konny-Reiman (small blind) collected (160)
Seat 3: Mahu2021 (big blind) folded on the Flop



PokerStars Hand #249885134561: Tournament #3739743145, $1.84+$0.16 USD Hold'em No Limit - Level II (15/30) - 2024/04/09 19:46:05 CET [2024/04/09 13:46:05 ET]
Table '3739743145 1' 3-max Seat #2 is the button
Seat 1: Jovembuh (470 in chips) 
Seat 2: Konny-Reiman (610 in chips) 
Seat 3: Mahu2021 (420 in chips) 
Mahu2021: posts small blind 15
Jovembuh: posts big blind 30
*** HOLE CARDS ***
Dealt to Mahu2021 [5c 4d]
Konny-Reiman: raises 75 to 105
Mahu2021: folds 
Jovembuh: calls 75
*** FLOP *** [Kc 3s Ah]
Jovembuh: bets 30
Konny-Reiman: raises 285 to 315
Jovembuh: calls 285
*** TURN *** [Kc 3s Ah] [Js]
Jovembuh: checks 
Konny-Reiman: bets 30
Jovembuh: calls 30
*** RIVER *** [Kc 3s Ah Js] [6h]
Jovembuh: checks 
Konny-Reiman: checks 
*** SHOW DOWN ***
Jovembuh: shows [Td Ad] (a pair of Aces)
Konny-Reiman: mucks hand 
Jovembuh collected 915 from pot
*** SUMMARY ***
Total pot 915 | Rake 0 
Board [Kc 3s Ah Js 6h]
Seat 1: Jovembuh (big blind) showed [Td Ad] and won (915) with a pair of Aces
Seat 2: Konny-Reiman (button) mucked [7d Ac]
Seat 3: Mahu2021 (small blind) folded before Flop



PokerStars Hand #249885144458: Tournament #3739743145, $1.84+$0.16 USD Hold'em No Limit - Level II (15/30) - 2024/04/09 19:46:40 CET [2024/04/09 13:46:40 ET]
Table '3739743145 1' 3-max Seat #3 is the button
Seat 1: Jovembuh (935 in chips) 
Seat 2: Konny-Reiman (160 in chips) 
Seat 3: Mahu2021 (405 in chips) 
Jovembuh: posts small blind 15
Konny-Reiman: posts big blind 30
*** HOLE CARDS ***
Dealt to Mahu2021 [2c Td]
Mahu2021: folds 
Jovembuh: calls 15
Konny-Reiman: raises 130 to 160 and is all-in
Jovembuh: calls 130
*** FLOP *** [Qd 7h Qc]
*** TURN *** [Qd 7h Qc] [8d]
*** RIVER *** [Qd 7h Qc 8d] [8c]
*** SHOW DOWN ***
Jovembuh: shows [Ah 3d] (two pair, Queens and Eights)
Konny-Reiman: shows [Jh Ts] (two pair, Queens and Eights - lower kicker)
Jovembuh collected 320 from pot
Konny-Reiman finished the tournament in 3rd place
*** SUMMARY ***
Total pot 320 | Rake 0 
Board [Qd 7h Qc 8d 8c]
Seat 1: Jovembuh (small blind) showed [Ah 3d] and won (320) with two pair, Queens and Eights
Seat 2: Konny-Reiman (big blind) showed [Jh Ts] and lost with two pair, Queens and Eights
Seat 3: Mahu2021 (button) folded before Flop (didn't bet)



PokerStars Hand #249885152570: Tournament #3739743145, $1.84+$0.16 USD Hold'em No Limit - Level II (15/30) - 2024/04/09 19:47:08 CET [2024/04/09 13:47:08 ET]
Table '3739743145 1' 3-max Seat #1 is the button
Seat 1: Jovembuh (1095 in chips) 
Seat 3: Mahu2021 (405 in chips) 
Jovembuh: posts small blind 15
Mahu2021: posts big blind 30
*** HOLE CARDS ***
Dealt to Mahu2021 [As 8d]
Jovembuh: calls 15
Mahu2021: checks 
*** FLOP *** [2h 2c Qs]
Mahu2021: checks 
Jovembuh: bets 30
Mahu2021: calls 30
*** TURN *** [2h 2c Qs] [Kc]
Mahu2021: checks 
Jovembuh: checks 
*** RIVER *** [2h 2c Qs Kc] [Kh]
Mahu2021: bets 120
Jovembuh: calls 120
*** SHOW DOWN ***
Mahu2021: shows [As 8d] (two pair, Kings and Deuces)
Jovembuh: shows [Qh 3s] (two pair, Kings and Queens)
Jovembuh collected 360 from pot
*** SUMMARY ***
Total pot 360 | Rake 0 
Board [2h 2c Qs Kc Kh]
Seat 1: Jovembuh (button) (small blind) showed [Qh 3s] and won (360) with two pair, Kings and Queens
Seat 3: Mahu2021 (big blind) showed [As 8d] and lost with two pair, Kings and Deuces



PokerStars Hand #249885159551: Tournament #3739743145, $1.84+$0.16 USD Hold'em No Limit - Level II (15/30) - 2024/04/09 19:47:32 CET [2024/04/09 13:47:32 ET]
Table '3739743145 1' 3-max Seat #3 is the button
Seat 1: Jovembuh (1275 in chips) 
Seat 3: Mahu2021 (225 in chips) 
Mahu2021: posts small blind 15
Jovembuh: posts big blind 30
*** HOLE CARDS ***
Dealt to Mahu2021 [Ah 8d]
Mahu2021: raises 195 to 225 and is all-in
Jovembuh: folds 
Uncalled bet (195) returned to Mahu2021
Mahu2021 collected 60 from pot
Mahu2021: doesn't show hand 
*** SUMMARY ***
Total pot 60 | Rake 0 
Seat 1: Jovembuh (big blind) folded before Flop
Seat 3: Mahu2021 (button) (small blind) collected (60)



PokerStars Hand #249885161286: Tournament #3739743145, $1.84+$0.16 USD Hold'em No Limit - Level II (15/30) - 2024/04/09 19:47:38 CET [2024/04/09 13:47:38 ET]
Table '3739743145 1' 3-max Seat #1 is the button
Seat 1: Jovembuh (1245 in chips) 
Seat 3: Mahu2021 (255 in chips) 
Jovembuh: posts small blind 15
Mahu2021: posts big blind 30
*** HOLE CARDS ***
Dealt to Mahu2021 [7c 8d]
Jovembuh: calls 15
Mahu2021: checks 
*** FLOP *** [5c Qd Kd]
Mahu2021: checks 
Jovembuh: checks 
*** TURN *** [5c Qd Kd] [9d]
Mahu2021: checks 
Jovembuh: bets 30
Mahu2021: calls 30
*** RIVER *** [5c Qd Kd 9d] [Qh]
Mahu2021: checks 
Jovembuh: bets 210
Mahu2021: folds 
Uncalled bet (210) returned to Jovembuh
Jovembuh collected 120 from pot
Jovembuh: doesn't show hand 
*** SUMMARY ***
Total pot 120 | Rake 0 
Board [5c Qd Kd 9d Qh]
Seat 1: Jovembuh (button) (small blind) collected (120)
Seat 3: Mahu2021 (big blind) folded on the River



PokerStars Hand #249885167786: Tournament #3739743145, $1.84+$0.16 USD Hold'em No Limit - Level II (15/30) - 2024/04/09 19:48:01 CET [2024/04/09 13:48:01 ET]
Table '3739743145 1' 3-max Seat #3 is the button
Seat 1: Jovembuh (1305 in chips) 
Seat 3: Mahu2021 (195 in chips) 
Mahu2021: posts small blind 15
Jovembuh: posts big blind 30
*** HOLE CARDS ***
Dealt to Mahu2021 [6h 9d]
Mahu2021: folds 
Uncalled bet (15) returned to Jovembuh
Jovembuh collected 30 from pot
Jovembuh: doesn't show hand 
*** SUMMARY ***
Total pot 30 | Rake 0 
Seat 1: Jovembuh (big blind) collected (30)
Seat 3: Mahu2021 (button) (small blind) folded before Flop



PokerStars Hand #249885169085: Tournament #3739743145, $1.84+$0.16 USD Hold'em No Limit - Level II (15/30) - 2024/04/09 19:48:05 CET [2024/04/09 13:48:05 ET]
Table '3739743145 1' 3-max Seat #1 is the button
Seat 1: Jovembuh (1320 in chips) 
Seat 3: Mahu2021 (180 in chips) 
Jovembuh: posts small blind 15
Mahu2021: posts big blind 30
*** HOLE CARDS ***
Dealt to Mahu2021 [9h 4c]
Jovembuh: folds 
Uncalled bet (15) returned to Mahu2021
Mahu2021 collected 30 from pot
Mahu2021: doesn't show hand 
*** SUMMARY ***
Total pot 30 | Rake 0 
Seat 1: Jovembuh (button) (small blind) folded before Flop
Seat 3: Mahu2021 (big blind) collected (30)



PokerStars Hand #249885170691: Tournament #3739743145, $1.84+$0.16 USD Hold'em No Limit - Level II (15/30) - 2024/04/09 19:48:11 CET [2024/04/09 13:48:11 ET]
Table '3739743145 1' 3-max Seat #3 is the button
Seat 1: Jovembuh (1305 in chips) 
Seat 3: Mahu2021 (195 in chips) 
Mahu2021: posts small blind 15
Jovembuh: posts big blind 30
*** HOLE CARDS ***
Dealt to Mahu2021 [Qh 4h]
Mahu2021: calls 15
Jovembuh: checks 
*** FLOP *** [5h 7h Jc]
Jovembuh: checks 
Mahu2021: bets 30
Jovembuh: calls 30
*** TURN *** [5h 7h Jc] [Ah]
Jovembuh: checks 
Mahu2021: bets 30
Jovembuh: folds 
Uncalled bet (30) returned to Mahu2021
Mahu2021 collected 120 from pot
Mahu2021: doesn't show hand 
*** SUMMARY ***
Total pot 120 | Rake 0 
Board [5h 7h Jc Ah]
Seat 1: Jovembuh (big blind) folded on the Turn
Seat 3: Mahu2021 (button) (small blind) collected (120)



PokerStars Hand #249885176802: Tournament #3739743145, $1.84+$0.16 USD Hold'em No Limit - Level II (15/30) - 2024/04/09 19:48:32 CET [2024/04/09 13:48:32 ET]
Table '3739743145 1' 3-max Seat #1 is the button
Seat 1: Jovembuh (1245 in chips) 
Seat 3: Mahu2021 (255 in chips) 
Jovembuh: posts small blind 15
Mahu2021: posts big blind 30
*** HOLE CARDS ***
Dealt to Mahu2021 [8s 3h]
Jovembuh: calls 15
Mahu2021: checks 
*** FLOP *** [Kd 4s Ks]
Mahu2021: checks 
Jovembuh: bets 30
Mahu2021: folds 
Uncalled bet (30) returned to Jovembuh
Jovembuh collected 60 from pot
Jovembuh: doesn't show hand 
*** SUMMARY ***
Total pot 60 | Rake 0 
Board [Kd 4s Ks]
Seat 1: Jovembuh (button) (small blind) collected (60)
Seat 3: Mahu2021 (big blind) folded on the Flop



PokerStars Hand #249885179520: Tournament #3739743145, $1.84+$0.16 USD Hold'em No Limit - Level II (15/30) - 2024/04/09 19:48:42 CET [2024/04/09 13:48:42 ET]
Table '3739743145 1' 3-max Seat #3 is the button
Seat 1: Jovembuh (1275 in chips) 
Seat 3: Mahu2021 (225 in chips) 
Mahu2021: posts small blind 15
Jovembuh: posts big blind 30
*** HOLE CARDS ***
Dealt to Mahu2021 [9h Jc]
Mahu2021: calls 15
Jovembuh: checks 
*** FLOP *** [2d 8c Tc]
Jovembuh: checks 
Mahu2021: bets 60
Jovembuh: folds 
Uncalled bet (60) returned to Mahu2021
Mahu2021 collected 60 from pot
Mahu2021: doesn't show hand 
*** SUMMARY ***
Total pot 60 | Rake 0 
Board [2d 8c Tc]
Seat 1: Jovembuh (big blind) folded on the Flop
Seat 3: Mahu2021 (button) (small blind) collected (60)



PokerStars Hand #249885182879: Tournament #3739743145, $1.84+$0.16 USD Hold'em No Limit - Level II (15/30) - 2024/04/09 19:48:53 CET [2024/04/09 13:48:53 ET]
Table '3739743145 1' 3-max Seat #1 is the button
Seat 1: Jovembuh (1245 in chips) 
Seat 3: Mahu2021 (255 in chips) 
Jovembuh: posts small blind 15
Mahu2021: posts big blind 30
*** HOLE CARDS ***
Dealt to Mahu2021 [Ac 8s]
Jovembuh: folds 
Uncalled bet (15) returned to Mahu2021
Mahu2021 collected 30 from pot
Mahu2021: doesn't show hand 
*** SUMMARY ***
Total pot 30 | Rake 0 
Seat 1: Jovembuh (button) (small blind) folded before Flop
Seat 3: Mahu2021 (big blind) collected (30)



PokerStars Hand #249885185358: Tournament #3739743145, $1.84+$0.16 USD Hold'em No Limit - Level III (20/40) - 2024/04/09 19:49:02 CET [2024/04/09 13:49:02 ET]
Table '3739743145 1' 3-max Seat #3 is the button
Seat 1: Jovembuh (1230 in chips) 
Seat 3: Mahu2021 (270 in chips) 
Mahu2021: posts small blind 20
Jovembuh: posts big blind 40
*** HOLE CARDS ***
Dealt to Mahu2021 [9s As]
Mahu2021: raises 40 to 80
Jovembuh: calls 40
*** FLOP *** [6d 9d Qh]
Jovembuh: bets 40
Mahu2021: raises 150 to 190 and is all-in
Jovembuh: calls 150
*** TURN *** [6d 9d Qh] [Th]
*** RIVER *** [6d 9d Qh Th] [4s]
*** SHOW DOWN ***
Jovembuh: shows [Qc 4h] (two pair, Queens and Fours)
Mahu2021: shows [9s As] (a pair of Nines)
Jovembuh collected 540 from pot
Mahu2021 finished the tournament in 2nd place
Jovembuh wins the tournament and receives $6.00 - congratulations!
*** SUMMARY ***
Total pot 540 | Rake 0 
Board [6d 9d Qh Th 4s]
Seat 1: Jovembuh (big blind) showed [Qc 4h] and won (540) with two pair, Queens and Fours
Seat 3: Mahu2021 (button) (small blind) showed [9s As] and lost with a pair of Nines



