PokerStars Hand #246542846257: Tournament #3659203889, $0.92+$0.08 USD Hold'em No Limit - Level I (10/20) - 2023/10/15 9:18:10 CET [2023/10/15 3:18:10 ET]
Table '3659203889 1' 3-max Seat #1 is the button
Seat 1: oogii828 (500 in chips) 
Seat 2: Mahu2021 (500 in chips) 
Seat 3: Sidoxx (500 in chips) 
Mahu2021: posts small blind 10
Sidoxx: posts big blind 20
*** HOLE CARDS ***
Dealt to Mahu2021 [6s 2c]
oogii828: raises 50 to 70
Mahu2021: folds 
Sidoxx: calls 50
*** FLOP *** [9h 3s 8h]
Sidoxx: checks 
oogii828: bets 75
Sidoxx: calls 75
*** TURN *** [9h 3s 8h] [Ac]
Sidoxx: checks 
oogii828: bets 355 and is all-in
Sidoxx: calls 355 and is all-in
*** RIVER *** [9h 3s 8h Ac] [Th]
*** SHOW DOWN ***
Sidoxx: shows [As 9d] (two pair, Aces and Nines)
oogii828: shows [Qh 7c] (high card Ace)
Sidoxx collected 1010 from pot
oogii828 finished the tournament in 3rd place
*** SUMMARY ***
Total pot 1010 | Rake 0 
Board [9h 3s 8h Ac Th]
Seat 1: oogii828 (button) showed [Qh 7c] and lost with high card Ace
Seat 2: Mahu2021 (small blind) folded before Flop
Seat 3: Sidoxx (big blind) showed [As 9d] and won (1010) with two pair, Aces and Nines



PokerStars Hand #246542848781: Tournament #3659203889, $0.92+$0.08 USD Hold'em No Limit - Level I (10/20) - 2023/10/15 9:18:34 CET [2023/10/15 3:18:34 ET]
Table '3659203889 1' 3-max Seat #3 is the button
Seat 2: Mahu2021 (490 in chips) 
Seat 3: Sidoxx (1010 in chips) 
Sidoxx: posts small blind 10
Mahu2021: posts big blind 20
*** HOLE CARDS ***
Dealt to Mahu2021 [3h 7d]
Sidoxx: raises 20 to 40
Mahu2021: folds 
Uncalled bet (20) returned to Sidoxx
Sidoxx collected 40 from pot
Sidoxx: doesn't show hand 
*** SUMMARY ***
Total pot 40 | Rake 0 
Seat 2: Mahu2021 (big blind) folded before Flop
Seat 3: Sidoxx (button) (small blind) collected (40)



PokerStars Hand #246542849314: Tournament #3659203889, $0.92+$0.08 USD Hold'em No Limit - Level I (10/20) - 2023/10/15 9:18:39 CET [2023/10/15 3:18:39 ET]
Table '3659203889 1' 3-max Seat #2 is the button
Seat 2: Mahu2021 (470 in chips) 
Seat 3: Sidoxx (1030 in chips) 
Mahu2021: posts small blind 10
Sidoxx: posts big blind 20
*** HOLE CARDS ***
Dealt to Mahu2021 [Jh 6d]
Mahu2021: calls 10
Sidoxx: checks 
*** FLOP *** [4h Ac 3s]
Sidoxx: checks 
Mahu2021: bets 20
Sidoxx: calls 20
*** TURN *** [4h Ac 3s] [2d]
Sidoxx: checks 
Mahu2021: checks 
*** RIVER *** [4h Ac 3s 2d] [9h]
Sidoxx: bets 100
Mahu2021: folds 
Uncalled bet (100) returned to Sidoxx
Sidoxx collected 80 from pot
Sidoxx: doesn't show hand 
*** SUMMARY ***
Total pot 80 | Rake 0 
Board [4h Ac 3s 2d 9h]
Seat 2: Mahu2021 (button) (small blind) folded on the River
Seat 3: Sidoxx (big blind) collected (80)



PokerStars Hand #246542852099: Tournament #3659203889, $0.92+$0.08 USD Hold'em No Limit - Level I (10/20) - 2023/10/15 9:19:05 CET [2023/10/15 3:19:05 ET]
Table '3659203889 1' 3-max Seat #3 is the button
Seat 2: Mahu2021 (430 in chips) 
Seat 3: Sidoxx (1070 in chips) 
Sidoxx: posts small blind 10
Mahu2021: posts big blind 20
*** HOLE CARDS ***
Dealt to Mahu2021 [5s 9d]
Sidoxx: folds 
Uncalled bet (10) returned to Mahu2021
Mahu2021 collected 20 from pot
Mahu2021: doesn't show hand 
*** SUMMARY ***
Total pot 20 | Rake 0 
Seat 2: Mahu2021 (big blind) collected (20)
Seat 3: Sidoxx (button) (small blind) folded before Flop



PokerStars Hand #246542852496: Tournament #3659203889, $0.92+$0.08 USD Hold'em No Limit - Level I (10/20) - 2023/10/15 9:19:09 CET [2023/10/15 3:19:09 ET]
Table '3659203889 1' 3-max Seat #2 is the button
Seat 2: Mahu2021 (440 in chips) 
Seat 3: Sidoxx (1060 in chips) 
Mahu2021: posts small blind 10
Sidoxx: posts big blind 20
*** HOLE CARDS ***
Dealt to Mahu2021 [4h 2s]
Mahu2021: folds 
Uncalled bet (10) returned to Sidoxx
Sidoxx collected 20 from pot
Sidoxx: doesn't show hand 
*** SUMMARY ***
Total pot 20 | Rake 0 
Seat 2: Mahu2021 (button) (small blind) folded before Flop
Seat 3: Sidoxx (big blind) collected (20)



PokerStars Hand #246542852947: Tournament #3659203889, $0.92+$0.08 USD Hold'em No Limit - Level I (10/20) - 2023/10/15 9:19:13 CET [2023/10/15 3:19:13 ET]
Table '3659203889 1' 3-max Seat #3 is the button
Seat 2: Mahu2021 (430 in chips) 
Seat 3: Sidoxx (1070 in chips) 
Sidoxx: posts small blind 10
Mahu2021: posts big blind 20
*** HOLE CARDS ***
Dealt to Mahu2021 [Js 4s]
Sidoxx: raises 20 to 40
Mahu2021: calls 20
*** FLOP *** [Ad 3s 2h]
Mahu2021: checks 
Sidoxx: checks 
*** TURN *** [Ad 3s 2h] [Jc]
Mahu2021: checks 
Sidoxx: checks 
*** RIVER *** [Ad 3s 2h Jc] [Kc]
Mahu2021: bets 40
Sidoxx: calls 40
*** SHOW DOWN ***
Mahu2021: shows [Js 4s] (a pair of Jacks)
Sidoxx: mucks hand 
Mahu2021 collected 160 from pot
*** SUMMARY ***
Total pot 160 | Rake 0 
Board [Ad 3s 2h Jc Kc]
Seat 2: Mahu2021 (big blind) showed [Js 4s] and won (160) with a pair of Jacks
Seat 3: Sidoxx (button) (small blind) mucked [3c 5c]



PokerStars Hand #246542855916: Tournament #3659203889, $0.92+$0.08 USD Hold'em No Limit - Level I (10/20) - 2023/10/15 9:19:42 CET [2023/10/15 3:19:42 ET]
Table '3659203889 1' 3-max Seat #2 is the button
Seat 2: Mahu2021 (510 in chips) 
Seat 3: Sidoxx (990 in chips) 
Mahu2021: posts small blind 10
Sidoxx: posts big blind 20
*** HOLE CARDS ***
Dealt to Mahu2021 [6s 4c]
Mahu2021: folds 
Uncalled bet (10) returned to Sidoxx
Sidoxx collected 20 from pot
Sidoxx: doesn't show hand 
*** SUMMARY ***
Total pot 20 | Rake 0 
Seat 2: Mahu2021 (button) (small blind) folded before Flop
Seat 3: Sidoxx (big blind) collected (20)



PokerStars Hand #246542856432: Tournament #3659203889, $0.92+$0.08 USD Hold'em No Limit - Level I (10/20) - 2023/10/15 9:19:47 CET [2023/10/15 3:19:47 ET]
Table '3659203889 1' 3-max Seat #3 is the button
Seat 2: Mahu2021 (500 in chips) 
Seat 3: Sidoxx (1000 in chips) 
Sidoxx: posts small blind 10
Mahu2021: posts big blind 20
*** HOLE CARDS ***
Dealt to Mahu2021 [3d 3h]
Sidoxx: raises 20 to 40
Mahu2021: raises 460 to 500 and is all-in
Sidoxx: folds 
Uncalled bet (460) returned to Mahu2021
Mahu2021 collected 80 from pot
Mahu2021: doesn't show hand 
*** SUMMARY ***
Total pot 80 | Rake 0 
Seat 2: Mahu2021 (big blind) collected (80)
Seat 3: Sidoxx (button) (small blind) folded before Flop



PokerStars Hand #246542857361: Tournament #3659203889, $0.92+$0.08 USD Hold'em No Limit - Level I (10/20) - 2023/10/15 9:19:55 CET [2023/10/15 3:19:55 ET]
Table '3659203889 1' 3-max Seat #2 is the button
Seat 2: Mahu2021 (540 in chips) 
Seat 3: Sidoxx (960 in chips) 
Mahu2021: posts small blind 10
Sidoxx: posts big blind 20
*** HOLE CARDS ***
Dealt to Mahu2021 [6h Kd]
Mahu2021: calls 10
Sidoxx: checks 
*** FLOP *** [Js Jc Kh]
Sidoxx: checks 
Mahu2021: checks 
*** TURN *** [Js Jc Kh] [8d]
Sidoxx: checks 
Mahu2021: checks 
*** RIVER *** [Js Jc Kh 8d] [2s]
Sidoxx: checks 
Mahu2021: bets 20
Sidoxx: calls 20
*** SHOW DOWN ***
Mahu2021: shows [6h Kd] (two pair, Kings and Jacks)
Sidoxx: mucks hand 
Mahu2021 collected 80 from pot
*** SUMMARY ***
Total pot 80 | Rake 0 
Board [Js Jc Kh 8d 2s]
Seat 2: Mahu2021 (button) (small blind) showed [6h Kd] and won (80) with two pair, Kings and Jacks
Seat 3: Sidoxx (big blind) mucked [2d 6d]



PokerStars Hand #246542858786: Tournament #3659203889, $0.92+$0.08 USD Hold'em No Limit - Level I (10/20) - 2023/10/15 9:20:08 CET [2023/10/15 3:20:08 ET]
Table '3659203889 1' 3-max Seat #3 is the button
Seat 2: Mahu2021 (580 in chips) 
Seat 3: Sidoxx (920 in chips) 
Sidoxx: posts small blind 10
Mahu2021: posts big blind 20
*** HOLE CARDS ***
Dealt to Mahu2021 [Td 6d]
Sidoxx: raises 20 to 40
Mahu2021: calls 20
*** FLOP *** [6c Ts 5h]
Mahu2021: checks 
Sidoxx: bets 40
Mahu2021: calls 40
*** TURN *** [6c Ts 5h] [Qs]
Mahu2021: checks 
Sidoxx: checks 
*** RIVER *** [6c Ts 5h Qs] [9h]
Mahu2021: bets 40
Sidoxx: calls 40
*** SHOW DOWN ***
Mahu2021: shows [Td 6d] (two pair, Tens and Sixes)
Sidoxx: mucks hand 
Mahu2021 collected 240 from pot
*** SUMMARY ***
Total pot 240 | Rake 0 
Board [6c Ts 5h Qs 9h]
Seat 2: Mahu2021 (big blind) showed [Td 6d] and won (240) with two pair, Tens and Sixes
Seat 3: Sidoxx (button) (small blind) mucked [7d 5s]



PokerStars Hand #246542860854: Tournament #3659203889, $0.92+$0.08 USD Hold'em No Limit - Level II (15/30) - 2023/10/15 9:20:28 CET [2023/10/15 3:20:28 ET]
Table '3659203889 1' 3-max Seat #2 is the button
Seat 2: Mahu2021 (700 in chips) 
Seat 3: Sidoxx (800 in chips) 
Mahu2021: posts small blind 15
Sidoxx: posts big blind 30
*** HOLE CARDS ***
Dealt to Mahu2021 [2d 6c]
Mahu2021: folds 
Uncalled bet (15) returned to Sidoxx
Sidoxx collected 30 from pot
Sidoxx: doesn't show hand 
*** SUMMARY ***
Total pot 30 | Rake 0 
Seat 2: Mahu2021 (button) (small blind) folded before Flop
Seat 3: Sidoxx (big blind) collected (30)



PokerStars Hand #246542861322: Tournament #3659203889, $0.92+$0.08 USD Hold'em No Limit - Level II (15/30) - 2023/10/15 9:20:32 CET [2023/10/15 3:20:32 ET]
Table '3659203889 1' 3-max Seat #3 is the button
Seat 2: Mahu2021 (685 in chips) 
Seat 3: Sidoxx (815 in chips) 
Sidoxx: posts small blind 15
Mahu2021: posts big blind 30
*** HOLE CARDS ***
Dealt to Mahu2021 [Qd 7h]
Sidoxx: raises 30 to 60
Mahu2021: calls 30
*** FLOP *** [8s Qh Ks]
Mahu2021: checks 
Sidoxx: checks 
*** TURN *** [8s Qh Ks] [Td]
Mahu2021: checks 
Sidoxx: checks 
*** RIVER *** [8s Qh Ks Td] [Kd]
Mahu2021: checks 
Sidoxx: checks 
*** SHOW DOWN ***
Mahu2021: shows [Qd 7h] (two pair, Kings and Queens)
Sidoxx: mucks hand 
Mahu2021 collected 120 from pot
*** SUMMARY ***
Total pot 120 | Rake 0 
Board [8s Qh Ks Td Kd]
Seat 2: Mahu2021 (big blind) showed [Qd 7h] and won (120) with two pair, Kings and Queens
Seat 3: Sidoxx (button) (small blind) mucked [5c 4d]



PokerStars Hand #246542862553: Tournament #3659203889, $0.92+$0.08 USD Hold'em No Limit - Level II (15/30) - 2023/10/15 9:20:43 CET [2023/10/15 3:20:43 ET]
Table '3659203889 1' 3-max Seat #2 is the button
Seat 2: Mahu2021 (745 in chips) 
Seat 3: Sidoxx (755 in chips) 
Mahu2021: posts small blind 15
Sidoxx: posts big blind 30
*** HOLE CARDS ***
Dealt to Mahu2021 [9c Jd]
Mahu2021: raises 30 to 60
Sidoxx: raises 30 to 90
Mahu2021: calls 30
*** FLOP *** [Th Ah 7h]
Sidoxx: bets 665 and is all-in
Mahu2021: folds 
Uncalled bet (665) returned to Sidoxx
Sidoxx collected 180 from pot
Sidoxx: doesn't show hand 
*** SUMMARY ***
Total pot 180 | Rake 0 
Board [Th Ah 7h]
Seat 2: Mahu2021 (button) (small blind) folded on the Flop
Seat 3: Sidoxx (big blind) collected (180)



PokerStars Hand #246542863768: Tournament #3659203889, $0.92+$0.08 USD Hold'em No Limit - Level II (15/30) - 2023/10/15 9:20:54 CET [2023/10/15 3:20:54 ET]
Table '3659203889 1' 3-max Seat #3 is the button
Seat 2: Mahu2021 (655 in chips) 
Seat 3: Sidoxx (845 in chips) 
Sidoxx: posts small blind 15
Mahu2021: posts big blind 30
*** HOLE CARDS ***
Dealt to Mahu2021 [Th 4h]
Sidoxx: folds 
Uncalled bet (15) returned to Mahu2021
Mahu2021 collected 30 from pot
Mahu2021: doesn't show hand 
*** SUMMARY ***
Total pot 30 | Rake 0 
Seat 2: Mahu2021 (big blind) collected (30)
Seat 3: Sidoxx (button) (small blind) folded before Flop



PokerStars Hand #246542864155: Tournament #3659203889, $0.92+$0.08 USD Hold'em No Limit - Level II (15/30) - 2023/10/15 9:20:58 CET [2023/10/15 3:20:58 ET]
Table '3659203889 1' 3-max Seat #2 is the button
Seat 2: Mahu2021 (670 in chips) 
Seat 3: Sidoxx (830 in chips) 
Mahu2021: posts small blind 15
Sidoxx: posts big blind 30
*** HOLE CARDS ***
Dealt to Mahu2021 [7d Ah]
Mahu2021: raises 30 to 60
Sidoxx: folds 
Uncalled bet (30) returned to Mahu2021
Mahu2021 collected 60 from pot
Mahu2021: doesn't show hand 
*** SUMMARY ***
Total pot 60 | Rake 0 
Seat 2: Mahu2021 (button) (small blind) collected (60)
Seat 3: Sidoxx (big blind) folded before Flop



PokerStars Hand #246542864841: Tournament #3659203889, $0.92+$0.08 USD Hold'em No Limit - Level II (15/30) - 2023/10/15 9:21:04 CET [2023/10/15 3:21:04 ET]
Table '3659203889 1' 3-max Seat #3 is the button
Seat 2: Mahu2021 (700 in chips) 
Seat 3: Sidoxx (800 in chips) 
Sidoxx: posts small blind 15
Mahu2021: posts big blind 30
*** HOLE CARDS ***
Dealt to Mahu2021 [4s 4c]
Sidoxx: raises 30 to 60
Mahu2021: raises 640 to 700 and is all-in
Sidoxx: folds 
Uncalled bet (640) returned to Mahu2021
Mahu2021 collected 120 from pot
Mahu2021: doesn't show hand 
*** SUMMARY ***
Total pot 120 | Rake 0 
Seat 2: Mahu2021 (big blind) collected (120)
Seat 3: Sidoxx (button) (small blind) folded before Flop



PokerStars Hand #246542865559: Tournament #3659203889, $0.92+$0.08 USD Hold'em No Limit - Level II (15/30) - 2023/10/15 9:21:11 CET [2023/10/15 3:21:11 ET]
Table '3659203889 1' 3-max Seat #2 is the button
Seat 2: Mahu2021 (760 in chips) 
Seat 3: Sidoxx (740 in chips) 
Mahu2021: posts small blind 15
Sidoxx: posts big blind 30
*** HOLE CARDS ***
Dealt to Mahu2021 [Ad 2s]
Mahu2021: calls 15
Sidoxx: checks 
*** FLOP *** [3c 7s 8h]
Sidoxx: bets 30
Mahu2021: folds 
Uncalled bet (30) returned to Sidoxx
Sidoxx collected 60 from pot
Sidoxx: doesn't show hand 
*** SUMMARY ***
Total pot 60 | Rake 0 
Board [3c 7s 8h]
Seat 2: Mahu2021 (button) (small blind) folded on the Flop
Seat 3: Sidoxx (big blind) collected (60)



PokerStars Hand #246542866457: Tournament #3659203889, $0.92+$0.08 USD Hold'em No Limit - Level II (15/30) - 2023/10/15 9:21:19 CET [2023/10/15 3:21:19 ET]
Table '3659203889 1' 3-max Seat #3 is the button
Seat 2: Mahu2021 (730 in chips) 
Seat 3: Sidoxx (770 in chips) 
Sidoxx: posts small blind 15
Mahu2021: posts big blind 30
*** HOLE CARDS ***
Dealt to Mahu2021 [Jc Ac]
Sidoxx: folds 
Uncalled bet (15) returned to Mahu2021
Mahu2021 collected 30 from pot
Mahu2021: doesn't show hand 
*** SUMMARY ***
Total pot 30 | Rake 0 
Seat 2: Mahu2021 (big blind) collected (30)
Seat 3: Sidoxx (button) (small blind) folded before Flop



PokerStars Hand #246542866798: Tournament #3659203889, $0.92+$0.08 USD Hold'em No Limit - Level II (15/30) - 2023/10/15 9:21:22 CET [2023/10/15 3:21:22 ET]
Table '3659203889 1' 3-max Seat #2 is the button
Seat 2: Mahu2021 (745 in chips) 
Seat 3: Sidoxx (755 in chips) 
Mahu2021: posts small blind 15
Sidoxx: posts big blind 30
*** HOLE CARDS ***
Dealt to Mahu2021 [Ks 3s]
Mahu2021: raises 30 to 60
Sidoxx: calls 30
*** FLOP *** [3d 7c 6h]
Sidoxx: bets 84
Mahu2021: folds 
Uncalled bet (84) returned to Sidoxx
Sidoxx collected 120 from pot
Sidoxx: doesn't show hand 
*** SUMMARY ***
Total pot 120 | Rake 0 
Board [3d 7c 6h]
Seat 2: Mahu2021 (button) (small blind) folded on the Flop
Seat 3: Sidoxx (big blind) collected (120)



PokerStars Hand #246542868409: Tournament #3659203889, $0.92+$0.08 USD Hold'em No Limit - Level II (15/30) - 2023/10/15 9:21:37 CET [2023/10/15 3:21:37 ET]
Table '3659203889 1' 3-max Seat #3 is the button
Seat 2: Mahu2021 (685 in chips) 
Seat 3: Sidoxx (815 in chips) 
Sidoxx: posts small blind 15
Mahu2021: posts big blind 30
*** HOLE CARDS ***
Dealt to Mahu2021 [Kc Tc]
Sidoxx: raises 30 to 60
Mahu2021: raises 60 to 120
Sidoxx: calls 60
*** FLOP *** [2h 3h 4c]
Mahu2021: bets 565 and is all-in
Sidoxx: calls 565
*** TURN *** [2h 3h 4c] [Kd]
*** RIVER *** [2h 3h 4c Kd] [Ac]
*** SHOW DOWN ***
Mahu2021: shows [Kc Tc] (a pair of Kings)
Sidoxx: shows [6c 5s] (a straight, Deuce to Six)
Sidoxx collected 1370 from pot
Mahu2021 finished the tournament in 2nd place
Sidoxx wins the tournament and receives $2.00 - congratulations!
*** SUMMARY ***
Total pot 1370 | Rake 0 
Board [2h 3h 4c Kd Ac]
Seat 2: Mahu2021 (big blind) showed [Kc Tc] and lost with a pair of Kings
Seat 3: Sidoxx (button) (small blind) showed [6c 5s] and won (1370) with a straight, Deuce to Six



