PokerStars Hand #252843251135: Tournament #3809986327, $1.84+$0.16 USD Hold'em No Limit - Level I (10/20) - 2024/10/09 17:22:34 CET [2024/10/09 11:22:34 ET]
Table '3809986327 1' 3-max Seat #1 is the button
Seat 1: wdmSpeaker (500 in chips) 
Seat 2: muddyrivr (500 in chips) 
Seat 3: Mahu2021 (500 in chips) 
muddyrivr: posts small blind 10
Mahu2021: posts big blind 20
*** HOLE CARDS ***
Dealt to Mahu2021 [Ts 3d]
wdmSpeaker: raises 20 to 40
muddyrivr: folds 
Mahu2021: folds 
Uncalled bet (20) returned to wdmSpeaker
wdmSpeaker collected 50 from pot
wdmSpeaker: doesn't show hand 
*** SUMMARY ***
Total pot 50 | Rake 0 
Seat 1: wdmSpeaker (button) collected (50)
Seat 2: muddyrivr (small blind) folded before Flop
Seat 3: Mahu2021 (big blind) folded before Flop



PokerStars Hand #252843254324: Tournament #3809986327, $1.84+$0.16 USD Hold'em No Limit - Level I (10/20) - 2024/10/09 17:22:48 CET [2024/10/09 11:22:48 ET]
Table '3809986327 1' 3-max Seat #2 is the button
Seat 1: wdmSpeaker (530 in chips) 
Seat 2: muddyrivr (490 in chips) 
Seat 3: Mahu2021 (480 in chips) 
Mahu2021: posts small blind 10
wdmSpeaker: posts big blind 20
*** HOLE CARDS ***
Dealt to Mahu2021 [Jh Js]
muddyrivr: folds 
Mahu2021: raises 460 to 480 and is all-in
wdmSpeaker: folds 
Uncalled bet (460) returned to Mahu2021
Mahu2021 collected 40 from pot
Mahu2021: doesn't show hand 
*** SUMMARY ***
Total pot 40 | Rake 0 
Seat 1: wdmSpeaker (big blind) folded before Flop
Seat 2: muddyrivr (button) folded before Flop (didn't bet)
Seat 3: Mahu2021 (small blind) collected (40)



PokerStars Hand #252843256323: Tournament #3809986327, $1.84+$0.16 USD Hold'em No Limit - Level I (10/20) - 2024/10/09 17:22:58 CET [2024/10/09 11:22:58 ET]
Table '3809986327 1' 3-max Seat #3 is the button
Seat 1: wdmSpeaker (510 in chips) 
Seat 2: muddyrivr (490 in chips) 
Seat 3: Mahu2021 (500 in chips) 
wdmSpeaker: posts small blind 10
muddyrivr: posts big blind 20
*** HOLE CARDS ***
Dealt to Mahu2021 [Kc Qd]
Mahu2021: raises 20 to 40
wdmSpeaker: calls 30
muddyrivr: folds 
*** FLOP *** [As 2d 7d]
wdmSpeaker: checks 
Mahu2021: checks 
*** TURN *** [As 2d 7d] [4s]
wdmSpeaker: checks 
Mahu2021: checks 
*** RIVER *** [As 2d 7d 4s] [Jd]
wdmSpeaker: checks 
Mahu2021: checks 
*** SHOW DOWN ***
wdmSpeaker: shows [Ks 2s] (a pair of Deuces)
Mahu2021: mucks hand 
wdmSpeaker collected 100 from pot
*** SUMMARY ***
Total pot 100 | Rake 0 
Board [As 2d 7d 4s Jd]
Seat 1: wdmSpeaker (small blind) showed [Ks 2s] and won (100) with a pair of Deuces
Seat 2: muddyrivr (big blind) folded before Flop
Seat 3: Mahu2021 (button) mucked [Kc Qd]



PokerStars Hand #252843263400: Tournament #3809986327, $1.84+$0.16 USD Hold'em No Limit - Level I (10/20) - 2024/10/09 17:23:31 CET [2024/10/09 11:23:31 ET]
Table '3809986327 1' 3-max Seat #1 is the button
Seat 1: wdmSpeaker (570 in chips) 
Seat 2: muddyrivr (470 in chips) 
Seat 3: Mahu2021 (460 in chips) 
muddyrivr: posts small blind 10
Mahu2021: posts big blind 20
*** HOLE CARDS ***
Dealt to Mahu2021 [Js Qd]
wdmSpeaker: folds 
muddyrivr: calls 10
Mahu2021: checks 
*** FLOP *** [7d 7h 8h]
muddyrivr: checks 
Mahu2021: checks 
*** TURN *** [7d 7h 8h] [7s]
muddyrivr: checks 
Mahu2021: checks 
*** RIVER *** [7d 7h 8h 7s] [3h]
muddyrivr: bets 20
Mahu2021: folds 
Uncalled bet (20) returned to muddyrivr
muddyrivr collected 40 from pot
*** SUMMARY ***
Total pot 40 | Rake 0 
Board [7d 7h 8h 7s 3h]
Seat 1: wdmSpeaker (button) folded before Flop (didn't bet)
Seat 2: muddyrivr (small blind) collected (40)
Seat 3: Mahu2021 (big blind) folded on the River



PokerStars Hand #252843266762: Tournament #3809986327, $1.84+$0.16 USD Hold'em No Limit - Level I (10/20) - 2024/10/09 17:23:46 CET [2024/10/09 11:23:46 ET]
Table '3809986327 1' 3-max Seat #2 is the button
Seat 1: wdmSpeaker (570 in chips) 
Seat 2: muddyrivr (490 in chips) 
Seat 3: Mahu2021 (440 in chips) 
Mahu2021: posts small blind 10
wdmSpeaker: posts big blind 20
*** HOLE CARDS ***
Dealt to Mahu2021 [Js 6c]
muddyrivr: calls 20
Mahu2021: folds 
wdmSpeaker: checks 
*** FLOP *** [2d 7s 8h]
wdmSpeaker: checks 
muddyrivr: checks 
*** TURN *** [2d 7s 8h] [9h]
wdmSpeaker: bets 20
muddyrivr: calls 20
*** RIVER *** [2d 7s 8h 9h] [Qh]
wdmSpeaker: checks 
muddyrivr: bets 90
wdmSpeaker: folds 
Uncalled bet (90) returned to muddyrivr
muddyrivr collected 90 from pot
*** SUMMARY ***
Total pot 90 | Rake 0 
Board [2d 7s 8h 9h Qh]
Seat 1: wdmSpeaker (big blind) folded on the River
Seat 2: muddyrivr (button) collected (90)
Seat 3: Mahu2021 (small blind) folded before Flop



PokerStars Hand #252843273307: Tournament #3809986327, $1.84+$0.16 USD Hold'em No Limit - Level I (10/20) - 2024/10/09 17:24:16 CET [2024/10/09 11:24:16 ET]
Table '3809986327 1' 3-max Seat #3 is the button
Seat 1: wdmSpeaker (530 in chips) 
Seat 2: muddyrivr (540 in chips) 
Seat 3: Mahu2021 (430 in chips) 
wdmSpeaker: posts small blind 10
muddyrivr: posts big blind 20
*** HOLE CARDS ***
Dealt to Mahu2021 [5c 5h]
Mahu2021: raises 20 to 40
wdmSpeaker: folds 
muddyrivr: calls 20
*** FLOP *** [5d Tc 7c]
muddyrivr: checks 
Mahu2021: bets 40
muddyrivr: calls 40
*** TURN *** [5d Tc 7c] [Ah]
muddyrivr: checks 
Mahu2021: bets 40
muddyrivr: calls 40
*** RIVER *** [5d Tc 7c Ah] [3c]
muddyrivr: checks 
Mahu2021: checks 
*** SHOW DOWN ***
muddyrivr: shows [6h 9s] (high card Ace)
Mahu2021: shows [5c 5h] (three of a kind, Fives)
Mahu2021 collected 250 from pot
*** SUMMARY ***
Total pot 250 | Rake 0 
Board [5d Tc 7c Ah 3c]
Seat 1: wdmSpeaker (small blind) folded before Flop
Seat 2: muddyrivr (big blind) showed [6h 9s] and lost with high card Ace
Seat 3: Mahu2021 (button) showed [5c 5h] and won (250) with three of a kind, Fives



PokerStars Hand #252843278576: Tournament #3809986327, $1.84+$0.16 USD Hold'em No Limit - Level II (15/30) - 2024/10/09 17:24:40 CET [2024/10/09 11:24:40 ET]
Table '3809986327 1' 3-max Seat #1 is the button
Seat 1: wdmSpeaker (520 in chips) 
Seat 2: muddyrivr (420 in chips) 
Seat 3: Mahu2021 (560 in chips) 
muddyrivr: posts small blind 15
Mahu2021: posts big blind 30
*** HOLE CARDS ***
Dealt to Mahu2021 [Qd Ac]
wdmSpeaker: folds 
muddyrivr: calls 15
Mahu2021: raises 120 to 150
muddyrivr: calls 120
*** FLOP *** [2s 8d 7h]
muddyrivr: bets 270 and is all-in
Mahu2021: calls 270
*** TURN *** [2s 8d 7h] [Jh]
*** RIVER *** [2s 8d 7h Jh] [4h]
*** SHOW DOWN ***
muddyrivr: shows [9c Js] (a pair of Jacks)
Mahu2021: shows [Qd Ac] (high card Ace)
muddyrivr collected 840 from pot
*** SUMMARY ***
Total pot 840 | Rake 0 
Board [2s 8d 7h Jh 4h]
Seat 1: wdmSpeaker (button) folded before Flop (didn't bet)
Seat 2: muddyrivr (small blind) showed [9c Js] and won (840) with a pair of Jacks
Seat 3: Mahu2021 (big blind) showed [Qd Ac] and lost with high card Ace



PokerStars Hand #252843282243: Tournament #3809986327, $1.84+$0.16 USD Hold'em No Limit - Level II (15/30) - 2024/10/09 17:24:58 CET [2024/10/09 11:24:58 ET]
Table '3809986327 1' 3-max Seat #2 is the button
Seat 1: wdmSpeaker (520 in chips) 
Seat 2: muddyrivr (840 in chips) 
Seat 3: Mahu2021 (140 in chips) 
Mahu2021: posts small blind 15
wdmSpeaker: posts big blind 30
*** HOLE CARDS ***
Dealt to Mahu2021 [Qs 8d]
muddyrivr: calls 30
Mahu2021: calls 15
wdmSpeaker: checks 
*** FLOP *** [9s Jc 6s]
Mahu2021: checks 
wdmSpeaker: checks 
muddyrivr: checks 
*** TURN *** [9s Jc 6s] [9c]
Mahu2021: checks 
wdmSpeaker: checks 
muddyrivr: bets 30
Mahu2021: folds 
wdmSpeaker: calls 30
*** RIVER *** [9s Jc 6s 9c] [4c]
wdmSpeaker: checks 
muddyrivr: bets 30
wdmSpeaker: folds 
Uncalled bet (30) returned to muddyrivr
muddyrivr collected 150 from pot
*** SUMMARY ***
Total pot 150 | Rake 0 
Board [9s Jc 6s 9c 4c]
Seat 1: wdmSpeaker (big blind) folded on the River
Seat 2: muddyrivr (button) collected (150)
Seat 3: Mahu2021 (small blind) folded on the Turn



PokerStars Hand #252843293415: Tournament #3809986327, $1.84+$0.16 USD Hold'em No Limit - Level II (15/30) - 2024/10/09 17:25:50 CET [2024/10/09 11:25:50 ET]
Table '3809986327 1' 3-max Seat #3 is the button
Seat 1: wdmSpeaker (460 in chips) 
Seat 2: muddyrivr (930 in chips) 
Seat 3: Mahu2021 (110 in chips) 
wdmSpeaker: posts small blind 15
muddyrivr: posts big blind 30
*** HOLE CARDS ***
Dealt to Mahu2021 [Kc 2d]
Mahu2021: raises 80 to 110 and is all-in
wdmSpeaker: folds 
muddyrivr: folds 
Uncalled bet (80) returned to Mahu2021
Mahu2021 collected 75 from pot
Mahu2021: doesn't show hand 
*** SUMMARY ***
Total pot 75 | Rake 0 
Seat 1: wdmSpeaker (small blind) folded before Flop
Seat 2: muddyrivr (big blind) folded before Flop
Seat 3: Mahu2021 (button) collected (75)



PokerStars Hand #252843294769: Tournament #3809986327, $1.84+$0.16 USD Hold'em No Limit - Level II (15/30) - 2024/10/09 17:25:56 CET [2024/10/09 11:25:56 ET]
Table '3809986327 1' 3-max Seat #1 is the button
Seat 1: wdmSpeaker (445 in chips) 
Seat 2: muddyrivr (900 in chips) 
Seat 3: Mahu2021 (155 in chips) 
muddyrivr: posts small blind 15
Mahu2021: posts big blind 30
*** HOLE CARDS ***
Dealt to Mahu2021 [7h 4c]
wdmSpeaker: folds 
muddyrivr: calls 15
Mahu2021: checks 
*** FLOP *** [4d Th 6s]
muddyrivr: bets 30
Mahu2021: raises 95 to 125 and is all-in
muddyrivr: calls 95
*** TURN *** [4d Th 6s] [Kd]
*** RIVER *** [4d Th 6s Kd] [Td]
*** SHOW DOWN ***
muddyrivr: shows [5h 2s] (a pair of Tens)
Mahu2021: shows [7h 4c] (two pair, Tens and Fours)
Mahu2021 collected 310 from pot
*** SUMMARY ***
Total pot 310 | Rake 0 
Board [4d Th 6s Kd Td]
Seat 1: wdmSpeaker (button) folded before Flop (didn't bet)
Seat 2: muddyrivr (small blind) showed [5h 2s] and lost with a pair of Tens
Seat 3: Mahu2021 (big blind) showed [7h 4c] and won (310) with two pair, Tens and Fours



PokerStars Hand #252843298433: Tournament #3809986327, $1.84+$0.16 USD Hold'em No Limit - Level II (15/30) - 2024/10/09 17:26:13 CET [2024/10/09 11:26:13 ET]
Table '3809986327 1' 3-max Seat #2 is the button
Seat 1: wdmSpeaker (445 in chips) 
Seat 2: muddyrivr (745 in chips) 
Seat 3: Mahu2021 (310 in chips) 
Mahu2021: posts small blind 15
wdmSpeaker: posts big blind 30
*** HOLE CARDS ***
Dealt to Mahu2021 [Qh Ad]
muddyrivr: calls 30
Mahu2021: raises 280 to 310 and is all-in
wdmSpeaker: folds 
muddyrivr: calls 280
*** FLOP *** [5d 9s Tc]
*** TURN *** [5d 9s Tc] [6s]
*** RIVER *** [5d 9s Tc 6s] [2h]
*** SHOW DOWN ***
Mahu2021: shows [Qh Ad] (high card Ace)
muddyrivr: shows [Ks Jh] (high card King)
Mahu2021 collected 650 from pot
*** SUMMARY ***
Total pot 650 | Rake 0 
Board [5d 9s Tc 6s 2h]
Seat 1: wdmSpeaker (big blind) folded before Flop
Seat 2: muddyrivr (button) showed [Ks Jh] and lost with high card King
Seat 3: Mahu2021 (small blind) showed [Qh Ad] and won (650) with high card Ace



PokerStars Hand #252843301821: Tournament #3809986327, $1.84+$0.16 USD Hold'em No Limit - Level II (15/30) - 2024/10/09 17:26:29 CET [2024/10/09 11:26:29 ET]
Table '3809986327 1' 3-max Seat #3 is the button
Seat 1: wdmSpeaker (415 in chips) 
Seat 2: muddyrivr (435 in chips) 
Seat 3: Mahu2021 (650 in chips) 
wdmSpeaker: posts small blind 15
muddyrivr: posts big blind 30
*** HOLE CARDS ***
Dealt to Mahu2021 [Jh 2s]
Mahu2021: folds 
wdmSpeaker: folds 
Uncalled bet (15) returned to muddyrivr
muddyrivr collected 30 from pot
*** SUMMARY ***
Total pot 30 | Rake 0 
Seat 1: wdmSpeaker (small blind) folded before Flop
Seat 2: muddyrivr (big blind) collected (30)
Seat 3: Mahu2021 (button) folded before Flop (didn't bet)



PokerStars Hand #252843303845: Tournament #3809986327, $1.84+$0.16 USD Hold'em No Limit - Level III (20/40) - 2024/10/09 17:26:38 CET [2024/10/09 11:26:38 ET]
Table '3809986327 1' 3-max Seat #1 is the button
Seat 1: wdmSpeaker (400 in chips) 
Seat 2: muddyrivr (450 in chips) 
Seat 3: Mahu2021 (650 in chips) 
muddyrivr: posts small blind 20
Mahu2021: posts big blind 40
*** HOLE CARDS ***
Dealt to Mahu2021 [Td 5c]
wdmSpeaker: raises 40 to 80
muddyrivr: folds 
Mahu2021: folds 
Uncalled bet (40) returned to wdmSpeaker
wdmSpeaker collected 100 from pot
wdmSpeaker: doesn't show hand 
*** SUMMARY ***
Total pot 100 | Rake 0 
Seat 1: wdmSpeaker (button) collected (100)
Seat 2: muddyrivr (small blind) folded before Flop
Seat 3: Mahu2021 (big blind) folded before Flop



PokerStars Hand #252843305391: Tournament #3809986327, $1.84+$0.16 USD Hold'em No Limit - Level III (20/40) - 2024/10/09 17:26:46 CET [2024/10/09 11:26:46 ET]
Table '3809986327 1' 3-max Seat #2 is the button
Seat 1: wdmSpeaker (460 in chips) 
Seat 2: muddyrivr (430 in chips) 
Seat 3: Mahu2021 (610 in chips) 
Mahu2021: posts small blind 20
wdmSpeaker: posts big blind 40
*** HOLE CARDS ***
Dealt to Mahu2021 [7h Ah]
muddyrivr: calls 40
Mahu2021: calls 20
wdmSpeaker: checks 
*** FLOP *** [2h Qd 6s]
Mahu2021: checks 
wdmSpeaker: checks 
muddyrivr: checks 
*** TURN *** [2h Qd 6s] [Qc]
Mahu2021: checks 
wdmSpeaker: bets 90
muddyrivr: calls 90
Mahu2021: folds 
*** RIVER *** [2h Qd 6s Qc] [Th]
wdmSpeaker: bets 330 and is all-in
muddyrivr: folds 
Uncalled bet (330) returned to wdmSpeaker
wdmSpeaker collected 300 from pot
wdmSpeaker: doesn't show hand 
*** SUMMARY ***
Total pot 300 | Rake 0 
Board [2h Qd 6s Qc Th]
Seat 1: wdmSpeaker (big blind) collected (300)
Seat 2: muddyrivr (button) folded on the River
Seat 3: Mahu2021 (small blind) folded on the Turn



PokerStars Hand #252843313209: Tournament #3809986327, $1.84+$0.16 USD Hold'em No Limit - Level III (20/40) - 2024/10/09 17:27:22 CET [2024/10/09 11:27:22 ET]
Table '3809986327 1' 3-max Seat #3 is the button
Seat 1: wdmSpeaker (630 in chips) 
Seat 2: muddyrivr (300 in chips) 
Seat 3: Mahu2021 (570 in chips) 
wdmSpeaker: posts small blind 20
muddyrivr: posts big blind 40
*** HOLE CARDS ***
Dealt to Mahu2021 [2s 9s]
Mahu2021: folds 
wdmSpeaker: raises 590 to 630 and is all-in
muddyrivr: calls 260 and is all-in
Uncalled bet (330) returned to wdmSpeaker
*** FLOP *** [8d 2h 6h]
*** TURN *** [8d 2h 6h] [3d]
*** RIVER *** [8d 2h 6h 3d] [5c]
*** SHOW DOWN ***
wdmSpeaker: shows [6s Kc] (a pair of Sixes)
muddyrivr: shows [Ah Qh] (high card Ace)
wdmSpeaker collected 600 from pot
muddyrivr finished the tournament in 3rd place
*** SUMMARY ***
Total pot 600 | Rake 0 
Board [8d 2h 6h 3d 5c]
Seat 1: wdmSpeaker (small blind) showed [6s Kc] and won (600) with a pair of Sixes
Seat 2: muddyrivr (big blind) showed [Ah Qh] and lost with high card Ace
Seat 3: Mahu2021 (button) folded before Flop (didn't bet)



PokerStars Hand #252843317532: Tournament #3809986327, $1.84+$0.16 USD Hold'em No Limit - Level III (20/40) - 2024/10/09 17:27:42 CET [2024/10/09 11:27:42 ET]
Table '3809986327 1' 3-max Seat #1 is the button
Seat 1: wdmSpeaker (930 in chips) 
Seat 3: Mahu2021 (570 in chips) 
wdmSpeaker: posts small blind 20
Mahu2021: posts big blind 40
*** HOLE CARDS ***
Dealt to Mahu2021 [4d 4c]
wdmSpeaker: calls 20
Mahu2021: raises 120 to 160
wdmSpeaker: folds 
Uncalled bet (120) returned to Mahu2021
Mahu2021 collected 80 from pot
Mahu2021: doesn't show hand 
*** SUMMARY ***
Total pot 80 | Rake 0 
Seat 1: wdmSpeaker (button) (small blind) folded before Flop
Seat 3: Mahu2021 (big blind) collected (80)



PokerStars Hand #252843320601: Tournament #3809986327, $1.84+$0.16 USD Hold'em No Limit - Level III (20/40) - 2024/10/09 17:27:56 CET [2024/10/09 11:27:56 ET]
Table '3809986327 1' 3-max Seat #3 is the button
Seat 1: wdmSpeaker (890 in chips) 
Seat 3: Mahu2021 (610 in chips) 
Mahu2021: posts small blind 20
wdmSpeaker: posts big blind 40
*** HOLE CARDS ***
Dealt to Mahu2021 [Th Qs]
Mahu2021: raises 40 to 80
wdmSpeaker: calls 40
*** FLOP *** [As Ac 7c]
wdmSpeaker: checks 
Mahu2021: bets 80
wdmSpeaker: folds 
Uncalled bet (80) returned to Mahu2021
Mahu2021 collected 160 from pot
Mahu2021: doesn't show hand 
*** SUMMARY ***
Total pot 160 | Rake 0 
Board [As Ac 7c]
Seat 1: wdmSpeaker (big blind) folded on the Flop
Seat 3: Mahu2021 (button) (small blind) collected (160)



PokerStars Hand #252843324483: Tournament #3809986327, $1.84+$0.16 USD Hold'em No Limit - Level III (20/40) - 2024/10/09 17:28:14 CET [2024/10/09 11:28:14 ET]
Table '3809986327 1' 3-max Seat #1 is the button
Seat 1: wdmSpeaker (810 in chips) 
Seat 3: Mahu2021 (690 in chips) 
wdmSpeaker: posts small blind 20
Mahu2021: posts big blind 40
*** HOLE CARDS ***
Dealt to Mahu2021 [Th As]
wdmSpeaker: calls 20
Mahu2021: checks 
*** FLOP *** [6h 7d 8s]
Mahu2021: checks 
wdmSpeaker: bets 40
Mahu2021: calls 40
*** TURN *** [6h 7d 8s] [Qh]
Mahu2021: checks 
wdmSpeaker: checks 
*** RIVER *** [6h 7d 8s Qh] [Ad]
Mahu2021: bets 160
wdmSpeaker: folds 
Uncalled bet (160) returned to Mahu2021
Mahu2021 collected 160 from pot
Mahu2021: doesn't show hand 
*** SUMMARY ***
Total pot 160 | Rake 0 
Board [6h 7d 8s Qh Ad]
Seat 1: wdmSpeaker (button) (small blind) folded on the River
Seat 3: Mahu2021 (big blind) collected (160)



PokerStars Hand #252843331144: Tournament #3809986327, $1.84+$0.16 USD Hold'em No Limit - Level IV (30/60) - 2024/10/09 17:28:45 CET [2024/10/09 11:28:45 ET]
Table '3809986327 1' 3-max Seat #3 is the button
Seat 1: wdmSpeaker (730 in chips) 
Seat 3: Mahu2021 (770 in chips) 
Mahu2021: posts small blind 30
wdmSpeaker: posts big blind 60
*** HOLE CARDS ***
Dealt to Mahu2021 [Qh 2s]
Mahu2021: calls 30
wdmSpeaker: raises 670 to 730 and is all-in
Mahu2021: folds 
Uncalled bet (670) returned to wdmSpeaker
wdmSpeaker collected 120 from pot
wdmSpeaker: doesn't show hand 
*** SUMMARY ***
Total pot 120 | Rake 0 
Seat 1: wdmSpeaker (big blind) collected (120)
Seat 3: Mahu2021 (button) (small blind) folded before Flop



PokerStars Hand #252843332550: Tournament #3809986327, $1.84+$0.16 USD Hold'em No Limit - Level IV (30/60) - 2024/10/09 17:28:52 CET [2024/10/09 11:28:52 ET]
Table '3809986327 1' 3-max Seat #1 is the button
Seat 1: wdmSpeaker (790 in chips) 
Seat 3: Mahu2021 (710 in chips) 
wdmSpeaker: posts small blind 30
Mahu2021: posts big blind 60
*** HOLE CARDS ***
Dealt to Mahu2021 [Js Jc]
wdmSpeaker: raises 60 to 120
Mahu2021: raises 590 to 710 and is all-in
wdmSpeaker: folds 
Uncalled bet (590) returned to Mahu2021
Mahu2021 collected 240 from pot
Mahu2021: doesn't show hand 
*** SUMMARY ***
Total pot 240 | Rake 0 
Seat 1: wdmSpeaker (button) (small blind) folded before Flop
Seat 3: Mahu2021 (big blind) collected (240)



PokerStars Hand #252843335076: Tournament #3809986327, $1.84+$0.16 USD Hold'em No Limit - Level IV (30/60) - 2024/10/09 17:29:04 CET [2024/10/09 11:29:04 ET]
Table '3809986327 1' 3-max Seat #3 is the button
Seat 1: wdmSpeaker (670 in chips) 
Seat 3: Mahu2021 (830 in chips) 
Mahu2021: posts small blind 30
wdmSpeaker: posts big blind 60
*** HOLE CARDS ***
Dealt to Mahu2021 [Qs Ts]
Mahu2021: raises 60 to 120
wdmSpeaker: raises 550 to 670 and is all-in
Mahu2021: folds 
Uncalled bet (550) returned to wdmSpeaker
wdmSpeaker collected 240 from pot
wdmSpeaker: doesn't show hand 
*** SUMMARY ***
Total pot 240 | Rake 0 
Seat 1: wdmSpeaker (big blind) collected (240)
Seat 3: Mahu2021 (button) (small blind) folded before Flop



PokerStars Hand #252843336661: Tournament #3809986327, $1.84+$0.16 USD Hold'em No Limit - Level IV (30/60) - 2024/10/09 17:29:11 CET [2024/10/09 11:29:11 ET]
Table '3809986327 1' 3-max Seat #1 is the button
Seat 1: wdmSpeaker (790 in chips) 
Seat 3: Mahu2021 (710 in chips) 
wdmSpeaker: posts small blind 30
Mahu2021: posts big blind 60
*** HOLE CARDS ***
Dealt to Mahu2021 [8s 5s]
wdmSpeaker: raises 730 to 790 and is all-in
Mahu2021: folds 
Uncalled bet (730) returned to wdmSpeaker
wdmSpeaker collected 120 from pot
wdmSpeaker: doesn't show hand 
*** SUMMARY ***
Total pot 120 | Rake 0 
Seat 1: wdmSpeaker (button) (small blind) collected (120)
Seat 3: Mahu2021 (big blind) folded before Flop



PokerStars Hand #252843339385: Tournament #3809986327, $1.84+$0.16 USD Hold'em No Limit - Level IV (30/60) - 2024/10/09 17:29:24 CET [2024/10/09 11:29:24 ET]
Table '3809986327 1' 3-max Seat #3 is the button
Seat 1: wdmSpeaker (850 in chips) 
Seat 3: Mahu2021 (650 in chips) 
Mahu2021: posts small blind 30
wdmSpeaker: posts big blind 60
*** HOLE CARDS ***
Dealt to Mahu2021 [Jh Jc]
Mahu2021: raises 120 to 180
wdmSpeaker: raises 670 to 850 and is all-in
Mahu2021: calls 470 and is all-in
Uncalled bet (200) returned to wdmSpeaker
*** FLOP *** [4h 4c 5d]
*** TURN *** [4h 4c 5d] [Ks]
*** RIVER *** [4h 4c 5d Ks] [3d]
*** SHOW DOWN ***
wdmSpeaker: shows [Ac Ts] (a pair of Fours)
Mahu2021: shows [Jh Jc] (two pair, Jacks and Fours)
Mahu2021 collected 1300 from pot
*** SUMMARY ***
Total pot 1300 | Rake 0 
Board [4h 4c 5d Ks 3d]
Seat 1: wdmSpeaker (big blind) showed [Ac Ts] and lost with a pair of Fours
Seat 3: Mahu2021 (button) (small blind) showed [Jh Jc] and won (1300) with two pair, Jacks and Fours



PokerStars Hand #252843342955: Tournament #3809986327, $1.84+$0.16 USD Hold'em No Limit - Level IV (30/60) - 2024/10/09 17:29:40 CET [2024/10/09 11:29:40 ET]
Table '3809986327 1' 3-max Seat #1 is the button
Seat 1: wdmSpeaker (200 in chips) 
Seat 3: Mahu2021 (1300 in chips) 
wdmSpeaker: posts small blind 30
Mahu2021: posts big blind 60
*** HOLE CARDS ***
Dealt to Mahu2021 [7c 4c]
wdmSpeaker: folds 
Uncalled bet (30) returned to Mahu2021
Mahu2021 collected 60 from pot
Mahu2021: doesn't show hand 
*** SUMMARY ***
Total pot 60 | Rake 0 
Seat 1: wdmSpeaker (button) (small blind) folded before Flop
Seat 3: Mahu2021 (big blind) collected (60)



PokerStars Hand #252843344340: Tournament #3809986327, $1.84+$0.16 USD Hold'em No Limit - Level IV (30/60) - 2024/10/09 17:29:47 CET [2024/10/09 11:29:47 ET]
Table '3809986327 1' 3-max Seat #3 is the button
Seat 1: wdmSpeaker (170 in chips) 
Seat 3: Mahu2021 (1330 in chips) 
Mahu2021: posts small blind 30
wdmSpeaker: posts big blind 60
*** HOLE CARDS ***
Dealt to Mahu2021 [7c Jc]
Mahu2021: raises 120 to 180
wdmSpeaker: calls 110 and is all-in
Uncalled bet (10) returned to Mahu2021
*** FLOP *** [Td Qs Kc]
*** TURN *** [Td Qs Kc] [8s]
*** RIVER *** [Td Qs Kc 8s] [5d]
*** SHOW DOWN ***
wdmSpeaker: shows [Jd 9h] (a straight, Nine to King)
Mahu2021: shows [7c Jc] (high card King)
wdmSpeaker collected 340 from pot
*** SUMMARY ***
Total pot 340 | Rake 0 
Board [Td Qs Kc 8s 5d]
Seat 1: wdmSpeaker (big blind) showed [Jd 9h] and won (340) with a straight, Nine to King
Seat 3: Mahu2021 (button) (small blind) showed [7c Jc] and lost with high card King



PokerStars Hand #252843347435: Tournament #3809986327, $1.84+$0.16 USD Hold'em No Limit - Level IV (30/60) - 2024/10/09 17:30:01 CET [2024/10/09 11:30:01 ET]
Table '3809986327 1' 3-max Seat #1 is the button
Seat 1: wdmSpeaker (340 in chips) 
Seat 3: Mahu2021 (1160 in chips) 
wdmSpeaker: posts small blind 30
Mahu2021: posts big blind 60
*** HOLE CARDS ***
Dealt to Mahu2021 [6h 6s]
wdmSpeaker: calls 30
Mahu2021: raises 1100 to 1160 and is all-in
wdmSpeaker: folds 
Uncalled bet (1100) returned to Mahu2021
Mahu2021 collected 120 from pot
Mahu2021: doesn't show hand 
*** SUMMARY ***
Total pot 120 | Rake 0 
Seat 1: wdmSpeaker (button) (small blind) folded before Flop
Seat 3: Mahu2021 (big blind) collected (120)



PokerStars Hand #252843349084: Tournament #3809986327, $1.84+$0.16 USD Hold'em No Limit - Level IV (30/60) - 2024/10/09 17:30:09 CET [2024/10/09 11:30:09 ET]
Table '3809986327 1' 3-max Seat #3 is the button
Seat 1: wdmSpeaker (280 in chips) 
Seat 3: Mahu2021 (1220 in chips) 
Mahu2021: posts small blind 30
wdmSpeaker: posts big blind 60
*** HOLE CARDS ***
Dealt to Mahu2021 [3s 2d]
Mahu2021: folds 
Uncalled bet (30) returned to wdmSpeaker
wdmSpeaker collected 60 from pot
wdmSpeaker: doesn't show hand 
*** SUMMARY ***
Total pot 60 | Rake 0 
Seat 1: wdmSpeaker (big blind) collected (60)
Seat 3: Mahu2021 (button) (small blind) folded before Flop



PokerStars Hand #252843349942: Tournament #3809986327, $1.84+$0.16 USD Hold'em No Limit - Level IV (30/60) - 2024/10/09 17:30:13 CET [2024/10/09 11:30:13 ET]
Table '3809986327 1' 3-max Seat #1 is the button
Seat 1: wdmSpeaker (310 in chips) 
Seat 3: Mahu2021 (1190 in chips) 
wdmSpeaker: posts small blind 30
Mahu2021: posts big blind 60
*** HOLE CARDS ***
Dealt to Mahu2021 [6h 2d]
wdmSpeaker: calls 30
Mahu2021: checks 
*** FLOP *** [9h 5h 3c]
Mahu2021: checks 
wdmSpeaker: bets 60
Mahu2021: calls 60
*** TURN *** [9h 5h 3c] [7d]
Mahu2021: checks 
wdmSpeaker: checks 
*** RIVER *** [9h 5h 3c 7d] [Jc]
Mahu2021: checks 
wdmSpeaker: bets 190 and is all-in
Mahu2021: folds 
Uncalled bet (190) returned to wdmSpeaker
wdmSpeaker collected 240 from pot
wdmSpeaker: doesn't show hand 
*** SUMMARY ***
Total pot 240 | Rake 0 
Board [9h 5h 3c 7d Jc]
Seat 1: wdmSpeaker (button) (small blind) collected (240)
Seat 3: Mahu2021 (big blind) folded on the River



PokerStars Hand #252843358606: Tournament #3809986327, $1.84+$0.16 USD Hold'em No Limit - Level V (40/80) - 2024/10/09 17:30:53 CET [2024/10/09 11:30:53 ET]
Table '3809986327 1' 3-max Seat #3 is the button
Seat 1: wdmSpeaker (430 in chips) 
Seat 3: Mahu2021 (1070 in chips) 
Mahu2021: posts small blind 40
wdmSpeaker: posts big blind 80
*** HOLE CARDS ***
Dealt to Mahu2021 [6s 8s]
Mahu2021: calls 40
wdmSpeaker: checks 
*** FLOP *** [7s 5d 4h]
wdmSpeaker: checks 
Mahu2021: bets 80
wdmSpeaker: raises 270 to 350 and is all-in
Mahu2021: calls 270
*** TURN *** [7s 5d 4h] [Js]
*** RIVER *** [7s 5d 4h Js] [Qs]
*** SHOW DOWN ***
wdmSpeaker: shows [5h 2c] (a pair of Fives)
Mahu2021: shows [6s 8s] (a flush, Queen high)
Mahu2021 collected 860 from pot
wdmSpeaker finished the tournament in 2nd place
Mahu2021 wins the tournament and receives $4.00 - congratulations!
*** SUMMARY ***
Total pot 860 | Rake 0 
Board [7s 5d 4h Js Qs]
Seat 1: wdmSpeaker (big blind) showed [5h 2c] and lost with a pair of Fives
Seat 3: Mahu2021 (button) (small blind) showed [6s 8s] and won (860) with a flush, Queen high



