PokerStars Hand #253309631418: Tournament #3821356634, $1.84+$0.16 USD Hold'em No Limit - Level I (10/20) - 2024/11/08 14:50:31 CET [2024/11/08 8:50:31 ET]
Table '3821356634 1' 3-max Seat #1 is the button
Seat 1: Rik-Viator (500 in chips) 
Seat 2: Mahu2021 (500 in chips) 
Seat 3: Tariktoki1979 (500 in chips) 
Mahu2021: posts small blind 10
Tariktoki1979: posts big blind 20
*** HOLE CARDS ***
Dealt to Mahu2021 [9h 3c]
Rik-Viator: folds 
Mahu2021: folds 
Uncalled bet (10) returned to Tariktoki1979
Tariktoki1979 collected 20 from pot
*** SUMMARY ***
Total pot 20 | Rake 0 
Seat 1: Rik-Viator (button) folded before Flop (didn't bet)
Seat 2: Mahu2021 (small blind) folded before Flop
Seat 3: Tariktoki1979 (big blind) collected (20)



PokerStars Hand #253309632084: Tournament #3821356634, $1.84+$0.16 USD Hold'em No Limit - Level I (10/20) - 2024/11/08 14:50:35 CET [2024/11/08 8:50:35 ET]
Table '3821356634 1' 3-max Seat #2 is the button
Seat 1: Rik-Viator (500 in chips) 
Seat 2: Mahu2021 (490 in chips) 
Seat 3: Tariktoki1979 (510 in chips) 
Tariktoki1979: posts small blind 10
Rik-Viator: posts big blind 20
*** HOLE CARDS ***
Dealt to Mahu2021 [Ts 5h]
Mahu2021: folds 
Tariktoki1979: raises 20 to 40
Rik-Viator: calls 20
*** FLOP *** [3s 2s 4h]
Tariktoki1979: bets 80
Rik-Viator: folds 
Uncalled bet (80) returned to Tariktoki1979
Tariktoki1979 collected 80 from pot
*** SUMMARY ***
Total pot 80 | Rake 0 
Board [3s 2s 4h]
Seat 1: Rik-Viator (big blind) folded on the Flop
Seat 2: Mahu2021 (button) folded before Flop (didn't bet)
Seat 3: Tariktoki1979 (small blind) collected (80)



PokerStars Hand #253309636279: Tournament #3821356634, $1.84+$0.16 USD Hold'em No Limit - Level I (10/20) - 2024/11/08 14:51:00 CET [2024/11/08 8:51:00 ET]
Table '3821356634 1' 3-max Seat #3 is the button
Seat 1: Rik-Viator (460 in chips) 
Seat 2: Mahu2021 (490 in chips) 
Seat 3: Tariktoki1979 (550 in chips) 
Rik-Viator: posts small blind 10
Mahu2021: posts big blind 20
*** HOLE CARDS ***
Dealt to Mahu2021 [4h 7d]
Tariktoki1979: calls 20
Rik-Viator: raises 440 to 460 and is all-in
Mahu2021: folds 
Tariktoki1979: calls 440
*** FLOP *** [5c 2h Ks]
*** TURN *** [5c 2h Ks] [5s]
*** RIVER *** [5c 2h Ks 5s] [9c]
*** SHOW DOWN ***
Rik-Viator: shows [Ad Td] (a pair of Fives)
Tariktoki1979: shows [4c 4d] (two pair, Fives and Fours)
Tariktoki1979 collected 940 from pot
Rik-Viator finished the tournament in 3rd place
*** SUMMARY ***
Total pot 940 | Rake 0 
Board [5c 2h Ks 5s 9c]
Seat 1: Rik-Viator (small blind) showed [Ad Td] and lost with a pair of Fives
Seat 2: Mahu2021 (big blind) folded before Flop
Seat 3: Tariktoki1979 (button) showed [4c 4d] and won (940) with two pair, Fives and Fours



PokerStars Hand #253309640082: Tournament #3821356634, $1.84+$0.16 USD Hold'em No Limit - Level I (10/20) - 2024/11/08 14:51:23 CET [2024/11/08 8:51:23 ET]
Table '3821356634 1' 3-max Seat #2 is the button
Seat 2: Mahu2021 (470 in chips) 
Seat 3: Tariktoki1979 (1030 in chips) 
Mahu2021: posts small blind 10
Tariktoki1979: posts big blind 20
*** HOLE CARDS ***
Dealt to Mahu2021 [Tc Js]
Mahu2021: raises 20 to 40
Tariktoki1979: raises 80 to 120
Mahu2021: calls 80
*** FLOP *** [4d Jd 6s]
Tariktoki1979: bets 120
Mahu2021: raises 230 to 350 and is all-in
Tariktoki1979: calls 230
*** TURN *** [4d Jd 6s] [8h]
*** RIVER *** [4d Jd 6s 8h] [Jh]
*** SHOW DOWN ***
Tariktoki1979: shows [Qh Qd] (two pair, Queens and Jacks)
Mahu2021: shows [Tc Js] (three of a kind, Jacks)
Mahu2021 collected 940 from pot
*** SUMMARY ***
Total pot 940 | Rake 0 
Board [4d Jd 6s 8h Jh]
Seat 2: Mahu2021 (button) (small blind) showed [Tc Js] and won (940) with three of a kind, Jacks
Seat 3: Tariktoki1979 (big blind) showed [Qh Qd] and lost with two pair, Queens and Jacks



PokerStars Hand #253309643711: Tournament #3821356634, $1.84+$0.16 USD Hold'em No Limit - Level I (10/20) - 2024/11/08 14:51:44 CET [2024/11/08 8:51:44 ET]
Table '3821356634 1' 3-max Seat #3 is the button
Seat 2: Mahu2021 (940 in chips) 
Seat 3: Tariktoki1979 (560 in chips) 
Tariktoki1979: posts small blind 10
Mahu2021: posts big blind 20
*** HOLE CARDS ***
Dealt to Mahu2021 [4d 2s]
Tariktoki1979: calls 10
Mahu2021: checks 
*** FLOP *** [2h 9h Ac]
Mahu2021: checks 
Tariktoki1979: bets 40
Mahu2021: calls 40
*** TURN *** [2h 9h Ac] [Ks]
Mahu2021: checks 
Tariktoki1979: checks 
*** RIVER *** [2h 9h Ac Ks] [7d]
Mahu2021: bets 40
Tariktoki1979: calls 40
*** SHOW DOWN ***
Mahu2021: shows [4d 2s] (a pair of Deuces)
Tariktoki1979: shows [7s 4s] (a pair of Sevens)
Tariktoki1979 collected 200 from pot
*** SUMMARY ***
Total pot 200 | Rake 0 
Board [2h 9h Ac Ks 7d]
Seat 2: Mahu2021 (big blind) showed [4d 2s] and lost with a pair of Deuces
Seat 3: Tariktoki1979 (button) (small blind) showed [7s 4s] and won (200) with a pair of Sevens



PokerStars Hand #253309646050: Tournament #3821356634, $1.84+$0.16 USD Hold'em No Limit - Level I (10/20) - 2024/11/08 14:51:58 CET [2024/11/08 8:51:58 ET]
Table '3821356634 1' 3-max Seat #2 is the button
Seat 2: Mahu2021 (840 in chips) 
Seat 3: Tariktoki1979 (660 in chips) 
Mahu2021: posts small blind 10
Tariktoki1979: posts big blind 20
*** HOLE CARDS ***
Dealt to Mahu2021 [3h 5h]
Mahu2021: calls 10
Tariktoki1979: checks 
*** FLOP *** [6s Ks Jh]
Tariktoki1979: bets 20
Mahu2021: folds 
Uncalled bet (20) returned to Tariktoki1979
Tariktoki1979 collected 40 from pot
*** SUMMARY ***
Total pot 40 | Rake 0 
Board [6s Ks Jh]
Seat 2: Mahu2021 (button) (small blind) folded on the Flop
Seat 3: Tariktoki1979 (big blind) collected (40)



PokerStars Hand #253309647587: Tournament #3821356634, $1.84+$0.16 USD Hold'em No Limit - Level I (10/20) - 2024/11/08 14:52:08 CET [2024/11/08 8:52:08 ET]
Table '3821356634 1' 3-max Seat #3 is the button
Seat 2: Mahu2021 (820 in chips) 
Seat 3: Tariktoki1979 (680 in chips) 
Tariktoki1979: posts small blind 10
Mahu2021: posts big blind 20
*** HOLE CARDS ***
Dealt to Mahu2021 [7d 8s]
Tariktoki1979: calls 10
Mahu2021: checks 
*** FLOP *** [7s Ac 8h]
Mahu2021: checks 
Tariktoki1979: checks 
*** TURN *** [7s Ac 8h] [Td]
Mahu2021: checks 
Tariktoki1979: checks 
*** RIVER *** [7s Ac 8h Td] [4c]
Mahu2021: bets 40
Tariktoki1979: folds 
Uncalled bet (40) returned to Mahu2021
Mahu2021 collected 40 from pot
Mahu2021: doesn't show hand 
*** SUMMARY ***
Total pot 40 | Rake 0 
Board [7s Ac 8h Td 4c]
Seat 2: Mahu2021 (big blind) collected (40)
Seat 3: Tariktoki1979 (button) (small blind) folded on the River



PokerStars Hand #253309649921: Tournament #3821356634, $1.84+$0.16 USD Hold'em No Limit - Level I (10/20) - 2024/11/08 14:52:21 CET [2024/11/08 8:52:21 ET]
Table '3821356634 1' 3-max Seat #2 is the button
Seat 2: Mahu2021 (840 in chips) 
Seat 3: Tariktoki1979 (660 in chips) 
Mahu2021: posts small blind 10
Tariktoki1979: posts big blind 20
*** HOLE CARDS ***
Dealt to Mahu2021 [Qc 6c]
Mahu2021: raises 20 to 40
Tariktoki1979: calls 20
*** FLOP *** [4d 4c Qd]
Tariktoki1979: checks 
Mahu2021: bets 40
Tariktoki1979: folds 
Uncalled bet (40) returned to Mahu2021
Mahu2021 collected 80 from pot
Mahu2021: doesn't show hand 
*** SUMMARY ***
Total pot 80 | Rake 0 
Board [4d 4c Qd]
Seat 2: Mahu2021 (button) (small blind) collected (80)
Seat 3: Tariktoki1979 (big blind) folded on the Flop



PokerStars Hand #253309651514: Tournament #3821356634, $1.84+$0.16 USD Hold'em No Limit - Level I (10/20) - 2024/11/08 14:52:31 CET [2024/11/08 8:52:31 ET]
Table '3821356634 1' 3-max Seat #3 is the button
Seat 2: Mahu2021 (880 in chips) 
Seat 3: Tariktoki1979 (620 in chips) 
Tariktoki1979: posts small blind 10
Mahu2021: posts big blind 20
*** HOLE CARDS ***
Dealt to Mahu2021 [6h 7h]
Tariktoki1979: calls 10
Mahu2021: checks 
*** FLOP *** [5h Ts 5s]
Mahu2021: checks 
Tariktoki1979: bets 40
Mahu2021: folds 
Uncalled bet (40) returned to Tariktoki1979
Tariktoki1979 collected 40 from pot
*** SUMMARY ***
Total pot 40 | Rake 0 
Board [5h Ts 5s]
Seat 2: Mahu2021 (big blind) folded on the Flop
Seat 3: Tariktoki1979 (button) (small blind) collected (40)



PokerStars Hand #253309653491: Tournament #3821356634, $1.84+$0.16 USD Hold'em No Limit - Level II (15/30) - 2024/11/08 14:52:43 CET [2024/11/08 8:52:43 ET]
Table '3821356634 1' 3-max Seat #2 is the button
Seat 2: Mahu2021 (860 in chips) 
Seat 3: Tariktoki1979 (640 in chips) 
Mahu2021: posts small blind 15
Tariktoki1979: posts big blind 30
*** HOLE CARDS ***
Dealt to Mahu2021 [Kc 9h]
Mahu2021: raises 30 to 60
Tariktoki1979: raises 60 to 120
Mahu2021: calls 60
*** FLOP *** [5c 2c 4d]
Tariktoki1979: checks 
Mahu2021: checks 
*** TURN *** [5c 2c 4d] [Jh]
Tariktoki1979: bets 30
Mahu2021: calls 30
*** RIVER *** [5c 2c 4d Jh] [7s]
Tariktoki1979: bets 300
Mahu2021: folds 
Uncalled bet (300) returned to Tariktoki1979
Tariktoki1979 collected 300 from pot
*** SUMMARY ***
Total pot 300 | Rake 0 
Board [5c 2c 4d Jh 7s]
Seat 2: Mahu2021 (button) (small blind) folded on the River
Seat 3: Tariktoki1979 (big blind) collected (300)



PokerStars Hand #253309656288: Tournament #3821356634, $1.84+$0.16 USD Hold'em No Limit - Level II (15/30) - 2024/11/08 14:53:00 CET [2024/11/08 8:53:00 ET]
Table '3821356634 1' 3-max Seat #3 is the button
Seat 2: Mahu2021 (710 in chips) 
Seat 3: Tariktoki1979 (790 in chips) 
Tariktoki1979: posts small blind 15
Mahu2021: posts big blind 30
*** HOLE CARDS ***
Dealt to Mahu2021 [7h Jc]
Tariktoki1979: raises 30 to 60
Mahu2021: calls 30
*** FLOP *** [5s Jd 4s]
Mahu2021: checks 
Tariktoki1979: bets 120
Mahu2021: raises 530 to 650 and is all-in
Tariktoki1979: calls 530
*** TURN *** [5s Jd 4s] [8h]
*** RIVER *** [5s Jd 4s 8h] [6d]
*** SHOW DOWN ***
Mahu2021: shows [7h Jc] (a straight, Four to Eight)
Tariktoki1979: shows [Tc Ts] (a pair of Tens)
Mahu2021 collected 1420 from pot
*** SUMMARY ***
Total pot 1420 | Rake 0 
Board [5s Jd 4s 8h 6d]
Seat 2: Mahu2021 (big blind) showed [7h Jc] and won (1420) with a straight, Four to Eight
Seat 3: Tariktoki1979 (button) (small blind) showed [Tc Ts] and lost with a pair of Tens



PokerStars Hand #253309658969: Tournament #3821356634, $1.84+$0.16 USD Hold'em No Limit - Level II (15/30) - 2024/11/08 14:53:16 CET [2024/11/08 8:53:16 ET]
Table '3821356634 1' 3-max Seat #2 is the button
Seat 2: Mahu2021 (1420 in chips) 
Seat 3: Tariktoki1979 (80 in chips) 
Mahu2021: posts small blind 15
Tariktoki1979: posts big blind 30
*** HOLE CARDS ***
Dealt to Mahu2021 [5h 8s]
Mahu2021: folds 
Uncalled bet (15) returned to Tariktoki1979
Tariktoki1979 collected 30 from pot
*** SUMMARY ***
Total pot 30 | Rake 0 
Seat 2: Mahu2021 (button) (small blind) folded before Flop
Seat 3: Tariktoki1979 (big blind) collected (30)



PokerStars Hand #253309659713: Tournament #3821356634, $1.84+$0.16 USD Hold'em No Limit - Level II (15/30) - 2024/11/08 14:53:20 CET [2024/11/08 8:53:20 ET]
Table '3821356634 1' 3-max Seat #3 is the button
Seat 2: Mahu2021 (1405 in chips) 
Seat 3: Tariktoki1979 (95 in chips) 
Tariktoki1979: posts small blind 15
Mahu2021: posts big blind 30
*** HOLE CARDS ***
Dealt to Mahu2021 [Jc 6c]
Tariktoki1979: raises 65 to 95 and is all-in
Mahu2021: calls 65
*** FLOP *** [Th 3h Kh]
*** TURN *** [Th 3h Kh] [Td]
*** RIVER *** [Th 3h Kh Td] [8d]
*** SHOW DOWN ***
Mahu2021: shows [Jc 6c] (a pair of Tens)
Tariktoki1979: shows [Qs 5s] (a pair of Tens - King+Queen kicker)
Tariktoki1979 collected 190 from pot
*** SUMMARY ***
Total pot 190 | Rake 0 
Board [Th 3h Kh Td 8d]
Seat 2: Mahu2021 (big blind) showed [Jc 6c] and lost with a pair of Tens
Seat 3: Tariktoki1979 (button) (small blind) showed [Qs 5s] and won (190) with a pair of Tens



PokerStars Hand #253309661621: Tournament #3821356634, $1.84+$0.16 USD Hold'em No Limit - Level II (15/30) - 2024/11/08 14:53:32 CET [2024/11/08 8:53:32 ET]
Table '3821356634 1' 3-max Seat #2 is the button
Seat 2: Mahu2021 (1310 in chips) 
Seat 3: Tariktoki1979 (190 in chips) 
Mahu2021: posts small blind 15
Tariktoki1979: posts big blind 30
*** HOLE CARDS ***
Dealt to Mahu2021 [5c 3c]
Mahu2021: folds 
Uncalled bet (15) returned to Tariktoki1979
Tariktoki1979 collected 30 from pot
*** SUMMARY ***
Total pot 30 | Rake 0 
Seat 2: Mahu2021 (button) (small blind) folded before Flop
Seat 3: Tariktoki1979 (big blind) collected (30)



PokerStars Hand #253309662363: Tournament #3821356634, $1.84+$0.16 USD Hold'em No Limit - Level II (15/30) - 2024/11/08 14:53:36 CET [2024/11/08 8:53:36 ET]
Table '3821356634 1' 3-max Seat #3 is the button
Seat 2: Mahu2021 (1295 in chips) 
Seat 3: Tariktoki1979 (205 in chips) 
Tariktoki1979: posts small blind 15
Mahu2021: posts big blind 30
*** HOLE CARDS ***
Dealt to Mahu2021 [3s 2d]
Tariktoki1979: folds 
Uncalled bet (15) returned to Mahu2021
Mahu2021 collected 30 from pot
Mahu2021: doesn't show hand 
*** SUMMARY ***
Total pot 30 | Rake 0 
Seat 2: Mahu2021 (big blind) collected (30)
Seat 3: Tariktoki1979 (button) (small blind) folded before Flop



PokerStars Hand #253309663062: Tournament #3821356634, $1.84+$0.16 USD Hold'em No Limit - Level II (15/30) - 2024/11/08 14:53:40 CET [2024/11/08 8:53:40 ET]
Table '3821356634 1' 3-max Seat #2 is the button
Seat 2: Mahu2021 (1310 in chips) 
Seat 3: Tariktoki1979 (190 in chips) 
Mahu2021: posts small blind 15
Tariktoki1979: posts big blind 30
*** HOLE CARDS ***
Dealt to Mahu2021 [8d 4h]
Mahu2021: folds 
Uncalled bet (15) returned to Tariktoki1979
Tariktoki1979 collected 30 from pot
*** SUMMARY ***
Total pot 30 | Rake 0 
Seat 2: Mahu2021 (button) (small blind) folded before Flop
Seat 3: Tariktoki1979 (big blind) collected (30)



PokerStars Hand #253309663793: Tournament #3821356634, $1.84+$0.16 USD Hold'em No Limit - Level II (15/30) - 2024/11/08 14:53:45 CET [2024/11/08 8:53:45 ET]
Table '3821356634 1' 3-max Seat #3 is the button
Seat 2: Mahu2021 (1295 in chips) 
Seat 3: Tariktoki1979 (205 in chips) 
Tariktoki1979: posts small blind 15
Mahu2021: posts big blind 30
*** HOLE CARDS ***
Dealt to Mahu2021 [Jd 2d]
Tariktoki1979: folds 
Uncalled bet (15) returned to Mahu2021
Mahu2021 collected 30 from pot
Mahu2021: doesn't show hand 
*** SUMMARY ***
Total pot 30 | Rake 0 
Seat 2: Mahu2021 (big blind) collected (30)
Seat 3: Tariktoki1979 (button) (small blind) folded before Flop



PokerStars Hand #253309664421: Tournament #3821356634, $1.84+$0.16 USD Hold'em No Limit - Level II (15/30) - 2024/11/08 14:53:49 CET [2024/11/08 8:53:49 ET]
Table '3821356634 1' 3-max Seat #2 is the button
Seat 2: Mahu2021 (1310 in chips) 
Seat 3: Tariktoki1979 (190 in chips) 
Mahu2021: posts small blind 15
Tariktoki1979: posts big blind 30
*** HOLE CARDS ***
Dealt to Mahu2021 [9h 4c]
Mahu2021: folds 
Uncalled bet (15) returned to Tariktoki1979
Tariktoki1979 collected 30 from pot
*** SUMMARY ***
Total pot 30 | Rake 0 
Seat 2: Mahu2021 (button) (small blind) folded before Flop
Seat 3: Tariktoki1979 (big blind) collected (30)



PokerStars Hand #253309665143: Tournament #3821356634, $1.84+$0.16 USD Hold'em No Limit - Level II (15/30) - 2024/11/08 14:53:53 CET [2024/11/08 8:53:53 ET]
Table '3821356634 1' 3-max Seat #3 is the button
Seat 2: Mahu2021 (1295 in chips) 
Seat 3: Tariktoki1979 (205 in chips) 
Tariktoki1979: posts small blind 15
Mahu2021: posts big blind 30
*** HOLE CARDS ***
Dealt to Mahu2021 [2c Jc]
Tariktoki1979: raises 30 to 60
Mahu2021: calls 30
*** FLOP *** [Ts 4d 7c]
Mahu2021: checks 
Tariktoki1979: bets 145 and is all-in
Mahu2021: folds 
Uncalled bet (145) returned to Tariktoki1979
Tariktoki1979 collected 120 from pot
*** SUMMARY ***
Total pot 120 | Rake 0 
Board [Ts 4d 7c]
Seat 2: Mahu2021 (big blind) folded on the Flop
Seat 3: Tariktoki1979 (button) (small blind) collected (120)



PokerStars Hand #253309666681: Tournament #3821356634, $1.84+$0.16 USD Hold'em No Limit - Level II (15/30) - 2024/11/08 14:54:02 CET [2024/11/08 8:54:02 ET]
Table '3821356634 1' 3-max Seat #2 is the button
Seat 2: Mahu2021 (1235 in chips) 
Seat 3: Tariktoki1979 (265 in chips) 
Mahu2021: posts small blind 15
Tariktoki1979: posts big blind 30
*** HOLE CARDS ***
Dealt to Mahu2021 [Th 4c]
Mahu2021: folds 
Uncalled bet (15) returned to Tariktoki1979
Tariktoki1979 collected 30 from pot
*** SUMMARY ***
Total pot 30 | Rake 0 
Seat 2: Mahu2021 (button) (small blind) folded before Flop
Seat 3: Tariktoki1979 (big blind) collected (30)



PokerStars Hand #253309667485: Tournament #3821356634, $1.84+$0.16 USD Hold'em No Limit - Level II (15/30) - 2024/11/08 14:54:07 CET [2024/11/08 8:54:07 ET]
Table '3821356634 1' 3-max Seat #3 is the button
Seat 2: Mahu2021 (1220 in chips) 
Seat 3: Tariktoki1979 (280 in chips) 
Tariktoki1979: posts small blind 15
Mahu2021: posts big blind 30
*** HOLE CARDS ***
Dealt to Mahu2021 [6h 5d]
Tariktoki1979: calls 15
Mahu2021: checks 
*** FLOP *** [2c Kc Qc]
Mahu2021: checks 
Tariktoki1979: bets 250 and is all-in
Mahu2021: folds 
Uncalled bet (250) returned to Tariktoki1979
Tariktoki1979 collected 60 from pot
*** SUMMARY ***
Total pot 60 | Rake 0 
Board [2c Kc Qc]
Seat 2: Mahu2021 (big blind) folded on the Flop
Seat 3: Tariktoki1979 (button) (small blind) collected (60)



PokerStars Hand #253309669061: Tournament #3821356634, $1.84+$0.16 USD Hold'em No Limit - Level II (15/30) - 2024/11/08 14:54:17 CET [2024/11/08 8:54:17 ET]
Table '3821356634 1' 3-max Seat #2 is the button
Seat 2: Mahu2021 (1190 in chips) 
Seat 3: Tariktoki1979 (310 in chips) 
Mahu2021: posts small blind 15
Tariktoki1979: posts big blind 30
*** HOLE CARDS ***
Dealt to Mahu2021 [6d 8c]
Mahu2021: folds 
Uncalled bet (15) returned to Tariktoki1979
Tariktoki1979 collected 30 from pot
*** SUMMARY ***
Total pot 30 | Rake 0 
Seat 2: Mahu2021 (button) (small blind) folded before Flop
Seat 3: Tariktoki1979 (big blind) collected (30)



PokerStars Hand #253309669805: Tournament #3821356634, $1.84+$0.16 USD Hold'em No Limit - Level II (15/30) - 2024/11/08 14:54:21 CET [2024/11/08 8:54:21 ET]
Table '3821356634 1' 3-max Seat #3 is the button
Seat 2: Mahu2021 (1175 in chips) 
Seat 3: Tariktoki1979 (325 in chips) 
Tariktoki1979: posts small blind 15
Mahu2021: posts big blind 30
*** HOLE CARDS ***
Dealt to Mahu2021 [Th 3h]
Tariktoki1979: raises 295 to 325 and is all-in
Mahu2021: folds 
Uncalled bet (295) returned to Tariktoki1979
Tariktoki1979 collected 60 from pot
*** SUMMARY ***
Total pot 60 | Rake 0 
Seat 2: Mahu2021 (big blind) folded before Flop
Seat 3: Tariktoki1979 (button) (small blind) collected (60)



PokerStars Hand #253309670835: Tournament #3821356634, $1.84+$0.16 USD Hold'em No Limit - Level II (15/30) - 2024/11/08 14:54:27 CET [2024/11/08 8:54:27 ET]
Table '3821356634 1' 3-max Seat #2 is the button
Seat 2: Mahu2021 (1145 in chips) 
Seat 3: Tariktoki1979 (355 in chips) 
Mahu2021: posts small blind 15
Tariktoki1979: posts big blind 30
*** HOLE CARDS ***
Dealt to Mahu2021 [4c Jc]
Mahu2021: raises 30 to 60
Tariktoki1979: calls 30
*** FLOP *** [9h 8c 5c]
Tariktoki1979: checks 
Mahu2021: bets 1085 and is all-in
Tariktoki1979: calls 295 and is all-in
Uncalled bet (790) returned to Mahu2021
*** TURN *** [9h 8c 5c] [Ah]
*** RIVER *** [9h 8c 5c Ah] [Qc]
*** SHOW DOWN ***
Tariktoki1979: shows [Qs 9c] (two pair, Queens and Nines)
Mahu2021: shows [4c Jc] (a flush, Queen high)
Mahu2021 collected 710 from pot
Tariktoki1979 finished the tournament in 2nd place
Mahu2021 wins the tournament and receives $4.00 - congratulations!
*** SUMMARY ***
Total pot 710 | Rake 0 
Board [9h 8c 5c Ah Qc]
Seat 2: Mahu2021 (button) (small blind) showed [4c Jc] and won (710) with a flush, Queen high
Seat 3: Tariktoki1979 (big blind) showed [Qs 9c] and lost with two pair, Queens and Nines



