PokerStars Hand #253296994108: Tournament #3821058677, $1.84+$0.16 USD Hold'em No Limit - Level I (10/20) - 2024/11/07 18:22:23 CET [2024/11/07 12:22:23 ET]
Table '3821058677 1' 3-max Seat #1 is the button
Seat 1: Hangeli (500 in chips) 
Seat 2: tomshaq (500 in chips) 
Seat 3: Mahu2021 (500 in chips) 
tomshaq: posts small blind 10
Mahu2021: posts big blind 20
*** HOLE CARDS ***
Dealt to Mahu2021 [5h 6h]
Hangeli: raises 20 to 40
tomshaq: folds 
Mahu2021: calls 20
*** FLOP *** [Ks 2c Ac]
Mahu2021: checks 
Hangeli: bets 40
Mahu2021: folds 
Uncalled bet (40) returned to Hangeli
Hangeli collected 90 from pot
Hangeli: doesn't show hand 
*** SUMMARY ***
Total pot 90 | Rake 0 
Board [Ks 2c Ac]
Seat 1: Hangeli (button) collected (90)
Seat 2: tomshaq (small blind) folded before Flop
Seat 3: Mahu2021 (big blind) folded on the Flop



PokerStars Hand #253296998386: Tournament #3821058677, $1.84+$0.16 USD Hold'em No Limit - Level I (10/20) - 2024/11/07 18:22:42 CET [2024/11/07 12:22:42 ET]
Table '3821058677 1' 3-max Seat #2 is the button
Seat 1: Hangeli (550 in chips) 
Seat 2: tomshaq (490 in chips) 
Seat 3: Mahu2021 (460 in chips) 
Mahu2021: posts small blind 10
Hangeli: posts big blind 20
*** HOLE CARDS ***
Dealt to Mahu2021 [2c 5h]
tomshaq: calls 20
Mahu2021: folds 
Hangeli: checks 
*** FLOP *** [5d Ac Kd]
Hangeli: bets 20
tomshaq: calls 20
*** TURN *** [5d Ac Kd] [Ts]
Hangeli: checks 
tomshaq: bets 40
Hangeli: calls 40
*** RIVER *** [5d Ac Kd Ts] [2s]
Hangeli: checks 
tomshaq: bets 100
Hangeli: calls 100
*** SHOW DOWN ***
tomshaq: shows [6s 7c] (high card Ace)
Hangeli: shows [4c Ks] (a pair of Kings)
Hangeli collected 370 from pot
*** SUMMARY ***
Total pot 370 | Rake 0 
Board [5d Ac Kd Ts 2s]
Seat 1: Hangeli (big blind) showed [4c Ks] and won (370) with a pair of Kings
Seat 2: tomshaq (button) showed [6s 7c] and lost with high card Ace
Seat 3: Mahu2021 (small blind) folded before Flop



PokerStars Hand #253297006548: Tournament #3821058677, $1.84+$0.16 USD Hold'em No Limit - Level I (10/20) - 2024/11/07 18:23:16 CET [2024/11/07 12:23:16 ET]
Table '3821058677 1' 3-max Seat #3 is the button
Seat 1: Hangeli (740 in chips) 
Seat 2: tomshaq (310 in chips) 
Seat 3: Mahu2021 (450 in chips) 
Hangeli: posts small blind 10
tomshaq: posts big blind 20
*** HOLE CARDS ***
Dealt to Mahu2021 [5d 4d]
Mahu2021: calls 20
Hangeli: calls 10
tomshaq: checks 
*** FLOP *** [2s Ah Jc]
Hangeli: bets 20
tomshaq: folds 
Mahu2021: calls 20
*** TURN *** [2s Ah Jc] [7c]
Hangeli: checks 
Mahu2021: checks 
*** RIVER *** [2s Ah Jc 7c] [3h]
Hangeli: bets 20
Mahu2021: raises 140 to 160
Hangeli: folds 
Uncalled bet (140) returned to Mahu2021
Mahu2021 collected 140 from pot
Mahu2021: doesn't show hand 
*** SUMMARY ***
Total pot 140 | Rake 0 
Board [2s Ah Jc 7c 3h]
Seat 1: Hangeli (small blind) folded on the River
Seat 2: tomshaq (big blind) folded on the Flop
Seat 3: Mahu2021 (button) collected (140)



PokerStars Hand #253297012667: Tournament #3821058677, $1.84+$0.16 USD Hold'em No Limit - Level I (10/20) - 2024/11/07 18:23:42 CET [2024/11/07 12:23:42 ET]
Table '3821058677 1' 3-max Seat #1 is the button
Seat 1: Hangeli (680 in chips) 
Seat 2: tomshaq (290 in chips) 
Seat 3: Mahu2021 (530 in chips) 
tomshaq: posts small blind 10
Mahu2021: posts big blind 20
*** HOLE CARDS ***
Dealt to Mahu2021 [9d 8d]
Hangeli: raises 20 to 40
tomshaq: folds 
Mahu2021: calls 20
*** FLOP *** [Kd Ad 2d]
Mahu2021: checks 
Hangeli: bets 90
Mahu2021: calls 90
*** TURN *** [Kd Ad 2d] [8c]
Mahu2021: checks 
Hangeli: checks 
*** RIVER *** [Kd Ad 2d 8c] [5h]
Mahu2021: bets 80
Hangeli: raises 470 to 550 and is all-in
Mahu2021: calls 320 and is all-in
Uncalled bet (150) returned to Hangeli
*** SHOW DOWN ***
Hangeli: shows [Qc Ah] (a pair of Aces)
Mahu2021: shows [9d 8d] (a flush, Ace high)
Mahu2021 collected 1070 from pot
*** SUMMARY ***
Total pot 1070 | Rake 0 
Board [Kd Ad 2d 8c 5h]
Seat 1: Hangeli (button) showed [Qc Ah] and lost with a pair of Aces
Seat 2: tomshaq (small blind) folded before Flop
Seat 3: Mahu2021 (big blind) showed [9d 8d] and won (1070) with a flush, Ace high



PokerStars Hand #253297017958: Tournament #3821058677, $1.84+$0.16 USD Hold'em No Limit - Level I (10/20) - 2024/11/07 18:24:05 CET [2024/11/07 12:24:05 ET]
Table '3821058677 1' 3-max Seat #2 is the button
Seat 1: Hangeli (150 in chips) 
Seat 2: tomshaq (280 in chips) 
Seat 3: Mahu2021 (1070 in chips) 
Mahu2021: posts small blind 10
Hangeli: posts big blind 20
*** HOLE CARDS ***
Dealt to Mahu2021 [6c 9h]
tomshaq: raises 20 to 40
Mahu2021: folds 
Hangeli: calls 20
*** FLOP *** [Th 4d 8s]
Hangeli: checks 
tomshaq: checks 
*** TURN *** [Th 4d 8s] [9d]
Hangeli: bets 110 and is all-in
tomshaq: folds 
Uncalled bet (110) returned to Hangeli
Hangeli collected 90 from pot
Hangeli: doesn't show hand 
*** SUMMARY ***
Total pot 90 | Rake 0 
Board [Th 4d 8s 9d]
Seat 1: Hangeli (big blind) collected (90)
Seat 2: tomshaq (button) folded on the Turn
Seat 3: Mahu2021 (small blind) folded before Flop



PokerStars Hand #253297021638: Tournament #3821058677, $1.84+$0.16 USD Hold'em No Limit - Level I (10/20) - 2024/11/07 18:24:20 CET [2024/11/07 12:24:20 ET]
Table '3821058677 1' 3-max Seat #3 is the button
Seat 1: Hangeli (200 in chips) 
Seat 2: tomshaq (240 in chips) 
Seat 3: Mahu2021 (1060 in chips) 
Hangeli: posts small blind 10
tomshaq: posts big blind 20
*** HOLE CARDS ***
Dealt to Mahu2021 [Jc 5s]
Mahu2021: folds 
Hangeli: raises 180 to 200 and is all-in
tomshaq: folds 
Uncalled bet (180) returned to Hangeli
Hangeli collected 40 from pot
Hangeli: doesn't show hand 
*** SUMMARY ***
Total pot 40 | Rake 0 
Seat 1: Hangeli (small blind) collected (40)
Seat 2: tomshaq (big blind) folded before Flop
Seat 3: Mahu2021 (button) folded before Flop (didn't bet)



PokerStars Hand #253297024296: Tournament #3821058677, $1.84+$0.16 USD Hold'em No Limit - Level II (15/30) - 2024/11/07 18:24:31 CET [2024/11/07 12:24:31 ET]
Table '3821058677 1' 3-max Seat #1 is the button
Seat 1: Hangeli (220 in chips) 
Seat 2: tomshaq (220 in chips) 
Seat 3: Mahu2021 (1060 in chips) 
tomshaq: posts small blind 15
Mahu2021: posts big blind 30
*** HOLE CARDS ***
Dealt to Mahu2021 [6c Qd]
Hangeli: raises 190 to 220 and is all-in
tomshaq: calls 205 and is all-in
Mahu2021: folds 
*** FLOP *** [Kc Th 7h]
*** TURN *** [Kc Th 7h] [Ad]
*** RIVER *** [Kc Th 7h Ad] [8h]
*** SHOW DOWN ***
tomshaq: shows [Jc Qh] (a straight, Ten to Ace)
Hangeli: shows [5h Ks] (a pair of Kings)
tomshaq collected 470 from pot
Hangeli finished the tournament in 3rd place
*** SUMMARY ***
Total pot 470 | Rake 0 
Board [Kc Th 7h Ad 8h]
Seat 1: Hangeli (button) showed [5h Ks] and lost with a pair of Kings
Seat 2: tomshaq (small blind) showed [Jc Qh] and won (470) with a straight, Ten to Ace
Seat 3: Mahu2021 (big blind) folded before Flop



PokerStars Hand #253297028282: Tournament #3821058677, $1.84+$0.16 USD Hold'em No Limit - Level II (15/30) - 2024/11/07 18:24:48 CET [2024/11/07 12:24:48 ET]
Table '3821058677 1' 3-max Seat #3 is the button
Seat 2: tomshaq (470 in chips) 
Seat 3: Mahu2021 (1030 in chips) 
Mahu2021: posts small blind 15
tomshaq: posts big blind 30
*** HOLE CARDS ***
Dealt to Mahu2021 [Ac Kd]
Mahu2021: raises 30 to 60
tomshaq: raises 410 to 470 and is all-in
Mahu2021: calls 410
*** FLOP *** [9d Qh Ah]
*** TURN *** [9d Qh Ah] [Qd]
*** RIVER *** [9d Qh Ah Qd] [8c]
*** SHOW DOWN ***
tomshaq: shows [2h 2s] (two pair, Queens and Deuces)
Mahu2021: shows [Ac Kd] (two pair, Aces and Queens)
Mahu2021 collected 940 from pot
tomshaq finished the tournament in 2nd place
Mahu2021 wins the tournament and receives $4.00 - congratulations!
*** SUMMARY ***
Total pot 940 | Rake 0 
Board [9d Qh Ah Qd 8c]
Seat 2: tomshaq (big blind) showed [2h 2s] and lost with two pair, Queens and Deuces
Seat 3: Mahu2021 (button) (small blind) showed [Ac Kd] and won (940) with two pair, Aces and Queens



