PokerStars Hand #246883923731: Tournament #3667299985, $1.84+$0.16 USD Hold'em No Limit - Level I (10/20) - 2023/11/02 16:45:54 CET [2023/11/02 11:45:54 ET]
Table '3667299985 1' 3-max Seat #1 is the button
Seat 1: Mahu2021 (500 in chips) 
Seat 2: alincristyan (500 in chips) 
Seat 3: soyeltuta (500 in chips) 
alincristyan: posts small blind 10
soyeltuta: posts big blind 20
*** HOLE CARDS ***
Dealt to Mahu2021 [9s Ts]
Mahu2021: raises 20 to 40
alincristyan: folds 
soyeltuta: folds 
Uncalled bet (20) returned to Mahu2021
Mahu2021 collected 50 from pot
Mahu2021: doesn't show hand 
*** SUMMARY ***
Total pot 50 | Rake 0 
Seat 1: Mahu2021 (button) collected (50)
Seat 2: alincristyan (small blind) folded before Flop
Seat 3: soyeltuta (big blind) folded before Flop



PokerStars Hand #246883926085: Tournament #3667299985, $1.84+$0.16 USD Hold'em No Limit - Level I (10/20) - 2023/11/02 16:46:03 CET [2023/11/02 11:46:03 ET]
Table '3667299985 1' 3-max Seat #2 is the button
Seat 1: Mahu2021 (530 in chips) 
Seat 2: alincristyan (490 in chips) 
Seat 3: soyeltuta (480 in chips) 
soyeltuta: posts small blind 10
Mahu2021: posts big blind 20
*** HOLE CARDS ***
Dealt to Mahu2021 [4d Jd]
alincristyan: calls 20
soyeltuta: raises 60 to 80
Mahu2021: folds 
alincristyan: folds 
Uncalled bet (60) returned to soyeltuta
soyeltuta collected 60 from pot
soyeltuta: doesn't show hand 
*** SUMMARY ***
Total pot 60 | Rake 0 
Seat 1: Mahu2021 (big blind) folded before Flop
Seat 2: alincristyan (button) folded before Flop
Seat 3: soyeltuta (small blind) collected (60)



PokerStars Hand #246883928701: Tournament #3667299985, $1.84+$0.16 USD Hold'em No Limit - Level I (10/20) - 2023/11/02 16:46:14 CET [2023/11/02 11:46:14 ET]
Table '3667299985 1' 3-max Seat #3 is the button
Seat 1: Mahu2021 (510 in chips) 
Seat 2: alincristyan (470 in chips) 
Seat 3: soyeltuta (520 in chips) 
Mahu2021: posts small blind 10
alincristyan: posts big blind 20
*** HOLE CARDS ***
Dealt to Mahu2021 [9c 3h]
soyeltuta: folds 
Mahu2021: folds 
Uncalled bet (10) returned to alincristyan
alincristyan collected 20 from pot
*** SUMMARY ***
Total pot 20 | Rake 0 
Seat 1: Mahu2021 (small blind) folded before Flop
Seat 2: alincristyan (big blind) collected (20)
Seat 3: soyeltuta (button) folded before Flop (didn't bet)



PokerStars Hand #246883929706: Tournament #3667299985, $1.84+$0.16 USD Hold'em No Limit - Level I (10/20) - 2023/11/02 16:46:18 CET [2023/11/02 11:46:18 ET]
Table '3667299985 1' 3-max Seat #1 is the button
Seat 1: Mahu2021 (500 in chips) 
Seat 2: alincristyan (480 in chips) 
Seat 3: soyeltuta (520 in chips) 
alincristyan: posts small blind 10
soyeltuta: posts big blind 20
*** HOLE CARDS ***
Dealt to Mahu2021 [6h 2h]
Mahu2021: folds 
alincristyan: calls 10
soyeltuta: checks 
*** FLOP *** [5d Js Qh]
alincristyan: checks 
soyeltuta: checks 
*** TURN *** [5d Js Qh] [5s]
alincristyan: checks 
soyeltuta: bets 20
alincristyan: calls 20
*** RIVER *** [5d Js Qh 5s] [9s]
alincristyan: checks 
soyeltuta: checks 
*** SHOW DOWN ***
alincristyan: shows [9h Ts] (two pair, Nines and Fives)
soyeltuta: mucks hand 
alincristyan collected 80 from pot
*** SUMMARY ***
Total pot 80 | Rake 0 
Board [5d Js Qh 5s 9s]
Seat 1: Mahu2021 (button) folded before Flop (didn't bet)
Seat 2: alincristyan (small blind) showed [9h Ts] and won (80) with two pair, Nines and Fives
Seat 3: soyeltuta (big blind) mucked [Kd 8h]



PokerStars Hand #246883936304: Tournament #3667299985, $1.84+$0.16 USD Hold'em No Limit - Level I (10/20) - 2023/11/02 16:46:45 CET [2023/11/02 11:46:45 ET]
Table '3667299985 1' 3-max Seat #2 is the button
Seat 1: Mahu2021 (500 in chips) 
Seat 2: alincristyan (520 in chips) 
Seat 3: soyeltuta (480 in chips) 
soyeltuta: posts small blind 10
Mahu2021: posts big blind 20
*** HOLE CARDS ***
Dealt to Mahu2021 [5s Td]
alincristyan: calls 20
soyeltuta: folds 
Mahu2021: checks 
*** FLOP *** [8h Jd 2h]
Mahu2021: checks 
alincristyan: checks 
*** TURN *** [8h Jd 2h] [3h]
Mahu2021: checks 
alincristyan: checks 
*** RIVER *** [8h Jd 2h 3h] [Tc]
Mahu2021: bets 20
alincristyan: folds 
Uncalled bet (20) returned to Mahu2021
Mahu2021 collected 50 from pot
Mahu2021: doesn't show hand 
*** SUMMARY ***
Total pot 50 | Rake 0 
Board [8h Jd 2h 3h Tc]
Seat 1: Mahu2021 (big blind) collected (50)
Seat 2: alincristyan (button) folded on the River
Seat 3: soyeltuta (small blind) folded before Flop



PokerStars Hand #246883942268: Tournament #3667299985, $1.84+$0.16 USD Hold'em No Limit - Level I (10/20) - 2023/11/02 16:47:10 CET [2023/11/02 11:47:10 ET]
Table '3667299985 1' 3-max Seat #3 is the button
Seat 1: Mahu2021 (530 in chips) 
Seat 2: alincristyan (500 in chips) 
Seat 3: soyeltuta (470 in chips) 
Mahu2021: posts small blind 10
alincristyan: posts big blind 20
*** HOLE CARDS ***
Dealt to Mahu2021 [4h 7h]
soyeltuta: folds 
Mahu2021: calls 10
alincristyan: checks 
*** FLOP *** [Tc 7s 8d]
Mahu2021: checks 
alincristyan: bets 60
Mahu2021: folds 
Uncalled bet (60) returned to alincristyan
alincristyan collected 40 from pot
*** SUMMARY ***
Total pot 40 | Rake 0 
Board [Tc 7s 8d]
Seat 1: Mahu2021 (small blind) folded on the Flop
Seat 2: alincristyan (big blind) collected (40)
Seat 3: soyeltuta (button) folded before Flop (didn't bet)



PokerStars Hand #246883949123: Tournament #3667299985, $1.84+$0.16 USD Hold'em No Limit - Level I (10/20) - 2023/11/02 16:47:38 CET [2023/11/02 11:47:38 ET]
Table '3667299985 1' 3-max Seat #1 is the button
Seat 1: Mahu2021 (510 in chips) 
Seat 2: alincristyan (520 in chips) 
Seat 3: soyeltuta (470 in chips) 
alincristyan: posts small blind 10
soyeltuta: posts big blind 20
*** HOLE CARDS ***
Dealt to Mahu2021 [6h 8s]
Mahu2021: folds 
alincristyan: calls 10
soyeltuta: checks 
*** FLOP *** [7h Ks Qh]
alincristyan: bets 40
soyeltuta: raises 60 to 100
alincristyan: raises 400 to 500 and is all-in
soyeltuta: folds 
Uncalled bet (400) returned to alincristyan
alincristyan collected 240 from pot
*** SUMMARY ***
Total pot 240 | Rake 0 
Board [7h Ks Qh]
Seat 1: Mahu2021 (button) folded before Flop (didn't bet)
Seat 2: alincristyan (small blind) collected (240)
Seat 3: soyeltuta (big blind) folded on the Flop



PokerStars Hand #246883955451: Tournament #3667299985, $1.84+$0.16 USD Hold'em No Limit - Level II (15/30) - 2023/11/02 16:48:04 CET [2023/11/02 11:48:04 ET]
Table '3667299985 1' 3-max Seat #2 is the button
Seat 1: Mahu2021 (510 in chips) 
Seat 2: alincristyan (640 in chips) 
Seat 3: soyeltuta (350 in chips) 
soyeltuta: posts small blind 15
Mahu2021: posts big blind 30
*** HOLE CARDS ***
Dealt to Mahu2021 [4d Kh]
alincristyan: calls 30
soyeltuta: calls 15
Mahu2021: checks 
*** FLOP *** [7c Qc 5h]
soyeltuta: checks 
Mahu2021: checks 
alincristyan: bets 60
soyeltuta: folds 
Mahu2021: folds 
Uncalled bet (60) returned to alincristyan
alincristyan collected 90 from pot
*** SUMMARY ***
Total pot 90 | Rake 0 
Board [7c Qc 5h]
Seat 1: Mahu2021 (big blind) folded on the Flop
Seat 2: alincristyan (button) collected (90)
Seat 3: soyeltuta (small blind) folded on the Flop



PokerStars Hand #246883959445: Tournament #3667299985, $1.84+$0.16 USD Hold'em No Limit - Level II (15/30) - 2023/11/02 16:48:20 CET [2023/11/02 11:48:20 ET]
Table '3667299985 1' 3-max Seat #3 is the button
Seat 1: Mahu2021 (480 in chips) 
Seat 2: alincristyan (700 in chips) 
Seat 3: soyeltuta (320 in chips) 
Mahu2021: posts small blind 15
alincristyan: posts big blind 30
*** HOLE CARDS ***
Dealt to Mahu2021 [8d 5d]
soyeltuta: folds 
Mahu2021: calls 15
alincristyan: checks 
*** FLOP *** [6c 9c Td]
Mahu2021: bets 30
alincristyan: folds 
Uncalled bet (30) returned to Mahu2021
Mahu2021 collected 60 from pot
Mahu2021: doesn't show hand 
*** SUMMARY ***
Total pot 60 | Rake 0 
Board [6c 9c Td]
Seat 1: Mahu2021 (small blind) collected (60)
Seat 2: alincristyan (big blind) folded on the Flop
Seat 3: soyeltuta (button) folded before Flop (didn't bet)



PokerStars Hand #246883962207: Tournament #3667299985, $1.84+$0.16 USD Hold'em No Limit - Level II (15/30) - 2023/11/02 16:48:31 CET [2023/11/02 11:48:31 ET]
Table '3667299985 1' 3-max Seat #1 is the button
Seat 1: Mahu2021 (510 in chips) 
Seat 2: alincristyan (670 in chips) 
Seat 3: soyeltuta (320 in chips) 
alincristyan: posts small blind 15
soyeltuta: posts big blind 30
*** HOLE CARDS ***
Dealt to Mahu2021 [5c 6c]
Mahu2021: calls 30
alincristyan: calls 15
soyeltuta: checks 
*** FLOP *** [9h 3d Tc]
alincristyan: checks 
soyeltuta: checks 
Mahu2021: bets 30
alincristyan: calls 30
soyeltuta: folds 
*** TURN *** [9h 3d Tc] [8c]
alincristyan: bets 610 and is all-in
Mahu2021: calls 450 and is all-in
Uncalled bet (160) returned to alincristyan
*** RIVER *** [9h 3d Tc 8c] [2d]
*** SHOW DOWN ***
alincristyan: shows [3h 8h] (two pair, Eights and Threes)
Mahu2021: shows [5c 6c] (high card Ten)
alincristyan collected 1050 from pot
Mahu2021 finished the tournament in 3rd place
*** SUMMARY ***
Total pot 1050 | Rake 0 
Board [9h 3d Tc 8c 2d]
Seat 1: Mahu2021 (button) showed [5c 6c] and lost with high card Ten
Seat 2: alincristyan (small blind) showed [3h 8h] and won (1050) with two pair, Eights and Threes
Seat 3: soyeltuta (big blind) folded on the Flop



