PokerStars Hand #248816927760: Tournament #3714290652, $1.84+$0.16 USD Hold'em No Limit - Level I (10/20) - 2024/02/11 14:19:16 CET [2024/02/11 8:19:16 ET]
Table '3714290652 1' 3-max Seat #1 is the button
Seat 1: MARCGY (500 in chips) 
Seat 2: Mahu2021 (500 in chips) 
Seat 3: lord2386 (500 in chips) 
Mahu2021: posts small blind 10
lord2386: posts big blind 20
*** HOLE CARDS ***
Dealt to Mahu2021 [5c Kd]
MARCGY: folds 
Mahu2021: calls 10
lord2386: checks 
*** FLOP *** [Qc 7d Kh]
Mahu2021: bets 20
lord2386: calls 20
*** TURN *** [Qc 7d Kh] [9c]
Mahu2021: bets 20
lord2386: folds 
Uncalled bet (20) returned to Mahu2021
Mahu2021 collected 80 from pot
Mahu2021: doesn't show hand 
*** SUMMARY ***
Total pot 80 | Rake 0 
Board [Qc 7d Kh 9c]
Seat 1: MARCGY (button) folded before Flop (didn't bet)
Seat 2: Mahu2021 (small blind) collected (80)
Seat 3: lord2386 (big blind) folded on the Turn



PokerStars Hand #248816930850: Tournament #3714290652, $1.84+$0.16 USD Hold'em No Limit - Level I (10/20) - 2024/02/11 14:19:30 CET [2024/02/11 8:19:30 ET]
Table '3714290652 1' 3-max Seat #2 is the button
Seat 1: MARCGY (500 in chips) 
Seat 2: Mahu2021 (540 in chips) 
Seat 3: lord2386 (460 in chips) 
lord2386: posts small blind 10
MARCGY: posts big blind 20
*** HOLE CARDS ***
Dealt to Mahu2021 [9d Kh]
Mahu2021: raises 20 to 40
lord2386: calls 30
MARCGY: calls 20
*** FLOP *** [3d Tc Qh]
lord2386: checks 
MARCGY: checks 
Mahu2021: checks 
*** TURN *** [3d Tc Qh] [8d]
lord2386: checks 
MARCGY: checks 
Mahu2021: checks 
*** RIVER *** [3d Tc Qh 8d] [5d]
lord2386: checks 
MARCGY: checks 
Mahu2021: checks 
*** SHOW DOWN ***
lord2386: shows [4c 9c] (high card Queen)
MARCGY: shows [5s 7d] (a pair of Fives)
Mahu2021: mucks hand 
MARCGY collected 120 from pot
*** SUMMARY ***
Total pot 120 | Rake 0 
Board [3d Tc Qh 8d 5d]
Seat 1: MARCGY (big blind) showed [5s 7d] and won (120) with a pair of Fives
Seat 2: Mahu2021 (button) mucked [9d Kh]
Seat 3: lord2386 (small blind) showed [4c 9c] and lost with high card Queen



PokerStars Hand #248816935743: Tournament #3714290652, $1.84+$0.16 USD Hold'em No Limit - Level I (10/20) - 2024/02/11 14:19:52 CET [2024/02/11 8:19:52 ET]
Table '3714290652 1' 3-max Seat #3 is the button
Seat 1: MARCGY (580 in chips) 
Seat 2: Mahu2021 (500 in chips) 
Seat 3: lord2386 (420 in chips) 
MARCGY: posts small blind 10
Mahu2021: posts big blind 20
*** HOLE CARDS ***
Dealt to Mahu2021 [Ac Jh]
lord2386: folds 
MARCGY: calls 10
Mahu2021: raises 40 to 60
MARCGY: calls 40
*** FLOP *** [7h 7s Kc]
MARCGY: checks 
Mahu2021: checks 
*** TURN *** [7h 7s Kc] [Js]
MARCGY: bets 20
Mahu2021: calls 20
*** RIVER *** [7h 7s Kc Js] [Ah]
MARCGY: checks 
Mahu2021: bets 60
MARCGY: folds 
Uncalled bet (60) returned to Mahu2021
Mahu2021 collected 160 from pot
Mahu2021: doesn't show hand 
*** SUMMARY ***
Total pot 160 | Rake 0 
Board [7h 7s Kc Js Ah]
Seat 1: MARCGY (small blind) folded on the River
Seat 2: Mahu2021 (big blind) collected (160)
Seat 3: lord2386 (button) folded before Flop (didn't bet)



PokerStars Hand #248816939721: Tournament #3714290652, $1.84+$0.16 USD Hold'em No Limit - Level I (10/20) - 2024/02/11 14:20:11 CET [2024/02/11 8:20:11 ET]
Table '3714290652 1' 3-max Seat #1 is the button
Seat 1: MARCGY (500 in chips) 
Seat 2: Mahu2021 (580 in chips) 
Seat 3: lord2386 (420 in chips) 
Mahu2021: posts small blind 10
lord2386: posts big blind 20
*** HOLE CARDS ***
Dealt to Mahu2021 [Kc Js]
MARCGY: folds 
Mahu2021: raises 20 to 40
lord2386: calls 20
*** FLOP *** [8h 6s 2c]
Mahu2021: checks 
lord2386: checks 
*** TURN *** [8h 6s 2c] [6d]
Mahu2021: checks 
lord2386: checks 
*** RIVER *** [8h 6s 2c 6d] [Ac]
Mahu2021: checks 
lord2386: bets 80
Mahu2021: folds 
Uncalled bet (80) returned to lord2386
lord2386 collected 80 from pot
*** SUMMARY ***
Total pot 80 | Rake 0 
Board [8h 6s 2c 6d Ac]
Seat 1: MARCGY (button) folded before Flop (didn't bet)
Seat 2: Mahu2021 (small blind) folded on the River
Seat 3: lord2386 (big blind) collected (80)



PokerStars Hand #248816943230: Tournament #3714290652, $1.84+$0.16 USD Hold'em No Limit - Level I (10/20) - 2024/02/11 14:20:27 CET [2024/02/11 8:20:27 ET]
Table '3714290652 1' 3-max Seat #2 is the button
Seat 1: MARCGY (500 in chips) 
Seat 2: Mahu2021 (540 in chips) 
Seat 3: lord2386 (460 in chips) 
lord2386: posts small blind 10
MARCGY: posts big blind 20
*** HOLE CARDS ***
Dealt to Mahu2021 [4d 5s]
Mahu2021: folds 
lord2386: calls 10
MARCGY: checks 
*** FLOP *** [Td 8c 3c]
lord2386: checks 
MARCGY: bets 480 and is all-in
lord2386: folds 
Uncalled bet (480) returned to MARCGY
MARCGY collected 40 from pot
MARCGY: doesn't show hand 
*** SUMMARY ***
Total pot 40 | Rake 0 
Board [Td 8c 3c]
Seat 1: MARCGY (big blind) collected (40)
Seat 2: Mahu2021 (button) folded before Flop (didn't bet)
Seat 3: lord2386 (small blind) folded on the Flop



PokerStars Hand #248816945879: Tournament #3714290652, $1.84+$0.16 USD Hold'em No Limit - Level I (10/20) - 2024/02/11 14:20:39 CET [2024/02/11 8:20:39 ET]
Table '3714290652 1' 3-max Seat #3 is the button
Seat 1: MARCGY (520 in chips) 
Seat 2: Mahu2021 (540 in chips) 
Seat 3: lord2386 (440 in chips) 
MARCGY: posts small blind 10
Mahu2021: posts big blind 20
*** HOLE CARDS ***
Dealt to Mahu2021 [7s Jc]
lord2386: raises 50 to 70
MARCGY: folds 
Mahu2021: folds 
Uncalled bet (50) returned to lord2386
lord2386 collected 50 from pot
*** SUMMARY ***
Total pot 50 | Rake 0 
Seat 1: MARCGY (small blind) folded before Flop
Seat 2: Mahu2021 (big blind) folded before Flop
Seat 3: lord2386 (button) collected (50)



PokerStars Hand #248816947490: Tournament #3714290652, $1.84+$0.16 USD Hold'em No Limit - Level I (10/20) - 2024/02/11 14:20:46 CET [2024/02/11 8:20:46 ET]
Table '3714290652 1' 3-max Seat #1 is the button
Seat 1: MARCGY (510 in chips) 
Seat 2: Mahu2021 (520 in chips) 
Seat 3: lord2386 (470 in chips) 
Mahu2021: posts small blind 10
lord2386: posts big blind 20
*** HOLE CARDS ***
Dealt to Mahu2021 [Ah 4s]
MARCGY: calls 20
Mahu2021: calls 10
lord2386: checks 
*** FLOP *** [Tc 4d 2s]
Mahu2021: bets 20
lord2386: calls 20
MARCGY: folds 
*** TURN *** [Tc 4d 2s] [6h]
Mahu2021: checks 
lord2386: checks 
*** RIVER *** [Tc 4d 2s 6h] [Ks]
Mahu2021: checks 
lord2386: checks 
*** SHOW DOWN ***
Mahu2021: shows [Ah 4s] (a pair of Fours)
lord2386: mucks hand 
Mahu2021 collected 100 from pot
*** SUMMARY ***
Total pot 100 | Rake 0 
Board [Tc 4d 2s 6h Ks]
Seat 1: MARCGY (button) folded on the Flop
Seat 2: Mahu2021 (small blind) showed [Ah 4s] and won (100) with a pair of Fours
Seat 3: lord2386 (big blind) mucked [As 2c]



PokerStars Hand #248816951429: Tournament #3714290652, $1.84+$0.16 USD Hold'em No Limit - Level I (10/20) - 2024/02/11 14:21:04 CET [2024/02/11 8:21:04 ET]
Table '3714290652 1' 3-max Seat #2 is the button
Seat 1: MARCGY (490 in chips) 
Seat 2: Mahu2021 (580 in chips) 
Seat 3: lord2386 (430 in chips) 
lord2386: posts small blind 10
MARCGY: posts big blind 20
*** HOLE CARDS ***
Dealt to Mahu2021 [8h 2c]
Mahu2021: folds 
lord2386: calls 10
MARCGY: checks 
*** FLOP *** [As 3s Qs]
lord2386: checks 
MARCGY: checks 
*** TURN *** [As 3s Qs] [4d]
lord2386: checks 
MARCGY: checks 
*** RIVER *** [As 3s Qs 4d] [9d]
lord2386: checks 
MARCGY: checks 
*** SHOW DOWN ***
lord2386: shows [7h 8s] (high card Ace)
MARCGY: shows [Qc Kc] (a pair of Queens)
MARCGY collected 40 from pot
*** SUMMARY ***
Total pot 40 | Rake 0 
Board [As 3s Qs 4d 9d]
Seat 1: MARCGY (big blind) showed [Qc Kc] and won (40) with a pair of Queens
Seat 2: Mahu2021 (button) folded before Flop (didn't bet)
Seat 3: lord2386 (small blind) showed [7h 8s] and lost with high card Ace



PokerStars Hand #248816954655: Tournament #3714290652, $1.84+$0.16 USD Hold'em No Limit - Level I (10/20) - 2024/02/11 14:21:19 CET [2024/02/11 8:21:19 ET]
Table '3714290652 1' 3-max Seat #3 is the button
Seat 1: MARCGY (510 in chips) 
Seat 2: Mahu2021 (580 in chips) 
Seat 3: lord2386 (410 in chips) 
MARCGY: posts small blind 10
Mahu2021: posts big blind 20
*** HOLE CARDS ***
Dealt to Mahu2021 [Jc 8s]
lord2386: folds 
MARCGY: calls 10
Mahu2021: checks 
*** FLOP *** [Th 3s 7c]
MARCGY: checks 
Mahu2021: checks 
*** TURN *** [Th 3s 7c] [8d]
MARCGY: bets 20
Mahu2021: calls 20
*** RIVER *** [Th 3s 7c 8d] [As]
MARCGY: bets 20
Mahu2021: calls 20
*** SHOW DOWN ***
MARCGY: shows [6c Qc] (high card Ace)
Mahu2021: shows [Jc 8s] (a pair of Eights)
Mahu2021 collected 120 from pot
*** SUMMARY ***
Total pot 120 | Rake 0 
Board [Th 3s 7c 8d As]
Seat 1: MARCGY (small blind) showed [6c Qc] and lost with high card Ace
Seat 2: Mahu2021 (big blind) showed [Jc 8s] and won (120) with a pair of Eights
Seat 3: lord2386 (button) folded before Flop (didn't bet)



PokerStars Hand #248816958015: Tournament #3714290652, $1.84+$0.16 USD Hold'em No Limit - Level I (10/20) - 2024/02/11 14:21:34 CET [2024/02/11 8:21:34 ET]
Table '3714290652 1' 3-max Seat #1 is the button
Seat 1: MARCGY (450 in chips) 
Seat 2: Mahu2021 (640 in chips) 
Seat 3: lord2386 (410 in chips) 
Mahu2021: posts small blind 10
lord2386: posts big blind 20
*** HOLE CARDS ***
Dealt to Mahu2021 [Ac 3c]
MARCGY: raises 20 to 40
Mahu2021: calls 30
lord2386: calls 20
*** FLOP *** [2d Qs 4s]
Mahu2021: checks 
lord2386: checks 
MARCGY: checks 
*** TURN *** [2d Qs 4s] [Kh]
Mahu2021: checks 
lord2386: checks 
MARCGY: checks 
*** RIVER *** [2d Qs 4s Kh] [7c]
Mahu2021: checks 
lord2386: bets 20
MARCGY: folds 
Mahu2021: folds 
Uncalled bet (20) returned to lord2386
lord2386 collected 120 from pot
*** SUMMARY ***
Total pot 120 | Rake 0 
Board [2d Qs 4s Kh 7c]
Seat 1: MARCGY (button) folded on the River
Seat 2: Mahu2021 (small blind) folded on the River
Seat 3: lord2386 (big blind) collected (120)



PokerStars Hand #248816962865: Tournament #3714290652, $1.84+$0.16 USD Hold'em No Limit - Level I (10/20) - 2024/02/11 14:21:56 CET [2024/02/11 8:21:56 ET]
Table '3714290652 1' 3-max Seat #2 is the button
Seat 1: MARCGY (410 in chips) 
Seat 2: Mahu2021 (600 in chips) 
Seat 3: lord2386 (490 in chips) 
lord2386: posts small blind 10
MARCGY: posts big blind 20
*** HOLE CARDS ***
Dealt to Mahu2021 [2s Kh]
Mahu2021: raises 20 to 40
lord2386: folds 
MARCGY: calls 20
*** FLOP *** [9h 5s 6c]
MARCGY: checks 
Mahu2021: checks 
*** TURN *** [9h 5s 6c] [9c]
MARCGY: checks 
Mahu2021: checks 
*** RIVER *** [9h 5s 6c 9c] [Th]
MARCGY: checks 
Mahu2021: bets 40
MARCGY: folds 
Uncalled bet (40) returned to Mahu2021
Mahu2021 collected 90 from pot
Mahu2021: doesn't show hand 
*** SUMMARY ***
Total pot 90 | Rake 0 
Board [9h 5s 6c 9c Th]
Seat 1: MARCGY (big blind) folded on the River
Seat 2: Mahu2021 (button) collected (90)
Seat 3: lord2386 (small blind) folded before Flop



PokerStars Hand #248816966461: Tournament #3714290652, $1.84+$0.16 USD Hold'em No Limit - Level I (10/20) - 2024/02/11 14:22:13 CET [2024/02/11 8:22:13 ET]
Table '3714290652 1' 3-max Seat #3 is the button
Seat 1: MARCGY (370 in chips) 
Seat 2: Mahu2021 (650 in chips) 
Seat 3: lord2386 (480 in chips) 
MARCGY: posts small blind 10
Mahu2021: posts big blind 20
*** HOLE CARDS ***
Dealt to Mahu2021 [Tc Jc]
lord2386: calls 20
MARCGY: folds 
Mahu2021: checks 
*** FLOP *** [Jd 6h 8s]
Mahu2021: bets 20
lord2386: calls 20
*** TURN *** [Jd 6h 8s] [5s]
Mahu2021: bets 20
lord2386: calls 20
*** RIVER *** [Jd 6h 8s 5s] [3h]
Mahu2021: bets 20
lord2386: calls 20
*** SHOW DOWN ***
Mahu2021: shows [Tc Jc] (a pair of Jacks)
lord2386: shows [6s 8d] (two pair, Eights and Sixes)
lord2386 collected 170 from pot
*** SUMMARY ***
Total pot 170 | Rake 0 
Board [Jd 6h 8s 5s 3h]
Seat 1: MARCGY (small blind) folded before Flop
Seat 2: Mahu2021 (big blind) showed [Tc Jc] and lost with a pair of Jacks
Seat 3: lord2386 (button) showed [6s 8d] and won (170) with two pair, Eights and Sixes



PokerStars Hand #248816971082: Tournament #3714290652, $1.84+$0.16 USD Hold'em No Limit - Level II (15/30) - 2024/02/11 14:22:34 CET [2024/02/11 8:22:34 ET]
Table '3714290652 1' 3-max Seat #1 is the button
Seat 1: MARCGY (360 in chips) 
Seat 2: Mahu2021 (570 in chips) 
Seat 3: lord2386 (570 in chips) 
Mahu2021: posts small blind 15
lord2386: posts big blind 30
*** HOLE CARDS ***
Dealt to Mahu2021 [4d 6c]
MARCGY: folds 
Mahu2021: folds 
Uncalled bet (15) returned to lord2386
lord2386 collected 30 from pot
*** SUMMARY ***
Total pot 30 | Rake 0 
Seat 1: MARCGY (button) folded before Flop (didn't bet)
Seat 2: Mahu2021 (small blind) folded before Flop
Seat 3: lord2386 (big blind) collected (30)



PokerStars Hand #248816972079: Tournament #3714290652, $1.84+$0.16 USD Hold'em No Limit - Level II (15/30) - 2024/02/11 14:22:38 CET [2024/02/11 8:22:38 ET]
Table '3714290652 1' 3-max Seat #2 is the button
Seat 1: MARCGY (360 in chips) 
Seat 2: Mahu2021 (555 in chips) 
Seat 3: lord2386 (585 in chips) 
lord2386: posts small blind 15
MARCGY: posts big blind 30
*** HOLE CARDS ***
Dealt to Mahu2021 [7s 5h]
Mahu2021: folds 
lord2386: folds 
Uncalled bet (15) returned to MARCGY
MARCGY collected 30 from pot
MARCGY: doesn't show hand 
*** SUMMARY ***
Total pot 30 | Rake 0 
Seat 1: MARCGY (big blind) collected (30)
Seat 2: Mahu2021 (button) folded before Flop (didn't bet)
Seat 3: lord2386 (small blind) folded before Flop



PokerStars Hand #248816973097: Tournament #3714290652, $1.84+$0.16 USD Hold'em No Limit - Level II (15/30) - 2024/02/11 14:22:43 CET [2024/02/11 8:22:43 ET]
Table '3714290652 1' 3-max Seat #3 is the button
Seat 1: MARCGY (375 in chips) 
Seat 2: Mahu2021 (555 in chips) 
Seat 3: lord2386 (570 in chips) 
MARCGY: posts small blind 15
Mahu2021: posts big blind 30
*** HOLE CARDS ***
Dealt to Mahu2021 [Th Jc]
lord2386: raises 75 to 105
MARCGY: folds 
Mahu2021: calls 75
*** FLOP *** [2h 7c Kh]
Mahu2021: checks 
lord2386: bets 113
Mahu2021: folds 
Uncalled bet (113) returned to lord2386
lord2386 collected 225 from pot
*** SUMMARY ***
Total pot 225 | Rake 0 
Board [2h 7c Kh]
Seat 1: MARCGY (small blind) folded before Flop
Seat 2: Mahu2021 (big blind) folded on the Flop
Seat 3: lord2386 (button) collected (225)



PokerStars Hand #248816976018: Tournament #3714290652, $1.84+$0.16 USD Hold'em No Limit - Level II (15/30) - 2024/02/11 14:22:56 CET [2024/02/11 8:22:56 ET]
Table '3714290652 1' 3-max Seat #1 is the button
Seat 1: MARCGY (360 in chips) 
Seat 2: Mahu2021 (450 in chips) 
Seat 3: lord2386 (690 in chips) 
Mahu2021: posts small blind 15
lord2386: posts big blind 30
*** HOLE CARDS ***
Dealt to Mahu2021 [7s Ac]
MARCGY: raises 330 to 360 and is all-in
Mahu2021: folds 
lord2386: folds 
Uncalled bet (330) returned to MARCGY
MARCGY collected 75 from pot
MARCGY: doesn't show hand 
*** SUMMARY ***
Total pot 75 | Rake 0 
Seat 1: MARCGY (button) collected (75)
Seat 2: Mahu2021 (small blind) folded before Flop
Seat 3: lord2386 (big blind) folded before Flop



PokerStars Hand #248816978118: Tournament #3714290652, $1.84+$0.16 USD Hold'em No Limit - Level II (15/30) - 2024/02/11 14:23:06 CET [2024/02/11 8:23:06 ET]
Table '3714290652 1' 3-max Seat #2 is the button
Seat 1: MARCGY (405 in chips) 
Seat 2: Mahu2021 (435 in chips) 
Seat 3: lord2386 (660 in chips) 
lord2386: posts small blind 15
MARCGY: posts big blind 30
*** HOLE CARDS ***
Dealt to Mahu2021 [Js 9c]
Mahu2021: calls 30
lord2386: calls 15
MARCGY: checks 
*** FLOP *** [8s 3h 8h]
lord2386: checks 
MARCGY: checks 
Mahu2021: checks 
*** TURN *** [8s 3h 8h] [4d]
lord2386: checks 
MARCGY: checks 
Mahu2021: checks 
*** RIVER *** [8s 3h 8h 4d] [7s]
lord2386: checks 
MARCGY: checks 
Mahu2021: checks 
*** SHOW DOWN ***
lord2386: shows [Ad 6h] (a pair of Eights)
MARCGY: mucks hand 
Mahu2021: mucks hand 
lord2386 collected 90 from pot
*** SUMMARY ***
Total pot 90 | Rake 0 
Board [8s 3h 8h 4d 7s]
Seat 1: MARCGY (big blind) mucked [Qd 9s]
Seat 2: Mahu2021 (button) mucked [Js 9c]
Seat 3: lord2386 (small blind) showed [Ad 6h] and won (90) with a pair of Eights



PokerStars Hand #248816981940: Tournament #3714290652, $1.84+$0.16 USD Hold'em No Limit - Level II (15/30) - 2024/02/11 14:23:23 CET [2024/02/11 8:23:23 ET]
Table '3714290652 1' 3-max Seat #3 is the button
Seat 1: MARCGY (375 in chips) 
Seat 2: Mahu2021 (405 in chips) 
Seat 3: lord2386 (720 in chips) 
MARCGY: posts small blind 15
Mahu2021: posts big blind 30
*** HOLE CARDS ***
Dealt to Mahu2021 [8c 5h]
lord2386: calls 30
MARCGY: calls 15
Mahu2021: checks 
*** FLOP *** [Ah 8s 9h]
MARCGY: checks 
Mahu2021: checks 
lord2386: checks 
*** TURN *** [Ah 8s 9h] [8d]
MARCGY: checks 
Mahu2021: bets 30
lord2386: calls 30
MARCGY: calls 30
*** RIVER *** [Ah 8s 9h 8d] [Qc]
MARCGY: checks 
Mahu2021: bets 30
lord2386: folds 
MARCGY: calls 30
*** SHOW DOWN ***
Mahu2021: shows [8c 5h] (three of a kind, Eights)
MARCGY: mucks hand 
Mahu2021 collected 240 from pot
*** SUMMARY ***
Total pot 240 | Rake 0 
Board [Ah 8s 9h 8d Qc]
Seat 1: MARCGY (small blind) mucked [3s Ad]
Seat 2: Mahu2021 (big blind) showed [8c 5h] and won (240) with three of a kind, Eights
Seat 3: lord2386 (button) folded on the River



PokerStars Hand #248816986393: Tournament #3714290652, $1.84+$0.16 USD Hold'em No Limit - Level II (15/30) - 2024/02/11 14:23:43 CET [2024/02/11 8:23:43 ET]
Table '3714290652 1' 3-max Seat #1 is the button
Seat 1: MARCGY (285 in chips) 
Seat 2: Mahu2021 (555 in chips) 
Seat 3: lord2386 (660 in chips) 
Mahu2021: posts small blind 15
lord2386: posts big blind 30
*** HOLE CARDS ***
Dealt to Mahu2021 [4h Th]
MARCGY: raises 255 to 285 and is all-in
Mahu2021: folds 
lord2386: folds 
Uncalled bet (255) returned to MARCGY
MARCGY collected 75 from pot
MARCGY: doesn't show hand 
*** SUMMARY ***
Total pot 75 | Rake 0 
Seat 1: MARCGY (button) collected (75)
Seat 2: Mahu2021 (small blind) folded before Flop
Seat 3: lord2386 (big blind) folded before Flop



PokerStars Hand #248816987817: Tournament #3714290652, $1.84+$0.16 USD Hold'em No Limit - Level II (15/30) - 2024/02/11 14:23:50 CET [2024/02/11 8:23:50 ET]
Table '3714290652 1' 3-max Seat #2 is the button
Seat 1: MARCGY (330 in chips) 
Seat 2: Mahu2021 (540 in chips) 
Seat 3: lord2386 (630 in chips) 
lord2386: posts small blind 15
MARCGY: posts big blind 30
*** HOLE CARDS ***
Dealt to Mahu2021 [9d 3c]
Mahu2021: folds 
lord2386: folds 
Uncalled bet (15) returned to MARCGY
MARCGY collected 30 from pot
MARCGY: doesn't show hand 
*** SUMMARY ***
Total pot 30 | Rake 0 
Seat 1: MARCGY (big blind) collected (30)
Seat 2: Mahu2021 (button) folded before Flop (didn't bet)
Seat 3: lord2386 (small blind) folded before Flop



PokerStars Hand #248816988921: Tournament #3714290652, $1.84+$0.16 USD Hold'em No Limit - Level II (15/30) - 2024/02/11 14:23:55 CET [2024/02/11 8:23:55 ET]
Table '3714290652 1' 3-max Seat #3 is the button
Seat 1: MARCGY (345 in chips) 
Seat 2: Mahu2021 (540 in chips) 
Seat 3: lord2386 (615 in chips) 
MARCGY: posts small blind 15
Mahu2021: posts big blind 30
*** HOLE CARDS ***
Dealt to Mahu2021 [Qh 8c]
lord2386: calls 30
MARCGY: calls 15
Mahu2021: checks 
*** FLOP *** [Jd 4c 8s]
MARCGY: checks 
Mahu2021: bets 30
lord2386: folds 
MARCGY: folds 
Uncalled bet (30) returned to Mahu2021
Mahu2021 collected 90 from pot
Mahu2021: doesn't show hand 
*** SUMMARY ***
Total pot 90 | Rake 0 
Board [Jd 4c 8s]
Seat 1: MARCGY (small blind) folded on the Flop
Seat 2: Mahu2021 (big blind) collected (90)
Seat 3: lord2386 (button) folded on the Flop



PokerStars Hand #248816991527: Tournament #3714290652, $1.84+$0.16 USD Hold'em No Limit - Level II (15/30) - 2024/02/11 14:24:06 CET [2024/02/11 8:24:06 ET]
Table '3714290652 1' 3-max Seat #1 is the button
Seat 1: MARCGY (315 in chips) 
Seat 2: Mahu2021 (600 in chips) 
Seat 3: lord2386 (585 in chips) 
Mahu2021: posts small blind 15
lord2386: posts big blind 30
*** HOLE CARDS ***
Dealt to Mahu2021 [2d 5s]
MARCGY: calls 30
Mahu2021: folds 
lord2386: checks 
*** FLOP *** [7c Qh Ac]
lord2386: checks 
MARCGY: bets 30
lord2386: calls 30
*** TURN *** [7c Qh Ac] [Jd]
lord2386: checks 
MARCGY: checks 
*** RIVER *** [7c Qh Ac Jd] [Qd]
lord2386: checks 
MARCGY: checks 
*** SHOW DOWN ***
lord2386: shows [4d 4s] (two pair, Queens and Fours)
MARCGY: shows [7s 4h] (two pair, Queens and Sevens)
MARCGY collected 135 from pot
*** SUMMARY ***
Total pot 135 | Rake 0 
Board [7c Qh Ac Jd Qd]
Seat 1: MARCGY (button) showed [7s 4h] and won (135) with two pair, Queens and Sevens
Seat 2: Mahu2021 (small blind) folded before Flop
Seat 3: lord2386 (big blind) showed [4d 4s] and lost with two pair, Queens and Fours



PokerStars Hand #248816995016: Tournament #3714290652, $1.84+$0.16 USD Hold'em No Limit - Level II (15/30) - 2024/02/11 14:24:22 CET [2024/02/11 8:24:22 ET]
Table '3714290652 1' 3-max Seat #2 is the button
Seat 1: MARCGY (390 in chips) 
Seat 2: Mahu2021 (585 in chips) 
Seat 3: lord2386 (525 in chips) 
lord2386: posts small blind 15
MARCGY: posts big blind 30
*** HOLE CARDS ***
Dealt to Mahu2021 [5s 3s]
Mahu2021: folds 
lord2386: raises 60 to 90
MARCGY: calls 60
*** FLOP *** [8h 2c 9h]
lord2386: bets 180
MARCGY: raises 120 to 300 and is all-in
lord2386: calls 120
*** TURN *** [8h 2c 9h] [4h]
*** RIVER *** [8h 2c 9h 4h] [Jh]
*** SHOW DOWN ***
lord2386: shows [9s Ah] (a flush, Ace high)
MARCGY: shows [8d 8s] (three of a kind, Eights)
lord2386 collected 780 from pot
MARCGY finished the tournament in 3rd place
*** SUMMARY ***
Total pot 780 | Rake 0 
Board [8h 2c 9h 4h Jh]
Seat 1: MARCGY (big blind) showed [8d 8s] and lost with three of a kind, Eights
Seat 2: Mahu2021 (button) folded before Flop (didn't bet)
Seat 3: lord2386 (small blind) showed [9s Ah] and won (780) with a flush, Ace high



PokerStars Hand #248816999645: Tournament #3714290652, $1.84+$0.16 USD Hold'em No Limit - Level II (15/30) - 2024/02/11 14:24:44 CET [2024/02/11 8:24:44 ET]
Table '3714290652 1' 3-max Seat #3 is the button
Seat 2: Mahu2021 (585 in chips) 
Seat 3: lord2386 (915 in chips) 
lord2386: posts small blind 15
Mahu2021: posts big blind 30
*** HOLE CARDS ***
Dealt to Mahu2021 [6s 7s]
lord2386: folds 
Uncalled bet (15) returned to Mahu2021
Mahu2021 collected 30 from pot
Mahu2021: doesn't show hand 
*** SUMMARY ***
Total pot 30 | Rake 0 
Seat 2: Mahu2021 (big blind) collected (30)
Seat 3: lord2386 (button) (small blind) folded before Flop



PokerStars Hand #248817000654: Tournament #3714290652, $1.84+$0.16 USD Hold'em No Limit - Level II (15/30) - 2024/02/11 14:24:48 CET [2024/02/11 8:24:48 ET]
Table '3714290652 1' 3-max Seat #2 is the button
Seat 2: Mahu2021 (600 in chips) 
Seat 3: lord2386 (900 in chips) 
Mahu2021: posts small blind 15
lord2386: posts big blind 30
*** HOLE CARDS ***
Dealt to Mahu2021 [7c Qh]
Mahu2021: raises 30 to 60
lord2386: calls 30
*** FLOP *** [Jh 7d 5c]
lord2386: checks 
Mahu2021: bets 30
lord2386: folds 
Uncalled bet (30) returned to Mahu2021
Mahu2021 collected 120 from pot
Mahu2021: doesn't show hand 
*** SUMMARY ***
Total pot 120 | Rake 0 
Board [Jh 7d 5c]
Seat 2: Mahu2021 (button) (small blind) collected (120)
Seat 3: lord2386 (big blind) folded on the Flop



PokerStars Hand #248817003054: Tournament #3714290652, $1.84+$0.16 USD Hold'em No Limit - Level II (15/30) - 2024/02/11 14:24:59 CET [2024/02/11 8:24:59 ET]
Table '3714290652 1' 3-max Seat #3 is the button
Seat 2: Mahu2021 (660 in chips) 
Seat 3: lord2386 (840 in chips) 
lord2386: posts small blind 15
Mahu2021: posts big blind 30
*** HOLE CARDS ***
Dealt to Mahu2021 [6h 4d]
lord2386: calls 15
Mahu2021: checks 
*** FLOP *** [Js 4s Kh]
Mahu2021: checks 
lord2386: checks 
*** TURN *** [Js 4s Kh] [Jh]
Mahu2021: checks 
lord2386: checks 
*** RIVER *** [Js 4s Kh Jh] [As]
Mahu2021: checks 
lord2386: checks 
*** SHOW DOWN ***
Mahu2021: shows [6h 4d] (two pair, Jacks and Fours)
lord2386: shows [7h Kd] (two pair, Kings and Jacks)
lord2386 collected 60 from pot
*** SUMMARY ***
Total pot 60 | Rake 0 
Board [Js 4s Kh Jh As]
Seat 2: Mahu2021 (big blind) showed [6h 4d] and lost with two pair, Jacks and Fours
Seat 3: lord2386 (button) (small blind) showed [7h Kd] and won (60) with two pair, Kings and Jacks



PokerStars Hand #248817005687: Tournament #3714290652, $1.84+$0.16 USD Hold'em No Limit - Level II (15/30) - 2024/02/11 14:25:11 CET [2024/02/11 8:25:11 ET]
Table '3714290652 1' 3-max Seat #2 is the button
Seat 2: Mahu2021 (630 in chips) 
Seat 3: lord2386 (870 in chips) 
Mahu2021: posts small blind 15
lord2386: posts big blind 30
*** HOLE CARDS ***
Dealt to Mahu2021 [2d Qc]
Mahu2021: folds 
Uncalled bet (15) returned to lord2386
lord2386 collected 30 from pot
*** SUMMARY ***
Total pot 30 | Rake 0 
Seat 2: Mahu2021 (button) (small blind) folded before Flop
Seat 3: lord2386 (big blind) collected (30)



PokerStars Hand #248817006743: Tournament #3714290652, $1.84+$0.16 USD Hold'em No Limit - Level II (15/30) - 2024/02/11 14:25:16 CET [2024/02/11 8:25:16 ET]
Table '3714290652 1' 3-max Seat #3 is the button
Seat 2: Mahu2021 (615 in chips) 
Seat 3: lord2386 (885 in chips) 
lord2386: posts small blind 15
Mahu2021: posts big blind 30
*** HOLE CARDS ***
Dealt to Mahu2021 [Th 9d]
lord2386: folds 
Uncalled bet (15) returned to Mahu2021
Mahu2021 collected 30 from pot
Mahu2021: doesn't show hand 
*** SUMMARY ***
Total pot 30 | Rake 0 
Seat 2: Mahu2021 (big blind) collected (30)
Seat 3: lord2386 (button) (small blind) folded before Flop



PokerStars Hand #248817008476: Tournament #3714290652, $1.84+$0.16 USD Hold'em No Limit - Level III (20/40) - 2024/02/11 14:25:23 CET [2024/02/11 8:25:23 ET]
Table '3714290652 1' 3-max Seat #2 is the button
Seat 2: Mahu2021 (630 in chips) 
Seat 3: lord2386 (870 in chips) 
Mahu2021: posts small blind 20
lord2386: posts big blind 40
*** HOLE CARDS ***
Dealt to Mahu2021 [6d Jh]
Mahu2021: calls 20
lord2386: checks 
*** FLOP *** [2d Ah Ad]
lord2386: checks 
Mahu2021: checks 
*** TURN *** [2d Ah Ad] [6c]
lord2386: checks 
Mahu2021: bets 40
lord2386: calls 40
*** RIVER *** [2d Ah Ad 6c] [Kh]
lord2386: checks 
Mahu2021: checks 
*** SHOW DOWN ***
lord2386: shows [9h Kd] (two pair, Aces and Kings)
Mahu2021: mucks hand 
lord2386 collected 160 from pot
*** SUMMARY ***
Total pot 160 | Rake 0 
Board [2d Ah Ad 6c Kh]
Seat 2: Mahu2021 (button) (small blind) mucked [6d Jh]
Seat 3: lord2386 (big blind) showed [9h Kd] and won (160) with two pair, Aces and Kings



PokerStars Hand #248817011822: Tournament #3714290652, $1.84+$0.16 USD Hold'em No Limit - Level III (20/40) - 2024/02/11 14:25:39 CET [2024/02/11 8:25:39 ET]
Table '3714290652 1' 3-max Seat #3 is the button
Seat 2: Mahu2021 (550 in chips) 
Seat 3: lord2386 (950 in chips) 
lord2386: posts small blind 20
Mahu2021: posts big blind 40
*** HOLE CARDS ***
Dealt to Mahu2021 [9s 2c]
lord2386: calls 20
Mahu2021: checks 
*** FLOP *** [2d 4c 4h]
Mahu2021: bets 40
lord2386: calls 40
*** TURN *** [2d 4c 4h] [Js]
Mahu2021: checks 
lord2386: checks 
*** RIVER *** [2d 4c 4h Js] [Tc]
Mahu2021: checks 
lord2386: checks 
*** SHOW DOWN ***
Mahu2021: shows [9s 2c] (two pair, Fours and Deuces)
lord2386: shows [3s 3c] (two pair, Fours and Threes)
lord2386 collected 160 from pot
*** SUMMARY ***
Total pot 160 | Rake 0 
Board [2d 4c 4h Js Tc]
Seat 2: Mahu2021 (big blind) showed [9s 2c] and lost with two pair, Fours and Deuces
Seat 3: lord2386 (button) (small blind) showed [3s 3c] and won (160) with two pair, Fours and Threes



PokerStars Hand #248817014653: Tournament #3714290652, $1.84+$0.16 USD Hold'em No Limit - Level III (20/40) - 2024/02/11 14:25:52 CET [2024/02/11 8:25:52 ET]
Table '3714290652 1' 3-max Seat #2 is the button
Seat 2: Mahu2021 (470 in chips) 
Seat 3: lord2386 (1030 in chips) 
Mahu2021: posts small blind 20
lord2386: posts big blind 40
*** HOLE CARDS ***
Dealt to Mahu2021 [2c Qd]
Mahu2021: folds 
Uncalled bet (20) returned to lord2386
lord2386 collected 40 from pot
*** SUMMARY ***
Total pot 40 | Rake 0 
Seat 2: Mahu2021 (button) (small blind) folded before Flop
Seat 3: lord2386 (big blind) collected (40)



PokerStars Hand #248817015662: Tournament #3714290652, $1.84+$0.16 USD Hold'em No Limit - Level III (20/40) - 2024/02/11 14:25:56 CET [2024/02/11 8:25:56 ET]
Table '3714290652 1' 3-max Seat #3 is the button
Seat 2: Mahu2021 (450 in chips) 
Seat 3: lord2386 (1050 in chips) 
lord2386: posts small blind 20
Mahu2021: posts big blind 40
*** HOLE CARDS ***
Dealt to Mahu2021 [8d 7c]
lord2386: folds 
Uncalled bet (20) returned to Mahu2021
Mahu2021 collected 40 from pot
Mahu2021: doesn't show hand 
*** SUMMARY ***
Total pot 40 | Rake 0 
Seat 2: Mahu2021 (big blind) collected (40)
Seat 3: lord2386 (button) (small blind) folded before Flop



PokerStars Hand #248817016700: Tournament #3714290652, $1.84+$0.16 USD Hold'em No Limit - Level III (20/40) - 2024/02/11 14:26:01 CET [2024/02/11 8:26:01 ET]
Table '3714290652 1' 3-max Seat #2 is the button
Seat 2: Mahu2021 (470 in chips) 
Seat 3: lord2386 (1030 in chips) 
Mahu2021: posts small blind 20
lord2386: posts big blind 40
*** HOLE CARDS ***
Dealt to Mahu2021 [Js Kc]
Mahu2021: raises 80 to 120
lord2386: calls 80
*** FLOP *** [Ad Qh 2s]
lord2386: checks 
Mahu2021: bets 350 and is all-in
lord2386: folds 
Uncalled bet (350) returned to Mahu2021
Mahu2021 collected 240 from pot
Mahu2021: doesn't show hand 
*** SUMMARY ***
Total pot 240 | Rake 0 
Board [Ad Qh 2s]
Seat 2: Mahu2021 (button) (small blind) collected (240)
Seat 3: lord2386 (big blind) folded on the Flop



PokerStars Hand #248817019401: Tournament #3714290652, $1.84+$0.16 USD Hold'em No Limit - Level III (20/40) - 2024/02/11 14:26:13 CET [2024/02/11 8:26:13 ET]
Table '3714290652 1' 3-max Seat #3 is the button
Seat 2: Mahu2021 (590 in chips) 
Seat 3: lord2386 (910 in chips) 
lord2386: posts small blind 20
Mahu2021: posts big blind 40
*** HOLE CARDS ***
Dealt to Mahu2021 [Ts As]
lord2386: calls 20
Mahu2021: raises 80 to 120
lord2386: calls 80
*** FLOP *** [Qd 2h Qh]
Mahu2021: checks 
lord2386: checks 
*** TURN *** [Qd 2h Qh] [Tc]
Mahu2021: bets 80
lord2386: folds 
Uncalled bet (80) returned to Mahu2021
Mahu2021 collected 240 from pot
Mahu2021: doesn't show hand 
*** SUMMARY ***
Total pot 240 | Rake 0 
Board [Qd 2h Qh Tc]
Seat 2: Mahu2021 (big blind) collected (240)
Seat 3: lord2386 (button) (small blind) folded on the Turn



PokerStars Hand #248817022224: Tournament #3714290652, $1.84+$0.16 USD Hold'em No Limit - Level III (20/40) - 2024/02/11 14:26:26 CET [2024/02/11 8:26:26 ET]
Table '3714290652 1' 3-max Seat #2 is the button
Seat 2: Mahu2021 (710 in chips) 
Seat 3: lord2386 (790 in chips) 
Mahu2021: posts small blind 20
lord2386: posts big blind 40
*** HOLE CARDS ***
Dealt to Mahu2021 [2s 7s]
Mahu2021: folds 
Uncalled bet (20) returned to lord2386
lord2386 collected 40 from pot
*** SUMMARY ***
Total pot 40 | Rake 0 
Seat 2: Mahu2021 (button) (small blind) folded before Flop
Seat 3: lord2386 (big blind) collected (40)



PokerStars Hand #248817023280: Tournament #3714290652, $1.84+$0.16 USD Hold'em No Limit - Level III (20/40) - 2024/02/11 14:26:31 CET [2024/02/11 8:26:31 ET]
Table '3714290652 1' 3-max Seat #3 is the button
Seat 2: Mahu2021 (690 in chips) 
Seat 3: lord2386 (810 in chips) 
lord2386: posts small blind 20
Mahu2021: posts big blind 40
*** HOLE CARDS ***
Dealt to Mahu2021 [2c Js]
lord2386: raises 80 to 120
Mahu2021: folds 
Uncalled bet (80) returned to lord2386
lord2386 collected 80 from pot
*** SUMMARY ***
Total pot 80 | Rake 0 
Seat 2: Mahu2021 (big blind) folded before Flop
Seat 3: lord2386 (button) (small blind) collected (80)



PokerStars Hand #248817024850: Tournament #3714290652, $1.84+$0.16 USD Hold'em No Limit - Level III (20/40) - 2024/02/11 14:26:38 CET [2024/02/11 8:26:38 ET]
Table '3714290652 1' 3-max Seat #2 is the button
Seat 2: Mahu2021 (650 in chips) 
Seat 3: lord2386 (850 in chips) 
Mahu2021: posts small blind 20
lord2386: posts big blind 40
*** HOLE CARDS ***
Dealt to Mahu2021 [4c Td]
Mahu2021: folds 
Uncalled bet (20) returned to lord2386
lord2386 collected 40 from pot
*** SUMMARY ***
Total pot 40 | Rake 0 
Seat 2: Mahu2021 (button) (small blind) folded before Flop
Seat 3: lord2386 (big blind) collected (40)



PokerStars Hand #248817025841: Tournament #3714290652, $1.84+$0.16 USD Hold'em No Limit - Level III (20/40) - 2024/02/11 14:26:42 CET [2024/02/11 8:26:42 ET]
Table '3714290652 1' 3-max Seat #3 is the button
Seat 2: Mahu2021 (630 in chips) 
Seat 3: lord2386 (870 in chips) 
lord2386: posts small blind 20
Mahu2021: posts big blind 40
*** HOLE CARDS ***
Dealt to Mahu2021 [Ks Js]
lord2386: raises 80 to 120
Mahu2021: raises 510 to 630 and is all-in
lord2386: calls 510
*** FLOP *** [5c Qh 9c]
*** TURN *** [5c Qh 9c] [Jh]
*** RIVER *** [5c Qh 9c Jh] [Qs]
*** SHOW DOWN ***
Mahu2021: shows [Ks Js] (two pair, Queens and Jacks)
lord2386: shows [7c Ac] (a pair of Queens)
Mahu2021 collected 1260 from pot
*** SUMMARY ***
Total pot 1260 | Rake 0 
Board [5c Qh 9c Jh Qs]
Seat 2: Mahu2021 (big blind) showed [Ks Js] and won (1260) with two pair, Queens and Jacks
Seat 3: lord2386 (button) (small blind) showed [7c Ac] and lost with a pair of Queens



PokerStars Hand #248817029002: Tournament #3714290652, $1.84+$0.16 USD Hold'em No Limit - Level III (20/40) - 2024/02/11 14:26:57 CET [2024/02/11 8:26:57 ET]
Table '3714290652 1' 3-max Seat #2 is the button
Seat 2: Mahu2021 (1260 in chips) 
Seat 3: lord2386 (240 in chips) 
Mahu2021: posts small blind 20
lord2386: posts big blind 40
*** HOLE CARDS ***
Dealt to Mahu2021 [6s 5d]
Mahu2021: calls 20
lord2386: checks 
*** FLOP *** [Ac 3h 7d]
lord2386: checks 
Mahu2021: checks 
*** TURN *** [Ac 3h 7d] [6c]
lord2386: checks 
Mahu2021: bets 40
lord2386: folds 
Uncalled bet (40) returned to Mahu2021
Mahu2021 collected 80 from pot
Mahu2021: doesn't show hand 
*** SUMMARY ***
Total pot 80 | Rake 0 
Board [Ac 3h 7d 6c]
Seat 2: Mahu2021 (button) (small blind) collected (80)
Seat 3: lord2386 (big blind) folded on the Turn



PokerStars Hand #248817032080: Tournament #3714290652, $1.84+$0.16 USD Hold'em No Limit - Level III (20/40) - 2024/02/11 14:27:11 CET [2024/02/11 8:27:11 ET]
Table '3714290652 1' 3-max Seat #3 is the button
Seat 2: Mahu2021 (1300 in chips) 
Seat 3: lord2386 (200 in chips) 
lord2386: posts small blind 20
Mahu2021: posts big blind 40
*** HOLE CARDS ***
Dealt to Mahu2021 [6c Jc]
lord2386: raises 160 to 200 and is all-in
Mahu2021: calls 160
*** FLOP *** [Kc 3c 9s]
*** TURN *** [Kc 3c 9s] [3h]
*** RIVER *** [Kc 3c 9s 3h] [7s]
*** SHOW DOWN ***
Mahu2021: shows [6c Jc] (a pair of Threes)
lord2386: shows [5d Qd] (a pair of Threes - King+Queen kicker)
lord2386 collected 400 from pot
*** SUMMARY ***
Total pot 400 | Rake 0 
Board [Kc 3c 9s 3h 7s]
Seat 2: Mahu2021 (big blind) showed [6c Jc] and lost with a pair of Threes
Seat 3: lord2386 (button) (small blind) showed [5d Qd] and won (400) with a pair of Threes



PokerStars Hand #248817035498: Tournament #3714290652, $1.84+$0.16 USD Hold'em No Limit - Level III (20/40) - 2024/02/11 14:27:26 CET [2024/02/11 8:27:26 ET]
Table '3714290652 1' 3-max Seat #2 is the button
Seat 2: Mahu2021 (1100 in chips) 
Seat 3: lord2386 (400 in chips) 
Mahu2021: posts small blind 20
lord2386: posts big blind 40
*** HOLE CARDS ***
Dealt to Mahu2021 [Jd 8s]
Mahu2021: calls 20
lord2386: checks 
*** FLOP *** [9h 6c Kh]
lord2386: checks 
Mahu2021: checks 
*** TURN *** [9h 6c Kh] [8d]
lord2386: checks 
Mahu2021: bets 40
lord2386: calls 40
*** RIVER *** [9h 6c Kh 8d] [Ad]
lord2386: checks 
Mahu2021: checks 
*** SHOW DOWN ***
lord2386: shows [3h Qh] (high card Ace)
Mahu2021: shows [Jd 8s] (a pair of Eights)
Mahu2021 collected 160 from pot
*** SUMMARY ***
Total pot 160 | Rake 0 
Board [9h 6c Kh 8d Ad]
Seat 2: Mahu2021 (button) (small blind) showed [Jd 8s] and won (160) with a pair of Eights
Seat 3: lord2386 (big blind) showed [3h Qh] and lost with high card Ace



PokerStars Hand #248817038875: Tournament #3714290652, $1.84+$0.16 USD Hold'em No Limit - Level III (20/40) - 2024/02/11 14:27:41 CET [2024/02/11 8:27:41 ET]
Table '3714290652 1' 3-max Seat #3 is the button
Seat 2: Mahu2021 (1180 in chips) 
Seat 3: lord2386 (320 in chips) 
lord2386: posts small blind 20
Mahu2021: posts big blind 40
*** HOLE CARDS ***
Dealt to Mahu2021 [Qs Tc]
lord2386: calls 20
Mahu2021: raises 80 to 120
lord2386: raises 200 to 320 and is all-in
Mahu2021: calls 200
*** FLOP *** [9h Ah 2c]
*** TURN *** [9h Ah 2c] [7h]
*** RIVER *** [9h Ah 2c 7h] [Ks]
*** SHOW DOWN ***
Mahu2021: shows [Qs Tc] (high card Ace)
lord2386: shows [8d Ac] (a pair of Aces)
lord2386 collected 640 from pot
*** SUMMARY ***
Total pot 640 | Rake 0 
Board [9h Ah 2c 7h Ks]
Seat 2: Mahu2021 (big blind) showed [Qs Tc] and lost with high card Ace
Seat 3: lord2386 (button) (small blind) showed [8d Ac] and won (640) with a pair of Aces



PokerStars Hand #248817042364: Tournament #3714290652, $1.84+$0.16 USD Hold'em No Limit - Level III (20/40) - 2024/02/11 14:27:57 CET [2024/02/11 8:27:57 ET]
Table '3714290652 1' 3-max Seat #2 is the button
Seat 2: Mahu2021 (860 in chips) 
Seat 3: lord2386 (640 in chips) 
Mahu2021: posts small blind 20
lord2386: posts big blind 40
*** HOLE CARDS ***
Dealt to Mahu2021 [6s 3s]
Mahu2021: calls 20
lord2386: checks 
*** FLOP *** [3c 9s 4c]
lord2386: checks 
Mahu2021: bets 40
lord2386: folds 
Uncalled bet (40) returned to Mahu2021
Mahu2021 collected 80 from pot
Mahu2021: doesn't show hand 
*** SUMMARY ***
Total pot 80 | Rake 0 
Board [3c 9s 4c]
Seat 2: Mahu2021 (button) (small blind) collected (80)
Seat 3: lord2386 (big blind) folded on the Flop



PokerStars Hand #248817044710: Tournament #3714290652, $1.84+$0.16 USD Hold'em No Limit - Level III (20/40) - 2024/02/11 14:28:07 CET [2024/02/11 8:28:07 ET]
Table '3714290652 1' 3-max Seat #3 is the button
Seat 2: Mahu2021 (900 in chips) 
Seat 3: lord2386 (600 in chips) 
lord2386: posts small blind 20
Mahu2021: posts big blind 40
*** HOLE CARDS ***
Dealt to Mahu2021 [7s 9c]
lord2386: calls 20
Mahu2021: checks 
*** FLOP *** [8s 9s Kd]
Mahu2021: bets 40
lord2386: calls 40
*** TURN *** [8s 9s Kd] [4h]
Mahu2021: checks 
lord2386: checks 
*** RIVER *** [8s 9s Kd 4h] [7d]
Mahu2021: bets 80
lord2386: raises 160 to 240
Mahu2021: calls 160
*** SHOW DOWN ***
lord2386: shows [Td Js] (a straight, Seven to Jack)
Mahu2021: mucks hand 
lord2386 collected 640 from pot
*** SUMMARY ***
Total pot 640 | Rake 0 
Board [8s 9s Kd 4h 7d]
Seat 2: Mahu2021 (big blind) mucked [7s 9c]
Seat 3: lord2386 (button) (small blind) showed [Td Js] and won (640) with a straight, Seven to Jack



PokerStars Hand #248817048950: Tournament #3714290652, $1.84+$0.16 USD Hold'em No Limit - Level IV (30/60) - 2024/02/11 14:28:26 CET [2024/02/11 8:28:26 ET]
Table '3714290652 1' 3-max Seat #2 is the button
Seat 2: Mahu2021 (580 in chips) 
Seat 3: lord2386 (920 in chips) 
Mahu2021: posts small blind 30
lord2386: posts big blind 60
*** HOLE CARDS ***
Dealt to Mahu2021 [2d Tc]
Mahu2021: folds 
Uncalled bet (30) returned to lord2386
lord2386 collected 60 from pot
*** SUMMARY ***
Total pot 60 | Rake 0 
Seat 2: Mahu2021 (button) (small blind) folded before Flop
Seat 3: lord2386 (big blind) collected (60)



PokerStars Hand #248817050016: Tournament #3714290652, $1.84+$0.16 USD Hold'em No Limit - Level IV (30/60) - 2024/02/11 14:28:31 CET [2024/02/11 8:28:31 ET]
Table '3714290652 1' 3-max Seat #3 is the button
Seat 2: Mahu2021 (550 in chips) 
Seat 3: lord2386 (950 in chips) 
lord2386: posts small blind 30
Mahu2021: posts big blind 60
*** HOLE CARDS ***
Dealt to Mahu2021 [5c 5s]
lord2386: raises 890 to 950 and is all-in
Mahu2021: calls 490 and is all-in
Uncalled bet (400) returned to lord2386
*** FLOP *** [4d 2h Th]
*** TURN *** [4d 2h Th] [6h]
*** RIVER *** [4d 2h Th 6h] [3d]
*** SHOW DOWN ***
Mahu2021: shows [5c 5s] (a straight, Deuce to Six)
lord2386: shows [Ad 3c] (a pair of Threes)
Mahu2021 collected 1100 from pot
*** SUMMARY ***
Total pot 1100 | Rake 0 
Board [4d 2h Th 6h 3d]
Seat 2: Mahu2021 (big blind) showed [5c 5s] and won (1100) with a straight, Deuce to Six
Seat 3: lord2386 (button) (small blind) showed [Ad 3c] and lost with a pair of Threes



PokerStars Hand #248817052950: Tournament #3714290652, $1.84+$0.16 USD Hold'em No Limit - Level IV (30/60) - 2024/02/11 14:28:44 CET [2024/02/11 8:28:44 ET]
Table '3714290652 1' 3-max Seat #2 is the button
Seat 2: Mahu2021 (1100 in chips) 
Seat 3: lord2386 (400 in chips) 
Mahu2021: posts small blind 30
lord2386: posts big blind 60
*** HOLE CARDS ***
Dealt to Mahu2021 [Jh 3d]
Mahu2021: calls 30
lord2386: checks 
*** FLOP *** [Qs 4d Jd]
lord2386: checks 
Mahu2021: bets 60
lord2386: folds 
Uncalled bet (60) returned to Mahu2021
Mahu2021 collected 120 from pot
Mahu2021: doesn't show hand 
*** SUMMARY ***
Total pot 120 | Rake 0 
Board [Qs 4d Jd]
Seat 2: Mahu2021 (button) (small blind) collected (120)
Seat 3: lord2386 (big blind) folded on the Flop



PokerStars Hand #248817055497: Tournament #3714290652, $1.84+$0.16 USD Hold'em No Limit - Level IV (30/60) - 2024/02/11 14:28:56 CET [2024/02/11 8:28:56 ET]
Table '3714290652 1' 3-max Seat #3 is the button
Seat 2: Mahu2021 (1160 in chips) 
Seat 3: lord2386 (340 in chips) 
lord2386: posts small blind 30
Mahu2021: posts big blind 60
*** HOLE CARDS ***
Dealt to Mahu2021 [Tc Qc]
lord2386: calls 30
Mahu2021: checks 
*** FLOP *** [3s 7d 9s]
Mahu2021: checks 
lord2386: checks 
*** TURN *** [3s 7d 9s] [7s]
Mahu2021: checks 
lord2386: checks 
*** RIVER *** [3s 7d 9s 7s] [Ad]
Mahu2021: checks 
lord2386: checks 
*** SHOW DOWN ***
Mahu2021: shows [Tc Qc] (a pair of Sevens)
lord2386: mucks hand 
Mahu2021 collected 120 from pot
*** SUMMARY ***
Total pot 120 | Rake 0 
Board [3s 7d 9s 7s Ad]
Seat 2: Mahu2021 (big blind) showed [Tc Qc] and won (120) with a pair of Sevens
Seat 3: lord2386 (button) (small blind) mucked [5d 6d]



PokerStars Hand #248817058700: Tournament #3714290652, $1.84+$0.16 USD Hold'em No Limit - Level IV (30/60) - 2024/02/11 14:29:10 CET [2024/02/11 8:29:10 ET]
Table '3714290652 1' 3-max Seat #2 is the button
Seat 2: Mahu2021 (1220 in chips) 
Seat 3: lord2386 (280 in chips) 
Mahu2021: posts small blind 30
lord2386: posts big blind 60
*** HOLE CARDS ***
Dealt to Mahu2021 [2h 3d]
Mahu2021: folds 
Uncalled bet (30) returned to lord2386
lord2386 collected 60 from pot
*** SUMMARY ***
Total pot 60 | Rake 0 
Seat 2: Mahu2021 (button) (small blind) folded before Flop
Seat 3: lord2386 (big blind) collected (60)



PokerStars Hand #248817059735: Tournament #3714290652, $1.84+$0.16 USD Hold'em No Limit - Level IV (30/60) - 2024/02/11 14:29:15 CET [2024/02/11 8:29:15 ET]
Table '3714290652 1' 3-max Seat #3 is the button
Seat 2: Mahu2021 (1190 in chips) 
Seat 3: lord2386 (310 in chips) 
lord2386: posts small blind 30
Mahu2021: posts big blind 60
*** HOLE CARDS ***
Dealt to Mahu2021 [Kh Kc]
lord2386: folds 
Uncalled bet (30) returned to Mahu2021
Mahu2021 collected 60 from pot
Mahu2021: doesn't show hand 
*** SUMMARY ***
Total pot 60 | Rake 0 
Seat 2: Mahu2021 (big blind) collected (60)
Seat 3: lord2386 (button) (small blind) folded before Flop



PokerStars Hand #248817060820: Tournament #3714290652, $1.84+$0.16 USD Hold'em No Limit - Level IV (30/60) - 2024/02/11 14:29:20 CET [2024/02/11 8:29:20 ET]
Table '3714290652 1' 3-max Seat #2 is the button
Seat 2: Mahu2021 (1220 in chips) 
Seat 3: lord2386 (280 in chips) 
Mahu2021: posts small blind 30
lord2386: posts big blind 60
*** HOLE CARDS ***
Dealt to Mahu2021 [7s 3c]
Mahu2021: folds 
Uncalled bet (30) returned to lord2386
lord2386 collected 60 from pot
*** SUMMARY ***
Total pot 60 | Rake 0 
Seat 2: Mahu2021 (button) (small blind) folded before Flop
Seat 3: lord2386 (big blind) collected (60)



PokerStars Hand #248817061878: Tournament #3714290652, $1.84+$0.16 USD Hold'em No Limit - Level IV (30/60) - 2024/02/11 14:29:24 CET [2024/02/11 8:29:24 ET]
Table '3714290652 1' 3-max Seat #3 is the button
Seat 2: Mahu2021 (1190 in chips) 
Seat 3: lord2386 (310 in chips) 
lord2386: posts small blind 30
Mahu2021: posts big blind 60
*** HOLE CARDS ***
Dealt to Mahu2021 [4c Js]
lord2386: raises 250 to 310 and is all-in
Mahu2021: folds 
Uncalled bet (250) returned to lord2386
lord2386 collected 120 from pot
*** SUMMARY ***
Total pot 120 | Rake 0 
Seat 2: Mahu2021 (big blind) folded before Flop
Seat 3: lord2386 (button) (small blind) collected (120)



PokerStars Hand #248817063337: Tournament #3714290652, $1.84+$0.16 USD Hold'em No Limit - Level IV (30/60) - 2024/02/11 14:29:31 CET [2024/02/11 8:29:31 ET]
Table '3714290652 1' 3-max Seat #2 is the button
Seat 2: Mahu2021 (1130 in chips) 
Seat 3: lord2386 (370 in chips) 
Mahu2021: posts small blind 30
lord2386: posts big blind 60
*** HOLE CARDS ***
Dealt to Mahu2021 [9d 5s]
Mahu2021: folds 
Uncalled bet (30) returned to lord2386
lord2386 collected 60 from pot
*** SUMMARY ***
Total pot 60 | Rake 0 
Seat 2: Mahu2021 (button) (small blind) folded before Flop
Seat 3: lord2386 (big blind) collected (60)



PokerStars Hand #248817064392: Tournament #3714290652, $1.84+$0.16 USD Hold'em No Limit - Level IV (30/60) - 2024/02/11 14:29:36 CET [2024/02/11 8:29:36 ET]
Table '3714290652 1' 3-max Seat #3 is the button
Seat 2: Mahu2021 (1100 in chips) 
Seat 3: lord2386 (400 in chips) 
lord2386: posts small blind 30
Mahu2021: posts big blind 60
*** HOLE CARDS ***
Dealt to Mahu2021 [Js 8d]
lord2386: raises 340 to 400 and is all-in
Mahu2021: folds 
Uncalled bet (340) returned to lord2386
lord2386 collected 120 from pot
*** SUMMARY ***
Total pot 120 | Rake 0 
Seat 2: Mahu2021 (big blind) folded before Flop
Seat 3: lord2386 (button) (small blind) collected (120)



PokerStars Hand #248817065973: Tournament #3714290652, $1.84+$0.16 USD Hold'em No Limit - Level IV (30/60) - 2024/02/11 14:29:43 CET [2024/02/11 8:29:43 ET]
Table '3714290652 1' 3-max Seat #2 is the button
Seat 2: Mahu2021 (1040 in chips) 
Seat 3: lord2386 (460 in chips) 
Mahu2021: posts small blind 30
lord2386: posts big blind 60
*** HOLE CARDS ***
Dealt to Mahu2021 [Th 6h]
Mahu2021: calls 30
lord2386: raises 60 to 120
Mahu2021: calls 60
*** FLOP *** [9c Kc Td]
lord2386: checks 
Mahu2021: bets 920 and is all-in
lord2386: calls 340 and is all-in
Uncalled bet (580) returned to Mahu2021
*** TURN *** [9c Kc Td] [8h]
*** RIVER *** [9c Kc Td 8h] [6d]
*** SHOW DOWN ***
lord2386: shows [Ks Qh] (a pair of Kings)
Mahu2021: shows [Th 6h] (two pair, Tens and Sixes)
Mahu2021 collected 920 from pot
lord2386 finished the tournament in 2nd place
Mahu2021 wins the tournament and receives $6.00 - congratulations!
*** SUMMARY ***
Total pot 920 | Rake 0 
Board [9c Kc Td 8h 6d]
Seat 2: Mahu2021 (button) (small blind) showed [Th 6h] and won (920) with two pair, Tens and Sixes
Seat 3: lord2386 (big blind) showed [Ks Qh] and lost with a pair of Kings



