PokerStars Hand #249721272831: Tournament #3735916910, $1.84+$0.16 USD Hold'em No Limit - Level I (10/20) - 2024/03/31 15:10:08 CET [2024/03/31 9:10:08 ET]
Table '3735916910 1' 3-max Seat #1 is the button
Seat 1: albormak (500 in chips) 
Seat 2: Mahu2021 (500 in chips) 
Seat 3: anvil 11 (500 in chips) 
Mahu2021: posts small blind 10
anvil 11: posts big blind 20
*** HOLE CARDS ***
Dealt to Mahu2021 [6d Kd]
albormak: calls 20
Mahu2021: calls 10
anvil 11: checks 
*** FLOP *** [9s 6c Js]
Mahu2021: checks 
anvil 11: bets 480 and is all-in
albormak: folds 
Mahu2021: folds 
Uncalled bet (480) returned to anvil 11
anvil 11 collected 60 from pot
*** SUMMARY ***
Total pot 60 | Rake 0 
Board [9s 6c Js]
Seat 1: albormak (button) folded on the Flop
Seat 2: Mahu2021 (small blind) folded on the Flop
Seat 3: anvil 11 (big blind) collected (60)



PokerStars Hand #249721275468: Tournament #3735916910, $1.84+$0.16 USD Hold'em No Limit - Level I (10/20) - 2024/03/31 15:10:22 CET [2024/03/31 9:10:22 ET]
Table '3735916910 1' 3-max Seat #2 is the button
Seat 1: albormak (480 in chips) 
Seat 2: Mahu2021 (480 in chips) 
Seat 3: anvil 11 (540 in chips) 
anvil 11: posts small blind 10
albormak: posts big blind 20
*** HOLE CARDS ***
Dealt to Mahu2021 [8h 6c]
Mahu2021: folds 
anvil 11: raises 520 to 540 and is all-in
albormak: calls 460 and is all-in
Uncalled bet (60) returned to anvil 11
*** FLOP *** [5h 2d 3d]
*** TURN *** [5h 2d 3d] [8d]
*** RIVER *** [5h 2d 3d 8d] [Td]
*** SHOW DOWN ***
anvil 11: shows [Qc Jh] (high card Queen)
albormak: shows [Ad 8c] (a flush, Ace high)
albormak collected 960 from pot
*** SUMMARY ***
Total pot 960 | Rake 0 
Board [5h 2d 3d 8d Td]
Seat 1: albormak (big blind) showed [Ad 8c] and won (960) with a flush, Ace high
Seat 2: Mahu2021 (button) folded before Flop (didn't bet)
Seat 3: anvil 11 (small blind) showed [Qc Jh] and lost with high card Queen



PokerStars Hand #249721278258: Tournament #3735916910, $1.84+$0.16 USD Hold'em No Limit - Level I (10/20) - 2024/03/31 15:10:37 CET [2024/03/31 9:10:37 ET]
Table '3735916910 1' 3-max Seat #3 is the button
Seat 1: albormak (960 in chips) 
Seat 2: Mahu2021 (480 in chips) 
Seat 3: anvil 11 (60 in chips) 
albormak: posts small blind 10
Mahu2021: posts big blind 20
*** HOLE CARDS ***
Dealt to Mahu2021 [Tc 7s]
anvil 11: raises 20 to 40
albormak: folds 
Mahu2021: calls 20
*** FLOP *** [5c 8d Qd]
Mahu2021: checks 
anvil 11: bets 20 and is all-in
Mahu2021: folds 
Uncalled bet (20) returned to anvil 11
anvil 11 collected 90 from pot
*** SUMMARY ***
Total pot 90 | Rake 0 
Board [5c 8d Qd]
Seat 1: albormak (small blind) folded before Flop
Seat 2: Mahu2021 (big blind) folded on the Flop
Seat 3: anvil 11 (button) collected (90)



PokerStars Hand #249721280893: Tournament #3735916910, $1.84+$0.16 USD Hold'em No Limit - Level I (10/20) - 2024/03/31 15:10:52 CET [2024/03/31 9:10:52 ET]
Table '3735916910 1' 3-max Seat #1 is the button
Seat 1: albormak (950 in chips) 
Seat 2: Mahu2021 (440 in chips) 
Seat 3: anvil 11 (110 in chips) 
Mahu2021: posts small blind 10
anvil 11: posts big blind 20
*** HOLE CARDS ***
Dealt to Mahu2021 [8c 6d]
albormak: folds 
Mahu2021: folds 
Uncalled bet (10) returned to anvil 11
anvil 11 collected 20 from pot
*** SUMMARY ***
Total pot 20 | Rake 0 
Seat 1: albormak (button) folded before Flop (didn't bet)
Seat 2: Mahu2021 (small blind) folded before Flop
Seat 3: anvil 11 (big blind) collected (20)



PokerStars Hand #249721281803: Tournament #3735916910, $1.84+$0.16 USD Hold'em No Limit - Level I (10/20) - 2024/03/31 15:10:56 CET [2024/03/31 9:10:56 ET]
Table '3735916910 1' 3-max Seat #2 is the button
Seat 1: albormak (950 in chips) 
Seat 2: Mahu2021 (430 in chips) 
Seat 3: anvil 11 (120 in chips) 
anvil 11: posts small blind 10
albormak: posts big blind 20
*** HOLE CARDS ***
Dealt to Mahu2021 [8h 8d]
Mahu2021: calls 20
anvil 11: raises 100 to 120 and is all-in
albormak: folds 
Mahu2021: calls 100
*** FLOP *** [Qs 7d 4d]
*** TURN *** [Qs 7d 4d] [9d]
*** RIVER *** [Qs 7d 4d 9d] [Kd]
*** SHOW DOWN ***
anvil 11: shows [4s Ah] (a pair of Fours)
Mahu2021: shows [8h 8d] (a flush, King high)
Mahu2021 collected 260 from pot
anvil 11 finished the tournament in 3rd place
*** SUMMARY ***
Total pot 260 | Rake 0 
Board [Qs 7d 4d 9d Kd]
Seat 1: albormak (big blind) folded before Flop
Seat 2: Mahu2021 (button) showed [8h 8d] and won (260) with a flush, King high
Seat 3: anvil 11 (small blind) showed [4s Ah] and lost with a pair of Fours



PokerStars Hand #249721285170: Tournament #3735916910, $1.84+$0.16 USD Hold'em No Limit - Level I (10/20) - 2024/03/31 15:11:15 CET [2024/03/31 9:11:15 ET]
Table '3735916910 1' 3-max Seat #1 is the button
Seat 1: albormak (930 in chips) 
Seat 2: Mahu2021 (570 in chips) 
albormak: posts small blind 10
Mahu2021: posts big blind 20
*** HOLE CARDS ***
Dealt to Mahu2021 [Kd 7d]
albormak: calls 10
Mahu2021: checks 
*** FLOP *** [8h 8s Ac]
Mahu2021: checks 
albormak: bets 100
Mahu2021: folds 
Uncalled bet (100) returned to albormak
albormak collected 40 from pot
albormak: doesn't show hand 
*** SUMMARY ***
Total pot 40 | Rake 0 
Board [8h 8s Ac]
Seat 1: albormak (button) (small blind) collected (40)
Seat 2: Mahu2021 (big blind) folded on the Flop



PokerStars Hand #249721287277: Tournament #3735916910, $1.84+$0.16 USD Hold'em No Limit - Level I (10/20) - 2024/03/31 15:11:26 CET [2024/03/31 9:11:26 ET]
Table '3735916910 1' 3-max Seat #2 is the button
Seat 1: albormak (950 in chips) 
Seat 2: Mahu2021 (550 in chips) 
Mahu2021: posts small blind 10
albormak: posts big blind 20
*** HOLE CARDS ***
Dealt to Mahu2021 [Qc 4s]
Mahu2021: folds 
Uncalled bet (10) returned to albormak
albormak collected 20 from pot
albormak: doesn't show hand 
*** SUMMARY ***
Total pot 20 | Rake 0 
Seat 1: albormak (big blind) collected (20)
Seat 2: Mahu2021 (button) (small blind) folded before Flop



PokerStars Hand #249721288086: Tournament #3735916910, $1.84+$0.16 USD Hold'em No Limit - Level I (10/20) - 2024/03/31 15:11:31 CET [2024/03/31 9:11:31 ET]
Table '3735916910 1' 3-max Seat #1 is the button
Seat 1: albormak (960 in chips) 
Seat 2: Mahu2021 (540 in chips) 
albormak: posts small blind 10
Mahu2021: posts big blind 20
*** HOLE CARDS ***
Dealt to Mahu2021 [6h 4d]
albormak: calls 10
Mahu2021: checks 
*** FLOP *** [8h Td Kh]
Mahu2021: checks 
albormak: checks 
*** TURN *** [8h Td Kh] [7c]
Mahu2021: checks 
albormak: checks 
*** RIVER *** [8h Td Kh 7c] [6c]
Mahu2021: bets 20
albormak: calls 20
*** SHOW DOWN ***
Mahu2021: shows [6h 4d] (a pair of Sixes)
albormak: shows [As 7d] (a pair of Sevens)
albormak collected 80 from pot
*** SUMMARY ***
Total pot 80 | Rake 0 
Board [8h Td Kh 7c 6c]
Seat 1: albormak (button) (small blind) showed [As 7d] and won (80) with a pair of Sevens
Seat 2: Mahu2021 (big blind) showed [6h 4d] and lost with a pair of Sixes



PokerStars Hand #249721290465: Tournament #3735916910, $1.84+$0.16 USD Hold'em No Limit - Level I (10/20) - 2024/03/31 15:11:44 CET [2024/03/31 9:11:44 ET]
Table '3735916910 1' 3-max Seat #2 is the button
Seat 1: albormak (1000 in chips) 
Seat 2: Mahu2021 (500 in chips) 
Mahu2021: posts small blind 10
albormak: posts big blind 20
*** HOLE CARDS ***
Dealt to Mahu2021 [8c 6c]
Mahu2021: calls 10
albormak: raises 240 to 260
Mahu2021: folds 
Uncalled bet (240) returned to albormak
albormak collected 40 from pot
albormak: doesn't show hand 
*** SUMMARY ***
Total pot 40 | Rake 0 
Seat 1: albormak (big blind) collected (40)
Seat 2: Mahu2021 (button) (small blind) folded before Flop



PokerStars Hand #249721292119: Tournament #3735916910, $1.84+$0.16 USD Hold'em No Limit - Level I (10/20) - 2024/03/31 15:11:53 CET [2024/03/31 9:11:53 ET]
Table '3735916910 1' 3-max Seat #1 is the button
Seat 1: albormak (1020 in chips) 
Seat 2: Mahu2021 (480 in chips) 
albormak: posts small blind 10
Mahu2021: posts big blind 20
*** HOLE CARDS ***
Dealt to Mahu2021 [Jd Qh]
albormak: calls 10
Mahu2021: checks 
*** FLOP *** [2h 6c 2s]
Mahu2021: checks 
albormak: checks 
*** TURN *** [2h 6c 2s] [4h]
Mahu2021: checks 
albormak: checks 
*** RIVER *** [2h 6c 2s 4h] [Ad]
Mahu2021: checks 
albormak: bets 80
Mahu2021: folds 
Uncalled bet (80) returned to albormak
albormak collected 40 from pot
albormak: doesn't show hand 
*** SUMMARY ***
Total pot 40 | Rake 0 
Board [2h 6c 2s 4h Ad]
Seat 1: albormak (button) (small blind) collected (40)
Seat 2: Mahu2021 (big blind) folded on the River



PokerStars Hand #249721294743: Tournament #3735916910, $1.84+$0.16 USD Hold'em No Limit - Level I (10/20) - 2024/03/31 15:12:07 CET [2024/03/31 9:12:07 ET]
Table '3735916910 1' 3-max Seat #2 is the button
Seat 1: albormak (1040 in chips) 
Seat 2: Mahu2021 (460 in chips) 
Mahu2021: posts small blind 10
albormak: posts big blind 20
*** HOLE CARDS ***
Dealt to Mahu2021 [As 7d]
Mahu2021: raises 20 to 40
albormak: calls 20
*** FLOP *** [9d 7h Jc]
albormak: checks 
Mahu2021: bets 40
albormak: folds 
Uncalled bet (40) returned to Mahu2021
Mahu2021 collected 80 from pot
Mahu2021: doesn't show hand 
*** SUMMARY ***
Total pot 80 | Rake 0 
Board [9d 7h Jc]
Seat 1: albormak (big blind) folded on the Flop
Seat 2: Mahu2021 (button) (small blind) collected (80)



PokerStars Hand #249721297215: Tournament #3735916910, $1.84+$0.16 USD Hold'em No Limit - Level II (15/30) - 2024/03/31 15:12:20 CET [2024/03/31 9:12:20 ET]
Table '3735916910 1' 3-max Seat #1 is the button
Seat 1: albormak (1000 in chips) 
Seat 2: Mahu2021 (500 in chips) 
albormak: posts small blind 15
Mahu2021: posts big blind 30
*** HOLE CARDS ***
Dealt to Mahu2021 [6h 2s]
albormak: calls 15
Mahu2021: checks 
*** FLOP *** [Qs 7c 4d]
Mahu2021: checks 
albormak: checks 
*** TURN *** [Qs 7c 4d] [4s]
Mahu2021: checks 
albormak: checks 
*** RIVER *** [Qs 7c 4d 4s] [Qc]
Mahu2021: checks 
albormak: bets 120
Mahu2021: folds 
Uncalled bet (120) returned to albormak
albormak collected 60 from pot
albormak: doesn't show hand 
*** SUMMARY ***
Total pot 60 | Rake 0 
Board [Qs 7c 4d 4s Qc]
Seat 1: albormak (button) (small blind) collected (60)
Seat 2: Mahu2021 (big blind) folded on the River



PokerStars Hand #249721299956: Tournament #3735916910, $1.84+$0.16 USD Hold'em No Limit - Level II (15/30) - 2024/03/31 15:12:35 CET [2024/03/31 9:12:35 ET]
Table '3735916910 1' 3-max Seat #2 is the button
Seat 1: albormak (1030 in chips) 
Seat 2: Mahu2021 (470 in chips) 
Mahu2021: posts small blind 15
albormak: posts big blind 30
*** HOLE CARDS ***
Dealt to Mahu2021 [8s 7d]
Mahu2021: calls 15
albormak: checks 
*** FLOP *** [4h 5s 3c]
albormak: checks 
Mahu2021: checks 
*** TURN *** [4h 5s 3c] [2h]
albormak: bets 30
Mahu2021: calls 30
*** RIVER *** [4h 5s 3c 2h] [As]
albormak: checks 
Mahu2021: bets 90
albormak: calls 90
*** SHOW DOWN ***
Mahu2021: shows [8s 7d] (a straight, Ace to Five)
albormak: shows [Ad 9c] (a straight, Ace to Five)
albormak collected 150 from pot
Mahu2021 collected 150 from pot
*** SUMMARY ***
Total pot 300 | Rake 0 
Board [4h 5s 3c 2h As]
Seat 1: albormak (big blind) showed [Ad 9c] and won (150) with a straight, Ace to Five
Seat 2: Mahu2021 (button) (small blind) showed [8s 7d] and won (150) with a straight, Ace to Five



PokerStars Hand #249721302954: Tournament #3735916910, $1.84+$0.16 USD Hold'em No Limit - Level II (15/30) - 2024/03/31 15:12:51 CET [2024/03/31 9:12:51 ET]
Table '3735916910 1' 3-max Seat #1 is the button
Seat 1: albormak (1030 in chips) 
Seat 2: Mahu2021 (470 in chips) 
albormak: posts small blind 15
Mahu2021: posts big blind 30
*** HOLE CARDS ***
Dealt to Mahu2021 [8s Tc]
albormak: calls 15
Mahu2021: checks 
*** FLOP *** [Kd As 6s]
Mahu2021: checks 
albormak: checks 
*** TURN *** [Kd As 6s] [Ad]
Mahu2021: bets 30
albormak: folds 
Uncalled bet (30) returned to Mahu2021
Mahu2021 collected 60 from pot
Mahu2021: doesn't show hand 
*** SUMMARY ***
Total pot 60 | Rake 0 
Board [Kd As 6s Ad]
Seat 1: albormak (button) (small blind) folded on the Turn
Seat 2: Mahu2021 (big blind) collected (60)



PokerStars Hand #249721304991: Tournament #3735916910, $1.84+$0.16 USD Hold'em No Limit - Level II (15/30) - 2024/03/31 15:13:02 CET [2024/03/31 9:13:02 ET]
Table '3735916910 1' 3-max Seat #2 is the button
Seat 1: albormak (1000 in chips) 
Seat 2: Mahu2021 (500 in chips) 
Mahu2021: posts small blind 15
albormak: posts big blind 30
*** HOLE CARDS ***
Dealt to Mahu2021 [9d Qh]
Mahu2021: calls 15
albormak: checks 
*** FLOP *** [2h Tc Td]
albormak: checks 
Mahu2021: checks 
*** TURN *** [2h Tc Td] [8s]
albormak: bets 970 and is all-in
Mahu2021: folds 
Uncalled bet (970) returned to albormak
albormak collected 60 from pot
albormak: doesn't show hand 
*** SUMMARY ***
Total pot 60 | Rake 0 
Board [2h Tc Td 8s]
Seat 1: albormak (big blind) collected (60)
Seat 2: Mahu2021 (button) (small blind) folded on the Turn



PokerStars Hand #249721307216: Tournament #3735916910, $1.84+$0.16 USD Hold'em No Limit - Level II (15/30) - 2024/03/31 15:13:14 CET [2024/03/31 9:13:14 ET]
Table '3735916910 1' 3-max Seat #1 is the button
Seat 1: albormak (1030 in chips) 
Seat 2: Mahu2021 (470 in chips) 
albormak: posts small blind 15
Mahu2021: posts big blind 30
*** HOLE CARDS ***
Dealt to Mahu2021 [Kh Td]
albormak: calls 15
Mahu2021: raises 60 to 90
albormak: calls 60
*** FLOP *** [Th 9s 9c]
Mahu2021: bets 180
albormak: folds 
Uncalled bet (180) returned to Mahu2021
Mahu2021 collected 180 from pot
Mahu2021: doesn't show hand 
*** SUMMARY ***
Total pot 180 | Rake 0 
Board [Th 9s 9c]
Seat 1: albormak (button) (small blind) folded on the Flop
Seat 2: Mahu2021 (big blind) collected (180)



PokerStars Hand #249721309173: Tournament #3735916910, $1.84+$0.16 USD Hold'em No Limit - Level II (15/30) - 2024/03/31 15:13:25 CET [2024/03/31 9:13:25 ET]
Table '3735916910 1' 3-max Seat #2 is the button
Seat 1: albormak (940 in chips) 
Seat 2: Mahu2021 (560 in chips) 
Mahu2021: posts small blind 15
albormak: posts big blind 30
*** HOLE CARDS ***
Dealt to Mahu2021 [Ks Js]
Mahu2021: raises 30 to 60
albormak: calls 30
*** FLOP *** [7c 4d Qd]
albormak: bets 30
Mahu2021: calls 30
*** TURN *** [7c 4d Qd] [Ts]
albormak: checks 
Mahu2021: checks 
*** RIVER *** [7c 4d Qd Ts] [8h]
albormak: checks 
Mahu2021: checks 
*** SHOW DOWN ***
albormak: shows [4h 5s] (a pair of Fours)
Mahu2021: mucks hand 
albormak collected 180 from pot
*** SUMMARY ***
Total pot 180 | Rake 0 
Board [7c 4d Qd Ts 8h]
Seat 1: albormak (big blind) showed [4h 5s] and won (180) with a pair of Fours
Seat 2: Mahu2021 (button) (small blind) mucked [Ks Js]



PokerStars Hand #249721311548: Tournament #3735916910, $1.84+$0.16 USD Hold'em No Limit - Level II (15/30) - 2024/03/31 15:13:38 CET [2024/03/31 9:13:38 ET]
Table '3735916910 1' 3-max Seat #1 is the button
Seat 1: albormak (1030 in chips) 
Seat 2: Mahu2021 (470 in chips) 
albormak: posts small blind 15
Mahu2021: posts big blind 30
*** HOLE CARDS ***
Dealt to Mahu2021 [Qd Ac]
albormak: calls 15
Mahu2021: raises 60 to 90
albormak: calls 60
*** FLOP *** [Kh 2s Ts]
Mahu2021: checks 
albormak: bets 210
Mahu2021: folds 
Uncalled bet (210) returned to albormak
albormak collected 180 from pot
albormak: doesn't show hand 
*** SUMMARY ***
Total pot 180 | Rake 0 
Board [Kh 2s Ts]
Seat 1: albormak (button) (small blind) collected (180)
Seat 2: Mahu2021 (big blind) folded on the Flop



PokerStars Hand #249721313900: Tournament #3735916910, $1.84+$0.16 USD Hold'em No Limit - Level II (15/30) - 2024/03/31 15:13:51 CET [2024/03/31 9:13:51 ET]
Table '3735916910 1' 3-max Seat #2 is the button
Seat 1: albormak (1120 in chips) 
Seat 2: Mahu2021 (380 in chips) 
Mahu2021: posts small blind 15
albormak: posts big blind 30
*** HOLE CARDS ***
Dealt to Mahu2021 [3s Th]
Mahu2021: folds 
Uncalled bet (15) returned to albormak
albormak collected 30 from pot
albormak: doesn't show hand 
*** SUMMARY ***
Total pot 30 | Rake 0 
Seat 1: albormak (big blind) collected (30)
Seat 2: Mahu2021 (button) (small blind) folded before Flop



PokerStars Hand #249721314689: Tournament #3735916910, $1.84+$0.16 USD Hold'em No Limit - Level II (15/30) - 2024/03/31 15:13:55 CET [2024/03/31 9:13:55 ET]
Table '3735916910 1' 3-max Seat #1 is the button
Seat 1: albormak (1135 in chips) 
Seat 2: Mahu2021 (365 in chips) 
albormak: posts small blind 15
Mahu2021: posts big blind 30
*** HOLE CARDS ***
Dealt to Mahu2021 [Th 4d]
albormak: calls 15
Mahu2021: checks 
*** FLOP *** [7d 7s 6s]
Mahu2021: checks 
albormak: bets 60
Mahu2021: folds 
Uncalled bet (60) returned to albormak
albormak collected 60 from pot
albormak: doesn't show hand 
*** SUMMARY ***
Total pot 60 | Rake 0 
Board [7d 7s 6s]
Seat 1: albormak (button) (small blind) collected (60)
Seat 2: Mahu2021 (big blind) folded on the Flop



PokerStars Hand #249721316482: Tournament #3735916910, $1.84+$0.16 USD Hold'em No Limit - Level II (15/30) - 2024/03/31 15:14:05 CET [2024/03/31 9:14:05 ET]
Table '3735916910 1' 3-max Seat #2 is the button
Seat 1: albormak (1165 in chips) 
Seat 2: Mahu2021 (335 in chips) 
Mahu2021: posts small blind 15
albormak: posts big blind 30
*** HOLE CARDS ***
Dealt to Mahu2021 [7s 8h]
Mahu2021: calls 15
albormak: raises 270 to 300
Mahu2021: folds 
Uncalled bet (270) returned to albormak
albormak collected 60 from pot
albormak: doesn't show hand 
*** SUMMARY ***
Total pot 60 | Rake 0 
Seat 1: albormak (big blind) collected (60)
Seat 2: Mahu2021 (button) (small blind) folded before Flop



PokerStars Hand #249721318519: Tournament #3735916910, $1.84+$0.16 USD Hold'em No Limit - Level III (20/40) - 2024/03/31 15:14:16 CET [2024/03/31 9:14:16 ET]
Table '3735916910 1' 3-max Seat #1 is the button
Seat 1: albormak (1195 in chips) 
Seat 2: Mahu2021 (305 in chips) 
albormak: posts small blind 20
Mahu2021: posts big blind 40
*** HOLE CARDS ***
Dealt to Mahu2021 [3d 5s]
albormak: raises 280 to 320
Mahu2021: folds 
Uncalled bet (280) returned to albormak
albormak collected 80 from pot
albormak: doesn't show hand 
*** SUMMARY ***
Total pot 80 | Rake 0 
Seat 1: albormak (button) (small blind) collected (80)
Seat 2: Mahu2021 (big blind) folded before Flop



PokerStars Hand #249721335821: Tournament #3735916910, $1.84+$0.16 USD Hold'em No Limit - Level III (20/40) - 2024/03/31 15:15:49 CET [2024/03/31 9:15:49 ET]
Table '3735916910 1' 3-max Seat #2 is the button
Seat 1: albormak (1295 in chips) 
Seat 2: Mahu2021 (205 in chips) 
Mahu2021: posts small blind 20
albormak: posts big blind 40
*** HOLE CARDS ***
Dealt to Mahu2021 [5h 4s]
Mahu2021 is connected 
Mahu2021 is connected 
Mahu2021: calls 20
albormak: raises 160 to 200
Mahu2021: folds 
Uncalled bet (160) returned to albormak
albormak collected 80 from pot
albormak: doesn't show hand 
*** SUMMARY ***
Total pot 80 | Rake 0 
Seat 1: albormak (big blind) collected (80)
Seat 2: Mahu2021 (button) (small blind) folded before Flop



PokerStars Hand #249721339031: Tournament #3735916910, $1.84+$0.16 USD Hold'em No Limit - Level III (20/40) - 2024/03/31 15:16:06 CET [2024/03/31 9:16:06 ET]
Table '3735916910 1' 3-max Seat #1 is the button
Seat 1: albormak (1335 in chips) 
Seat 2: Mahu2021 (165 in chips) 
albormak: posts small blind 20
Mahu2021: posts big blind 40
*** HOLE CARDS ***
Dealt to Mahu2021 [8d 4d]
albormak: raises 280 to 320
Mahu2021: folds 
Uncalled bet (280) returned to albormak
albormak collected 80 from pot
albormak: doesn't show hand 
*** SUMMARY ***
Total pot 80 | Rake 0 
Seat 1: albormak (button) (small blind) collected (80)
Seat 2: Mahu2021 (big blind) folded before Flop



PokerStars Hand #249721340120: Tournament #3735916910, $1.84+$0.16 USD Hold'em No Limit - Level III (20/40) - 2024/03/31 15:16:12 CET [2024/03/31 9:16:12 ET]
Table '3735916910 1' 3-max Seat #2 is the button
Seat 1: albormak (1375 in chips) 
Seat 2: Mahu2021 (125 in chips) 
Mahu2021: posts small blind 20
albormak: posts big blind 40
*** HOLE CARDS ***
Dealt to Mahu2021 [9d 8s]
Mahu2021: raises 85 to 125 and is all-in
albormak: folds 
Uncalled bet (85) returned to Mahu2021
Mahu2021 collected 80 from pot
Mahu2021: doesn't show hand 
*** SUMMARY ***
Total pot 80 | Rake 0 
Seat 1: albormak (big blind) folded before Flop
Seat 2: Mahu2021 (button) (small blind) collected (80)



PokerStars Hand #249721341336: Tournament #3735916910, $1.84+$0.16 USD Hold'em No Limit - Level III (20/40) - 2024/03/31 15:16:19 CET [2024/03/31 9:16:19 ET]
Table '3735916910 1' 3-max Seat #1 is the button
Seat 1: albormak (1335 in chips) 
Seat 2: Mahu2021 (165 in chips) 
albormak: posts small blind 20
Mahu2021: posts big blind 40
*** HOLE CARDS ***
Dealt to Mahu2021 [2d Jh]
albormak: raises 240 to 280
Mahu2021: calls 125 and is all-in
Uncalled bet (115) returned to albormak
*** FLOP *** [Kc 3c 6s]
*** TURN *** [Kc 3c 6s] [2c]
*** RIVER *** [Kc 3c 6s 2c] [5s]
*** SHOW DOWN ***
Mahu2021: shows [2d Jh] (a pair of Deuces)
albormak: shows [6h 6d] (three of a kind, Sixes)
albormak collected 330 from pot
Mahu2021 finished the tournament in 2nd place
albormak wins the tournament and receives $4.00 - congratulations!
*** SUMMARY ***
Total pot 330 | Rake 0 
Board [Kc 3c 6s 2c 5s]
Seat 1: albormak (button) (small blind) showed [6h 6d] and won (330) with three of a kind, Sixes
Seat 2: Mahu2021 (big blind) showed [2d Jh] and lost with a pair of Deuces



