PokerStars Hand #253378057025: Tournament #3822928044, $1.84+$0.16 USD Hold'em No Limit - Level I (10/20) - 2024/11/12 20:55:57 CET [2024/11/12 14:55:57 ET]
Table '3822928044 1' 3-max Seat #1 is the button
Seat 1: tomas63mac (500 in chips) 
Seat 2: Mahu2021 (500 in chips) 
Seat 3: PETERRETEP62 (500 in chips) 
Mahu2021: posts small blind 10
PETERRETEP62: posts big blind 20
*** HOLE CARDS ***
Dealt to Mahu2021 [7h 7c]
tomas63mac: folds 
Mahu2021: raises 20 to 40
PETERRETEP62: folds 
Uncalled bet (20) returned to Mahu2021
Mahu2021 collected 40 from pot
Mahu2021: doesn't show hand 
*** SUMMARY ***
Total pot 40 | Rake 0 
Seat 1: tomas63mac (button) folded before Flop (didn't bet)
Seat 2: Mahu2021 (small blind) collected (40)
Seat 3: PETERRETEP62 (big blind) folded before Flop



PokerStars Hand #253378058743: Tournament #3822928044, $1.84+$0.16 USD Hold'em No Limit - Level I (10/20) - 2024/11/12 20:56:05 CET [2024/11/12 14:56:05 ET]
Table '3822928044 1' 3-max Seat #2 is the button
Seat 1: tomas63mac (500 in chips) 
Seat 2: Mahu2021 (520 in chips) 
Seat 3: PETERRETEP62 (480 in chips) 
PETERRETEP62: posts small blind 10
tomas63mac: posts big blind 20
*** HOLE CARDS ***
Dealt to Mahu2021 [3c Kh]
Mahu2021: folds 
PETERRETEP62: raises 40 to 60
tomas63mac: folds 
Uncalled bet (40) returned to PETERRETEP62
PETERRETEP62 collected 40 from pot
PETERRETEP62: doesn't show hand 
*** SUMMARY ***
Total pot 40 | Rake 0 
Seat 1: tomas63mac (big blind) folded before Flop
Seat 2: Mahu2021 (button) folded before Flop (didn't bet)
Seat 3: PETERRETEP62 (small blind) collected (40)



PokerStars Hand #253378060483: Tournament #3822928044, $1.84+$0.16 USD Hold'em No Limit - Level I (10/20) - 2024/11/12 20:56:14 CET [2024/11/12 14:56:14 ET]
Table '3822928044 1' 3-max Seat #3 is the button
Seat 1: tomas63mac (480 in chips) 
Seat 2: Mahu2021 (520 in chips) 
Seat 3: PETERRETEP62 (500 in chips) 
tomas63mac: posts small blind 10
Mahu2021: posts big blind 20
*** HOLE CARDS ***
Dealt to Mahu2021 [Tc Qh]
PETERRETEP62: calls 20
tomas63mac: calls 10
Mahu2021: checks 
*** FLOP *** [Qc Ts Ah]
tomas63mac: checks 
Mahu2021: checks 
PETERRETEP62: bets 60
tomas63mac: calls 60
Mahu2021: calls 60
*** TURN *** [Qc Ts Ah] [9s]
tomas63mac: checks 
Mahu2021: checks 
PETERRETEP62: bets 60
tomas63mac: folds 
Mahu2021: calls 60
*** RIVER *** [Qc Ts Ah 9s] [Td]
Mahu2021: checks 
PETERRETEP62: checks 
*** SHOW DOWN ***
Mahu2021: shows [Tc Qh] (a full house, Tens full of Queens)
PETERRETEP62: mucks hand 
Mahu2021 collected 360 from pot
*** SUMMARY ***
Total pot 360 | Rake 0 
Board [Qc Ts Ah 9s Td]
Seat 1: tomas63mac (small blind) folded on the Turn
Seat 2: Mahu2021 (big blind) showed [Tc Qh] and won (360) with a full house, Tens full of Queens
Seat 3: PETERRETEP62 (button) mucked [3h As]



PokerStars Hand #253378067194: Tournament #3822928044, $1.84+$0.16 USD Hold'em No Limit - Level I (10/20) - 2024/11/12 20:56:45 CET [2024/11/12 14:56:45 ET]
Table '3822928044 1' 3-max Seat #1 is the button
Seat 1: tomas63mac (400 in chips) 
Seat 2: Mahu2021 (740 in chips) 
Seat 3: PETERRETEP62 (360 in chips) 
Mahu2021: posts small blind 10
PETERRETEP62: posts big blind 20
*** HOLE CARDS ***
Dealt to Mahu2021 [5c Ts]
tomas63mac: calls 20
Mahu2021: folds 
PETERRETEP62: checks 
*** FLOP *** [8d Kc 2c]
PETERRETEP62: checks 
tomas63mac: checks 
*** TURN *** [8d Kc 2c] [Kh]
PETERRETEP62: checks 
tomas63mac: bets 20
PETERRETEP62: folds 
Uncalled bet (20) returned to tomas63mac
tomas63mac collected 50 from pot
*** SUMMARY ***
Total pot 50 | Rake 0 
Board [8d Kc 2c Kh]
Seat 1: tomas63mac (button) collected (50)
Seat 2: Mahu2021 (small blind) folded before Flop
Seat 3: PETERRETEP62 (big blind) folded on the Turn



PokerStars Hand #253378070315: Tournament #3822928044, $1.84+$0.16 USD Hold'em No Limit - Level I (10/20) - 2024/11/12 20:57:00 CET [2024/11/12 14:57:00 ET]
Table '3822928044 1' 3-max Seat #2 is the button
Seat 1: tomas63mac (430 in chips) 
Seat 2: Mahu2021 (730 in chips) 
Seat 3: PETERRETEP62 (340 in chips) 
PETERRETEP62: posts small blind 10
tomas63mac: posts big blind 20
*** HOLE CARDS ***
Dealt to Mahu2021 [Kd 7h]
Mahu2021: raises 20 to 40
PETERRETEP62: folds 
tomas63mac: folds 
Uncalled bet (20) returned to Mahu2021
Mahu2021 collected 50 from pot
Mahu2021: doesn't show hand 
*** SUMMARY ***
Total pot 50 | Rake 0 
Seat 1: tomas63mac (big blind) folded before Flop
Seat 2: Mahu2021 (button) collected (50)
Seat 3: PETERRETEP62 (small blind) folded before Flop



PokerStars Hand #253378072147: Tournament #3822928044, $1.84+$0.16 USD Hold'em No Limit - Level I (10/20) - 2024/11/12 20:57:09 CET [2024/11/12 14:57:09 ET]
Table '3822928044 1' 3-max Seat #3 is the button
Seat 1: tomas63mac (410 in chips) 
Seat 2: Mahu2021 (760 in chips) 
Seat 3: PETERRETEP62 (330 in chips) 
tomas63mac: posts small blind 10
Mahu2021: posts big blind 20
*** HOLE CARDS ***
Dealt to Mahu2021 [8c Jh]
PETERRETEP62: folds 
tomas63mac: calls 10
Mahu2021: checks 
*** FLOP *** [Ts 8d 5c]
tomas63mac: bets 40
Mahu2021: calls 40
*** TURN *** [Ts 8d 5c] [4h]
tomas63mac: bets 60
Mahu2021: raises 60 to 120
tomas63mac: calls 60
*** RIVER *** [Ts 8d 5c 4h] [2c]
tomas63mac: checks 
Mahu2021: checks 
*** SHOW DOWN ***
tomas63mac: shows [Td Kc] (a pair of Tens)
Mahu2021: mucks hand 
tomas63mac collected 360 from pot
*** SUMMARY ***
Total pot 360 | Rake 0 
Board [Ts 8d 5c 4h 2c]
Seat 1: tomas63mac (small blind) showed [Td Kc] and won (360) with a pair of Tens
Seat 2: Mahu2021 (big blind) mucked [8c Jh]
Seat 3: PETERRETEP62 (button) folded before Flop (didn't bet)



PokerStars Hand #253378078086: Tournament #3822928044, $1.84+$0.16 USD Hold'em No Limit - Level I (10/20) - 2024/11/12 20:57:36 CET [2024/11/12 14:57:36 ET]
Table '3822928044 1' 3-max Seat #1 is the button
Seat 1: tomas63mac (590 in chips) 
Seat 2: Mahu2021 (580 in chips) 
Seat 3: PETERRETEP62 (330 in chips) 
Mahu2021: posts small blind 10
PETERRETEP62: posts big blind 20
*** HOLE CARDS ***
Dealt to Mahu2021 [2d Kc]
tomas63mac: folds 
Mahu2021: calls 10
PETERRETEP62: raises 310 to 330 and is all-in
Mahu2021: folds 
Uncalled bet (310) returned to PETERRETEP62
PETERRETEP62 collected 40 from pot
PETERRETEP62: doesn't show hand 
*** SUMMARY ***
Total pot 40 | Rake 0 
Seat 1: tomas63mac (button) folded before Flop (didn't bet)
Seat 2: Mahu2021 (small blind) folded before Flop
Seat 3: PETERRETEP62 (big blind) collected (40)



PokerStars Hand #253378081746: Tournament #3822928044, $1.84+$0.16 USD Hold'em No Limit - Level I (10/20) - 2024/11/12 20:57:53 CET [2024/11/12 14:57:53 ET]
Table '3822928044 1' 3-max Seat #2 is the button
Seat 1: tomas63mac (590 in chips) 
Seat 2: Mahu2021 (560 in chips) 
Seat 3: PETERRETEP62 (350 in chips) 
PETERRETEP62: posts small blind 10
tomas63mac: posts big blind 20
*** HOLE CARDS ***
Dealt to Mahu2021 [9s 2h]
Mahu2021: folds 
PETERRETEP62: calls 10
tomas63mac: checks 
*** FLOP *** [2d Ts 8d]
PETERRETEP62: bets 20
tomas63mac: folds 
Uncalled bet (20) returned to PETERRETEP62
PETERRETEP62 collected 40 from pot
PETERRETEP62: doesn't show hand 
*** SUMMARY ***
Total pot 40 | Rake 0 
Board [2d Ts 8d]
Seat 1: tomas63mac (big blind) folded on the Flop
Seat 2: Mahu2021 (button) folded before Flop (didn't bet)
Seat 3: PETERRETEP62 (small blind) collected (40)



PokerStars Hand #253378086208: Tournament #3822928044, $1.84+$0.16 USD Hold'em No Limit - Level I (10/20) - 2024/11/12 20:58:14 CET [2024/11/12 14:58:14 ET]
Table '3822928044 1' 3-max Seat #3 is the button
Seat 1: tomas63mac (570 in chips) 
Seat 2: Mahu2021 (560 in chips) 
Seat 3: PETERRETEP62 (370 in chips) 
tomas63mac: posts small blind 10
Mahu2021: posts big blind 20
*** HOLE CARDS ***
Dealt to Mahu2021 [Td 3s]
PETERRETEP62: folds 
tomas63mac: calls 10
Mahu2021: checks 
*** FLOP *** [6h 4h 5s]
tomas63mac: checks 
Mahu2021: checks 
*** TURN *** [6h 4h 5s] [2s]
tomas63mac: bets 20
Mahu2021: raises 20 to 40
tomas63mac: folds 
Uncalled bet (20) returned to Mahu2021
Mahu2021 collected 80 from pot
Mahu2021: doesn't show hand 
*** SUMMARY ***
Total pot 80 | Rake 0 
Board [6h 4h 5s 2s]
Seat 1: tomas63mac (small blind) folded on the Turn
Seat 2: Mahu2021 (big blind) collected (80)
Seat 3: PETERRETEP62 (button) folded before Flop (didn't bet)



PokerStars Hand #253378089887: Tournament #3822928044, $1.84+$0.16 USD Hold'em No Limit - Level I (10/20) - 2024/11/12 20:58:30 CET [2024/11/12 14:58:30 ET]
Table '3822928044 1' 3-max Seat #1 is the button
Seat 1: tomas63mac (530 in chips) 
Seat 2: Mahu2021 (600 in chips) 
Seat 3: PETERRETEP62 (370 in chips) 
Mahu2021: posts small blind 10
PETERRETEP62: posts big blind 20
*** HOLE CARDS ***
Dealt to Mahu2021 [Qs 9c]
tomas63mac: folds 
Mahu2021: raises 20 to 40
PETERRETEP62: calls 20
*** FLOP *** [5c 6d 3d]
Mahu2021: checks 
PETERRETEP62: bets 80
Mahu2021: folds 
Uncalled bet (80) returned to PETERRETEP62
PETERRETEP62 collected 80 from pot
PETERRETEP62: doesn't show hand 
*** SUMMARY ***
Total pot 80 | Rake 0 
Board [5c 6d 3d]
Seat 1: tomas63mac (button) folded before Flop (didn't bet)
Seat 2: Mahu2021 (small blind) folded on the Flop
Seat 3: PETERRETEP62 (big blind) collected (80)



PokerStars Hand #253378092772: Tournament #3822928044, $1.84+$0.16 USD Hold'em No Limit - Level I (10/20) - 2024/11/12 20:58:44 CET [2024/11/12 14:58:44 ET]
Table '3822928044 1' 3-max Seat #2 is the button
Seat 1: tomas63mac (530 in chips) 
Seat 2: Mahu2021 (560 in chips) 
Seat 3: PETERRETEP62 (410 in chips) 
PETERRETEP62: posts small blind 10
tomas63mac: posts big blind 20
*** HOLE CARDS ***
Dealt to Mahu2021 [6h 9d]
Mahu2021: folds 
PETERRETEP62: calls 10
tomas63mac: raises 40 to 60
PETERRETEP62: folds 
Uncalled bet (40) returned to tomas63mac
tomas63mac collected 40 from pot
*** SUMMARY ***
Total pot 40 | Rake 0 
Seat 1: tomas63mac (big blind) collected (40)
Seat 2: Mahu2021 (button) folded before Flop (didn't bet)
Seat 3: PETERRETEP62 (small blind) folded before Flop



PokerStars Hand #253378094836: Tournament #3822928044, $1.84+$0.16 USD Hold'em No Limit - Level I (10/20) - 2024/11/12 20:58:53 CET [2024/11/12 14:58:53 ET]
Table '3822928044 1' 3-max Seat #3 is the button
Seat 1: tomas63mac (550 in chips) 
Seat 2: Mahu2021 (560 in chips) 
Seat 3: PETERRETEP62 (390 in chips) 
tomas63mac: posts small blind 10
Mahu2021: posts big blind 20
*** HOLE CARDS ***
Dealt to Mahu2021 [2d Td]
PETERRETEP62: folds 
tomas63mac: calls 10
Mahu2021: checks 
*** FLOP *** [7d Kd Ad]
tomas63mac: checks 
Mahu2021: bets 20
tomas63mac: calls 20
*** TURN *** [7d Kd Ad] [5d]
tomas63mac: checks 
Mahu2021: bets 20
tomas63mac: calls 20
*** RIVER *** [7d Kd Ad 5d] [Tc]
tomas63mac: bets 60
Mahu2021: calls 60
*** SHOW DOWN ***
tomas63mac: shows [Js Qd] (a flush, Ace high)
Mahu2021: mucks hand 
tomas63mac collected 240 from pot
*** SUMMARY ***
Total pot 240 | Rake 0 
Board [7d Kd Ad 5d Tc]
Seat 1: tomas63mac (small blind) showed [Js Qd] and won (240) with a flush, Ace high
Seat 2: Mahu2021 (big blind) mucked [2d Td]
Seat 3: PETERRETEP62 (button) folded before Flop (didn't bet)



PokerStars Hand #253378102616: Tournament #3822928044, $1.84+$0.16 USD Hold'em No Limit - Level II (15/30) - 2024/11/12 20:59:29 CET [2024/11/12 14:59:29 ET]
Table '3822928044 1' 3-max Seat #1 is the button
Seat 1: tomas63mac (670 in chips) 
Seat 2: Mahu2021 (440 in chips) 
Seat 3: PETERRETEP62 (390 in chips) 
Mahu2021: posts small blind 15
PETERRETEP62: posts big blind 30
*** HOLE CARDS ***
Dealt to Mahu2021 [Qh Tc]
tomas63mac: calls 30
Mahu2021: calls 15
PETERRETEP62: checks 
*** FLOP *** [5c Kh Th]
Mahu2021: bets 30
PETERRETEP62: folds 
tomas63mac: folds 
Uncalled bet (30) returned to Mahu2021
Mahu2021 collected 90 from pot
Mahu2021: doesn't show hand 
*** SUMMARY ***
Total pot 90 | Rake 0 
Board [5c Kh Th]
Seat 1: tomas63mac (button) folded on the Flop
Seat 2: Mahu2021 (small blind) collected (90)
Seat 3: PETERRETEP62 (big blind) folded on the Flop



PokerStars Hand #253378106366: Tournament #3822928044, $1.84+$0.16 USD Hold'em No Limit - Level II (15/30) - 2024/11/12 20:59:46 CET [2024/11/12 14:59:46 ET]
Table '3822928044 1' 3-max Seat #2 is the button
Seat 1: tomas63mac (640 in chips) 
Seat 2: Mahu2021 (500 in chips) 
Seat 3: PETERRETEP62 (360 in chips) 
PETERRETEP62: posts small blind 15
tomas63mac: posts big blind 30
*** HOLE CARDS ***
Dealt to Mahu2021 [2d 3s]
Mahu2021: folds 
PETERRETEP62: calls 15
tomas63mac: checks 
*** FLOP *** [4h 7c 5s]
PETERRETEP62: bets 60
tomas63mac: folds 
Uncalled bet (60) returned to PETERRETEP62
PETERRETEP62 collected 60 from pot
PETERRETEP62: doesn't show hand 
*** SUMMARY ***
Total pot 60 | Rake 0 
Board [4h 7c 5s]
Seat 1: tomas63mac (big blind) folded on the Flop
Seat 2: Mahu2021 (button) folded before Flop (didn't bet)
Seat 3: PETERRETEP62 (small blind) collected (60)



PokerStars Hand #253378109663: Tournament #3822928044, $1.84+$0.16 USD Hold'em No Limit - Level II (15/30) - 2024/11/12 21:00:01 CET [2024/11/12 15:00:01 ET]
Table '3822928044 1' 3-max Seat #3 is the button
Seat 1: tomas63mac (610 in chips) 
Seat 2: Mahu2021 (500 in chips) 
Seat 3: PETERRETEP62 (390 in chips) 
tomas63mac: posts small blind 15
Mahu2021: posts big blind 30
*** HOLE CARDS ***
Dealt to Mahu2021 [Ts 7s]
PETERRETEP62 has timed out
PETERRETEP62: folds 
PETERRETEP62 is sitting out
tomas63mac: calls 15
Mahu2021: checks 
*** FLOP *** [3s 9s 5s]
PETERRETEP62 has returned
tomas63mac: bets 30
Mahu2021: calls 30
*** TURN *** [3s 9s 5s] [Qc]
tomas63mac: checks 
Mahu2021: bets 30
tomas63mac: calls 30
*** RIVER *** [3s 9s 5s Qc] [3d]
tomas63mac: bets 30
Mahu2021: raises 60 to 90
tomas63mac: calls 60
*** SHOW DOWN ***
Mahu2021: shows [Ts 7s] (a flush, Ten high)
tomas63mac: mucks hand 
Mahu2021 collected 360 from pot
*** SUMMARY ***
Total pot 360 | Rake 0 
Board [3s 9s 5s Qc 3d]
Seat 1: tomas63mac (small blind) mucked [4c 9c]
Seat 2: Mahu2021 (big blind) showed [Ts 7s] and won (360) with a flush, Ten high
Seat 3: PETERRETEP62 (button) folded before Flop (didn't bet)



PokerStars Hand #253378117214: Tournament #3822928044, $1.84+$0.16 USD Hold'em No Limit - Level II (15/30) - 2024/11/12 21:00:35 CET [2024/11/12 15:00:35 ET]
Table '3822928044 1' 3-max Seat #1 is the button
Seat 1: tomas63mac (430 in chips) 
Seat 2: Mahu2021 (680 in chips) 
Seat 3: PETERRETEP62 (390 in chips) 
Mahu2021: posts small blind 15
PETERRETEP62: posts big blind 30
*** HOLE CARDS ***
Dealt to Mahu2021 [Jh 4h]
tomas63mac: raises 30 to 60
Mahu2021: calls 45
PETERRETEP62: calls 30
*** FLOP *** [Ad 6s Qc]
Mahu2021: checks 
PETERRETEP62: checks 
tomas63mac: bets 60
Mahu2021: folds 
PETERRETEP62: folds 
Uncalled bet (60) returned to tomas63mac
tomas63mac collected 180 from pot
*** SUMMARY ***
Total pot 180 | Rake 0 
Board [Ad 6s Qc]
Seat 1: tomas63mac (button) collected (180)
Seat 2: Mahu2021 (small blind) folded on the Flop
Seat 3: PETERRETEP62 (big blind) folded on the Flop



PokerStars Hand #253378123899: Tournament #3822928044, $1.84+$0.16 USD Hold'em No Limit - Level II (15/30) - 2024/11/12 21:01:03 CET [2024/11/12 15:01:03 ET]
Table '3822928044 1' 3-max Seat #2 is the button
Seat 1: tomas63mac (550 in chips) 
Seat 2: Mahu2021 (620 in chips) 
Seat 3: PETERRETEP62 (330 in chips) 
PETERRETEP62: posts small blind 15
tomas63mac: posts big blind 30
*** HOLE CARDS ***
Dealt to Mahu2021 [Jc 6h]
Mahu2021: folds 
PETERRETEP62: calls 15
tomas63mac: checks 
*** FLOP *** [5h 3d 2c]
PETERRETEP62: bets 30
tomas63mac: calls 30
*** TURN *** [5h 3d 2c] [As]
PETERRETEP62: checks 
tomas63mac: checks 
*** RIVER *** [5h 3d 2c As] [8s]
PETERRETEP62: checks 
tomas63mac: checks 
*** SHOW DOWN ***
PETERRETEP62: shows [Qc 3h] (a pair of Threes)
tomas63mac: mucks hand 
PETERRETEP62 collected 120 from pot
*** SUMMARY ***
Total pot 120 | Rake 0 
Board [5h 3d 2c As 8s]
Seat 1: tomas63mac (big blind) mucked [9s 3s]
Seat 2: Mahu2021 (button) folded before Flop (didn't bet)
Seat 3: PETERRETEP62 (small blind) showed [Qc 3h] and won (120) with a pair of Threes



PokerStars Hand #253378129733: Tournament #3822928044, $1.84+$0.16 USD Hold'em No Limit - Level II (15/30) - 2024/11/12 21:01:26 CET [2024/11/12 15:01:26 ET]
Table '3822928044 1' 3-max Seat #3 is the button
Seat 1: tomas63mac (490 in chips) 
Seat 2: Mahu2021 (620 in chips) 
Seat 3: PETERRETEP62 (390 in chips) 
tomas63mac: posts small blind 15
Mahu2021: posts big blind 30
*** HOLE CARDS ***
Dealt to Mahu2021 [4d Ac]
PETERRETEP62: calls 30
tomas63mac: calls 15
Mahu2021: checks 
*** FLOP *** [4c 3s 8c]
tomas63mac: bets 90
Mahu2021: folds 
PETERRETEP62: folds 
Uncalled bet (90) returned to tomas63mac
tomas63mac collected 90 from pot
*** SUMMARY ***
Total pot 90 | Rake 0 
Board [4c 3s 8c]
Seat 1: tomas63mac (small blind) collected (90)
Seat 2: Mahu2021 (big blind) folded on the Flop
Seat 3: PETERRETEP62 (button) folded on the Flop



PokerStars Hand #253378136496: Tournament #3822928044, $1.84+$0.16 USD Hold'em No Limit - Level II (15/30) - 2024/11/12 21:01:51 CET [2024/11/12 15:01:51 ET]
Table '3822928044 1' 3-max Seat #1 is the button
Seat 1: tomas63mac (550 in chips) 
Seat 2: Mahu2021 (590 in chips) 
Seat 3: PETERRETEP62 (360 in chips) 
Mahu2021: posts small blind 15
PETERRETEP62: posts big blind 30
*** HOLE CARDS ***
Dealt to Mahu2021 [2s 4s]
tomas63mac: folds 
Mahu2021: calls 15
PETERRETEP62: checks 
*** FLOP *** [9c 5h Kd]
Mahu2021: checks 
PETERRETEP62: checks 
*** TURN *** [9c 5h Kd] [6h]
Mahu2021: bets 30
PETERRETEP62: calls 30
*** RIVER *** [9c 5h Kd 6h] [Jc]
Mahu2021: bets 120
PETERRETEP62: folds 
Uncalled bet (120) returned to Mahu2021
Mahu2021 collected 120 from pot
Mahu2021: doesn't show hand 
*** SUMMARY ***
Total pot 120 | Rake 0 
Board [9c 5h Kd 6h Jc]
Seat 1: tomas63mac (button) folded before Flop (didn't bet)
Seat 2: Mahu2021 (small blind) collected (120)
Seat 3: PETERRETEP62 (big blind) folded on the River



PokerStars Hand #253378142761: Tournament #3822928044, $1.84+$0.16 USD Hold'em No Limit - Level III (20/40) - 2024/11/12 21:02:15 CET [2024/11/12 15:02:15 ET]
Table '3822928044 1' 3-max Seat #2 is the button
Seat 1: tomas63mac (550 in chips) 
Seat 2: Mahu2021 (650 in chips) 
Seat 3: PETERRETEP62 (300 in chips) 
PETERRETEP62: posts small blind 20
tomas63mac: posts big blind 40
*** HOLE CARDS ***
Dealt to Mahu2021 [Tc Jh]
Mahu2021: calls 40
PETERRETEP62: calls 20
tomas63mac: checks 
*** FLOP *** [3c Qd 2d]
PETERRETEP62: bets 120
tomas63mac: folds 
Mahu2021: folds 
Uncalled bet (120) returned to PETERRETEP62
PETERRETEP62 collected 120 from pot
PETERRETEP62: doesn't show hand 
*** SUMMARY ***
Total pot 120 | Rake 0 
Board [3c Qd 2d]
Seat 1: tomas63mac (big blind) folded on the Flop
Seat 2: Mahu2021 (button) folded on the Flop
Seat 3: PETERRETEP62 (small blind) collected (120)



PokerStars Hand #253378146829: Tournament #3822928044, $1.84+$0.16 USD Hold'em No Limit - Level III (20/40) - 2024/11/12 21:02:28 CET [2024/11/12 15:02:28 ET]
Table '3822928044 1' 3-max Seat #3 is the button
Seat 1: tomas63mac (510 in chips) 
Seat 2: Mahu2021 (610 in chips) 
Seat 3: PETERRETEP62 (380 in chips) 
tomas63mac: posts small blind 20
Mahu2021: posts big blind 40
*** HOLE CARDS ***
Dealt to Mahu2021 [Ad 8s]
PETERRETEP62: folds 
tomas63mac: calls 20
Mahu2021: raises 120 to 160
tomas63mac: folds 
Uncalled bet (120) returned to Mahu2021
Mahu2021 collected 80 from pot
Mahu2021: doesn't show hand 
*** SUMMARY ***
Total pot 80 | Rake 0 
Seat 1: tomas63mac (small blind) folded before Flop
Seat 2: Mahu2021 (big blind) collected (80)
Seat 3: PETERRETEP62 (button) folded before Flop (didn't bet)



PokerStars Hand #253378149676: Tournament #3822928044, $1.84+$0.16 USD Hold'em No Limit - Level III (20/40) - 2024/11/12 21:02:38 CET [2024/11/12 15:02:38 ET]
Table '3822928044 1' 3-max Seat #1 is the button
Seat 1: tomas63mac (470 in chips) 
Seat 2: Mahu2021 (650 in chips) 
Seat 3: PETERRETEP62 (380 in chips) 
Mahu2021: posts small blind 20
PETERRETEP62: posts big blind 40
*** HOLE CARDS ***
Dealt to Mahu2021 [Qd 8h]
tomas63mac: raises 40 to 80
Mahu2021: calls 60
PETERRETEP62: calls 40
*** FLOP *** [Ad 9d Jh]
Mahu2021: checks 
PETERRETEP62: checks 
tomas63mac: bets 390 and is all-in
Mahu2021: folds 
PETERRETEP62: folds 
Uncalled bet (390) returned to tomas63mac
tomas63mac collected 240 from pot
*** SUMMARY ***
Total pot 240 | Rake 0 
Board [Ad 9d Jh]
Seat 1: tomas63mac (button) collected (240)
Seat 2: Mahu2021 (small blind) folded on the Flop
Seat 3: PETERRETEP62 (big blind) folded on the Flop



PokerStars Hand #253378155632: Tournament #3822928044, $1.84+$0.16 USD Hold'em No Limit - Level III (20/40) - 2024/11/12 21:02:59 CET [2024/11/12 15:02:59 ET]
Table '3822928044 1' 3-max Seat #2 is the button
Seat 1: tomas63mac (630 in chips) 
Seat 2: Mahu2021 (570 in chips) 
Seat 3: PETERRETEP62 (300 in chips) 
PETERRETEP62: posts small blind 20
tomas63mac: posts big blind 40
*** HOLE CARDS ***
Dealt to Mahu2021 [4c 8d]
Mahu2021: folds 
PETERRETEP62: calls 20
tomas63mac: checks 
*** FLOP *** [2c Td Jh]
PETERRETEP62: bets 80
tomas63mac: folds 
Uncalled bet (80) returned to PETERRETEP62
PETERRETEP62 collected 80 from pot
PETERRETEP62: doesn't show hand 
*** SUMMARY ***
Total pot 80 | Rake 0 
Board [2c Td Jh]
Seat 1: tomas63mac (big blind) folded on the Flop
Seat 2: Mahu2021 (button) folded before Flop (didn't bet)
Seat 3: PETERRETEP62 (small blind) collected (80)



PokerStars Hand #253378159260: Tournament #3822928044, $1.84+$0.16 USD Hold'em No Limit - Level III (20/40) - 2024/11/12 21:03:12 CET [2024/11/12 15:03:12 ET]
Table '3822928044 1' 3-max Seat #3 is the button
Seat 1: tomas63mac (590 in chips) 
Seat 2: Mahu2021 (570 in chips) 
Seat 3: PETERRETEP62 (340 in chips) 
tomas63mac: posts small blind 20
Mahu2021: posts big blind 40
*** HOLE CARDS ***
Dealt to Mahu2021 [4s 6s]
PETERRETEP62: calls 40
tomas63mac: calls 20
Mahu2021: checks 
*** FLOP *** [4h 3s 6d]
tomas63mac: checks 
Mahu2021: bets 120
PETERRETEP62: raises 120 to 240
tomas63mac: folds 
Mahu2021: raises 120 to 360
PETERRETEP62: calls 60 and is all-in
Uncalled bet (60) returned to Mahu2021
*** TURN *** [4h 3s 6d] [2d]
*** RIVER *** [4h 3s 6d 2d] [Ad]
*** SHOW DOWN ***
Mahu2021: shows [4s 6s] (two pair, Sixes and Fours)
PETERRETEP62: shows [5c 7d] (a straight, Three to Seven)
PETERRETEP62 collected 720 from pot
*** SUMMARY ***
Total pot 720 | Rake 0 
Board [4h 3s 6d 2d Ad]
Seat 1: tomas63mac (small blind) folded on the Flop
Seat 2: Mahu2021 (big blind) showed [4s 6s] and lost with two pair, Sixes and Fours
Seat 3: PETERRETEP62 (button) showed [5c 7d] and won (720) with a straight, Three to Seven



PokerStars Hand #253378166412: Tournament #3822928044, $1.84+$0.16 USD Hold'em No Limit - Level III (20/40) - 2024/11/12 21:03:36 CET [2024/11/12 15:03:36 ET]
Table '3822928044 1' 3-max Seat #1 is the button
Seat 1: tomas63mac (550 in chips) 
Seat 2: Mahu2021 (230 in chips) 
Seat 3: PETERRETEP62 (720 in chips) 
Mahu2021: posts small blind 20
PETERRETEP62: posts big blind 40
*** HOLE CARDS ***
Dealt to Mahu2021 [8d 4h]
tomas63mac: calls 40
Mahu2021: folds 
PETERRETEP62: checks 
*** FLOP *** [Ah Kc Js]
PETERRETEP62: checks 
tomas63mac: bets 40
PETERRETEP62: folds 
Uncalled bet (40) returned to tomas63mac
tomas63mac collected 100 from pot
*** SUMMARY ***
Total pot 100 | Rake 0 
Board [Ah Kc Js]
Seat 1: tomas63mac (button) collected (100)
Seat 2: Mahu2021 (small blind) folded before Flop
Seat 3: PETERRETEP62 (big blind) folded on the Flop



PokerStars Hand #253378172385: Tournament #3822928044, $1.84+$0.16 USD Hold'em No Limit - Level III (20/40) - 2024/11/12 21:03:57 CET [2024/11/12 15:03:57 ET]
Table '3822928044 1' 3-max Seat #2 is the button
Seat 1: tomas63mac (610 in chips) 
Seat 2: Mahu2021 (210 in chips) 
Seat 3: PETERRETEP62 (680 in chips) 
PETERRETEP62: posts small blind 20
tomas63mac: posts big blind 40
*** HOLE CARDS ***
Dealt to Mahu2021 [7c 4s]
Mahu2021: folds 
PETERRETEP62: calls 20
tomas63mac: checks 
*** FLOP *** [8s Kd 8d]
PETERRETEP62: checks 
tomas63mac: checks 
*** TURN *** [8s Kd 8d] [7h]
PETERRETEP62: checks 
tomas63mac: bets 40
PETERRETEP62: folds 
Uncalled bet (40) returned to tomas63mac
tomas63mac collected 80 from pot
*** SUMMARY ***
Total pot 80 | Rake 0 
Board [8s Kd 8d 7h]
Seat 1: tomas63mac (big blind) collected (80)
Seat 2: Mahu2021 (button) folded before Flop (didn't bet)
Seat 3: PETERRETEP62 (small blind) folded on the Turn



PokerStars Hand #253378178991: Tournament #3822928044, $1.84+$0.16 USD Hold'em No Limit - Level III (20/40) - 2024/11/12 21:04:19 CET [2024/11/12 15:04:19 ET]
Table '3822928044 1' 3-max Seat #3 is the button
Seat 1: tomas63mac (650 in chips) 
Seat 2: Mahu2021 (210 in chips) 
Seat 3: PETERRETEP62 (640 in chips) 
tomas63mac: posts small blind 20
Mahu2021: posts big blind 40
*** HOLE CARDS ***
Dealt to Mahu2021 [7d Kc]
PETERRETEP62: raises 80 to 120
tomas63mac: folds 
Mahu2021: folds 
Uncalled bet (80) returned to PETERRETEP62
PETERRETEP62 collected 100 from pot
PETERRETEP62: doesn't show hand 
*** SUMMARY ***
Total pot 100 | Rake 0 
Seat 1: tomas63mac (small blind) folded before Flop
Seat 2: Mahu2021 (big blind) folded before Flop
Seat 3: PETERRETEP62 (button) collected (100)



PokerStars Hand #253378183310: Tournament #3822928044, $1.84+$0.16 USD Hold'em No Limit - Level III (20/40) - 2024/11/12 21:04:34 CET [2024/11/12 15:04:34 ET]
Table '3822928044 1' 3-max Seat #1 is the button
Seat 1: tomas63mac (630 in chips) 
Seat 2: Mahu2021 (170 in chips) 
Seat 3: PETERRETEP62 (700 in chips) 
Mahu2021: posts small blind 20
PETERRETEP62: posts big blind 40
*** HOLE CARDS ***
Dealt to Mahu2021 [Ks Ah]
tomas63mac: calls 40
Mahu2021: raises 130 to 170 and is all-in
PETERRETEP62: calls 130
tomas63mac: calls 130
*** FLOP *** [2s 3d 8h]
PETERRETEP62: checks 
tomas63mac: checks 
*** TURN *** [2s 3d 8h] [5s]
PETERRETEP62: checks 
tomas63mac: checks 
*** RIVER *** [2s 3d 8h 5s] [Ts]
PETERRETEP62: checks 
tomas63mac: checks 
*** SHOW DOWN ***
Mahu2021: shows [Ks Ah] (high card Ace)
PETERRETEP62: mucks hand 
tomas63mac: mucks hand 
Mahu2021 collected 510 from pot
*** SUMMARY ***
Total pot 510 | Rake 0 
Board [2s 3d 8h 5s Ts]
Seat 1: tomas63mac (button) mucked [Ad 6c]
Seat 2: Mahu2021 (small blind) showed [Ks Ah] and won (510) with high card Ace
Seat 3: PETERRETEP62 (big blind) mucked [Kd 9c]



PokerStars Hand #253378192072: Tournament #3822928044, $1.84+$0.16 USD Hold'em No Limit - Level IV (30/60) - 2024/11/12 21:05:03 CET [2024/11/12 15:05:03 ET]
Table '3822928044 1' 3-max Seat #2 is the button
Seat 1: tomas63mac (460 in chips) 
Seat 2: Mahu2021 (510 in chips) 
Seat 3: PETERRETEP62 (530 in chips) 
PETERRETEP62: posts small blind 30
tomas63mac: posts big blind 60
*** HOLE CARDS ***
Dealt to Mahu2021 [Td 9h]
Mahu2021: folds 
PETERRETEP62: calls 30
tomas63mac: checks 
*** FLOP *** [3h 5s 6c]
PETERRETEP62: bets 120
tomas63mac: folds 
Uncalled bet (120) returned to PETERRETEP62
PETERRETEP62 collected 120 from pot
PETERRETEP62: doesn't show hand 
*** SUMMARY ***
Total pot 120 | Rake 0 
Board [3h 5s 6c]
Seat 1: tomas63mac (big blind) folded on the Flop
Seat 2: Mahu2021 (button) folded before Flop (didn't bet)
Seat 3: PETERRETEP62 (small blind) collected (120)



PokerStars Hand #253378196248: Tournament #3822928044, $1.84+$0.16 USD Hold'em No Limit - Level IV (30/60) - 2024/11/12 21:05:15 CET [2024/11/12 15:05:15 ET]
Table '3822928044 1' 3-max Seat #3 is the button
Seat 1: tomas63mac (400 in chips) 
Seat 2: Mahu2021 (510 in chips) 
Seat 3: PETERRETEP62 (590 in chips) 
tomas63mac: posts small blind 30
Mahu2021: posts big blind 60
*** HOLE CARDS ***
Dealt to Mahu2021 [Td Ac]
PETERRETEP62: calls 60
tomas63mac: calls 30
Mahu2021: checks 
*** FLOP *** [9s Jd 2c]
tomas63mac: bets 180
Mahu2021: folds 
PETERRETEP62: folds 
Uncalled bet (180) returned to tomas63mac
tomas63mac collected 180 from pot
*** SUMMARY ***
Total pot 180 | Rake 0 
Board [9s Jd 2c]
Seat 1: tomas63mac (small blind) collected (180)
Seat 2: Mahu2021 (big blind) folded on the Flop
Seat 3: PETERRETEP62 (button) folded on the Flop



PokerStars Hand #253378201914: Tournament #3822928044, $1.84+$0.16 USD Hold'em No Limit - Level IV (30/60) - 2024/11/12 21:05:34 CET [2024/11/12 15:05:34 ET]
Table '3822928044 1' 3-max Seat #1 is the button
Seat 1: tomas63mac (520 in chips) 
Seat 2: Mahu2021 (450 in chips) 
Seat 3: PETERRETEP62 (530 in chips) 
Mahu2021: posts small blind 30
PETERRETEP62: posts big blind 60
*** HOLE CARDS ***
Dealt to Mahu2021 [Th Kh]
tomas63mac: raises 460 to 520 and is all-in
Mahu2021: folds 
PETERRETEP62: calls 460
*** FLOP *** [Qs 8h 4s]
*** TURN *** [Qs 8h 4s] [Ks]
*** RIVER *** [Qs 8h 4s Ks] [Kd]
*** SHOW DOWN ***
PETERRETEP62: shows [Ad 9h] (a pair of Kings)
tomas63mac: shows [7c 7h] (two pair, Kings and Sevens)
tomas63mac collected 1070 from pot
*** SUMMARY ***
Total pot 1070 | Rake 0 
Board [Qs 8h 4s Ks Kd]
Seat 1: tomas63mac (button) showed [7c 7h] and won (1070) with two pair, Kings and Sevens
Seat 2: Mahu2021 (small blind) folded before Flop
Seat 3: PETERRETEP62 (big blind) showed [Ad 9h] and lost with a pair of Kings



PokerStars Hand #253378206581: Tournament #3822928044, $1.84+$0.16 USD Hold'em No Limit - Level IV (30/60) - 2024/11/12 21:05:49 CET [2024/11/12 15:05:49 ET]
Table '3822928044 1' 3-max Seat #2 is the button
Seat 1: tomas63mac (1070 in chips) 
Seat 2: Mahu2021 (420 in chips) 
Seat 3: PETERRETEP62 (10 in chips) 
PETERRETEP62: posts small blind 10 and is all-in
tomas63mac: posts big blind 60
*** HOLE CARDS ***
Dealt to Mahu2021 [Ac 8c]
Mahu2021: calls 60
tomas63mac: checks 
*** FLOP *** [7d Qc 2d]
tomas63mac: checks 
Mahu2021: checks 
*** TURN *** [7d Qc 2d] [3s]
tomas63mac: checks 
Mahu2021: checks 
*** RIVER *** [7d Qc 2d 3s] [9d]
tomas63mac: bets 60
Mahu2021: folds 
Uncalled bet (60) returned to tomas63mac
*** SHOW DOWN ***
tomas63mac: shows [Kd 8s] (high card King)
tomas63mac collected 100 from side pot
PETERRETEP62: shows [6d 7c] (a pair of Sevens)
PETERRETEP62 collected 30 from main pot
*** SUMMARY ***
Total pot 130 Main pot 30. Side pot 100. | Rake 0 
Board [7d Qc 2d 3s 9d]
Seat 1: tomas63mac (big blind) showed [Kd 8s] and won (100) with high card King
Seat 2: Mahu2021 (button) folded on the River
Seat 3: PETERRETEP62 (small blind) showed [6d 7c] and won (30) with a pair of Sevens



PokerStars Hand #253378211803: Tournament #3822928044, $1.84+$0.16 USD Hold'em No Limit - Level IV (30/60) - 2024/11/12 21:06:06 CET [2024/11/12 15:06:06 ET]
Table '3822928044 1' 3-max Seat #3 is the button
Seat 1: tomas63mac (1110 in chips) 
Seat 2: Mahu2021 (360 in chips) 
Seat 3: PETERRETEP62 (30 in chips) 
tomas63mac: posts small blind 30
Mahu2021: posts big blind 60
*** HOLE CARDS ***
Dealt to Mahu2021 [3s Qh]
PETERRETEP62: folds 
tomas63mac: calls 30
Mahu2021: checks 
*** FLOP *** [2h 9c 8h]
tomas63mac: checks 
Mahu2021: checks 
*** TURN *** [2h 9c 8h] [8c]
tomas63mac: bets 60
Mahu2021: folds 
Uncalled bet (60) returned to tomas63mac
tomas63mac collected 120 from pot
*** SUMMARY ***
Total pot 120 | Rake 0 
Board [2h 9c 8h 8c]
Seat 1: tomas63mac (small blind) collected (120)
Seat 2: Mahu2021 (big blind) folded on the Turn
Seat 3: PETERRETEP62 (button) folded before Flop (didn't bet)



PokerStars Hand #253378217249: Tournament #3822928044, $1.84+$0.16 USD Hold'em No Limit - Level IV (30/60) - 2024/11/12 21:06:23 CET [2024/11/12 15:06:23 ET]
Table '3822928044 1' 3-max Seat #1 is the button
Seat 1: tomas63mac (1170 in chips) 
Seat 2: Mahu2021 (300 in chips) 
Seat 3: PETERRETEP62 (30 in chips) 
Mahu2021: posts small blind 30
PETERRETEP62: posts big blind 30 and is all-in
*** HOLE CARDS ***
Dealt to Mahu2021 [5s 9s]
tomas63mac: folds 
*** FLOP *** [5d Ah 4h]
*** TURN *** [5d Ah 4h] [6s]
*** RIVER *** [5d Ah 4h 6s] [Kh]
*** SHOW DOWN ***
Mahu2021: shows [5s 9s] (a pair of Fives)
PETERRETEP62: shows [9h 8h] (a flush, Ace high)
PETERRETEP62 collected 60 from pot
*** SUMMARY ***
Total pot 60 | Rake 0 
Board [5d Ah 4h 6s Kh]
Seat 1: tomas63mac (button) folded before Flop (didn't bet)
Seat 2: Mahu2021 (small blind) showed [5s 9s] and lost with a pair of Fives
Seat 3: PETERRETEP62 (big blind) showed [9h 8h] and won (60) with a flush, Ace high



PokerStars Hand #253378220872: Tournament #3822928044, $1.84+$0.16 USD Hold'em No Limit - Level IV (30/60) - 2024/11/12 21:06:35 CET [2024/11/12 15:06:35 ET]
Table '3822928044 1' 3-max Seat #2 is the button
Seat 1: tomas63mac (1170 in chips) 
Seat 2: Mahu2021 (270 in chips) 
Seat 3: PETERRETEP62 (60 in chips) 
PETERRETEP62: posts small blind 30
tomas63mac: posts big blind 60
*** HOLE CARDS ***
Dealt to Mahu2021 [Jh 4c]
Mahu2021: calls 60
PETERRETEP62: calls 30 and is all-in
tomas63mac: checks 
*** FLOP *** [8c Kc 5d]
tomas63mac: checks 
Mahu2021: checks 
*** TURN *** [8c Kc 5d] [2c]
tomas63mac: checks 
Mahu2021: checks 
*** RIVER *** [8c Kc 5d 2c] [Tc]
tomas63mac: bets 60
Mahu2021: calls 60
*** SHOW DOWN ***
tomas63mac: shows [2s Qc] (a flush, King high)
Mahu2021: mucks hand 
tomas63mac collected 120 from side pot
PETERRETEP62: mucks hand 
tomas63mac collected 180 from main pot
PETERRETEP62 finished the tournament in 3rd place
*** SUMMARY ***
Total pot 300 Main pot 180. Side pot 120. | Rake 0 
Board [8c Kc 5d 2c Tc]
Seat 1: tomas63mac (big blind) showed [2s Qc] and won (300) with a flush, King high
Seat 2: Mahu2021 (button) mucked [Jh 4c]
Seat 3: PETERRETEP62 (small blind) mucked [Ah Th]



PokerStars Hand #253378227258: Tournament #3822928044, $1.84+$0.16 USD Hold'em No Limit - Level IV (30/60) - 2024/11/12 21:06:55 CET [2024/11/12 15:06:55 ET]
Table '3822928044 1' 3-max Seat #1 is the button
Seat 1: tomas63mac (1350 in chips) 
Seat 2: Mahu2021 (150 in chips) 
tomas63mac: posts small blind 30
Mahu2021: posts big blind 60
*** HOLE CARDS ***
Dealt to Mahu2021 [Ah 6d]
tomas63mac: calls 30
Mahu2021: raises 90 to 150 and is all-in
tomas63mac: folds 
Uncalled bet (90) returned to Mahu2021
Mahu2021 collected 120 from pot
Mahu2021: doesn't show hand 
*** SUMMARY ***
Total pot 120 | Rake 0 
Seat 1: tomas63mac (button) (small blind) folded before Flop
Seat 2: Mahu2021 (big blind) collected (120)



PokerStars Hand #253378229621: Tournament #3822928044, $1.84+$0.16 USD Hold'em No Limit - Level IV (30/60) - 2024/11/12 21:07:03 CET [2024/11/12 15:07:03 ET]
Table '3822928044 1' 3-max Seat #2 is the button
Seat 1: tomas63mac (1290 in chips) 
Seat 2: Mahu2021 (210 in chips) 
Mahu2021: posts small blind 30
tomas63mac: posts big blind 60
*** HOLE CARDS ***
Dealt to Mahu2021 [2s Th]
Mahu2021: folds 
Uncalled bet (30) returned to tomas63mac
tomas63mac collected 60 from pot
*** SUMMARY ***
Total pot 60 | Rake 0 
Seat 1: tomas63mac (big blind) collected (60)
Seat 2: Mahu2021 (button) (small blind) folded before Flop



PokerStars Hand #253378231011: Tournament #3822928044, $1.84+$0.16 USD Hold'em No Limit - Level IV (30/60) - 2024/11/12 21:07:07 CET [2024/11/12 15:07:07 ET]
Table '3822928044 1' 3-max Seat #1 is the button
Seat 1: tomas63mac (1320 in chips) 
Seat 2: Mahu2021 (180 in chips) 
tomas63mac: posts small blind 30
Mahu2021: posts big blind 60
*** HOLE CARDS ***
Dealt to Mahu2021 [Kc Jd]
tomas63mac: folds 
Uncalled bet (30) returned to Mahu2021
Mahu2021 collected 60 from pot
Mahu2021: doesn't show hand 
*** SUMMARY ***
Total pot 60 | Rake 0 
Seat 1: tomas63mac (button) (small blind) folded before Flop
Seat 2: Mahu2021 (big blind) collected (60)



PokerStars Hand #253378233417: Tournament #3822928044, $1.84+$0.16 USD Hold'em No Limit - Level IV (30/60) - 2024/11/12 21:07:15 CET [2024/11/12 15:07:15 ET]
Table '3822928044 1' 3-max Seat #2 is the button
Seat 1: tomas63mac (1290 in chips) 
Seat 2: Mahu2021 (210 in chips) 
Mahu2021: posts small blind 30
tomas63mac: posts big blind 60
*** HOLE CARDS ***
Dealt to Mahu2021 [Qh Jc]
Mahu2021: raises 150 to 210 and is all-in
tomas63mac: calls 150
*** FLOP *** [Th Qd 3h]
*** TURN *** [Th Qd 3h] [2c]
*** RIVER *** [Th Qd 3h 2c] [9s]
*** SHOW DOWN ***
tomas63mac: shows [Td 7h] (a pair of Tens)
Mahu2021: shows [Qh Jc] (a pair of Queens)
Mahu2021 collected 420 from pot
*** SUMMARY ***
Total pot 420 | Rake 0 
Board [Th Qd 3h 2c 9s]
Seat 1: tomas63mac (big blind) showed [Td 7h] and lost with a pair of Tens
Seat 2: Mahu2021 (button) (small blind) showed [Qh Jc] and won (420) with a pair of Queens



PokerStars Hand #253378237390: Tournament #3822928044, $1.84+$0.16 USD Hold'em No Limit - Level IV (30/60) - 2024/11/12 21:07:28 CET [2024/11/12 15:07:28 ET]
Table '3822928044 1' 3-max Seat #1 is the button
Seat 1: tomas63mac (1080 in chips) 
Seat 2: Mahu2021 (420 in chips) 
tomas63mac: posts small blind 30
Mahu2021: posts big blind 60
*** HOLE CARDS ***
Dealt to Mahu2021 [Qc 7d]
tomas63mac: calls 30
Mahu2021: checks 
*** FLOP *** [6s 9c 2d]
Mahu2021: checks 
tomas63mac: checks 
*** TURN *** [6s 9c 2d] [2s]
Mahu2021: checks 
tomas63mac: checks 
*** RIVER *** [6s 9c 2d 2s] [3s]
Mahu2021: checks 
tomas63mac: checks 
*** SHOW DOWN ***
Mahu2021: shows [Qc 7d] (a pair of Deuces)
tomas63mac: shows [4d 3d] (two pair, Threes and Deuces)
tomas63mac collected 120 from pot
*** SUMMARY ***
Total pot 120 | Rake 0 
Board [6s 9c 2d 2s 3s]
Seat 1: tomas63mac (button) (small blind) showed [4d 3d] and won (120) with two pair, Threes and Deuces
Seat 2: Mahu2021 (big blind) showed [Qc 7d] and lost with a pair of Deuces



PokerStars Hand #253378242808: Tournament #3822928044, $1.84+$0.16 USD Hold'em No Limit - Level IV (30/60) - 2024/11/12 21:07:45 CET [2024/11/12 15:07:45 ET]
Table '3822928044 1' 3-max Seat #2 is the button
Seat 1: tomas63mac (1140 in chips) 
Seat 2: Mahu2021 (360 in chips) 
Mahu2021: posts small blind 30
tomas63mac: posts big blind 60
*** HOLE CARDS ***
Dealt to Mahu2021 [6s Ac]
Mahu2021: raises 60 to 120
tomas63mac: calls 60
*** FLOP *** [9c 6h 8d]
tomas63mac: checks 
Mahu2021: bets 240 and is all-in
tomas63mac: folds 
Uncalled bet (240) returned to Mahu2021
Mahu2021 collected 240 from pot
Mahu2021: doesn't show hand 
*** SUMMARY ***
Total pot 240 | Rake 0 
Board [9c 6h 8d]
Seat 1: tomas63mac (big blind) folded on the Flop
Seat 2: Mahu2021 (button) (small blind) collected (240)



PokerStars Hand #253378254535: Tournament #3822928044, $1.84+$0.16 USD Hold'em No Limit - Level V (40/80) - 2024/11/12 21:08:23 CET [2024/11/12 15:08:23 ET]
Table '3822928044 1' 3-max Seat #1 is the button
Seat 1: tomas63mac (1020 in chips) 
Seat 2: Mahu2021 (480 in chips) 
tomas63mac: posts small blind 40
Mahu2021: posts big blind 80
*** HOLE CARDS ***
Dealt to Mahu2021 [6h 2c]
tomas63mac: folds 
Uncalled bet (40) returned to Mahu2021
Mahu2021 collected 80 from pot
Mahu2021: doesn't show hand 
*** SUMMARY ***
Total pot 80 | Rake 0 
Seat 1: tomas63mac (button) (small blind) folded before Flop
Seat 2: Mahu2021 (big blind) collected (80)



PokerStars Hand #253378256671: Tournament #3822928044, $1.84+$0.16 USD Hold'em No Limit - Level V (40/80) - 2024/11/12 21:08:30 CET [2024/11/12 15:08:30 ET]
Table '3822928044 1' 3-max Seat #2 is the button
Seat 1: tomas63mac (980 in chips) 
Seat 2: Mahu2021 (520 in chips) 
Mahu2021: posts small blind 40
tomas63mac: posts big blind 80
*** HOLE CARDS ***
Dealt to Mahu2021 [2h Ah]
Mahu2021: raises 80 to 160
tomas63mac: calls 80
*** FLOP *** [8h Ks 5c]
tomas63mac: bets 820 and is all-in
Mahu2021: folds 
Uncalled bet (820) returned to tomas63mac
tomas63mac collected 320 from pot
*** SUMMARY ***
Total pot 320 | Rake 0 
Board [8h Ks 5c]
Seat 1: tomas63mac (big blind) collected (320)
Seat 2: Mahu2021 (button) (small blind) folded on the Flop



PokerStars Hand #253378260431: Tournament #3822928044, $1.84+$0.16 USD Hold'em No Limit - Level V (40/80) - 2024/11/12 21:08:42 CET [2024/11/12 15:08:42 ET]
Table '3822928044 1' 3-max Seat #1 is the button
Seat 1: tomas63mac (1140 in chips) 
Seat 2: Mahu2021 (360 in chips) 
tomas63mac: posts small blind 40
Mahu2021: posts big blind 80
*** HOLE CARDS ***
Dealt to Mahu2021 [Jd 4h]
tomas63mac: calls 40
Mahu2021: checks 
*** FLOP *** [Jc 8s Kd]
Mahu2021: checks 
tomas63mac: checks 
*** TURN *** [Jc 8s Kd] [6d]
Mahu2021: checks 
tomas63mac: bets 80
Mahu2021: calls 80
*** RIVER *** [Jc 8s Kd 6d] [Th]
Mahu2021: checks 
tomas63mac: checks 
*** SHOW DOWN ***
Mahu2021: shows [Jd 4h] (a pair of Jacks)
tomas63mac: mucks hand 
Mahu2021 collected 320 from pot
*** SUMMARY ***
Total pot 320 | Rake 0 
Board [Jc 8s Kd 6d Th]
Seat 1: tomas63mac (button) (small blind) mucked [6h Qd]
Seat 2: Mahu2021 (big blind) showed [Jd 4h] and won (320) with a pair of Jacks



PokerStars Hand #253378265961: Tournament #3822928044, $1.84+$0.16 USD Hold'em No Limit - Level V (40/80) - 2024/11/12 21:08:59 CET [2024/11/12 15:08:59 ET]
Table '3822928044 1' 3-max Seat #2 is the button
Seat 1: tomas63mac (980 in chips) 
Seat 2: Mahu2021 (520 in chips) 
Mahu2021: posts small blind 40
tomas63mac: posts big blind 80
*** HOLE CARDS ***
Dealt to Mahu2021 [5d Qc]
Mahu2021: calls 40
tomas63mac: raises 80 to 160
Mahu2021: calls 80
*** FLOP *** [Qd 6s Ad]
tomas63mac: bets 160
Mahu2021: raises 200 to 360 and is all-in
tomas63mac: folds 
Uncalled bet (200) returned to Mahu2021
Mahu2021 collected 640 from pot
Mahu2021: doesn't show hand 
*** SUMMARY ***
Total pot 640 | Rake 0 
Board [Qd 6s Ad]
Seat 1: tomas63mac (big blind) folded on the Flop
Seat 2: Mahu2021 (button) (small blind) collected (640)



PokerStars Hand #253378271175: Tournament #3822928044, $1.84+$0.16 USD Hold'em No Limit - Level V (40/80) - 2024/11/12 21:09:16 CET [2024/11/12 15:09:16 ET]
Table '3822928044 1' 3-max Seat #1 is the button
Seat 1: tomas63mac (660 in chips) 
Seat 2: Mahu2021 (840 in chips) 
tomas63mac: posts small blind 40
Mahu2021: posts big blind 80
*** HOLE CARDS ***
Dealt to Mahu2021 [4c Qc]
tomas63mac: raises 580 to 660 and is all-in
Mahu2021: folds 
Uncalled bet (580) returned to tomas63mac
tomas63mac collected 160 from pot
*** SUMMARY ***
Total pot 160 | Rake 0 
Seat 1: tomas63mac (button) (small blind) collected (160)
Seat 2: Mahu2021 (big blind) folded before Flop



PokerStars Hand #253378273211: Tournament #3822928044, $1.84+$0.16 USD Hold'em No Limit - Level V (40/80) - 2024/11/12 21:09:23 CET [2024/11/12 15:09:23 ET]
Table '3822928044 1' 3-max Seat #2 is the button
Seat 1: tomas63mac (740 in chips) 
Seat 2: Mahu2021 (760 in chips) 
Mahu2021: posts small blind 40
tomas63mac: posts big blind 80
*** HOLE CARDS ***
Dealt to Mahu2021 [3d 5h]
Mahu2021: raises 80 to 160
tomas63mac: folds 
Uncalled bet (80) returned to Mahu2021
Mahu2021 collected 160 from pot
Mahu2021: doesn't show hand 
*** SUMMARY ***
Total pot 160 | Rake 0 
Seat 1: tomas63mac (big blind) folded before Flop
Seat 2: Mahu2021 (button) (small blind) collected (160)



PokerStars Hand #253378274930: Tournament #3822928044, $1.84+$0.16 USD Hold'em No Limit - Level V (40/80) - 2024/11/12 21:09:28 CET [2024/11/12 15:09:28 ET]
Table '3822928044 1' 3-max Seat #1 is the button
Seat 1: tomas63mac (660 in chips) 
Seat 2: Mahu2021 (840 in chips) 
tomas63mac: posts small blind 40
Mahu2021: posts big blind 80
*** HOLE CARDS ***
Dealt to Mahu2021 [Js Qs]
tomas63mac: raises 580 to 660 and is all-in
Mahu2021: calls 580
*** FLOP *** [7h 4h Jh]
*** TURN *** [7h 4h Jh] [4d]
*** RIVER *** [7h 4h Jh 4d] [2c]
*** SHOW DOWN ***
Mahu2021: shows [Js Qs] (two pair, Jacks and Fours)
tomas63mac: shows [Th 9s] (a pair of Fours)
Mahu2021 collected 1320 from pot
tomas63mac finished the tournament in 2nd place
Mahu2021 wins the tournament and receives $6.00 - congratulations!
*** SUMMARY ***
Total pot 1320 | Rake 0 
Board [7h 4h Jh 4d 2c]
Seat 1: tomas63mac (button) (small blind) showed [Th 9s] and lost with a pair of Fours
Seat 2: Mahu2021 (big blind) showed [Js Qs] and won (1320) with two pair, Jacks and Fours



