PokerStars Hand #253430450975: Tournament #3824167786, $1.84+$0.16 USD Hold'em No Limit - Level I (10/20) - 2024/11/16 17:42:10 CET [2024/11/16 11:42:10 ET]
Table '3824167786 1' 3-max Seat #1 is the button
Seat 1: Mahu2021 (500 in chips) 
Seat 2: badds1994 (500 in chips) 
Seat 3: Alfred0013 (500 in chips) 
badds1994: posts small blind 10
Alfred0013: posts big blind 20
*** HOLE CARDS ***
Dealt to Mahu2021 [6h Kd]
Mahu2021: folds 
badds1994: calls 10
Alfred0013: raises 40 to 60
badds1994: calls 40
*** FLOP *** [7s 6s As]
badds1994: checks 
Alfred0013: checks 
*** TURN *** [7s 6s As] [Ks]
badds1994: checks 
Alfred0013: checks 
*** RIVER *** [7s 6s As Ks] [Ts]
badds1994: checks 
Alfred0013: checks 
*** SHOW DOWN ***
badds1994: shows [2c Kh] (a flush, Ace high)
Alfred0013: shows [7h Ac] (a flush, Ace high)
badds1994 collected 60 from pot
Alfred0013 collected 60 from pot
*** SUMMARY ***
Total pot 120 | Rake 0 
Board [7s 6s As Ks Ts]
Seat 1: Mahu2021 (button) folded before Flop (didn't bet)
Seat 2: badds1994 (small blind) showed [2c Kh] and won (60) with a flush, Ace high
Seat 3: Alfred0013 (big blind) showed [7h Ac] and won (60) with a flush, Ace high



PokerStars Hand #253430457183: Tournament #3824167786, $1.84+$0.16 USD Hold'em No Limit - Level I (10/20) - 2024/11/16 17:42:36 CET [2024/11/16 11:42:36 ET]
Table '3824167786 1' 3-max Seat #2 is the button
Seat 1: Mahu2021 (500 in chips) 
Seat 2: badds1994 (500 in chips) 
Seat 3: Alfred0013 (500 in chips) 
Alfred0013: posts small blind 10
Mahu2021: posts big blind 20
*** HOLE CARDS ***
Dealt to Mahu2021 [5d 3h]
badds1994: calls 20
Alfred0013: raises 70 to 90
Mahu2021: folds 
badds1994: calls 70
*** FLOP *** [Kc 4h 5h]
Alfred0013: bets 110
badds1994: calls 110
*** TURN *** [Kc 4h 5h] [Qc]
Alfred0013: bets 300 and is all-in
badds1994: folds 
Uncalled bet (300) returned to Alfred0013
Alfred0013 collected 420 from pot
Alfred0013: doesn't show hand 
*** SUMMARY ***
Total pot 420 | Rake 0 
Board [Kc 4h 5h Qc]
Seat 1: Mahu2021 (big blind) folded before Flop
Seat 2: badds1994 (button) folded on the Turn
Seat 3: Alfred0013 (small blind) collected (420)



PokerStars Hand #253430464245: Tournament #3824167786, $1.84+$0.16 USD Hold'em No Limit - Level I (10/20) - 2024/11/16 17:43:05 CET [2024/11/16 11:43:05 ET]
Table '3824167786 1' 3-max Seat #3 is the button
Seat 1: Mahu2021 (480 in chips) 
Seat 2: badds1994 (300 in chips) 
Seat 3: Alfred0013 (720 in chips) 
Mahu2021: posts small blind 10
badds1994: posts big blind 20
*** HOLE CARDS ***
Dealt to Mahu2021 [Ad Jc]
Alfred0013: folds 
Mahu2021: raises 40 to 60
badds1994: calls 40
*** FLOP *** [3h 3s Kh]
Mahu2021: checks 
badds1994: checks 
*** TURN *** [3h 3s Kh] [7c]
Mahu2021: checks 
badds1994: checks 
*** RIVER *** [3h 3s Kh 7c] [9c]
Mahu2021: checks 
badds1994: checks 
*** SHOW DOWN ***
Mahu2021: shows [Ad Jc] (a pair of Threes)
badds1994: mucks hand 
Mahu2021 collected 120 from pot
*** SUMMARY ***
Total pot 120 | Rake 0 
Board [3h 3s Kh 7c 9c]
Seat 1: Mahu2021 (small blind) showed [Ad Jc] and won (120) with a pair of Threes
Seat 2: badds1994 (big blind) mucked [8d Ts]
Seat 3: Alfred0013 (button) folded before Flop (didn't bet)



PokerStars Hand #253430469433: Tournament #3824167786, $1.84+$0.16 USD Hold'em No Limit - Level I (10/20) - 2024/11/16 17:43:27 CET [2024/11/16 11:43:27 ET]
Table '3824167786 1' 3-max Seat #1 is the button
Seat 1: Mahu2021 (540 in chips) 
Seat 2: badds1994 (240 in chips) 
Seat 3: Alfred0013 (720 in chips) 
badds1994: posts small blind 10
Alfred0013: posts big blind 20
*** HOLE CARDS ***
Dealt to Mahu2021 [Ah 5d]
Mahu2021: raises 20 to 40
badds1994: calls 30
Alfred0013: calls 20
*** FLOP *** [Ts 3d 5h]
badds1994: checks 
Alfred0013: checks 
Mahu2021: bets 40
badds1994: folds 
Alfred0013: calls 40
*** TURN *** [Ts 3d 5h] [6c]
Alfred0013: checks 
Mahu2021: checks 
*** RIVER *** [Ts 3d 5h 6c] [Td]
Alfred0013: bets 170
Mahu2021: calls 170
*** SHOW DOWN ***
Alfred0013: shows [7d Th] (three of a kind, Tens)
Mahu2021: mucks hand 
Alfred0013 collected 540 from pot
*** SUMMARY ***
Total pot 540 | Rake 0 
Board [Ts 3d 5h 6c Td]
Seat 1: Mahu2021 (button) mucked [Ah 5d]
Seat 2: badds1994 (small blind) folded on the Flop
Seat 3: Alfred0013 (big blind) showed [7d Th] and won (540) with three of a kind, Tens



PokerStars Hand #253430479208: Tournament #3824167786, $1.84+$0.16 USD Hold'em No Limit - Level I (10/20) - 2024/11/16 17:44:08 CET [2024/11/16 11:44:08 ET]
Table '3824167786 1' 3-max Seat #2 is the button
Seat 1: Mahu2021 (290 in chips) 
Seat 2: badds1994 (200 in chips) 
Seat 3: Alfred0013 (1010 in chips) 
Alfred0013: posts small blind 10
Mahu2021: posts big blind 20
*** HOLE CARDS ***
Dealt to Mahu2021 [Tc Ac]
badds1994: folds 
Alfred0013: raises 990 to 1010 and is all-in
Mahu2021: calls 270 and is all-in
Uncalled bet (720) returned to Alfred0013
*** FLOP *** [Jd 9d Jh]
*** TURN *** [Jd 9d Jh] [Ks]
*** RIVER *** [Jd 9d Jh Ks] [2c]
*** SHOW DOWN ***
Alfred0013: shows [Kh Qd] (two pair, Kings and Jacks)
Mahu2021: shows [Tc Ac] (a pair of Jacks)
Alfred0013 collected 580 from pot
Mahu2021 finished the tournament in 3rd place
*** SUMMARY ***
Total pot 580 | Rake 0 
Board [Jd 9d Jh Ks 2c]
Seat 1: Mahu2021 (big blind) showed [Tc Ac] and lost with a pair of Jacks
Seat 2: badds1994 (button) folded before Flop (didn't bet)
Seat 3: Alfred0013 (small blind) showed [Kh Qd] and won (580) with two pair, Kings and Jacks



