PokerStars Hand #247001731328: Tournament #3670152886, $1.84+$0.16 USD Hold'em No Limit - Level I (10/20) - 2023/11/08 21:27:58 CET [2023/11/08 15:27:58 ET]
Table '3670152886 1' 3-max Seat #1 is the button
Seat 1: Ssentinel88 (500 in chips) 
Seat 2: GABYZ13 (500 in chips) 
Seat 3: Mahu2021 (500 in chips) 
GABYZ13: posts small blind 10
Mahu2021: posts big blind 20
*** HOLE CARDS ***
Dealt to Mahu2021 [Jc 8s]
Ssentinel88: raises 480 to 500 and is all-in
GABYZ13: folds 
Mahu2021: folds 
Uncalled bet (480) returned to Ssentinel88
Ssentinel88 collected 50 from pot
*** SUMMARY ***
Total pot 50 | Rake 0 
Seat 1: Ssentinel88 (button) collected (50)
Seat 2: GABYZ13 (small blind) folded before Flop
Seat 3: Mahu2021 (big blind) folded before Flop



PokerStars Hand #247001734198: Tournament #3670152886, $1.84+$0.16 USD Hold'em No Limit - Level I (10/20) - 2023/11/08 21:28:06 CET [2023/11/08 15:28:06 ET]
Table '3670152886 1' 3-max Seat #2 is the button
Seat 1: Ssentinel88 (530 in chips) 
Seat 2: GABYZ13 (490 in chips) 
Seat 3: Mahu2021 (480 in chips) 
Mahu2021: posts small blind 10
Ssentinel88: posts big blind 20
*** HOLE CARDS ***
Dealt to Mahu2021 [9s 7s]
GABYZ13: calls 20
Mahu2021: calls 10
Ssentinel88: checks 
*** FLOP *** [3d 3c 4c]
Mahu2021: checks 
Ssentinel88: checks 
GABYZ13: bets 20
Mahu2021: folds 
Ssentinel88: raises 40 to 60
GABYZ13: calls 40
*** TURN *** [3d 3c 4c] [2c]
Ssentinel88: bets 80
GABYZ13: calls 80
*** RIVER *** [3d 3c 4c 2c] [Js]
Ssentinel88: checks 
GABYZ13: checks 
*** SHOW DOWN ***
Ssentinel88: shows [Jd 7h] (two pair, Jacks and Threes)
GABYZ13: mucks hand 
Ssentinel88 collected 340 from pot
*** SUMMARY ***
Total pot 340 | Rake 0 
Board [3d 3c 4c 2c Js]
Seat 1: Ssentinel88 (big blind) showed [Jd 7h] and won (340) with two pair, Jacks and Threes
Seat 2: GABYZ13 (button) mucked [As Kc]
Seat 3: Mahu2021 (small blind) folded on the Flop



PokerStars Hand #247001749062: Tournament #3670152886, $1.84+$0.16 USD Hold'em No Limit - Level I (10/20) - 2023/11/08 21:28:48 CET [2023/11/08 15:28:48 ET]
Table '3670152886 1' 3-max Seat #3 is the button
Seat 1: Ssentinel88 (710 in chips) 
Seat 2: GABYZ13 (330 in chips) 
Seat 3: Mahu2021 (460 in chips) 
Ssentinel88: posts small blind 10
GABYZ13: posts big blind 20
*** HOLE CARDS ***
Dealt to Mahu2021 [4s Jc]
Mahu2021: folds 
Ssentinel88: calls 10
GABYZ13: checks 
*** FLOP *** [9s Kc 5h]
Ssentinel88: checks 
GABYZ13: checks 
*** TURN *** [9s Kc 5h] [6h]
Ssentinel88: checks 
GABYZ13: checks 
*** RIVER *** [9s Kc 5h 6h] [8h]
Ssentinel88: bets 40
GABYZ13: folds 
Uncalled bet (40) returned to Ssentinel88
Ssentinel88 collected 40 from pot
*** SUMMARY ***
Total pot 40 | Rake 0 
Board [9s Kc 5h 6h 8h]
Seat 1: Ssentinel88 (small blind) collected (40)
Seat 2: GABYZ13 (big blind) folded on the River
Seat 3: Mahu2021 (button) folded before Flop (didn't bet)



PokerStars Hand #247001756323: Tournament #3670152886, $1.84+$0.16 USD Hold'em No Limit - Level I (10/20) - 2023/11/08 21:29:09 CET [2023/11/08 15:29:09 ET]
Table '3670152886 1' 3-max Seat #1 is the button
Seat 1: Ssentinel88 (730 in chips) 
Seat 2: GABYZ13 (310 in chips) 
Seat 3: Mahu2021 (460 in chips) 
GABYZ13: posts small blind 10
Mahu2021: posts big blind 20
*** HOLE CARDS ***
Dealt to Mahu2021 [Qc Qh]
Ssentinel88: folds 
GABYZ13: calls 10
Mahu2021: raises 40 to 60
GABYZ13: folds 
Uncalled bet (40) returned to Mahu2021
Mahu2021 collected 40 from pot
Mahu2021: doesn't show hand 
*** SUMMARY ***
Total pot 40 | Rake 0 
Seat 1: Ssentinel88 (button) folded before Flop (didn't bet)
Seat 2: GABYZ13 (small blind) folded before Flop
Seat 3: Mahu2021 (big blind) collected (40)



PokerStars Hand #247001760119: Tournament #3670152886, $1.84+$0.16 USD Hold'em No Limit - Level I (10/20) - 2023/11/08 21:29:20 CET [2023/11/08 15:29:20 ET]
Table '3670152886 1' 3-max Seat #2 is the button
Seat 1: Ssentinel88 (730 in chips) 
Seat 2: GABYZ13 (290 in chips) 
Seat 3: Mahu2021 (480 in chips) 
Mahu2021: posts small blind 10
Ssentinel88: posts big blind 20
*** HOLE CARDS ***
Dealt to Mahu2021 [Ts 6d]
GABYZ13: raises 270 to 290 and is all-in
Mahu2021: folds 
Ssentinel88: calls 270
*** FLOP *** [3d Ah 6c]
*** TURN *** [3d Ah 6c] [5c]
*** RIVER *** [3d Ah 6c 5c] [2d]
*** SHOW DOWN ***
Ssentinel88: shows [As Td] (a pair of Aces)
GABYZ13: shows [9c Ad] (a pair of Aces - lower kicker)
Ssentinel88 collected 590 from pot
GABYZ13 finished the tournament in 3rd place
*** SUMMARY ***
Total pot 590 | Rake 0 
Board [3d Ah 6c 5c 2d]
Seat 1: Ssentinel88 (big blind) showed [As Td] and won (590) with a pair of Aces
Seat 2: GABYZ13 (button) showed [9c Ad] and lost with a pair of Aces
Seat 3: Mahu2021 (small blind) folded before Flop



PokerStars Hand #247001765811: Tournament #3670152886, $1.84+$0.16 USD Hold'em No Limit - Level I (10/20) - 2023/11/08 21:29:36 CET [2023/11/08 15:29:36 ET]
Table '3670152886 1' 3-max Seat #1 is the button
Seat 1: Ssentinel88 (1030 in chips) 
Seat 3: Mahu2021 (470 in chips) 
Ssentinel88: posts small blind 10
Mahu2021: posts big blind 20
*** HOLE CARDS ***
Dealt to Mahu2021 [Tc 5c]
Ssentinel88: raises 40 to 60
Mahu2021: folds 
Uncalled bet (40) returned to Ssentinel88
Ssentinel88 collected 40 from pot
*** SUMMARY ***
Total pot 40 | Rake 0 
Seat 1: Ssentinel88 (button) (small blind) collected (40)
Seat 3: Mahu2021 (big blind) folded before Flop



PokerStars Hand #247001768389: Tournament #3670152886, $1.84+$0.16 USD Hold'em No Limit - Level I (10/20) - 2023/11/08 21:29:43 CET [2023/11/08 15:29:43 ET]
Table '3670152886 1' 3-max Seat #3 is the button
Seat 1: Ssentinel88 (1050 in chips) 
Seat 3: Mahu2021 (450 in chips) 
Mahu2021: posts small blind 10
Ssentinel88: posts big blind 20
*** HOLE CARDS ***
Dealt to Mahu2021 [8h 8c]
Mahu2021: calls 10
Ssentinel88: raises 20 to 40
Mahu2021: raises 410 to 450 and is all-in
Ssentinel88: folds 
Uncalled bet (410) returned to Mahu2021
Mahu2021 collected 80 from pot
Mahu2021: doesn't show hand 
*** SUMMARY ***
Total pot 80 | Rake 0 
Seat 1: Ssentinel88 (big blind) folded before Flop
Seat 3: Mahu2021 (button) (small blind) collected (80)



PokerStars Hand #247001774411: Tournament #3670152886, $1.84+$0.16 USD Hold'em No Limit - Level I (10/20) - 2023/11/08 21:30:01 CET [2023/11/08 15:30:01 ET]
Table '3670152886 1' 3-max Seat #1 is the button
Seat 1: Ssentinel88 (1010 in chips) 
Seat 3: Mahu2021 (490 in chips) 
Ssentinel88: posts small blind 10
Mahu2021: posts big blind 20
*** HOLE CARDS ***
Dealt to Mahu2021 [9d 2s]
Ssentinel88: raises 20 to 40
Mahu2021: folds 
Uncalled bet (20) returned to Ssentinel88
Ssentinel88 collected 40 from pot
*** SUMMARY ***
Total pot 40 | Rake 0 
Seat 1: Ssentinel88 (button) (small blind) collected (40)
Seat 3: Mahu2021 (big blind) folded before Flop



PokerStars Hand #247001776228: Tournament #3670152886, $1.84+$0.16 USD Hold'em No Limit - Level I (10/20) - 2023/11/08 21:30:06 CET [2023/11/08 15:30:06 ET]
Table '3670152886 1' 3-max Seat #3 is the button
Seat 1: Ssentinel88 (1030 in chips) 
Seat 3: Mahu2021 (470 in chips) 
Mahu2021: posts small blind 10
Ssentinel88: posts big blind 20
*** HOLE CARDS ***
Dealt to Mahu2021 [4h Qc]
Mahu2021: folds 
Uncalled bet (10) returned to Ssentinel88
Ssentinel88 collected 20 from pot
*** SUMMARY ***
Total pot 20 | Rake 0 
Seat 1: Ssentinel88 (big blind) collected (20)
Seat 3: Mahu2021 (button) (small blind) folded before Flop



PokerStars Hand #247001777822: Tournament #3670152886, $1.84+$0.16 USD Hold'em No Limit - Level I (10/20) - 2023/11/08 21:30:10 CET [2023/11/08 15:30:10 ET]
Table '3670152886 1' 3-max Seat #1 is the button
Seat 1: Ssentinel88 (1040 in chips) 
Seat 3: Mahu2021 (460 in chips) 
Ssentinel88: posts small blind 10
Mahu2021: posts big blind 20
*** HOLE CARDS ***
Dealt to Mahu2021 [4s 8d]
Ssentinel88: raises 1020 to 1040 and is all-in
Mahu2021: folds 
Uncalled bet (1020) returned to Ssentinel88
Ssentinel88 collected 40 from pot
*** SUMMARY ***
Total pot 40 | Rake 0 
Seat 1: Ssentinel88 (button) (small blind) collected (40)
Seat 3: Mahu2021 (big blind) folded before Flop



PokerStars Hand #247001779764: Tournament #3670152886, $1.84+$0.16 USD Hold'em No Limit - Level I (10/20) - 2023/11/08 21:30:16 CET [2023/11/08 15:30:16 ET]
Table '3670152886 1' 3-max Seat #3 is the button
Seat 1: Ssentinel88 (1060 in chips) 
Seat 3: Mahu2021 (440 in chips) 
Mahu2021: posts small blind 10
Ssentinel88: posts big blind 20
*** HOLE CARDS ***
Dealt to Mahu2021 [Jd 2h]
Mahu2021: folds 
Uncalled bet (10) returned to Ssentinel88
Ssentinel88 collected 20 from pot
*** SUMMARY ***
Total pot 20 | Rake 0 
Seat 1: Ssentinel88 (big blind) collected (20)
Seat 3: Mahu2021 (button) (small blind) folded before Flop



PokerStars Hand #247001781410: Tournament #3670152886, $1.84+$0.16 USD Hold'em No Limit - Level I (10/20) - 2023/11/08 21:30:21 CET [2023/11/08 15:30:21 ET]
Table '3670152886 1' 3-max Seat #1 is the button
Seat 1: Ssentinel88 (1070 in chips) 
Seat 3: Mahu2021 (430 in chips) 
Ssentinel88: posts small blind 10
Mahu2021: posts big blind 20
*** HOLE CARDS ***
Dealt to Mahu2021 [Td Tc]
Ssentinel88: calls 10
Mahu2021: raises 40 to 60
Ssentinel88: calls 40
*** FLOP *** [Qh 3c 7h]
Mahu2021: checks 
Ssentinel88: checks 
*** TURN *** [Qh 3c 7h] [2h]
Mahu2021: checks 
Ssentinel88: bets 120
Mahu2021: calls 120
*** RIVER *** [Qh 3c 7h 2h] [2d]
Mahu2021: bets 250 and is all-in
Ssentinel88: folds 
Uncalled bet (250) returned to Mahu2021
Mahu2021 collected 360 from pot
Mahu2021: doesn't show hand 
*** SUMMARY ***
Total pot 360 | Rake 0 
Board [Qh 3c 7h 2h 2d]
Seat 1: Ssentinel88 (button) (small blind) folded on the River
Seat 3: Mahu2021 (big blind) collected (360)



PokerStars Hand #247001788661: Tournament #3670152886, $1.84+$0.16 USD Hold'em No Limit - Level I (10/20) - 2023/11/08 21:30:41 CET [2023/11/08 15:30:41 ET]
Table '3670152886 1' 3-max Seat #3 is the button
Seat 1: Ssentinel88 (890 in chips) 
Seat 3: Mahu2021 (610 in chips) 
Mahu2021: posts small blind 10
Ssentinel88: posts big blind 20
*** HOLE CARDS ***
Dealt to Mahu2021 [7d 9h]
Mahu2021: folds 
Uncalled bet (10) returned to Ssentinel88
Ssentinel88 collected 20 from pot
*** SUMMARY ***
Total pot 20 | Rake 0 
Seat 1: Ssentinel88 (big blind) collected (20)
Seat 3: Mahu2021 (button) (small blind) folded before Flop



PokerStars Hand #247001790300: Tournament #3670152886, $1.84+$0.16 USD Hold'em No Limit - Level I (10/20) - 2023/11/08 21:30:46 CET [2023/11/08 15:30:46 ET]
Table '3670152886 1' 3-max Seat #1 is the button
Seat 1: Ssentinel88 (900 in chips) 
Seat 3: Mahu2021 (600 in chips) 
Ssentinel88: posts small blind 10
Mahu2021: posts big blind 20
*** HOLE CARDS ***
Dealt to Mahu2021 [3h 9c]
Ssentinel88: raises 40 to 60
Mahu2021: folds 
Uncalled bet (40) returned to Ssentinel88
Ssentinel88 collected 40 from pot
*** SUMMARY ***
Total pot 40 | Rake 0 
Seat 1: Ssentinel88 (button) (small blind) collected (40)
Seat 3: Mahu2021 (big blind) folded before Flop



PokerStars Hand #247001792525: Tournament #3670152886, $1.84+$0.16 USD Hold'em No Limit - Level I (10/20) - 2023/11/08 21:30:52 CET [2023/11/08 15:30:52 ET]
Table '3670152886 1' 3-max Seat #3 is the button
Seat 1: Ssentinel88 (920 in chips) 
Seat 3: Mahu2021 (580 in chips) 
Mahu2021: posts small blind 10
Ssentinel88: posts big blind 20
*** HOLE CARDS ***
Dealt to Mahu2021 [Ks 4c]
Mahu2021: calls 10
Ssentinel88: checks 
*** FLOP *** [9d Kd 4d]
Ssentinel88: checks 
Mahu2021: checks 
*** TURN *** [9d Kd 4d] [6d]
Ssentinel88: checks 
Mahu2021: checks 
*** RIVER *** [9d Kd 4d 6d] [Ac]
Ssentinel88: checks 
Mahu2021: bets 20
Ssentinel88: raises 40 to 60
Mahu2021: calls 40
*** SHOW DOWN ***
Ssentinel88: shows [8s Tc] (high card Ace)
Mahu2021: shows [Ks 4c] (two pair, Kings and Fours)
Mahu2021 collected 160 from pot
*** SUMMARY ***
Total pot 160 | Rake 0 
Board [9d Kd 4d 6d Ac]
Seat 1: Ssentinel88 (big blind) showed [8s Tc] and lost with high card Ace
Seat 3: Mahu2021 (button) (small blind) showed [Ks 4c] and won (160) with two pair, Kings and Fours



PokerStars Hand #247001800131: Tournament #3670152886, $1.84+$0.16 USD Hold'em No Limit - Level II (15/30) - 2023/11/08 21:31:14 CET [2023/11/08 15:31:14 ET]
Table '3670152886 1' 3-max Seat #1 is the button
Seat 1: Ssentinel88 (840 in chips) 
Seat 3: Mahu2021 (660 in chips) 
Ssentinel88: posts small blind 15
Mahu2021: posts big blind 30
*** HOLE CARDS ***
Dealt to Mahu2021 [Td 6h]
Ssentinel88: raises 60 to 90
Mahu2021: folds 
Uncalled bet (60) returned to Ssentinel88
Ssentinel88 collected 60 from pot
*** SUMMARY ***
Total pot 60 | Rake 0 
Seat 1: Ssentinel88 (button) (small blind) collected (60)
Seat 3: Mahu2021 (big blind) folded before Flop



PokerStars Hand #247001802294: Tournament #3670152886, $1.84+$0.16 USD Hold'em No Limit - Level II (15/30) - 2023/11/08 21:31:20 CET [2023/11/08 15:31:20 ET]
Table '3670152886 1' 3-max Seat #3 is the button
Seat 1: Ssentinel88 (870 in chips) 
Seat 3: Mahu2021 (630 in chips) 
Mahu2021: posts small blind 15
Ssentinel88: posts big blind 30
*** HOLE CARDS ***
Dealt to Mahu2021 [6d Ad]
Mahu2021: calls 15
Ssentinel88: raises 60 to 90
Mahu2021: calls 60
*** FLOP *** [Qs 7d 5c]
Ssentinel88: checks 
Mahu2021: checks 
*** TURN *** [Qs 7d 5c] [5d]
Ssentinel88: bets 180
Mahu2021: raises 360 to 540 and is all-in
Ssentinel88: calls 360
*** RIVER *** [Qs 7d 5c 5d] [As]
*** SHOW DOWN ***
Ssentinel88: shows [Ks 9s] (a pair of Fives)
Mahu2021: shows [6d Ad] (two pair, Aces and Fives)
Mahu2021 collected 1260 from pot
*** SUMMARY ***
Total pot 1260 | Rake 0 
Board [Qs 7d 5c 5d As]
Seat 1: Ssentinel88 (big blind) showed [Ks 9s] and lost with a pair of Fives
Seat 3: Mahu2021 (button) (small blind) showed [6d Ad] and won (1260) with two pair, Aces and Fives



PokerStars Hand #247001809159: Tournament #3670152886, $1.84+$0.16 USD Hold'em No Limit - Level II (15/30) - 2023/11/08 21:31:41 CET [2023/11/08 15:31:41 ET]
Table '3670152886 1' 3-max Seat #1 is the button
Seat 1: Ssentinel88 (240 in chips) 
Seat 3: Mahu2021 (1260 in chips) 
Ssentinel88: posts small blind 15
Mahu2021: posts big blind 30
*** HOLE CARDS ***
Dealt to Mahu2021 [Tc Qc]
Ssentinel88: raises 210 to 240 and is all-in
Mahu2021: calls 210
*** FLOP *** [4d Jh Qh]
*** TURN *** [4d Jh Qh] [9d]
*** RIVER *** [4d Jh Qh 9d] [Js]
*** SHOW DOWN ***
Mahu2021: shows [Tc Qc] (two pair, Queens and Jacks)
Ssentinel88: shows [8s 6h] (a pair of Jacks)
Mahu2021 collected 480 from pot
Ssentinel88 finished the tournament in 2nd place
Mahu2021 wins the tournament and receives $6.00 - congratulations!
*** SUMMARY ***
Total pot 480 | Rake 0 
Board [4d Jh Qh 9d Js]
Seat 1: Ssentinel88 (button) (small blind) showed [8s 6h] and lost with a pair of Jacks
Seat 3: Mahu2021 (big blind) showed [Tc Qc] and won (480) with two pair, Queens and Jacks



