PokerStars Hand #252846745774: Tournament #3810069389, $1.84+$0.16 USD Hold'em No Limit - Level I (10/20) - 2024/10/09 21:14:25 CET [2024/10/09 15:14:25 ET]
Table '3810069389 1' 3-max Seat #1 is the button
Seat 1: Jez_Knuckle (500 in chips) 
Seat 2: kaktusas888 (500 in chips) 
Seat 3: Mahu2021 (500 in chips) 
kaktusas888: posts small blind 10
Mahu2021: posts big blind 20
*** HOLE CARDS ***
Dealt to Mahu2021 [8s Td]
Jez_Knuckle: calls 20
kaktusas888: calls 10
Mahu2021: checks 
*** FLOP *** [7d 8h Qs]
kaktusas888: checks 
Mahu2021: bets 20
Jez_Knuckle: raises 20 to 40
kaktusas888: folds 
Mahu2021: calls 20
*** TURN *** [7d 8h Qs] [Kh]
Mahu2021: checks 
Jez_Knuckle: checks 
*** RIVER *** [7d 8h Qs Kh] [Kc]
Mahu2021: checks 
Jez_Knuckle: checks 
*** SHOW DOWN ***
Mahu2021: shows [8s Td] (two pair, Kings and Eights)
Jez_Knuckle: mucks hand 
Mahu2021 collected 140 from pot
*** SUMMARY ***
Total pot 140 | Rake 0 
Board [7d 8h Qs Kh Kc]
Seat 1: Jez_Knuckle (button) mucked [9h 6d]
Seat 2: kaktusas888 (small blind) folded on the Flop
Seat 3: Mahu2021 (big blind) showed [8s Td] and won (140) with two pair, Kings and Eights



PokerStars Hand #252846752934: Tournament #3810069389, $1.84+$0.16 USD Hold'em No Limit - Level I (10/20) - 2024/10/09 21:14:49 CET [2024/10/09 15:14:49 ET]
Table '3810069389 1' 3-max Seat #2 is the button
Seat 1: Jez_Knuckle (440 in chips) 
Seat 2: kaktusas888 (480 in chips) 
Seat 3: Mahu2021 (580 in chips) 
Mahu2021: posts small blind 10
Jez_Knuckle: posts big blind 20
*** HOLE CARDS ***
Dealt to Mahu2021 [8h 2s]
kaktusas888: raises 20 to 40
Mahu2021: folds 
Jez_Knuckle: raises 20 to 60
kaktusas888: raises 420 to 480 and is all-in
Jez_Knuckle: folds 
Uncalled bet (420) returned to kaktusas888
kaktusas888 collected 130 from pot
*** SUMMARY ***
Total pot 130 | Rake 0 
Seat 1: Jez_Knuckle (big blind) folded before Flop
Seat 2: kaktusas888 (button) collected (130)
Seat 3: Mahu2021 (small blind) folded before Flop



PokerStars Hand #252846756970: Tournament #3810069389, $1.84+$0.16 USD Hold'em No Limit - Level I (10/20) - 2024/10/09 21:15:01 CET [2024/10/09 15:15:01 ET]
Table '3810069389 1' 3-max Seat #3 is the button
Seat 1: Jez_Knuckle (380 in chips) 
Seat 2: kaktusas888 (550 in chips) 
Seat 3: Mahu2021 (570 in chips) 
Jez_Knuckle: posts small blind 10
kaktusas888: posts big blind 20
*** HOLE CARDS ***
Dealt to Mahu2021 [9d Kh]
Mahu2021: folds 
Jez_Knuckle: folds 
Uncalled bet (10) returned to kaktusas888
kaktusas888 collected 20 from pot
*** SUMMARY ***
Total pot 20 | Rake 0 
Seat 1: Jez_Knuckle (small blind) folded before Flop
Seat 2: kaktusas888 (big blind) collected (20)
Seat 3: Mahu2021 (button) folded before Flop (didn't bet)



PokerStars Hand #252846759153: Tournament #3810069389, $1.84+$0.16 USD Hold'em No Limit - Level I (10/20) - 2024/10/09 21:15:08 CET [2024/10/09 15:15:08 ET]
Table '3810069389 1' 3-max Seat #1 is the button
Seat 1: Jez_Knuckle (370 in chips) 
Seat 2: kaktusas888 (560 in chips) 
Seat 3: Mahu2021 (570 in chips) 
kaktusas888: posts small blind 10
Mahu2021: posts big blind 20
*** HOLE CARDS ***
Dealt to Mahu2021 [3c Ac]
Jez_Knuckle: calls 20
kaktusas888: calls 10
Mahu2021: checks 
*** FLOP *** [5c Kd 5h]
kaktusas888: checks 
Mahu2021: checks 
Jez_Knuckle: checks 
*** TURN *** [5c Kd 5h] [Jh]
kaktusas888: checks 
Mahu2021: checks 
Jez_Knuckle: checks 
*** RIVER *** [5c Kd 5h Jh] [7c]
kaktusas888: bets 45
Mahu2021: folds 
Jez_Knuckle: folds 
Uncalled bet (45) returned to kaktusas888
kaktusas888 collected 60 from pot
*** SUMMARY ***
Total pot 60 | Rake 0 
Board [5c Kd 5h Jh 7c]
Seat 1: Jez_Knuckle (button) folded on the River
Seat 2: kaktusas888 (small blind) collected (60)
Seat 3: Mahu2021 (big blind) folded on the River



PokerStars Hand #252846767594: Tournament #3810069389, $1.84+$0.16 USD Hold'em No Limit - Level I (10/20) - 2024/10/09 21:15:34 CET [2024/10/09 15:15:34 ET]
Table '3810069389 1' 3-max Seat #2 is the button
Seat 1: Jez_Knuckle (350 in chips) 
Seat 2: kaktusas888 (600 in chips) 
Seat 3: Mahu2021 (550 in chips) 
Mahu2021: posts small blind 10
Jez_Knuckle: posts big blind 20
*** HOLE CARDS ***
Dealt to Mahu2021 [8d 7c]
kaktusas888: folds 
Mahu2021: calls 10
Jez_Knuckle: checks 
*** FLOP *** [6c Kd 4c]
Mahu2021: checks 
Jez_Knuckle: bets 20
Mahu2021: calls 20
*** TURN *** [6c Kd 4c] [Jh]
Mahu2021: checks 
Jez_Knuckle: checks 
*** RIVER *** [6c Kd 4c Jh] [Kc]
Mahu2021: checks 
Jez_Knuckle: checks 
*** SHOW DOWN ***
Mahu2021: shows [8d 7c] (a pair of Kings)
Jez_Knuckle: mucks hand 
Mahu2021 collected 80 from pot
*** SUMMARY ***
Total pot 80 | Rake 0 
Board [6c Kd 4c Jh Kc]
Seat 1: Jez_Knuckle (big blind) mucked [7d 5h]
Seat 2: kaktusas888 (button) folded before Flop (didn't bet)
Seat 3: Mahu2021 (small blind) showed [8d 7c] and won (80) with a pair of Kings



PokerStars Hand #252846773499: Tournament #3810069389, $1.84+$0.16 USD Hold'em No Limit - Level I (10/20) - 2024/10/09 21:15:53 CET [2024/10/09 15:15:53 ET]
Table '3810069389 1' 3-max Seat #3 is the button
Seat 1: Jez_Knuckle (310 in chips) 
Seat 2: kaktusas888 (600 in chips) 
Seat 3: Mahu2021 (590 in chips) 
Jez_Knuckle: posts small blind 10
kaktusas888: posts big blind 20
*** HOLE CARDS ***
Dealt to Mahu2021 [8s 3h]
Mahu2021: folds 
Jez_Knuckle: folds 
Uncalled bet (10) returned to kaktusas888
kaktusas888 collected 20 from pot
*** SUMMARY ***
Total pot 20 | Rake 0 
Seat 1: Jez_Knuckle (small blind) folded before Flop
Seat 2: kaktusas888 (big blind) collected (20)
Seat 3: Mahu2021 (button) folded before Flop (didn't bet)



PokerStars Hand #252846775561: Tournament #3810069389, $1.84+$0.16 USD Hold'em No Limit - Level I (10/20) - 2024/10/09 21:16:00 CET [2024/10/09 15:16:00 ET]
Table '3810069389 1' 3-max Seat #1 is the button
Seat 1: Jez_Knuckle (300 in chips) 
Seat 2: kaktusas888 (610 in chips) 
Seat 3: Mahu2021 (590 in chips) 
kaktusas888: posts small blind 10
Mahu2021: posts big blind 20
*** HOLE CARDS ***
Dealt to Mahu2021 [3c 6s]
Jez_Knuckle: calls 20
kaktusas888: raises 40 to 60
Mahu2021: folds 
Jez_Knuckle: raises 240 to 300 and is all-in
kaktusas888: folds 
Uncalled bet (240) returned to Jez_Knuckle
Jez_Knuckle collected 140 from pot
Jez_Knuckle: doesn't show hand 
*** SUMMARY ***
Total pot 140 | Rake 0 
Seat 1: Jez_Knuckle (button) collected (140)
Seat 2: kaktusas888 (small blind) folded before Flop
Seat 3: Mahu2021 (big blind) folded before Flop



PokerStars Hand #252846783676: Tournament #3810069389, $1.84+$0.16 USD Hold'em No Limit - Level I (10/20) - 2024/10/09 21:16:26 CET [2024/10/09 15:16:26 ET]
Table '3810069389 1' 3-max Seat #2 is the button
Seat 1: Jez_Knuckle (380 in chips) 
Seat 2: kaktusas888 (550 in chips) 
Seat 3: Mahu2021 (570 in chips) 
Mahu2021: posts small blind 10
Jez_Knuckle: posts big blind 20
*** HOLE CARDS ***
Dealt to Mahu2021 [7c Kh]
kaktusas888: raises 20 to 40
Mahu2021: folds 
Jez_Knuckle: calls 20
*** FLOP *** [8c 8s 6c]
Jez_Knuckle: checks 
kaktusas888: bets 20
Jez_Knuckle: folds 
Uncalled bet (20) returned to kaktusas888
kaktusas888 collected 90 from pot
*** SUMMARY ***
Total pot 90 | Rake 0 
Board [8c 8s 6c]
Seat 1: Jez_Knuckle (big blind) folded on the Flop
Seat 2: kaktusas888 (button) collected (90)
Seat 3: Mahu2021 (small blind) folded before Flop



PokerStars Hand #252846794842: Tournament #3810069389, $1.84+$0.16 USD Hold'em No Limit - Level I (10/20) - 2024/10/09 21:17:02 CET [2024/10/09 15:17:02 ET]
Table '3810069389 1' 3-max Seat #3 is the button
Seat 1: Jez_Knuckle (340 in chips) 
Seat 2: kaktusas888 (600 in chips) 
Seat 3: Mahu2021 (560 in chips) 
Jez_Knuckle: posts small blind 10
kaktusas888: posts big blind 20
*** HOLE CARDS ***
Dealt to Mahu2021 [Ah 7s]
Mahu2021: raises 20 to 40
Jez_Knuckle: folds 
kaktusas888: calls 20
*** FLOP *** [8h Qc 6d]
kaktusas888: checks 
Mahu2021: checks 
*** TURN *** [8h Qc 6d] [Kh]
kaktusas888: checks 
Mahu2021: checks 
*** RIVER *** [8h Qc 6d Kh] [Jd]
kaktusas888: checks 
Mahu2021: checks 
*** SHOW DOWN ***
kaktusas888: shows [Ad 6s] (a pair of Sixes)
Mahu2021: mucks hand 
kaktusas888 collected 90 from pot
*** SUMMARY ***
Total pot 90 | Rake 0 
Board [8h Qc 6d Kh Jd]
Seat 1: Jez_Knuckle (small blind) folded before Flop
Seat 2: kaktusas888 (big blind) showed [Ad 6s] and won (90) with a pair of Sixes
Seat 3: Mahu2021 (button) mucked [Ah 7s]



PokerStars Hand #252846800271: Tournament #3810069389, $1.84+$0.16 USD Hold'em No Limit - Level I (10/20) - 2024/10/09 21:17:19 CET [2024/10/09 15:17:19 ET]
Table '3810069389 1' 3-max Seat #1 is the button
Seat 1: Jez_Knuckle (330 in chips) 
Seat 2: kaktusas888 (650 in chips) 
Seat 3: Mahu2021 (520 in chips) 
kaktusas888: posts small blind 10
Mahu2021: posts big blind 20
*** HOLE CARDS ***
Dealt to Mahu2021 [3s As]
Jez_Knuckle: calls 20
kaktusas888: calls 10
Mahu2021: checks 
*** FLOP *** [7d 6c 2h]
kaktusas888: checks 
Mahu2021: checks 
Jez_Knuckle: checks 
*** TURN *** [7d 6c 2h] [Qs]
kaktusas888: checks 
Mahu2021: checks 
Jez_Knuckle: checks 
*** RIVER *** [7d 6c 2h Qs] [Kh]
kaktusas888: checks 
Mahu2021: checks 
Jez_Knuckle: checks 
*** SHOW DOWN ***
kaktusas888: shows [5d 6h] (a pair of Sixes)
Mahu2021: mucks hand 
Jez_Knuckle: mucks hand 
kaktusas888 collected 60 from pot
*** SUMMARY ***
Total pot 60 | Rake 0 
Board [7d 6c 2h Qs Kh]
Seat 1: Jez_Knuckle (button) mucked [4h Th]
Seat 2: kaktusas888 (small blind) showed [5d 6h] and won (60) with a pair of Sixes
Seat 3: Mahu2021 (big blind) mucked [3s As]



PokerStars Hand #252846811481: Tournament #3810069389, $1.84+$0.16 USD Hold'em No Limit - Level II (15/30) - 2024/10/09 21:17:55 CET [2024/10/09 15:17:55 ET]
Table '3810069389 1' 3-max Seat #2 is the button
Seat 1: Jez_Knuckle (310 in chips) 
Seat 2: kaktusas888 (690 in chips) 
Seat 3: Mahu2021 (500 in chips) 
Mahu2021: posts small blind 15
Jez_Knuckle: posts big blind 30
*** HOLE CARDS ***
Dealt to Mahu2021 [4s 7h]
kaktusas888: folds 
Mahu2021: folds 
Uncalled bet (15) returned to Jez_Knuckle
Jez_Knuckle collected 30 from pot
Jez_Knuckle: doesn't show hand 
*** SUMMARY ***
Total pot 30 | Rake 0 
Seat 1: Jez_Knuckle (big blind) collected (30)
Seat 2: kaktusas888 (button) folded before Flop (didn't bet)
Seat 3: Mahu2021 (small blind) folded before Flop



PokerStars Hand #252846812809: Tournament #3810069389, $1.84+$0.16 USD Hold'em No Limit - Level II (15/30) - 2024/10/09 21:17:59 CET [2024/10/09 15:17:59 ET]
Table '3810069389 1' 3-max Seat #3 is the button
Seat 1: Jez_Knuckle (325 in chips) 
Seat 2: kaktusas888 (690 in chips) 
Seat 3: Mahu2021 (485 in chips) 
Jez_Knuckle: posts small blind 15
kaktusas888: posts big blind 30
*** HOLE CARDS ***
Dealt to Mahu2021 [3c Ac]
Mahu2021: raises 30 to 60
Jez_Knuckle: folds 
kaktusas888: folds 
Uncalled bet (30) returned to Mahu2021
Mahu2021 collected 75 from pot
Mahu2021: doesn't show hand 
*** SUMMARY ***
Total pot 75 | Rake 0 
Seat 1: Jez_Knuckle (small blind) folded before Flop
Seat 2: kaktusas888 (big blind) folded before Flop
Seat 3: Mahu2021 (button) collected (75)



PokerStars Hand #252846815418: Tournament #3810069389, $1.84+$0.16 USD Hold'em No Limit - Level II (15/30) - 2024/10/09 21:18:07 CET [2024/10/09 15:18:07 ET]
Table '3810069389 1' 3-max Seat #1 is the button
Seat 1: Jez_Knuckle (310 in chips) 
Seat 2: kaktusas888 (660 in chips) 
Seat 3: Mahu2021 (530 in chips) 
kaktusas888: posts small blind 15
Mahu2021: posts big blind 30
*** HOLE CARDS ***
Dealt to Mahu2021 [3d 9c]
Jez_Knuckle: calls 30
kaktusas888: raises 630 to 660 and is all-in
Mahu2021: folds 
Jez_Knuckle: calls 280 and is all-in
Uncalled bet (350) returned to kaktusas888
*** FLOP *** [Ks 3s Jh]
*** TURN *** [Ks 3s Jh] [As]
*** RIVER *** [Ks 3s Jh As] [6s]
*** SHOW DOWN ***
kaktusas888: shows [8d Ad] (a pair of Aces)
Jez_Knuckle: shows [7h Th] (high card Ace)
kaktusas888 collected 650 from pot
Jez_Knuckle finished the tournament in 3rd place
*** SUMMARY ***
Total pot 650 | Rake 0 
Board [Ks 3s Jh As 6s]
Seat 1: Jez_Knuckle (button) showed [7h Th] and lost with high card Ace
Seat 2: kaktusas888 (small blind) showed [8d Ad] and won (650) with a pair of Aces
Seat 3: Mahu2021 (big blind) folded before Flop



PokerStars Hand #252846824636: Tournament #3810069389, $1.84+$0.16 USD Hold'em No Limit - Level II (15/30) - 2024/10/09 21:18:37 CET [2024/10/09 15:18:37 ET]
Table '3810069389 1' 3-max Seat #3 is the button
Seat 2: kaktusas888 (1000 in chips) 
Seat 3: Mahu2021 (500 in chips) 
Mahu2021: posts small blind 15
kaktusas888: posts big blind 30
*** HOLE CARDS ***
Dealt to Mahu2021 [6d 2s]
Mahu2021: folds 
Uncalled bet (15) returned to kaktusas888
kaktusas888 collected 30 from pot
*** SUMMARY ***
Total pot 30 | Rake 0 
Seat 2: kaktusas888 (big blind) collected (30)
Seat 3: Mahu2021 (button) (small blind) folded before Flop



PokerStars Hand #252846826091: Tournament #3810069389, $1.84+$0.16 USD Hold'em No Limit - Level II (15/30) - 2024/10/09 21:18:41 CET [2024/10/09 15:18:41 ET]
Table '3810069389 1' 3-max Seat #2 is the button
Seat 2: kaktusas888 (1015 in chips) 
Seat 3: Mahu2021 (485 in chips) 
kaktusas888: posts small blind 15
Mahu2021: posts big blind 30
*** HOLE CARDS ***
Dealt to Mahu2021 [7d 7h]
kaktusas888: calls 15
Mahu2021: raises 455 to 485 and is all-in
kaktusas888: folds 
Uncalled bet (455) returned to Mahu2021
Mahu2021 collected 60 from pot
Mahu2021: doesn't show hand 
*** SUMMARY ***
Total pot 60 | Rake 0 
Seat 2: kaktusas888 (button) (small blind) folded before Flop
Seat 3: Mahu2021 (big blind) collected (60)



PokerStars Hand #252846828761: Tournament #3810069389, $1.84+$0.16 USD Hold'em No Limit - Level II (15/30) - 2024/10/09 21:18:50 CET [2024/10/09 15:18:50 ET]
Table '3810069389 1' 3-max Seat #3 is the button
Seat 2: kaktusas888 (985 in chips) 
Seat 3: Mahu2021 (515 in chips) 
Mahu2021: posts small blind 15
kaktusas888: posts big blind 30
*** HOLE CARDS ***
Dealt to Mahu2021 [9d 4h]
Mahu2021: folds 
Uncalled bet (15) returned to kaktusas888
kaktusas888 collected 30 from pot
*** SUMMARY ***
Total pot 30 | Rake 0 
Seat 2: kaktusas888 (big blind) collected (30)
Seat 3: Mahu2021 (button) (small blind) folded before Flop



PokerStars Hand #252846830147: Tournament #3810069389, $1.84+$0.16 USD Hold'em No Limit - Level II (15/30) - 2024/10/09 21:18:54 CET [2024/10/09 15:18:54 ET]
Table '3810069389 1' 3-max Seat #2 is the button
Seat 2: kaktusas888 (1000 in chips) 
Seat 3: Mahu2021 (500 in chips) 
kaktusas888: posts small blind 15
Mahu2021: posts big blind 30
*** HOLE CARDS ***
Dealt to Mahu2021 [4d Tc]
kaktusas888: calls 15
Mahu2021: checks 
*** FLOP *** [Kh Ah 6h]
Mahu2021: checks 
kaktusas888: bets 30
Mahu2021: folds 
Uncalled bet (30) returned to kaktusas888
kaktusas888 collected 60 from pot
*** SUMMARY ***
Total pot 60 | Rake 0 
Board [Kh Ah 6h]
Seat 2: kaktusas888 (button) (small blind) collected (60)
Seat 3: Mahu2021 (big blind) folded on the Flop



PokerStars Hand #252846833384: Tournament #3810069389, $1.84+$0.16 USD Hold'em No Limit - Level II (15/30) - 2024/10/09 21:19:05 CET [2024/10/09 15:19:05 ET]
Table '3810069389 1' 3-max Seat #3 is the button
Seat 2: kaktusas888 (1030 in chips) 
Seat 3: Mahu2021 (470 in chips) 
Mahu2021: posts small blind 15
kaktusas888: posts big blind 30
*** HOLE CARDS ***
Dealt to Mahu2021 [2s 4d]
Mahu2021: folds 
Uncalled bet (15) returned to kaktusas888
kaktusas888 collected 30 from pot
*** SUMMARY ***
Total pot 30 | Rake 0 
Seat 2: kaktusas888 (big blind) collected (30)
Seat 3: Mahu2021 (button) (small blind) folded before Flop



PokerStars Hand #252846834586: Tournament #3810069389, $1.84+$0.16 USD Hold'em No Limit - Level II (15/30) - 2024/10/09 21:19:09 CET [2024/10/09 15:19:09 ET]
Table '3810069389 1' 3-max Seat #2 is the button
Seat 2: kaktusas888 (1045 in chips) 
Seat 3: Mahu2021 (455 in chips) 
kaktusas888: posts small blind 15
Mahu2021: posts big blind 30
*** HOLE CARDS ***
Dealt to Mahu2021 [4s 5s]
kaktusas888: calls 15
Mahu2021: checks 
*** FLOP *** [6s Kc 4d]
Mahu2021: checks 
kaktusas888: bets 30
Mahu2021: calls 30
*** TURN *** [6s Kc 4d] [Qs]
Mahu2021: checks 
kaktusas888: bets 90
Mahu2021: calls 90
*** RIVER *** [6s Kc 4d Qs] [6d]
Mahu2021: checks 
kaktusas888: checks 
*** SHOW DOWN ***
Mahu2021: shows [4s 5s] (two pair, Sixes and Fours)
kaktusas888: mucks hand 
Mahu2021 collected 300 from pot
*** SUMMARY ***
Total pot 300 | Rake 0 
Board [6s Kc 4d Qs 6d]
Seat 2: kaktusas888 (button) (small blind) mucked [3h 5h]
Seat 3: Mahu2021 (big blind) showed [4s 5s] and won (300) with two pair, Sixes and Fours



PokerStars Hand #252846840291: Tournament #3810069389, $1.84+$0.16 USD Hold'em No Limit - Level II (15/30) - 2024/10/09 21:19:27 CET [2024/10/09 15:19:27 ET]
Table '3810069389 1' 3-max Seat #3 is the button
Seat 2: kaktusas888 (895 in chips) 
Seat 3: Mahu2021 (605 in chips) 
Mahu2021: posts small blind 15
kaktusas888: posts big blind 30
*** HOLE CARDS ***
Dealt to Mahu2021 [8s 4d]
Mahu2021: folds 
Uncalled bet (15) returned to kaktusas888
kaktusas888 collected 30 from pot
*** SUMMARY ***
Total pot 30 | Rake 0 
Seat 2: kaktusas888 (big blind) collected (30)
Seat 3: Mahu2021 (button) (small blind) folded before Flop



PokerStars Hand #252846841562: Tournament #3810069389, $1.84+$0.16 USD Hold'em No Limit - Level II (15/30) - 2024/10/09 21:19:31 CET [2024/10/09 15:19:31 ET]
Table '3810069389 1' 3-max Seat #2 is the button
Seat 2: kaktusas888 (910 in chips) 
Seat 3: Mahu2021 (590 in chips) 
kaktusas888: posts small blind 15
Mahu2021: posts big blind 30
*** HOLE CARDS ***
Dealt to Mahu2021 [6h As]
kaktusas888: raises 30 to 60
Mahu2021: calls 30
*** FLOP *** [Jc 3h Kh]
Mahu2021: checks 
kaktusas888: bets 34
Mahu2021: folds 
Uncalled bet (34) returned to kaktusas888
kaktusas888 collected 120 from pot
*** SUMMARY ***
Total pot 120 | Rake 0 
Board [Jc 3h Kh]
Seat 2: kaktusas888 (button) (small blind) collected (120)
Seat 3: Mahu2021 (big blind) folded on the Flop



PokerStars Hand #252846844574: Tournament #3810069389, $1.84+$0.16 USD Hold'em No Limit - Level II (15/30) - 2024/10/09 21:19:41 CET [2024/10/09 15:19:41 ET]
Table '3810069389 1' 3-max Seat #3 is the button
Seat 2: kaktusas888 (970 in chips) 
Seat 3: Mahu2021 (530 in chips) 
Mahu2021: posts small blind 15
kaktusas888: posts big blind 30
*** HOLE CARDS ***
Dealt to Mahu2021 [5d 6d]
Mahu2021: raises 30 to 60
kaktusas888: calls 30
*** FLOP *** [Qs 5s Ts]
kaktusas888: checks 
Mahu2021: bets 60
kaktusas888: folds 
Uncalled bet (60) returned to Mahu2021
Mahu2021 collected 120 from pot
Mahu2021: doesn't show hand 
*** SUMMARY ***
Total pot 120 | Rake 0 
Board [Qs 5s Ts]
Seat 2: kaktusas888 (big blind) folded on the Flop
Seat 3: Mahu2021 (button) (small blind) collected (120)



PokerStars Hand #252846847925: Tournament #3810069389, $1.84+$0.16 USD Hold'em No Limit - Level II (15/30) - 2024/10/09 21:19:51 CET [2024/10/09 15:19:51 ET]
Table '3810069389 1' 3-max Seat #2 is the button
Seat 2: kaktusas888 (910 in chips) 
Seat 3: Mahu2021 (590 in chips) 
kaktusas888: posts small blind 15
Mahu2021: posts big blind 30
*** HOLE CARDS ***
Dealt to Mahu2021 [6s 4c]
kaktusas888: folds 
Uncalled bet (15) returned to Mahu2021
Mahu2021 collected 30 from pot
Mahu2021: doesn't show hand 
*** SUMMARY ***
Total pot 30 | Rake 0 
Seat 2: kaktusas888 (button) (small blind) folded before Flop
Seat 3: Mahu2021 (big blind) collected (30)



PokerStars Hand #252846849648: Tournament #3810069389, $1.84+$0.16 USD Hold'em No Limit - Level II (15/30) - 2024/10/09 21:19:57 CET [2024/10/09 15:19:57 ET]
Table '3810069389 1' 3-max Seat #3 is the button
Seat 2: kaktusas888 (895 in chips) 
Seat 3: Mahu2021 (605 in chips) 
Mahu2021: posts small blind 15
kaktusas888: posts big blind 30
*** HOLE CARDS ***
Dealt to Mahu2021 [8h Ac]
Mahu2021: raises 30 to 60
kaktusas888: folds 
Uncalled bet (30) returned to Mahu2021
Mahu2021 collected 60 from pot
Mahu2021: doesn't show hand 
*** SUMMARY ***
Total pot 60 | Rake 0 
Seat 2: kaktusas888 (big blind) folded before Flop
Seat 3: Mahu2021 (button) (small blind) collected (60)



PokerStars Hand #252846851287: Tournament #3810069389, $1.84+$0.16 USD Hold'em No Limit - Level II (15/30) - 2024/10/09 21:20:02 CET [2024/10/09 15:20:02 ET]
Table '3810069389 1' 3-max Seat #2 is the button
Seat 2: kaktusas888 (865 in chips) 
Seat 3: Mahu2021 (635 in chips) 
kaktusas888: posts small blind 15
Mahu2021: posts big blind 30
*** HOLE CARDS ***
Dealt to Mahu2021 [Td 4h]
kaktusas888: folds 
Uncalled bet (15) returned to Mahu2021
Mahu2021 collected 30 from pot
Mahu2021: doesn't show hand 
*** SUMMARY ***
Total pot 30 | Rake 0 
Seat 2: kaktusas888 (button) (small blind) folded before Flop
Seat 3: Mahu2021 (big blind) collected (30)



PokerStars Hand #252846852834: Tournament #3810069389, $1.84+$0.16 USD Hold'em No Limit - Level II (15/30) - 2024/10/09 21:20:07 CET [2024/10/09 15:20:07 ET]
Table '3810069389 1' 3-max Seat #3 is the button
Seat 2: kaktusas888 (850 in chips) 
Seat 3: Mahu2021 (650 in chips) 
Mahu2021: posts small blind 15
kaktusas888: posts big blind 30
*** HOLE CARDS ***
Dealt to Mahu2021 [Qc 4d]
Mahu2021: calls 15
kaktusas888: checks 
*** FLOP *** [Ad Ts Td]
kaktusas888: checks 
Mahu2021: bets 30
kaktusas888: folds 
Uncalled bet (30) returned to Mahu2021
Mahu2021 collected 60 from pot
Mahu2021: doesn't show hand 
*** SUMMARY ***
Total pot 60 | Rake 0 
Board [Ad Ts Td]
Seat 2: kaktusas888 (big blind) folded on the Flop
Seat 3: Mahu2021 (button) (small blind) collected (60)



PokerStars Hand #252846856337: Tournament #3810069389, $1.84+$0.16 USD Hold'em No Limit - Level II (15/30) - 2024/10/09 21:20:18 CET [2024/10/09 15:20:18 ET]
Table '3810069389 1' 3-max Seat #2 is the button
Seat 2: kaktusas888 (820 in chips) 
Seat 3: Mahu2021 (680 in chips) 
kaktusas888: posts small blind 15
Mahu2021: posts big blind 30
*** HOLE CARDS ***
Dealt to Mahu2021 [Qc Kh]
kaktusas888: calls 15
Mahu2021: raises 90 to 120
kaktusas888: folds 
Uncalled bet (90) returned to Mahu2021
Mahu2021 collected 60 from pot
Mahu2021: doesn't show hand 
*** SUMMARY ***
Total pot 60 | Rake 0 
Seat 2: kaktusas888 (button) (small blind) folded before Flop
Seat 3: Mahu2021 (big blind) collected (60)



PokerStars Hand #252846858866: Tournament #3810069389, $1.84+$0.16 USD Hold'em No Limit - Level II (15/30) - 2024/10/09 21:20:26 CET [2024/10/09 15:20:26 ET]
Table '3810069389 1' 3-max Seat #3 is the button
Seat 2: kaktusas888 (790 in chips) 
Seat 3: Mahu2021 (710 in chips) 
Mahu2021: posts small blind 15
kaktusas888: posts big blind 30
*** HOLE CARDS ***
Dealt to Mahu2021 [As 5d]
Mahu2021: raises 30 to 60
kaktusas888: folds 
Uncalled bet (30) returned to Mahu2021
Mahu2021 collected 60 from pot
Mahu2021: doesn't show hand 
*** SUMMARY ***
Total pot 60 | Rake 0 
Seat 2: kaktusas888 (big blind) folded before Flop
Seat 3: Mahu2021 (button) (small blind) collected (60)



PokerStars Hand #252846861604: Tournament #3810069389, $1.84+$0.16 USD Hold'em No Limit - Level III (20/40) - 2024/10/09 21:20:35 CET [2024/10/09 15:20:35 ET]
Table '3810069389 1' 3-max Seat #2 is the button
Seat 2: kaktusas888 (760 in chips) 
Seat 3: Mahu2021 (740 in chips) 
kaktusas888: posts small blind 20
Mahu2021: posts big blind 40
*** HOLE CARDS ***
Dealt to Mahu2021 [5s 2c]
kaktusas888: calls 20
Mahu2021: checks 
*** FLOP *** [7d Ad Td]
Mahu2021: checks 
kaktusas888: bets 40
Mahu2021: folds 
Uncalled bet (40) returned to kaktusas888
kaktusas888 collected 80 from pot
*** SUMMARY ***
Total pot 80 | Rake 0 
Board [7d Ad Td]
Seat 2: kaktusas888 (button) (small blind) collected (80)
Seat 3: Mahu2021 (big blind) folded on the Flop



PokerStars Hand #252846864567: Tournament #3810069389, $1.84+$0.16 USD Hold'em No Limit - Level III (20/40) - 2024/10/09 21:20:44 CET [2024/10/09 15:20:44 ET]
Table '3810069389 1' 3-max Seat #3 is the button
Seat 2: kaktusas888 (800 in chips) 
Seat 3: Mahu2021 (700 in chips) 
Mahu2021: posts small blind 20
kaktusas888: posts big blind 40
*** HOLE CARDS ***
Dealt to Mahu2021 [5s Kh]
Mahu2021: calls 20
kaktusas888: checks 
*** FLOP *** [4c Tc 9h]
kaktusas888: checks 
Mahu2021: checks 
*** TURN *** [4c Tc 9h] [2h]
kaktusas888: bets 60
Mahu2021: folds 
Uncalled bet (60) returned to kaktusas888
kaktusas888 collected 80 from pot
*** SUMMARY ***
Total pot 80 | Rake 0 
Board [4c Tc 9h 2h]
Seat 2: kaktusas888 (big blind) collected (80)
Seat 3: Mahu2021 (button) (small blind) folded on the Turn



PokerStars Hand #252846869467: Tournament #3810069389, $1.84+$0.16 USD Hold'em No Limit - Level III (20/40) - 2024/10/09 21:21:00 CET [2024/10/09 15:21:00 ET]
Table '3810069389 1' 3-max Seat #2 is the button
Seat 2: kaktusas888 (840 in chips) 
Seat 3: Mahu2021 (660 in chips) 
kaktusas888: posts small blind 20
Mahu2021: posts big blind 40
*** HOLE CARDS ***
Dealt to Mahu2021 [Ah 9d]
kaktusas888: calls 20
Mahu2021: raises 120 to 160
kaktusas888: folds 
Uncalled bet (120) returned to Mahu2021
Mahu2021 collected 80 from pot
Mahu2021: doesn't show hand 
*** SUMMARY ***
Total pot 80 | Rake 0 
Seat 2: kaktusas888 (button) (small blind) folded before Flop
Seat 3: Mahu2021 (big blind) collected (80)



PokerStars Hand #252846871618: Tournament #3810069389, $1.84+$0.16 USD Hold'em No Limit - Level III (20/40) - 2024/10/09 21:21:06 CET [2024/10/09 15:21:06 ET]
Table '3810069389 1' 3-max Seat #3 is the button
Seat 2: kaktusas888 (800 in chips) 
Seat 3: Mahu2021 (700 in chips) 
Mahu2021: posts small blind 20
kaktusas888: posts big blind 40
*** HOLE CARDS ***
Dealt to Mahu2021 [7c Jc]
Mahu2021: raises 40 to 80
kaktusas888: folds 
Uncalled bet (40) returned to Mahu2021
Mahu2021 collected 80 from pot
Mahu2021: doesn't show hand 
*** SUMMARY ***
Total pot 80 | Rake 0 
Seat 2: kaktusas888 (big blind) folded before Flop
Seat 3: Mahu2021 (button) (small blind) collected (80)



PokerStars Hand #252846874465: Tournament #3810069389, $1.84+$0.16 USD Hold'em No Limit - Level III (20/40) - 2024/10/09 21:21:15 CET [2024/10/09 15:21:15 ET]
Table '3810069389 1' 3-max Seat #2 is the button
Seat 2: kaktusas888 (760 in chips) 
Seat 3: Mahu2021 (740 in chips) 
kaktusas888: posts small blind 20
Mahu2021: posts big blind 40
*** HOLE CARDS ***
Dealt to Mahu2021 [Jh Qs]
kaktusas888: calls 20
Mahu2021: raises 80 to 120
kaktusas888: folds 
Uncalled bet (80) returned to Mahu2021
Mahu2021 collected 80 from pot
Mahu2021: doesn't show hand 
*** SUMMARY ***
Total pot 80 | Rake 0 
Seat 2: kaktusas888 (button) (small blind) folded before Flop
Seat 3: Mahu2021 (big blind) collected (80)



PokerStars Hand #252846878169: Tournament #3810069389, $1.84+$0.16 USD Hold'em No Limit - Level III (20/40) - 2024/10/09 21:21:27 CET [2024/10/09 15:21:27 ET]
Table '3810069389 1' 3-max Seat #3 is the button
Seat 2: kaktusas888 (720 in chips) 
Seat 3: Mahu2021 (780 in chips) 
Mahu2021: posts small blind 20
kaktusas888: posts big blind 40
*** HOLE CARDS ***
Dealt to Mahu2021 [7d Td]
Mahu2021: calls 20
kaktusas888: raises 80 to 120
Mahu2021: calls 80
*** FLOP *** [8s 5d 9c]
kaktusas888: bets 40
Mahu2021: calls 40
*** TURN *** [8s 5d 9c] [Ks]
kaktusas888: checks 
Mahu2021: checks 
*** RIVER *** [8s 5d 9c Ks] [3h]
kaktusas888: checks 
Mahu2021: bets 620 and is all-in
kaktusas888: folds 
Uncalled bet (620) returned to Mahu2021
Mahu2021 collected 320 from pot
Mahu2021: doesn't show hand 
*** SUMMARY ***
Total pot 320 | Rake 0 
Board [8s 5d 9c Ks 3h]
Seat 2: kaktusas888 (big blind) folded on the River
Seat 3: Mahu2021 (button) (small blind) collected (320)



PokerStars Hand #252846884189: Tournament #3810069389, $1.84+$0.16 USD Hold'em No Limit - Level III (20/40) - 2024/10/09 21:21:47 CET [2024/10/09 15:21:47 ET]
Table '3810069389 1' 3-max Seat #2 is the button
Seat 2: kaktusas888 (560 in chips) 
Seat 3: Mahu2021 (940 in chips) 
kaktusas888: posts small blind 20
Mahu2021: posts big blind 40
*** HOLE CARDS ***
Dealt to Mahu2021 [3h 6c]
kaktusas888: folds 
Uncalled bet (20) returned to Mahu2021
Mahu2021 collected 40 from pot
Mahu2021: doesn't show hand 
*** SUMMARY ***
Total pot 40 | Rake 0 
Seat 2: kaktusas888 (button) (small blind) folded before Flop
Seat 3: Mahu2021 (big blind) collected (40)



PokerStars Hand #252846885489: Tournament #3810069389, $1.84+$0.16 USD Hold'em No Limit - Level III (20/40) - 2024/10/09 21:21:51 CET [2024/10/09 15:21:51 ET]
Table '3810069389 1' 3-max Seat #3 is the button
Seat 2: kaktusas888 (540 in chips) 
Seat 3: Mahu2021 (960 in chips) 
Mahu2021: posts small blind 20
kaktusas888: posts big blind 40
*** HOLE CARDS ***
Dealt to Mahu2021 [7s 4c]
Mahu2021: folds 
Uncalled bet (20) returned to kaktusas888
kaktusas888 collected 40 from pot
*** SUMMARY ***
Total pot 40 | Rake 0 
Seat 2: kaktusas888 (big blind) collected (40)
Seat 3: Mahu2021 (button) (small blind) folded before Flop



PokerStars Hand #252846886824: Tournament #3810069389, $1.84+$0.16 USD Hold'em No Limit - Level III (20/40) - 2024/10/09 21:21:55 CET [2024/10/09 15:21:55 ET]
Table '3810069389 1' 3-max Seat #2 is the button
Seat 2: kaktusas888 (560 in chips) 
Seat 3: Mahu2021 (940 in chips) 
kaktusas888: posts small blind 20
Mahu2021: posts big blind 40
*** HOLE CARDS ***
Dealt to Mahu2021 [2c Qd]
kaktusas888: calls 20
Mahu2021: checks 
*** FLOP *** [Th Ts 3h]
Mahu2021: checks 
kaktusas888: bets 40
Mahu2021: folds 
Uncalled bet (40) returned to kaktusas888
kaktusas888 collected 80 from pot
*** SUMMARY ***
Total pot 80 | Rake 0 
Board [Th Ts 3h]
Seat 2: kaktusas888 (button) (small blind) collected (80)
Seat 3: Mahu2021 (big blind) folded on the Flop



PokerStars Hand #252846889562: Tournament #3810069389, $1.84+$0.16 USD Hold'em No Limit - Level III (20/40) - 2024/10/09 21:22:03 CET [2024/10/09 15:22:03 ET]
Table '3810069389 1' 3-max Seat #3 is the button
Seat 2: kaktusas888 (600 in chips) 
Seat 3: Mahu2021 (900 in chips) 
Mahu2021: posts small blind 20
kaktusas888: posts big blind 40
*** HOLE CARDS ***
Dealt to Mahu2021 [3c 2h]
Mahu2021: folds 
Uncalled bet (20) returned to kaktusas888
kaktusas888 collected 40 from pot
*** SUMMARY ***
Total pot 40 | Rake 0 
Seat 2: kaktusas888 (big blind) collected (40)
Seat 3: Mahu2021 (button) (small blind) folded before Flop



PokerStars Hand #252846890808: Tournament #3810069389, $1.84+$0.16 USD Hold'em No Limit - Level III (20/40) - 2024/10/09 21:22:07 CET [2024/10/09 15:22:07 ET]
Table '3810069389 1' 3-max Seat #2 is the button
Seat 2: kaktusas888 (620 in chips) 
Seat 3: Mahu2021 (880 in chips) 
kaktusas888: posts small blind 20
Mahu2021: posts big blind 40
*** HOLE CARDS ***
Dealt to Mahu2021 [Ks 4h]
kaktusas888: calls 20
Mahu2021: checks 
*** FLOP *** [Qs 6h 8s]
Mahu2021: checks 
kaktusas888: bets 40
Mahu2021: folds 
Uncalled bet (40) returned to kaktusas888
kaktusas888 collected 80 from pot
*** SUMMARY ***
Total pot 80 | Rake 0 
Board [Qs 6h 8s]
Seat 2: kaktusas888 (button) (small blind) collected (80)
Seat 3: Mahu2021 (big blind) folded on the Flop



PokerStars Hand #252846893440: Tournament #3810069389, $1.84+$0.16 USD Hold'em No Limit - Level III (20/40) - 2024/10/09 21:22:16 CET [2024/10/09 15:22:16 ET]
Table '3810069389 1' 3-max Seat #3 is the button
Seat 2: kaktusas888 (660 in chips) 
Seat 3: Mahu2021 (840 in chips) 
Mahu2021: posts small blind 20
kaktusas888: posts big blind 40
*** HOLE CARDS ***
Dealt to Mahu2021 [6d 2c]
Mahu2021: folds 
Uncalled bet (20) returned to kaktusas888
kaktusas888 collected 40 from pot
*** SUMMARY ***
Total pot 40 | Rake 0 
Seat 2: kaktusas888 (big blind) collected (40)
Seat 3: Mahu2021 (button) (small blind) folded before Flop



PokerStars Hand #252846894695: Tournament #3810069389, $1.84+$0.16 USD Hold'em No Limit - Level III (20/40) - 2024/10/09 21:22:20 CET [2024/10/09 15:22:20 ET]
Table '3810069389 1' 3-max Seat #2 is the button
Seat 2: kaktusas888 (680 in chips) 
Seat 3: Mahu2021 (820 in chips) 
kaktusas888: posts small blind 20
Mahu2021: posts big blind 40
*** HOLE CARDS ***
Dealt to Mahu2021 [3h 9h]
kaktusas888: folds 
Uncalled bet (20) returned to Mahu2021
Mahu2021 collected 40 from pot
Mahu2021: doesn't show hand 
*** SUMMARY ***
Total pot 40 | Rake 0 
Seat 2: kaktusas888 (button) (small blind) folded before Flop
Seat 3: Mahu2021 (big blind) collected (40)



PokerStars Hand #252846896395: Tournament #3810069389, $1.84+$0.16 USD Hold'em No Limit - Level III (20/40) - 2024/10/09 21:22:25 CET [2024/10/09 15:22:25 ET]
Table '3810069389 1' 3-max Seat #3 is the button
Seat 2: kaktusas888 (660 in chips) 
Seat 3: Mahu2021 (840 in chips) 
Mahu2021: posts small blind 20
kaktusas888: posts big blind 40
*** HOLE CARDS ***
Dealt to Mahu2021 [6d 5s]
Mahu2021: calls 20
kaktusas888: checks 
*** FLOP *** [7c Kc 3h]
kaktusas888: checks 
Mahu2021: bets 40
kaktusas888: calls 40
*** TURN *** [7c Kc 3h] [As]
kaktusas888: checks 
Mahu2021: checks 
*** RIVER *** [7c Kc 3h As] [Qd]
kaktusas888: checks 
Mahu2021: checks 
*** SHOW DOWN ***
kaktusas888: shows [Td 3c] (a pair of Threes)
Mahu2021: mucks hand 
kaktusas888 collected 160 from pot
*** SUMMARY ***
Total pot 160 | Rake 0 
Board [7c Kc 3h As Qd]
Seat 2: kaktusas888 (big blind) showed [Td 3c] and won (160) with a pair of Threes
Seat 3: Mahu2021 (button) (small blind) mucked [6d 5s]



PokerStars Hand #252846901589: Tournament #3810069389, $1.84+$0.16 USD Hold'em No Limit - Level III (20/40) - 2024/10/09 21:22:42 CET [2024/10/09 15:22:42 ET]
Table '3810069389 1' 3-max Seat #2 is the button
Seat 2: kaktusas888 (740 in chips) 
Seat 3: Mahu2021 (760 in chips) 
kaktusas888: posts small blind 20
Mahu2021: posts big blind 40
*** HOLE CARDS ***
Dealt to Mahu2021 [6c 8s]
kaktusas888: calls 20
Mahu2021: checks 
*** FLOP *** [5h 3d 9c]
Mahu2021: checks 
kaktusas888: bets 40
Mahu2021: calls 40
*** TURN *** [5h 3d 9c] [2s]
Mahu2021: checks 
kaktusas888: bets 120
Mahu2021: calls 120
*** RIVER *** [5h 3d 9c 2s] [Ks]
Mahu2021: checks 
kaktusas888: checks 
*** SHOW DOWN ***
Mahu2021: shows [6c 8s] (high card King)
kaktusas888: shows [Qc 4c] (high card King - Queen kicker)
kaktusas888 collected 400 from pot
*** SUMMARY ***
Total pot 400 | Rake 0 
Board [5h 3d 9c 2s Ks]
Seat 2: kaktusas888 (button) (small blind) showed [Qc 4c] and won (400) with high card King
Seat 3: Mahu2021 (big blind) showed [6c 8s] and lost with high card King



PokerStars Hand #252846906962: Tournament #3810069389, $1.84+$0.16 USD Hold'em No Limit - Level III (20/40) - 2024/10/09 21:23:00 CET [2024/10/09 15:23:00 ET]
Table '3810069389 1' 3-max Seat #3 is the button
Seat 2: kaktusas888 (940 in chips) 
Seat 3: Mahu2021 (560 in chips) 
Mahu2021: posts small blind 20
kaktusas888: posts big blind 40
*** HOLE CARDS ***
Dealt to Mahu2021 [5c 6c]
Mahu2021: calls 20
kaktusas888: checks 
*** FLOP *** [Th Kc 8s]
kaktusas888: checks 
Mahu2021: checks 
*** TURN *** [Th Kc 8s] [Jh]
kaktusas888: checks 
Mahu2021: bets 40
kaktusas888: calls 40
*** RIVER *** [Th Kc 8s Jh] [Kd]
kaktusas888: checks 
Mahu2021: checks 
*** SHOW DOWN ***
kaktusas888: shows [2h 3h] (a pair of Kings)
Mahu2021: shows [5c 6c] (a pair of Kings)
kaktusas888 collected 80 from pot
Mahu2021 collected 80 from pot
*** SUMMARY ***
Total pot 160 | Rake 0 
Board [Th Kc 8s Jh Kd]
Seat 2: kaktusas888 (big blind) showed [2h 3h] and won (80) with a pair of Kings
Seat 3: Mahu2021 (button) (small blind) showed [5c 6c] and won (80) with a pair of Kings



PokerStars Hand #252846911273: Tournament #3810069389, $1.84+$0.16 USD Hold'em No Limit - Level III (20/40) - 2024/10/09 21:23:13 CET [2024/10/09 15:23:13 ET]
Table '3810069389 1' 3-max Seat #2 is the button
Seat 2: kaktusas888 (940 in chips) 
Seat 3: Mahu2021 (560 in chips) 
kaktusas888: posts small blind 20
Mahu2021: posts big blind 40
*** HOLE CARDS ***
Dealt to Mahu2021 [4c 5c]
kaktusas888: calls 20
Mahu2021: checks 
*** FLOP *** [Kc Qh 6s]
Mahu2021: checks 
kaktusas888: bets 40
Mahu2021: folds 
Uncalled bet (40) returned to kaktusas888
kaktusas888 collected 80 from pot
*** SUMMARY ***
Total pot 80 | Rake 0 
Board [Kc Qh 6s]
Seat 2: kaktusas888 (button) (small blind) collected (80)
Seat 3: Mahu2021 (big blind) folded on the Flop



PokerStars Hand #252846914160: Tournament #3810069389, $1.84+$0.16 USD Hold'em No Limit - Level III (20/40) - 2024/10/09 21:23:22 CET [2024/10/09 15:23:22 ET]
Table '3810069389 1' 3-max Seat #3 is the button
Seat 2: kaktusas888 (980 in chips) 
Seat 3: Mahu2021 (520 in chips) 
Mahu2021: posts small blind 20
kaktusas888: posts big blind 40
*** HOLE CARDS ***
Dealt to Mahu2021 [7h Ad]
Mahu2021: raises 40 to 80
kaktusas888: calls 40
*** FLOP *** [9c 5h Qd]
kaktusas888: checks 
Mahu2021: checks 
*** TURN *** [9c 5h Qd] [Tc]
kaktusas888: checks 
Mahu2021: checks 
*** RIVER *** [9c 5h Qd Tc] [Js]
kaktusas888: bets 40
Mahu2021: folds 
Uncalled bet (40) returned to kaktusas888
kaktusas888 collected 160 from pot
*** SUMMARY ***
Total pot 160 | Rake 0 
Board [9c 5h Qd Tc Js]
Seat 2: kaktusas888 (big blind) collected (160)
Seat 3: Mahu2021 (button) (small blind) folded on the River



PokerStars Hand #252846918564: Tournament #3810069389, $1.84+$0.16 USD Hold'em No Limit - Level IV (30/60) - 2024/10/09 21:23:37 CET [2024/10/09 15:23:37 ET]
Table '3810069389 1' 3-max Seat #2 is the button
Seat 2: kaktusas888 (1060 in chips) 
Seat 3: Mahu2021 (440 in chips) 
kaktusas888: posts small blind 30
Mahu2021: posts big blind 60
*** HOLE CARDS ***
Dealt to Mahu2021 [Jd Ac]
kaktusas888: raises 1000 to 1060 and is all-in
Mahu2021: calls 380 and is all-in
Uncalled bet (620) returned to kaktusas888
*** FLOP *** [3c Jc 2h]
*** TURN *** [3c Jc 2h] [9d]
*** RIVER *** [3c Jc 2h 9d] [Qd]
*** SHOW DOWN ***
Mahu2021: shows [Jd Ac] (a pair of Jacks)
kaktusas888: shows [5c Kh] (high card King)
Mahu2021 collected 880 from pot
*** SUMMARY ***
Total pot 880 | Rake 0 
Board [3c Jc 2h 9d Qd]
Seat 2: kaktusas888 (button) (small blind) showed [5c Kh] and lost with high card King
Seat 3: Mahu2021 (big blind) showed [Jd Ac] and won (880) with a pair of Jacks



PokerStars Hand #252846922331: Tournament #3810069389, $1.84+$0.16 USD Hold'em No Limit - Level IV (30/60) - 2024/10/09 21:23:49 CET [2024/10/09 15:23:49 ET]
Table '3810069389 1' 3-max Seat #3 is the button
Seat 2: kaktusas888 (620 in chips) 
Seat 3: Mahu2021 (880 in chips) 
Mahu2021: posts small blind 30
kaktusas888: posts big blind 60
*** HOLE CARDS ***
Dealt to Mahu2021 [Jd Qc]
Mahu2021: raises 60 to 120
kaktusas888: calls 60
*** FLOP *** [4s Kd 2d]
kaktusas888: checks 
Mahu2021: checks 
*** TURN *** [4s Kd 2d] [5h]
kaktusas888: bets 180
Mahu2021: folds 
Uncalled bet (180) returned to kaktusas888
kaktusas888 collected 240 from pot
*** SUMMARY ***
Total pot 240 | Rake 0 
Board [4s Kd 2d 5h]
Seat 2: kaktusas888 (big blind) collected (240)
Seat 3: Mahu2021 (button) (small blind) folded on the Turn



PokerStars Hand #252846926283: Tournament #3810069389, $1.84+$0.16 USD Hold'em No Limit - Level IV (30/60) - 2024/10/09 21:24:01 CET [2024/10/09 15:24:01 ET]
Table '3810069389 1' 3-max Seat #2 is the button
Seat 2: kaktusas888 (740 in chips) 
Seat 3: Mahu2021 (760 in chips) 
kaktusas888: posts small blind 30
Mahu2021: posts big blind 60
*** HOLE CARDS ***
Dealt to Mahu2021 [As Td]
kaktusas888: calls 30
Mahu2021: raises 700 to 760 and is all-in
kaktusas888: folds 
Uncalled bet (700) returned to Mahu2021
Mahu2021 collected 120 from pot
Mahu2021: doesn't show hand 
*** SUMMARY ***
Total pot 120 | Rake 0 
Seat 2: kaktusas888 (button) (small blind) folded before Flop
Seat 3: Mahu2021 (big blind) collected (120)



PokerStars Hand #252846928539: Tournament #3810069389, $1.84+$0.16 USD Hold'em No Limit - Level IV (30/60) - 2024/10/09 21:24:09 CET [2024/10/09 15:24:09 ET]
Table '3810069389 1' 3-max Seat #3 is the button
Seat 2: kaktusas888 (680 in chips) 
Seat 3: Mahu2021 (820 in chips) 
Mahu2021: posts small blind 30
kaktusas888: posts big blind 60
*** HOLE CARDS ***
Dealt to Mahu2021 [7s 9s]
Mahu2021: calls 30
kaktusas888: checks 
*** FLOP *** [8s Td Kd]
kaktusas888: checks 
Mahu2021: bets 60
kaktusas888: folds 
Uncalled bet (60) returned to Mahu2021
Mahu2021 collected 120 from pot
Mahu2021: doesn't show hand 
*** SUMMARY ***
Total pot 120 | Rake 0 
Board [8s Td Kd]
Seat 2: kaktusas888 (big blind) folded on the Flop
Seat 3: Mahu2021 (button) (small blind) collected (120)



PokerStars Hand #252846931303: Tournament #3810069389, $1.84+$0.16 USD Hold'em No Limit - Level IV (30/60) - 2024/10/09 21:24:17 CET [2024/10/09 15:24:17 ET]
Table '3810069389 1' 3-max Seat #2 is the button
Seat 2: kaktusas888 (620 in chips) 
Seat 3: Mahu2021 (880 in chips) 
kaktusas888: posts small blind 30
Mahu2021: posts big blind 60
*** HOLE CARDS ***
Dealt to Mahu2021 [7s 7h]
kaktusas888: folds 
Uncalled bet (30) returned to Mahu2021
Mahu2021 collected 60 from pot
Mahu2021: doesn't show hand 
*** SUMMARY ***
Total pot 60 | Rake 0 
Seat 2: kaktusas888 (button) (small blind) folded before Flop
Seat 3: Mahu2021 (big blind) collected (60)



PokerStars Hand #252846932627: Tournament #3810069389, $1.84+$0.16 USD Hold'em No Limit - Level IV (30/60) - 2024/10/09 21:24:22 CET [2024/10/09 15:24:22 ET]
Table '3810069389 1' 3-max Seat #3 is the button
Seat 2: kaktusas888 (590 in chips) 
Seat 3: Mahu2021 (910 in chips) 
Mahu2021: posts small blind 30
kaktusas888: posts big blind 60
*** HOLE CARDS ***
Dealt to Mahu2021 [6s 8h]
Mahu2021: calls 30
kaktusas888: raises 530 to 590 and is all-in
Mahu2021: folds 
Uncalled bet (530) returned to kaktusas888
kaktusas888 collected 120 from pot
*** SUMMARY ***
Total pot 120 | Rake 0 
Seat 2: kaktusas888 (big blind) collected (120)
Seat 3: Mahu2021 (button) (small blind) folded before Flop



PokerStars Hand #252846934630: Tournament #3810069389, $1.84+$0.16 USD Hold'em No Limit - Level IV (30/60) - 2024/10/09 21:24:28 CET [2024/10/09 15:24:28 ET]
Table '3810069389 1' 3-max Seat #2 is the button
Seat 2: kaktusas888 (650 in chips) 
Seat 3: Mahu2021 (850 in chips) 
kaktusas888: posts small blind 30
Mahu2021: posts big blind 60
*** HOLE CARDS ***
Dealt to Mahu2021 [9h Jh]
kaktusas888: calls 30
Mahu2021: checks 
*** FLOP *** [9d 6h 5h]
Mahu2021: bets 120
kaktusas888: calls 120
*** TURN *** [9d 6h 5h] [Ac]
Mahu2021: bets 120
kaktusas888: calls 120
*** RIVER *** [9d 6h 5h Ac] [8d]
Mahu2021: bets 550 and is all-in
kaktusas888: folds 
Uncalled bet (550) returned to Mahu2021
Mahu2021 collected 600 from pot
Mahu2021: doesn't show hand 
*** SUMMARY ***
Total pot 600 | Rake 0 
Board [9d 6h 5h Ac 8d]
Seat 2: kaktusas888 (button) (small blind) folded on the River
Seat 3: Mahu2021 (big blind) collected (600)



PokerStars Hand #252846939665: Tournament #3810069389, $1.84+$0.16 USD Hold'em No Limit - Level IV (30/60) - 2024/10/09 21:24:44 CET [2024/10/09 15:24:44 ET]
Table '3810069389 1' 3-max Seat #3 is the button
Seat 2: kaktusas888 (350 in chips) 
Seat 3: Mahu2021 (1150 in chips) 
Mahu2021: posts small blind 30
kaktusas888: posts big blind 60
*** HOLE CARDS ***
Dealt to Mahu2021 [9c Qc]
Mahu2021: calls 30
kaktusas888: raises 290 to 350 and is all-in
Mahu2021: calls 290
*** FLOP *** [Ks 2d 8c]
*** TURN *** [Ks 2d 8c] [4d]
*** RIVER *** [Ks 2d 8c 4d] [9h]
*** SHOW DOWN ***
kaktusas888: shows [8h Ts] (a pair of Eights)
Mahu2021: shows [9c Qc] (a pair of Nines)
Mahu2021 collected 700 from pot
kaktusas888 finished the tournament in 2nd place
Mahu2021 wins the tournament and receives $6.00 - congratulations!
*** SUMMARY ***
Total pot 700 | Rake 0 
Board [Ks 2d 8c 4d 9h]
Seat 2: kaktusas888 (big blind) showed [8h Ts] and lost with a pair of Eights
Seat 3: Mahu2021 (button) (small blind) showed [9c Qc] and won (700) with a pair of Nines



