PokerStars Hand #246921354228: Tournament #3668241255, $1.84+$0.16 USD Hold'em No Limit - Level I (10/20) - 2023/11/04 15:36:56 CET [2023/11/04 10:36:56 ET]
Table '3668241255 1' 3-max Seat #1 is the button
Seat 1: semirami2 (500 in chips) 
Seat 2: nybo247 (500 in chips) 
Seat 3: Mahu2021 (500 in chips) 
nybo247: posts small blind 10
Mahu2021: posts big blind 20
*** HOLE CARDS ***
Dealt to Mahu2021 [Kh 8d]
semirami2: folds 
nybo247: calls 10
Mahu2021: checks 
*** FLOP *** [7s Js 3c]
nybo247: checks 
Mahu2021: checks 
*** TURN *** [7s Js 3c] [8h]
nybo247: bets 20
Mahu2021: calls 20
*** RIVER *** [7s Js 3c 8h] [2c]
nybo247: checks 
Mahu2021: checks 
*** SHOW DOWN ***
nybo247: shows [Tc 6d] (high card Jack)
Mahu2021: shows [Kh 8d] (a pair of Eights)
Mahu2021 collected 80 from pot
*** SUMMARY ***
Total pot 80 | Rake 0 
Board [7s Js 3c 8h 2c]
Seat 1: semirami2 (button) folded before Flop (didn't bet)
Seat 2: nybo247 (small blind) showed [Tc 6d] and lost with high card Jack
Seat 3: Mahu2021 (big blind) showed [Kh 8d] and won (80) with a pair of Eights



PokerStars Hand #246921358949: Tournament #3668241255, $1.84+$0.16 USD Hold'em No Limit - Level I (10/20) - 2023/11/04 15:37:14 CET [2023/11/04 10:37:14 ET]
Table '3668241255 1' 3-max Seat #2 is the button
Seat 1: semirami2 (500 in chips) 
Seat 2: nybo247 (460 in chips) 
Seat 3: Mahu2021 (540 in chips) 
Mahu2021: posts small blind 10
semirami2: posts big blind 20
*** HOLE CARDS ***
Dealt to Mahu2021 [Ac 4d]
nybo247: calls 20
Mahu2021: calls 10
semirami2: checks 
*** FLOP *** [As Ah 3s]
Mahu2021: checks 
semirami2: checks 
nybo247: bets 40
Mahu2021: calls 40
semirami2: folds 
*** TURN *** [As Ah 3s] [Kh]
Mahu2021: checks 
nybo247: checks 
*** RIVER *** [As Ah 3s Kh] [Jc]
Mahu2021: bets 140
nybo247: folds 
Uncalled bet (140) returned to Mahu2021
Mahu2021 collected 140 from pot
Mahu2021: doesn't show hand 
*** SUMMARY ***
Total pot 140 | Rake 0 
Board [As Ah 3s Kh Jc]
Seat 1: semirami2 (big blind) folded on the Flop
Seat 2: nybo247 (button) folded on the River
Seat 3: Mahu2021 (small blind) collected (140)



PokerStars Hand #246921365665: Tournament #3668241255, $1.84+$0.16 USD Hold'em No Limit - Level I (10/20) - 2023/11/04 15:37:40 CET [2023/11/04 10:37:40 ET]
Table '3668241255 1' 3-max Seat #3 is the button
Seat 1: semirami2 (480 in chips) 
Seat 2: nybo247 (400 in chips) 
Seat 3: Mahu2021 (620 in chips) 
semirami2: posts small blind 10
nybo247: posts big blind 20
*** HOLE CARDS ***
Dealt to Mahu2021 [Jc Kd]
Mahu2021: raises 20 to 40
semirami2: folds 
nybo247: raises 360 to 400 and is all-in
Mahu2021: folds 
Uncalled bet (360) returned to nybo247
nybo247 collected 90 from pot
*** SUMMARY ***
Total pot 90 | Rake 0 
Seat 1: semirami2 (small blind) folded before Flop
Seat 2: nybo247 (big blind) collected (90)
Seat 3: Mahu2021 (button) folded before Flop



PokerStars Hand #246921368120: Tournament #3668241255, $1.84+$0.16 USD Hold'em No Limit - Level I (10/20) - 2023/11/04 15:37:49 CET [2023/11/04 10:37:49 ET]
Table '3668241255 1' 3-max Seat #1 is the button
Seat 1: semirami2 (470 in chips) 
Seat 2: nybo247 (450 in chips) 
Seat 3: Mahu2021 (580 in chips) 
nybo247: posts small blind 10
Mahu2021: posts big blind 20
*** HOLE CARDS ***
Dealt to Mahu2021 [Ad 6d]
semirami2: folds 
nybo247: raises 40 to 60
Mahu2021: calls 40
*** FLOP *** [9c Th 2s]
nybo247: checks 
Mahu2021: checks 
*** TURN *** [9c Th 2s] [6c]
nybo247: checks 
Mahu2021: bets 40
nybo247: calls 40
*** RIVER *** [9c Th 2s 6c] [7d]
nybo247: checks 
Mahu2021: checks 
*** SHOW DOWN ***
nybo247: shows [Kh 5d] (high card King)
Mahu2021: shows [Ad 6d] (a pair of Sixes)
Mahu2021 collected 200 from pot
*** SUMMARY ***
Total pot 200 | Rake 0 
Board [9c Th 2s 6c 7d]
Seat 1: semirami2 (button) folded before Flop (didn't bet)
Seat 2: nybo247 (small blind) showed [Kh 5d] and lost with high card King
Seat 3: Mahu2021 (big blind) showed [Ad 6d] and won (200) with a pair of Sixes



PokerStars Hand #246921374016: Tournament #3668241255, $1.84+$0.16 USD Hold'em No Limit - Level I (10/20) - 2023/11/04 15:38:12 CET [2023/11/04 10:38:12 ET]
Table '3668241255 1' 3-max Seat #2 is the button
Seat 1: semirami2 (470 in chips) 
Seat 2: nybo247 (350 in chips) 
Seat 3: Mahu2021 (680 in chips) 
Mahu2021: posts small blind 10
semirami2: posts big blind 20
*** HOLE CARDS ***
Dealt to Mahu2021 [2h 9h]
nybo247: calls 20
Mahu2021: folds 
semirami2: checks 
*** FLOP *** [Qh Tc Kh]
semirami2: checks 
nybo247: bets 20
semirami2: calls 20
*** TURN *** [Qh Tc Kh] [2d]
semirami2: checks 
nybo247: bets 80
semirami2: folds 
Uncalled bet (80) returned to nybo247
nybo247 collected 90 from pot
*** SUMMARY ***
Total pot 90 | Rake 0 
Board [Qh Tc Kh 2d]
Seat 1: semirami2 (big blind) folded on the Turn
Seat 2: nybo247 (button) collected (90)
Seat 3: Mahu2021 (small blind) folded before Flop



PokerStars Hand #246921379056: Tournament #3668241255, $1.84+$0.16 USD Hold'em No Limit - Level I (10/20) - 2023/11/04 15:38:31 CET [2023/11/04 10:38:31 ET]
Table '3668241255 1' 3-max Seat #3 is the button
Seat 1: semirami2 (430 in chips) 
Seat 2: nybo247 (400 in chips) 
Seat 3: Mahu2021 (670 in chips) 
semirami2: posts small blind 10
nybo247: posts big blind 20
*** HOLE CARDS ***
Dealt to Mahu2021 [2s 5d]
Mahu2021: folds 
semirami2: folds 
Uncalled bet (10) returned to nybo247
nybo247 collected 20 from pot
*** SUMMARY ***
Total pot 20 | Rake 0 
Seat 1: semirami2 (small blind) folded before Flop
Seat 2: nybo247 (big blind) collected (20)
Seat 3: Mahu2021 (button) folded before Flop (didn't bet)



PokerStars Hand #246921380300: Tournament #3668241255, $1.84+$0.16 USD Hold'em No Limit - Level I (10/20) - 2023/11/04 15:38:36 CET [2023/11/04 10:38:36 ET]
Table '3668241255 1' 3-max Seat #1 is the button
Seat 1: semirami2 (420 in chips) 
Seat 2: nybo247 (410 in chips) 
Seat 3: Mahu2021 (670 in chips) 
nybo247: posts small blind 10
Mahu2021: posts big blind 20
*** HOLE CARDS ***
Dealt to Mahu2021 [Th 4d]
semirami2: folds 
nybo247: calls 10
Mahu2021: checks 
*** FLOP *** [5s Kd 9s]
nybo247: checks 
Mahu2021: checks 
*** TURN *** [5s Kd 9s] [Qc]
nybo247: checks 
Mahu2021: bets 20
nybo247: calls 20
*** RIVER *** [5s Kd 9s Qc] [9d]
nybo247: checks 
Mahu2021: bets 80
nybo247: folds 
Uncalled bet (80) returned to Mahu2021
Mahu2021 collected 80 from pot
Mahu2021: doesn't show hand 
*** SUMMARY ***
Total pot 80 | Rake 0 
Board [5s Kd 9s Qc 9d]
Seat 1: semirami2 (button) folded before Flop (didn't bet)
Seat 2: nybo247 (small blind) folded on the River
Seat 3: Mahu2021 (big blind) collected (80)



PokerStars Hand #246921385389: Tournament #3668241255, $1.84+$0.16 USD Hold'em No Limit - Level I (10/20) - 2023/11/04 15:38:55 CET [2023/11/04 10:38:55 ET]
Table '3668241255 1' 3-max Seat #2 is the button
Seat 1: semirami2 (420 in chips) 
Seat 2: nybo247 (370 in chips) 
Seat 3: Mahu2021 (710 in chips) 
Mahu2021: posts small blind 10
semirami2: posts big blind 20
*** HOLE CARDS ***
Dealt to Mahu2021 [Kd 2h]
nybo247: raises 350 to 370 and is all-in
Mahu2021: folds 
semirami2: folds 
Uncalled bet (350) returned to nybo247
nybo247 collected 50 from pot
*** SUMMARY ***
Total pot 50 | Rake 0 
Seat 1: semirami2 (big blind) folded before Flop
Seat 2: nybo247 (button) collected (50)
Seat 3: Mahu2021 (small blind) folded before Flop



PokerStars Hand #246921387492: Tournament #3668241255, $1.84+$0.16 USD Hold'em No Limit - Level I (10/20) - 2023/11/04 15:39:04 CET [2023/11/04 10:39:04 ET]
Table '3668241255 1' 3-max Seat #3 is the button
Seat 1: semirami2 (400 in chips) 
Seat 2: nybo247 (400 in chips) 
Seat 3: Mahu2021 (700 in chips) 
semirami2: posts small blind 10
nybo247: posts big blind 20
*** HOLE CARDS ***
Dealt to Mahu2021 [Ts 5c]
Mahu2021: folds 
semirami2: calls 10
nybo247: checks 
*** FLOP *** [Qh Js 4d]
semirami2: bets 20
nybo247: calls 20
*** TURN *** [Qh Js 4d] [6d]
semirami2: checks 
nybo247: checks 
*** RIVER *** [Qh Js 4d 6d] [4c]
semirami2: checks 
nybo247: checks 
*** SHOW DOWN ***
semirami2: shows [Jh 9s] (two pair, Jacks and Fours)
nybo247: mucks hand 
semirami2 collected 80 from pot
*** SUMMARY ***
Total pot 80 | Rake 0 
Board [Qh Js 4d 6d 4c]
Seat 1: semirami2 (small blind) showed [Jh 9s] and won (80) with two pair, Jacks and Fours
Seat 2: nybo247 (big blind) mucked [Kd 3d]
Seat 3: Mahu2021 (button) folded before Flop (didn't bet)



PokerStars Hand #246921391530: Tournament #3668241255, $1.84+$0.16 USD Hold'em No Limit - Level I (10/20) - 2023/11/04 15:39:19 CET [2023/11/04 10:39:19 ET]
Table '3668241255 1' 3-max Seat #1 is the button
Seat 1: semirami2 (440 in chips) 
Seat 2: nybo247 (360 in chips) 
Seat 3: Mahu2021 (700 in chips) 
nybo247: posts small blind 10
Mahu2021: posts big blind 20
*** HOLE CARDS ***
Dealt to Mahu2021 [4h 4s]
semirami2: folds 
nybo247: folds 
Uncalled bet (10) returned to Mahu2021
Mahu2021 collected 20 from pot
Mahu2021: doesn't show hand 
*** SUMMARY ***
Total pot 20 | Rake 0 
Seat 1: semirami2 (button) folded before Flop (didn't bet)
Seat 2: nybo247 (small blind) folded before Flop
Seat 3: Mahu2021 (big blind) collected (20)



PokerStars Hand #246921392729: Tournament #3668241255, $1.84+$0.16 USD Hold'em No Limit - Level I (10/20) - 2023/11/04 15:39:24 CET [2023/11/04 10:39:24 ET]
Table '3668241255 1' 3-max Seat #2 is the button
Seat 1: semirami2 (440 in chips) 
Seat 2: nybo247 (350 in chips) 
Seat 3: Mahu2021 (710 in chips) 
Mahu2021: posts small blind 10
semirami2: posts big blind 20
*** HOLE CARDS ***
Dealt to Mahu2021 [7h 2c]
nybo247: calls 20
Mahu2021: folds 
semirami2: checks 
*** FLOP *** [7d 9c 6h]
semirami2: checks 
nybo247: bets 60
semirami2: calls 60
*** TURN *** [7d 9c 6h] [Qh]
semirami2: checks 
nybo247: bets 60
semirami2: calls 60
*** RIVER *** [7d 9c 6h Qh] [5h]
semirami2: bets 191
nybo247: folds [9d]
Uncalled bet (191) returned to semirami2
semirami2 collected 290 from pot
semirami2: doesn't show hand 
*** SUMMARY ***
Total pot 290 | Rake 0 
Board [7d 9c 6h Qh 5h]
Seat 1: semirami2 (big blind) collected (290)
Seat 2: nybo247 (button) folded on the River
Seat 3: Mahu2021 (small blind) folded before Flop



PokerStars Hand #246921403823: Tournament #3668241255, $1.84+$0.16 USD Hold'em No Limit - Level II (15/30) - 2023/11/04 15:40:07 CET [2023/11/04 10:40:07 ET]
Table '3668241255 1' 3-max Seat #3 is the button
Seat 1: semirami2 (590 in chips) 
Seat 2: nybo247 (210 in chips) 
Seat 3: Mahu2021 (700 in chips) 
semirami2: posts small blind 15
nybo247: posts big blind 30
*** HOLE CARDS ***
Dealt to Mahu2021 [Js 3h]
Mahu2021: folds 
semirami2: raises 560 to 590 and is all-in
nybo247: folds 
Uncalled bet (560) returned to semirami2
semirami2 collected 60 from pot
semirami2: doesn't show hand 
*** SUMMARY ***
Total pot 60 | Rake 0 
Seat 1: semirami2 (small blind) collected (60)
Seat 2: nybo247 (big blind) folded before Flop
Seat 3: Mahu2021 (button) folded before Flop (didn't bet)



PokerStars Hand #246921405574: Tournament #3668241255, $1.84+$0.16 USD Hold'em No Limit - Level II (15/30) - 2023/11/04 15:40:13 CET [2023/11/04 10:40:13 ET]
Table '3668241255 1' 3-max Seat #1 is the button
Seat 1: semirami2 (620 in chips) 
Seat 2: nybo247 (180 in chips) 
Seat 3: Mahu2021 (700 in chips) 
nybo247: posts small blind 15
Mahu2021: posts big blind 30
*** HOLE CARDS ***
Dealt to Mahu2021 [Qd 6h]
semirami2: folds 
nybo247: folds 
Uncalled bet (15) returned to Mahu2021
Mahu2021 collected 30 from pot
Mahu2021: doesn't show hand 
*** SUMMARY ***
Total pot 30 | Rake 0 
Seat 1: semirami2 (button) folded before Flop (didn't bet)
Seat 2: nybo247 (small blind) folded before Flop
Seat 3: Mahu2021 (big blind) collected (30)



PokerStars Hand #246921407315: Tournament #3668241255, $1.84+$0.16 USD Hold'em No Limit - Level II (15/30) - 2023/11/04 15:40:20 CET [2023/11/04 10:40:20 ET]
Table '3668241255 1' 3-max Seat #2 is the button
Seat 1: semirami2 (620 in chips) 
Seat 2: nybo247 (165 in chips) 
Seat 3: Mahu2021 (715 in chips) 
Mahu2021: posts small blind 15
semirami2: posts big blind 30
*** HOLE CARDS ***
Dealt to Mahu2021 [2h 8d]
nybo247: folds 
Mahu2021: folds 
Uncalled bet (15) returned to semirami2
semirami2 collected 30 from pot
semirami2: doesn't show hand 
*** SUMMARY ***
Total pot 30 | Rake 0 
Seat 1: semirami2 (big blind) collected (30)
Seat 2: nybo247 (button) folded before Flop (didn't bet)
Seat 3: Mahu2021 (small blind) folded before Flop



PokerStars Hand #246921408466: Tournament #3668241255, $1.84+$0.16 USD Hold'em No Limit - Level II (15/30) - 2023/11/04 15:40:25 CET [2023/11/04 10:40:25 ET]
Table '3668241255 1' 3-max Seat #3 is the button
Seat 1: semirami2 (635 in chips) 
Seat 2: nybo247 (165 in chips) 
Seat 3: Mahu2021 (700 in chips) 
semirami2: posts small blind 15
nybo247: posts big blind 30
*** HOLE CARDS ***
Dealt to Mahu2021 [4h Qs]
Mahu2021: folds 
semirami2: folds 
Uncalled bet (15) returned to nybo247
nybo247 collected 30 from pot
*** SUMMARY ***
Total pot 30 | Rake 0 
Seat 1: semirami2 (small blind) folded before Flop
Seat 2: nybo247 (big blind) collected (30)
Seat 3: Mahu2021 (button) folded before Flop (didn't bet)



PokerStars Hand #246921410064: Tournament #3668241255, $1.84+$0.16 USD Hold'em No Limit - Level II (15/30) - 2023/11/04 15:40:31 CET [2023/11/04 10:40:31 ET]
Table '3668241255 1' 3-max Seat #1 is the button
Seat 1: semirami2 (620 in chips) 
Seat 2: nybo247 (180 in chips) 
Seat 3: Mahu2021 (700 in chips) 
nybo247: posts small blind 15
Mahu2021: posts big blind 30
*** HOLE CARDS ***
Dealt to Mahu2021 [Th 5h]
semirami2: folds 
nybo247: raises 150 to 180 and is all-in
Mahu2021: folds 
Uncalled bet (150) returned to nybo247
nybo247 collected 60 from pot
*** SUMMARY ***
Total pot 60 | Rake 0 
Seat 1: semirami2 (button) folded before Flop (didn't bet)
Seat 2: nybo247 (small blind) collected (60)
Seat 3: Mahu2021 (big blind) folded before Flop



PokerStars Hand #246921411911: Tournament #3668241255, $1.84+$0.16 USD Hold'em No Limit - Level II (15/30) - 2023/11/04 15:40:38 CET [2023/11/04 10:40:38 ET]
Table '3668241255 1' 3-max Seat #2 is the button
Seat 1: semirami2 (620 in chips) 
Seat 2: nybo247 (210 in chips) 
Seat 3: Mahu2021 (670 in chips) 
Mahu2021: posts small blind 15
semirami2: posts big blind 30
*** HOLE CARDS ***
Dealt to Mahu2021 [As 5h]
nybo247: folds 
Mahu2021: calls 15
semirami2: checks 
*** FLOP *** [4h 5s Ks]
Mahu2021: bets 30
semirami2: folds 
Uncalled bet (30) returned to Mahu2021
Mahu2021 collected 60 from pot
Mahu2021: doesn't show hand 
*** SUMMARY ***
Total pot 60 | Rake 0 
Board [4h 5s Ks]
Seat 1: semirami2 (big blind) folded on the Flop
Seat 2: nybo247 (button) folded before Flop (didn't bet)
Seat 3: Mahu2021 (small blind) collected (60)



PokerStars Hand #246921415458: Tournament #3668241255, $1.84+$0.16 USD Hold'em No Limit - Level II (15/30) - 2023/11/04 15:40:52 CET [2023/11/04 10:40:52 ET]
Table '3668241255 1' 3-max Seat #3 is the button
Seat 1: semirami2 (590 in chips) 
Seat 2: nybo247 (210 in chips) 
Seat 3: Mahu2021 (700 in chips) 
semirami2: posts small blind 15
nybo247: posts big blind 30
*** HOLE CARDS ***
Dealt to Mahu2021 [9d Td]
Mahu2021: calls 30
semirami2: folds 
nybo247: checks 
*** FLOP *** [7s Th Ad]
nybo247: checks 
Mahu2021: bets 30
nybo247: folds 
Uncalled bet (30) returned to Mahu2021
Mahu2021 collected 75 from pot
Mahu2021: doesn't show hand 
*** SUMMARY ***
Total pot 75 | Rake 0 
Board [7s Th Ad]
Seat 1: semirami2 (small blind) folded before Flop
Seat 2: nybo247 (big blind) folded on the Flop
Seat 3: Mahu2021 (button) collected (75)



PokerStars Hand #246921418793: Tournament #3668241255, $1.84+$0.16 USD Hold'em No Limit - Level II (15/30) - 2023/11/04 15:41:04 CET [2023/11/04 10:41:04 ET]
Table '3668241255 1' 3-max Seat #1 is the button
Seat 1: semirami2 (575 in chips) 
Seat 2: nybo247 (180 in chips) 
Seat 3: Mahu2021 (745 in chips) 
nybo247: posts small blind 15
Mahu2021: posts big blind 30
*** HOLE CARDS ***
Dealt to Mahu2021 [7s 2d]
semirami2: folds 
nybo247: raises 150 to 180 and is all-in
Mahu2021: folds 
Uncalled bet (150) returned to nybo247
nybo247 collected 60 from pot
*** SUMMARY ***
Total pot 60 | Rake 0 
Seat 1: semirami2 (button) folded before Flop (didn't bet)
Seat 2: nybo247 (small blind) collected (60)
Seat 3: Mahu2021 (big blind) folded before Flop



PokerStars Hand #246921420413: Tournament #3668241255, $1.84+$0.16 USD Hold'em No Limit - Level II (15/30) - 2023/11/04 15:41:10 CET [2023/11/04 10:41:10 ET]
Table '3668241255 1' 3-max Seat #2 is the button
Seat 1: semirami2 (575 in chips) 
Seat 2: nybo247 (210 in chips) 
Seat 3: Mahu2021 (715 in chips) 
Mahu2021: posts small blind 15
semirami2: posts big blind 30
*** HOLE CARDS ***
Dealt to Mahu2021 [4s 5h]
nybo247: folds 
Mahu2021: calls 15
semirami2: checks 
*** FLOP *** [6d Qh Ts]
Mahu2021: checks 
semirami2: bets 30
Mahu2021: folds 
Uncalled bet (30) returned to semirami2
semirami2 collected 60 from pot
semirami2: doesn't show hand 
*** SUMMARY ***
Total pot 60 | Rake 0 
Board [6d Qh Ts]
Seat 1: semirami2 (big blind) collected (60)
Seat 2: nybo247 (button) folded before Flop (didn't bet)
Seat 3: Mahu2021 (small blind) folded on the Flop



PokerStars Hand #246921423247: Tournament #3668241255, $1.84+$0.16 USD Hold'em No Limit - Level II (15/30) - 2023/11/04 15:41:22 CET [2023/11/04 10:41:22 ET]
Table '3668241255 1' 3-max Seat #3 is the button
Seat 1: semirami2 (605 in chips) 
Seat 2: nybo247 (210 in chips) 
Seat 3: Mahu2021 (685 in chips) 
semirami2: posts small blind 15
nybo247: posts big blind 30
*** HOLE CARDS ***
Dealt to Mahu2021 [Js 9c]
Mahu2021: folds 
semirami2: raises 575 to 605 and is all-in
nybo247: folds 
Uncalled bet (575) returned to semirami2
semirami2 collected 60 from pot
semirami2: doesn't show hand 
*** SUMMARY ***
Total pot 60 | Rake 0 
Seat 1: semirami2 (small blind) collected (60)
Seat 2: nybo247 (big blind) folded before Flop
Seat 3: Mahu2021 (button) folded before Flop (didn't bet)



PokerStars Hand #246921425406: Tournament #3668241255, $1.84+$0.16 USD Hold'em No Limit - Level II (15/30) - 2023/11/04 15:41:30 CET [2023/11/04 10:41:30 ET]
Table '3668241255 1' 3-max Seat #1 is the button
Seat 1: semirami2 (635 in chips) 
Seat 2: nybo247 (180 in chips) 
Seat 3: Mahu2021 (685 in chips) 
nybo247: posts small blind 15
Mahu2021: posts big blind 30
*** HOLE CARDS ***
Dealt to Mahu2021 [6d 2h]
semirami2: folds 
nybo247: calls 15
Mahu2021: checks 
*** FLOP *** [Jc As Qd]
nybo247: bets 30
Mahu2021: folds 
Uncalled bet (30) returned to nybo247
nybo247 collected 60 from pot
*** SUMMARY ***
Total pot 60 | Rake 0 
Board [Jc As Qd]
Seat 1: semirami2 (button) folded before Flop (didn't bet)
Seat 2: nybo247 (small blind) collected (60)
Seat 3: Mahu2021 (big blind) folded on the Flop



PokerStars Hand #246921428129: Tournament #3668241255, $1.84+$0.16 USD Hold'em No Limit - Level II (15/30) - 2023/11/04 15:41:40 CET [2023/11/04 10:41:40 ET]
Table '3668241255 1' 3-max Seat #2 is the button
Seat 1: semirami2 (635 in chips) 
Seat 2: nybo247 (210 in chips) 
Seat 3: Mahu2021 (655 in chips) 
Mahu2021: posts small blind 15
semirami2: posts big blind 30
*** HOLE CARDS ***
Dealt to Mahu2021 [4h 3d]
nybo247: raises 180 to 210 and is all-in
Mahu2021: folds 
semirami2: folds 
Uncalled bet (180) returned to nybo247
nybo247 collected 75 from pot
*** SUMMARY ***
Total pot 75 | Rake 0 
Seat 1: semirami2 (big blind) folded before Flop
Seat 2: nybo247 (button) collected (75)
Seat 3: Mahu2021 (small blind) folded before Flop



PokerStars Hand #246921429791: Tournament #3668241255, $1.84+$0.16 USD Hold'em No Limit - Level II (15/30) - 2023/11/04 15:41:47 CET [2023/11/04 10:41:47 ET]
Table '3668241255 1' 3-max Seat #3 is the button
Seat 1: semirami2 (605 in chips) 
Seat 2: nybo247 (255 in chips) 
Seat 3: Mahu2021 (640 in chips) 
semirami2: posts small blind 15
nybo247: posts big blind 30
*** HOLE CARDS ***
Dealt to Mahu2021 [Td Ah]
Mahu2021: raises 30 to 60
semirami2: folds 
nybo247: calls 30
*** FLOP *** [Jd Jh 3c]
nybo247: checks 
Mahu2021: bets 580 and is all-in
nybo247: calls 195 and is all-in
Uncalled bet (385) returned to Mahu2021
*** TURN *** [Jd Jh 3c] [5h]
*** RIVER *** [Jd Jh 3c 5h] [8d]
*** SHOW DOWN ***
nybo247: shows [7c Jc] (three of a kind, Jacks)
Mahu2021: shows [Td Ah] (a pair of Jacks)
nybo247 collected 525 from pot
*** SUMMARY ***
Total pot 525 | Rake 0 
Board [Jd Jh 3c 5h 8d]
Seat 1: semirami2 (small blind) folded before Flop
Seat 2: nybo247 (big blind) showed [7c Jc] and won (525) with three of a kind, Jacks
Seat 3: Mahu2021 (button) showed [Td Ah] and lost with a pair of Jacks



PokerStars Hand #246921434151: Tournament #3668241255, $1.84+$0.16 USD Hold'em No Limit - Level II (15/30) - 2023/11/04 15:42:03 CET [2023/11/04 10:42:03 ET]
Table '3668241255 1' 3-max Seat #1 is the button
Seat 1: semirami2 (590 in chips) 
Seat 2: nybo247 (525 in chips) 
Seat 3: Mahu2021 (385 in chips) 
nybo247: posts small blind 15
Mahu2021: posts big blind 30
*** HOLE CARDS ***
Dealt to Mahu2021 [Qc 2c]
semirami2: folds 
nybo247: raises 495 to 525 and is all-in
Mahu2021: folds 
Uncalled bet (495) returned to nybo247
nybo247 collected 60 from pot
*** SUMMARY ***
Total pot 60 | Rake 0 
Seat 1: semirami2 (button) folded before Flop (didn't bet)
Seat 2: nybo247 (small blind) collected (60)
Seat 3: Mahu2021 (big blind) folded before Flop



PokerStars Hand #246921435892: Tournament #3668241255, $1.84+$0.16 USD Hold'em No Limit - Level II (15/30) - 2023/11/04 15:42:10 CET [2023/11/04 10:42:10 ET]
Table '3668241255 1' 3-max Seat #2 is the button
Seat 1: semirami2 (590 in chips) 
Seat 2: nybo247 (555 in chips) 
Seat 3: Mahu2021 (355 in chips) 
Mahu2021: posts small blind 15
semirami2: posts big blind 30
*** HOLE CARDS ***
Dealt to Mahu2021 [Qs 9s]
nybo247: folds 
Mahu2021: raises 60 to 90
semirami2: raises 500 to 590 and is all-in
Mahu2021: folds 
Uncalled bet (500) returned to semirami2
semirami2 collected 180 from pot
semirami2: doesn't show hand 
*** SUMMARY ***
Total pot 180 | Rake 0 
Seat 1: semirami2 (big blind) collected (180)
Seat 2: nybo247 (button) folded before Flop (didn't bet)
Seat 3: Mahu2021 (small blind) folded before Flop



PokerStars Hand #246921438109: Tournament #3668241255, $1.84+$0.16 USD Hold'em No Limit - Level II (15/30) - 2023/11/04 15:42:18 CET [2023/11/04 10:42:18 ET]
Table '3668241255 1' 3-max Seat #3 is the button
Seat 1: semirami2 (680 in chips) 
Seat 2: nybo247 (555 in chips) 
Seat 3: Mahu2021 (265 in chips) 
semirami2: posts small blind 15
nybo247: posts big blind 30
*** HOLE CARDS ***
Dealt to Mahu2021 [9d Ts]
Mahu2021: folds 
semirami2: calls 15
nybo247: checks 
*** FLOP *** [Qh Kd 2c]
semirami2: checks 
nybo247: bets 30
semirami2: folds 
Uncalled bet (30) returned to nybo247
nybo247 collected 60 from pot
*** SUMMARY ***
Total pot 60 | Rake 0 
Board [Qh Kd 2c]
Seat 1: semirami2 (small blind) folded on the Flop
Seat 2: nybo247 (big blind) collected (60)
Seat 3: Mahu2021 (button) folded before Flop (didn't bet)



PokerStars Hand #246921440817: Tournament #3668241255, $1.84+$0.16 USD Hold'em No Limit - Level II (15/30) - 2023/11/04 15:42:29 CET [2023/11/04 10:42:29 ET]
Table '3668241255 1' 3-max Seat #1 is the button
Seat 1: semirami2 (650 in chips) 
Seat 2: nybo247 (585 in chips) 
Seat 3: Mahu2021 (265 in chips) 
nybo247: posts small blind 15
Mahu2021: posts big blind 30
*** HOLE CARDS ***
Dealt to Mahu2021 [Ah Tc]
semirami2: folds 
nybo247: calls 15
Mahu2021: raises 235 to 265 and is all-in
nybo247: calls 235
*** FLOP *** [3s 6c Qs]
*** TURN *** [3s 6c Qs] [Ac]
*** RIVER *** [3s 6c Qs Ac] [2h]
*** SHOW DOWN ***
nybo247: shows [As Kh] (a pair of Aces)
Mahu2021: shows [Ah Tc] (a pair of Aces - lower kicker)
nybo247 collected 530 from pot
Mahu2021 finished the tournament in 3rd place
*** SUMMARY ***
Total pot 530 | Rake 0 
Board [3s 6c Qs Ac 2h]
Seat 1: semirami2 (button) folded before Flop (didn't bet)
Seat 2: nybo247 (small blind) showed [As Kh] and won (530) with a pair of Aces
Seat 3: Mahu2021 (big blind) showed [Ah Tc] and lost with a pair of Aces



