PokerStars Hand #246154688759: Tournament #3649478141, $0.92+$0.08 USD Hold'em No Limit - Level I (10/20) - 2023/09/24 18:18:03 CET [2023/09/24 12:18:03 ET]
Table '3649478141 1' 3-max Seat #1 is the button
Seat 1: solonizyn (500 in chips) 
Seat 2: nayaratorres (500 in chips) 
Seat 3: Mahu2021 (500 in chips) 
nayaratorres: posts small blind 10
Mahu2021: posts big blind 20
*** HOLE CARDS ***
Dealt to Mahu2021 [8s 2h]
solonizyn: folds 
nayaratorres: calls 10
Mahu2021: checks 
*** FLOP *** [5h 7h 6s]
nayaratorres: bets 20
Mahu2021: calls 20
*** TURN *** [5h 7h 6s] [2c]
nayaratorres: bets 41
Mahu2021: calls 41
*** RIVER *** [5h 7h 6s 2c] [6d]
nayaratorres: bets 53
Mahu2021: calls 53
*** SHOW DOWN ***
nayaratorres: shows [6c 7d] (a full house, Sixes full of Sevens)
Mahu2021: mucks hand 
nayaratorres collected 268 from pot
*** SUMMARY ***
Total pot 268 | Rake 0 
Board [5h 7h 6s 2c 6d]
Seat 1: solonizyn (button) folded before Flop (didn't bet)
Seat 2: nayaratorres (small blind) showed [6c 7d] and won (268) with a full house, Sixes full of Sevens
Seat 3: Mahu2021 (big blind) mucked [8s 2h]



PokerStars Hand #246154695821: Tournament #3649478141, $0.92+$0.08 USD Hold'em No Limit - Level I (10/20) - 2023/09/24 18:18:24 CET [2023/09/24 12:18:24 ET]
Table '3649478141 1' 3-max Seat #2 is the button
Seat 1: solonizyn (500 in chips) 
Seat 2: nayaratorres (634 in chips) 
Seat 3: Mahu2021 (366 in chips) 
Mahu2021: posts small blind 10
solonizyn: posts big blind 20
*** HOLE CARDS ***
Dealt to Mahu2021 [As 4c]
nayaratorres: raises 20 to 40
Mahu2021: calls 30
solonizyn: raises 120 to 160
nayaratorres: folds 
Mahu2021: folds 
Uncalled bet (120) returned to solonizyn
solonizyn collected 120 from pot
solonizyn: doesn't show hand 
*** SUMMARY ***
Total pot 120 | Rake 0 
Seat 1: solonizyn (big blind) collected (120)
Seat 2: nayaratorres (button) folded before Flop
Seat 3: Mahu2021 (small blind) folded before Flop



PokerStars Hand #246154699616: Tournament #3649478141, $0.92+$0.08 USD Hold'em No Limit - Level I (10/20) - 2023/09/24 18:18:35 CET [2023/09/24 12:18:35 ET]
Table '3649478141 1' 3-max Seat #3 is the button
Seat 1: solonizyn (580 in chips) 
Seat 2: nayaratorres (594 in chips) 
Seat 3: Mahu2021 (326 in chips) 
solonizyn: posts small blind 10
nayaratorres: posts big blind 20
*** HOLE CARDS ***
Dealt to Mahu2021 [3d 2s]
Mahu2021: folds 
solonizyn: raises 40 to 60
nayaratorres: folds 
Uncalled bet (40) returned to solonizyn
solonizyn collected 40 from pot
solonizyn: doesn't show hand 
*** SUMMARY ***
Total pot 40 | Rake 0 
Seat 1: solonizyn (small blind) collected (40)
Seat 2: nayaratorres (big blind) folded before Flop
Seat 3: Mahu2021 (button) folded before Flop (didn't bet)



PokerStars Hand #246154703105: Tournament #3649478141, $0.92+$0.08 USD Hold'em No Limit - Level I (10/20) - 2023/09/24 18:18:45 CET [2023/09/24 12:18:45 ET]
Table '3649478141 1' 3-max Seat #1 is the button
Seat 1: solonizyn (600 in chips) 
Seat 2: nayaratorres (574 in chips) 
Seat 3: Mahu2021 (326 in chips) 
nayaratorres: posts small blind 10
Mahu2021: posts big blind 20
*** HOLE CARDS ***
Dealt to Mahu2021 [Jc Js]
solonizyn: folds 
nayaratorres: calls 10
Mahu2021: raises 40 to 60
nayaratorres: folds 
Uncalled bet (40) returned to Mahu2021
Mahu2021 collected 40 from pot
Mahu2021: doesn't show hand 
*** SUMMARY ***
Total pot 40 | Rake 0 
Seat 1: solonizyn (button) folded before Flop (didn't bet)
Seat 2: nayaratorres (small blind) folded before Flop
Seat 3: Mahu2021 (big blind) collected (40)



PokerStars Hand #246154707363: Tournament #3649478141, $0.92+$0.08 USD Hold'em No Limit - Level I (10/20) - 2023/09/24 18:18:57 CET [2023/09/24 12:18:57 ET]
Table '3649478141 1' 3-max Seat #2 is the button
Seat 1: solonizyn (600 in chips) 
Seat 2: nayaratorres (554 in chips) 
Seat 3: Mahu2021 (346 in chips) 
Mahu2021: posts small blind 10
solonizyn: posts big blind 20
*** HOLE CARDS ***
Dealt to Mahu2021 [Qc 7s]
nayaratorres: folds 
Mahu2021: folds 
Uncalled bet (10) returned to solonizyn
solonizyn collected 20 from pot
solonizyn: doesn't show hand 
*** SUMMARY ***
Total pot 20 | Rake 0 
Seat 1: solonizyn (big blind) collected (20)
Seat 2: nayaratorres (button) folded before Flop (didn't bet)
Seat 3: Mahu2021 (small blind) folded before Flop



PokerStars Hand #246154709082: Tournament #3649478141, $0.92+$0.08 USD Hold'em No Limit - Level I (10/20) - 2023/09/24 18:19:02 CET [2023/09/24 12:19:02 ET]
Table '3649478141 1' 3-max Seat #3 is the button
Seat 1: solonizyn (610 in chips) 
Seat 2: nayaratorres (554 in chips) 
Seat 3: Mahu2021 (336 in chips) 
solonizyn: posts small blind 10
nayaratorres: posts big blind 20
*** HOLE CARDS ***
Dealt to Mahu2021 [7s 5h]
Mahu2021: folds 
solonizyn: calls 10
nayaratorres: checks 
*** FLOP *** [3c Qh 4c]
solonizyn: checks 
nayaratorres: bets 20
solonizyn: calls 20
*** TURN *** [3c Qh 4c] [Ad]
solonizyn: checks 
nayaratorres: checks 
*** RIVER *** [3c Qh 4c Ad] [9h]
solonizyn: bets 40
nayaratorres: calls 40
*** SHOW DOWN ***
solonizyn: shows [7d 6s] (high card Ace)
nayaratorres: shows [7c 4d] (a pair of Fours)
nayaratorres collected 160 from pot
*** SUMMARY ***
Total pot 160 | Rake 0 
Board [3c Qh 4c Ad 9h]
Seat 1: solonizyn (small blind) showed [7d 6s] and lost with high card Ace
Seat 2: nayaratorres (big blind) showed [7c 4d] and won (160) with a pair of Fours
Seat 3: Mahu2021 (button) folded before Flop (didn't bet)



PokerStars Hand #246154721226: Tournament #3649478141, $0.92+$0.08 USD Hold'em No Limit - Level I (10/20) - 2023/09/24 18:19:37 CET [2023/09/24 12:19:37 ET]
Table '3649478141 1' 3-max Seat #1 is the button
Seat 1: solonizyn (530 in chips) 
Seat 2: nayaratorres (634 in chips) 
Seat 3: Mahu2021 (336 in chips) 
nayaratorres: posts small blind 10
Mahu2021: posts big blind 20
*** HOLE CARDS ***
Dealt to Mahu2021 [2h Kc]
solonizyn: folds 
nayaratorres: calls 10
Mahu2021: checks 
*** FLOP *** [Ad 7h 8s]
nayaratorres: checks 
Mahu2021: checks 
*** TURN *** [Ad 7h 8s] [2c]
nayaratorres: checks 
Mahu2021: checks 
*** RIVER *** [Ad 7h 8s 2c] [Kd]
nayaratorres: checks 
Mahu2021: bets 40
nayaratorres: calls 40
*** SHOW DOWN ***
Mahu2021: shows [2h Kc] (two pair, Kings and Deuces)
nayaratorres: mucks hand 
Mahu2021 collected 120 from pot
*** SUMMARY ***
Total pot 120 | Rake 0 
Board [Ad 7h 8s 2c Kd]
Seat 1: solonizyn (button) folded before Flop (didn't bet)
Seat 2: nayaratorres (small blind) mucked [Js Kh]
Seat 3: Mahu2021 (big blind) showed [2h Kc] and won (120) with two pair, Kings and Deuces



PokerStars Hand #246154728563: Tournament #3649478141, $0.92+$0.08 USD Hold'em No Limit - Level I (10/20) - 2023/09/24 18:19:58 CET [2023/09/24 12:19:58 ET]
Table '3649478141 1' 3-max Seat #2 is the button
Seat 1: solonizyn (530 in chips) 
Seat 2: nayaratorres (574 in chips) 
Seat 3: Mahu2021 (396 in chips) 
Mahu2021: posts small blind 10
solonizyn: posts big blind 20
*** HOLE CARDS ***
Dealt to Mahu2021 [3s 2h]
nayaratorres: folds 
Mahu2021: folds 
Uncalled bet (10) returned to solonizyn
solonizyn collected 20 from pot
solonizyn: doesn't show hand 
*** SUMMARY ***
Total pot 20 | Rake 0 
Seat 1: solonizyn (big blind) collected (20)
Seat 2: nayaratorres (button) folded before Flop (didn't bet)
Seat 3: Mahu2021 (small blind) folded before Flop



PokerStars Hand #246154730337: Tournament #3649478141, $0.92+$0.08 USD Hold'em No Limit - Level I (10/20) - 2023/09/24 18:20:03 CET [2023/09/24 12:20:03 ET]
Table '3649478141 1' 3-max Seat #3 is the button
Seat 1: solonizyn (540 in chips) 
Seat 2: nayaratorres (574 in chips) 
Seat 3: Mahu2021 (386 in chips) 
solonizyn: posts small blind 10
nayaratorres: posts big blind 20
*** HOLE CARDS ***
Dealt to Mahu2021 [Jd 6d]
Mahu2021: calls 20
solonizyn: raises 20 to 40
nayaratorres: folds 
Mahu2021: calls 20
*** FLOP *** [Qd Kc Td]
solonizyn: bets 40
Mahu2021: calls 40
*** TURN *** [Qd Kc Td] [Qh]
solonizyn: checks 
Mahu2021: bets 140
solonizyn: folds 
Uncalled bet (140) returned to Mahu2021
Mahu2021 collected 180 from pot
Mahu2021: doesn't show hand 
*** SUMMARY ***
Total pot 180 | Rake 0 
Board [Qd Kc Td Qh]
Seat 1: solonizyn (small blind) folded on the Turn
Seat 2: nayaratorres (big blind) folded before Flop
Seat 3: Mahu2021 (button) collected (180)



PokerStars Hand #246154739558: Tournament #3649478141, $0.92+$0.08 USD Hold'em No Limit - Level I (10/20) - 2023/09/24 18:20:30 CET [2023/09/24 12:20:30 ET]
Table '3649478141 1' 3-max Seat #1 is the button
Seat 1: solonizyn (460 in chips) 
Seat 2: nayaratorres (554 in chips) 
Seat 3: Mahu2021 (486 in chips) 
nayaratorres: posts small blind 10
Mahu2021: posts big blind 20
*** HOLE CARDS ***
Dealt to Mahu2021 [8h 2h]
solonizyn: folds 
nayaratorres: folds 
Uncalled bet (10) returned to Mahu2021
Mahu2021 collected 20 from pot
Mahu2021: doesn't show hand 
*** SUMMARY ***
Total pot 20 | Rake 0 
Seat 1: solonizyn (button) folded before Flop (didn't bet)
Seat 2: nayaratorres (small blind) folded before Flop
Seat 3: Mahu2021 (big blind) collected (20)



PokerStars Hand #246154741219: Tournament #3649478141, $0.92+$0.08 USD Hold'em No Limit - Level I (10/20) - 2023/09/24 18:20:35 CET [2023/09/24 12:20:35 ET]
Table '3649478141 1' 3-max Seat #2 is the button
Seat 1: solonizyn (460 in chips) 
Seat 2: nayaratorres (544 in chips) 
Seat 3: Mahu2021 (496 in chips) 
Mahu2021: posts small blind 10
solonizyn: posts big blind 20
*** HOLE CARDS ***
Dealt to Mahu2021 [5c 6c]
nayaratorres: folds 
Mahu2021: calls 10
solonizyn: raises 20 to 40
Mahu2021: calls 20
*** FLOP *** [Ah Td Js]
Mahu2021: checks 
solonizyn: bets 40
Mahu2021: folds 
Uncalled bet (40) returned to solonizyn
solonizyn collected 80 from pot
solonizyn: doesn't show hand 
*** SUMMARY ***
Total pot 80 | Rake 0 
Board [Ah Td Js]
Seat 1: solonizyn (big blind) collected (80)
Seat 2: nayaratorres (button) folded before Flop (didn't bet)
Seat 3: Mahu2021 (small blind) folded on the Flop



PokerStars Hand #246154746084: Tournament #3649478141, $0.92+$0.08 USD Hold'em No Limit - Level I (10/20) - 2023/09/24 18:20:49 CET [2023/09/24 12:20:49 ET]
Table '3649478141 1' 3-max Seat #3 is the button
Seat 1: solonizyn (500 in chips) 
Seat 2: nayaratorres (544 in chips) 
Seat 3: Mahu2021 (456 in chips) 
solonizyn: posts small blind 10
nayaratorres: posts big blind 20
*** HOLE CARDS ***
Dealt to Mahu2021 [4d 6c]
Mahu2021: folds 
solonizyn: calls 10
nayaratorres: raises 40 to 60
solonizyn: folds 
Uncalled bet (40) returned to nayaratorres
nayaratorres collected 40 from pot
nayaratorres: doesn't show hand 
*** SUMMARY ***
Total pot 40 | Rake 0 
Seat 1: solonizyn (small blind) folded before Flop
Seat 2: nayaratorres (big blind) collected (40)
Seat 3: Mahu2021 (button) folded before Flop (didn't bet)



PokerStars Hand #246154750436: Tournament #3649478141, $0.92+$0.08 USD Hold'em No Limit - Level I (10/20) - 2023/09/24 18:21:01 CET [2023/09/24 12:21:01 ET]
Table '3649478141 1' 3-max Seat #1 is the button
Seat 1: solonizyn (480 in chips) 
Seat 2: nayaratorres (564 in chips) 
Seat 3: Mahu2021 (456 in chips) 
nayaratorres: posts small blind 10
Mahu2021: posts big blind 20
*** HOLE CARDS ***
Dealt to Mahu2021 [Ks 5s]
solonizyn: folds 
nayaratorres: calls 10
Mahu2021: checks 
*** FLOP *** [7c Td Kh]
nayaratorres: checks 
Mahu2021: checks 
*** TURN *** [7c Td Kh] [Ac]
nayaratorres: bets 20
Mahu2021: calls 20
*** RIVER *** [7c Td Kh Ac] [4c]
nayaratorres: checks 
Mahu2021: checks 
*** SHOW DOWN ***
nayaratorres: shows [9h Jh] (high card Ace)
Mahu2021: shows [Ks 5s] (a pair of Kings)
Mahu2021 collected 80 from pot
*** SUMMARY ***
Total pot 80 | Rake 0 
Board [7c Td Kh Ac 4c]
Seat 1: solonizyn (button) folded before Flop (didn't bet)
Seat 2: nayaratorres (small blind) showed [9h Jh] and lost with high card Ace
Seat 3: Mahu2021 (big blind) showed [Ks 5s] and won (80) with a pair of Kings



PokerStars Hand #246154759087: Tournament #3649478141, $0.92+$0.08 USD Hold'em No Limit - Level II (15/30) - 2023/09/24 18:21:26 CET [2023/09/24 12:21:26 ET]
Table '3649478141 1' 3-max Seat #2 is the button
Seat 1: solonizyn (480 in chips) 
Seat 2: nayaratorres (524 in chips) 
Seat 3: Mahu2021 (496 in chips) 
Mahu2021: posts small blind 15
solonizyn: posts big blind 30
*** HOLE CARDS ***
Dealt to Mahu2021 [Qs 8d]
nayaratorres: folds 
Mahu2021: calls 15
solonizyn: checks 
*** FLOP *** [3d 9c 6s]
Mahu2021: checks 
solonizyn: bets 30
Mahu2021: folds 
Uncalled bet (30) returned to solonizyn
solonizyn collected 60 from pot
solonizyn: doesn't show hand 
*** SUMMARY ***
Total pot 60 | Rake 0 
Board [3d 9c 6s]
Seat 1: solonizyn (big blind) collected (60)
Seat 2: nayaratorres (button) folded before Flop (didn't bet)
Seat 3: Mahu2021 (small blind) folded on the Flop



PokerStars Hand #246154762837: Tournament #3649478141, $0.92+$0.08 USD Hold'em No Limit - Level II (15/30) - 2023/09/24 18:21:37 CET [2023/09/24 12:21:37 ET]
Table '3649478141 1' 3-max Seat #3 is the button
Seat 1: solonizyn (510 in chips) 
Seat 2: nayaratorres (524 in chips) 
Seat 3: Mahu2021 (466 in chips) 
solonizyn: posts small blind 15
nayaratorres: posts big blind 30
*** HOLE CARDS ***
Dealt to Mahu2021 [9s Td]
Mahu2021: folds 
solonizyn: raises 30 to 60
nayaratorres: raises 464 to 524 and is all-in
solonizyn: calls 450 and is all-in
Uncalled bet (14) returned to nayaratorres
*** FLOP *** [8h Tc 4s]
*** TURN *** [8h Tc 4s] [Qs]
*** RIVER *** [8h Tc 4s Qs] [4c]
*** SHOW DOWN ***
solonizyn: shows [3c Ac] (a pair of Fours)
nayaratorres: shows [6s 6c] (two pair, Sixes and Fours)
nayaratorres collected 1020 from pot
solonizyn finished the tournament in 3rd place
*** SUMMARY ***
Total pot 1020 | Rake 0 
Board [8h Tc 4s Qs 4c]
Seat 1: solonizyn (small blind) showed [3c Ac] and lost with a pair of Fours
Seat 2: nayaratorres (big blind) showed [6s 6c] and won (1020) with two pair, Sixes and Fours
Seat 3: Mahu2021 (button) folded before Flop (didn't bet)



PokerStars Hand #246154769440: Tournament #3649478141, $0.92+$0.08 USD Hold'em No Limit - Level II (15/30) - 2023/09/24 18:21:56 CET [2023/09/24 12:21:56 ET]
Table '3649478141 1' 3-max Seat #2 is the button
Seat 2: nayaratorres (1034 in chips) 
Seat 3: Mahu2021 (466 in chips) 
nayaratorres: posts small blind 15
Mahu2021: posts big blind 30
*** HOLE CARDS ***
Dealt to Mahu2021 [5h 4c]
nayaratorres: calls 15
Mahu2021: checks 
*** FLOP *** [9h 5d 9d]
Mahu2021: checks 
nayaratorres: bets 30
Mahu2021: raises 60 to 90
nayaratorres: folds 
Uncalled bet (60) returned to Mahu2021
Mahu2021 collected 120 from pot
Mahu2021: doesn't show hand 
*** SUMMARY ***
Total pot 120 | Rake 0 
Board [9h 5d 9d]
Seat 2: nayaratorres (button) (small blind) folded on the Flop
Seat 3: Mahu2021 (big blind) collected (120)



PokerStars Hand #246154776097: Tournament #3649478141, $0.92+$0.08 USD Hold'em No Limit - Level II (15/30) - 2023/09/24 18:22:15 CET [2023/09/24 12:22:15 ET]
Table '3649478141 1' 3-max Seat #3 is the button
Seat 2: nayaratorres (974 in chips) 
Seat 3: Mahu2021 (526 in chips) 
Mahu2021: posts small blind 15
nayaratorres: posts big blind 30
*** HOLE CARDS ***
Dealt to Mahu2021 [Qc Ah]
Mahu2021: raises 30 to 60
nayaratorres: calls 30
*** FLOP *** [9c Kc Kd]
nayaratorres: checks 
Mahu2021: checks 
*** TURN *** [9c Kc Kd] [8c]
nayaratorres: bets 30
Mahu2021: calls 30
*** RIVER *** [9c Kc Kd 8c] [Qd]
nayaratorres: checks 
Mahu2021: checks 
*** SHOW DOWN ***
nayaratorres: shows [8s Jd] (two pair, Kings and Eights)
Mahu2021: shows [Qc Ah] (two pair, Kings and Queens)
Mahu2021 collected 180 from pot
*** SUMMARY ***
Total pot 180 | Rake 0 
Board [9c Kc Kd 8c Qd]
Seat 2: nayaratorres (big blind) showed [8s Jd] and lost with two pair, Kings and Eights
Seat 3: Mahu2021 (button) (small blind) showed [Qc Ah] and won (180) with two pair, Kings and Queens



PokerStars Hand #246154784484: Tournament #3649478141, $0.92+$0.08 USD Hold'em No Limit - Level II (15/30) - 2023/09/24 18:22:40 CET [2023/09/24 12:22:40 ET]
Table '3649478141 1' 3-max Seat #2 is the button
Seat 2: nayaratorres (884 in chips) 
Seat 3: Mahu2021 (616 in chips) 
nayaratorres: posts small blind 15
Mahu2021: posts big blind 30
*** HOLE CARDS ***
Dealt to Mahu2021 [9c Ad]
nayaratorres: raises 30 to 60
Mahu2021: calls 30
*** FLOP *** [Ts 8c 4h]
Mahu2021: checks 
nayaratorres: checks 
*** TURN *** [Ts 8c 4h] [2c]
Mahu2021: checks 
nayaratorres: bets 40
Mahu2021: folds 
Uncalled bet (40) returned to nayaratorres
nayaratorres collected 120 from pot
nayaratorres: doesn't show hand 
*** SUMMARY ***
Total pot 120 | Rake 0 
Board [Ts 8c 4h 2c]
Seat 2: nayaratorres (button) (small blind) collected (120)
Seat 3: Mahu2021 (big blind) folded on the Turn



PokerStars Hand #246154790936: Tournament #3649478141, $0.92+$0.08 USD Hold'em No Limit - Level II (15/30) - 2023/09/24 18:22:59 CET [2023/09/24 12:22:59 ET]
Table '3649478141 1' 3-max Seat #3 is the button
Seat 2: nayaratorres (944 in chips) 
Seat 3: Mahu2021 (556 in chips) 
Mahu2021: posts small blind 15
nayaratorres: posts big blind 30
*** HOLE CARDS ***
Dealt to Mahu2021 [Jc Kh]
Mahu2021: raises 30 to 60
nayaratorres: folds 
Uncalled bet (30) returned to Mahu2021
Mahu2021 collected 60 from pot
Mahu2021: doesn't show hand 
*** SUMMARY ***
Total pot 60 | Rake 0 
Seat 2: nayaratorres (big blind) folded before Flop
Seat 3: Mahu2021 (button) (small blind) collected (60)



PokerStars Hand #246154793472: Tournament #3649478141, $0.92+$0.08 USD Hold'em No Limit - Level II (15/30) - 2023/09/24 18:23:06 CET [2023/09/24 12:23:06 ET]
Table '3649478141 1' 3-max Seat #2 is the button
Seat 2: nayaratorres (914 in chips) 
Seat 3: Mahu2021 (586 in chips) 
nayaratorres: posts small blind 15
Mahu2021: posts big blind 30
*** HOLE CARDS ***
Dealt to Mahu2021 [2c Ac]
nayaratorres: raises 30 to 60
Mahu2021: calls 30
*** FLOP *** [5h 8c 9d]
Mahu2021: checks 
nayaratorres: bets 40
Mahu2021: folds 
Uncalled bet (40) returned to nayaratorres
nayaratorres collected 120 from pot
nayaratorres: doesn't show hand 
*** SUMMARY ***
Total pot 120 | Rake 0 
Board [5h 8c 9d]
Seat 2: nayaratorres (button) (small blind) collected (120)
Seat 3: Mahu2021 (big blind) folded on the Flop



PokerStars Hand #246154797700: Tournament #3649478141, $0.92+$0.08 USD Hold'em No Limit - Level II (15/30) - 2023/09/24 18:23:18 CET [2023/09/24 12:23:18 ET]
Table '3649478141 1' 3-max Seat #3 is the button
Seat 2: nayaratorres (974 in chips) 
Seat 3: Mahu2021 (526 in chips) 
Mahu2021: posts small blind 15
nayaratorres: posts big blind 30
*** HOLE CARDS ***
Dealt to Mahu2021 [2h 3h]
Mahu2021: calls 15
nayaratorres: checks 
*** FLOP *** [8h 5c Jh]
nayaratorres: checks 
Mahu2021: bets 30
nayaratorres: calls 30
*** TURN *** [8h 5c Jh] [8s]
nayaratorres: checks 
Mahu2021: checks 
*** RIVER *** [8h 5c Jh 8s] [7d]
nayaratorres: bets 60
Mahu2021: folds 
Uncalled bet (60) returned to nayaratorres
nayaratorres collected 120 from pot
nayaratorres: doesn't show hand 
*** SUMMARY ***
Total pot 120 | Rake 0 
Board [8h 5c Jh 8s 7d]
Seat 2: nayaratorres (big blind) collected (120)
Seat 3: Mahu2021 (button) (small blind) folded on the River



PokerStars Hand #246154803816: Tournament #3649478141, $0.92+$0.08 USD Hold'em No Limit - Level II (15/30) - 2023/09/24 18:23:36 CET [2023/09/24 12:23:36 ET]
Table '3649478141 1' 3-max Seat #2 is the button
Seat 2: nayaratorres (1034 in chips) 
Seat 3: Mahu2021 (466 in chips) 
nayaratorres: posts small blind 15
Mahu2021: posts big blind 30
*** HOLE CARDS ***
Dealt to Mahu2021 [2d Jd]
nayaratorres: folds 
Uncalled bet (15) returned to Mahu2021
Mahu2021 collected 30 from pot
Mahu2021: doesn't show hand 
*** SUMMARY ***
Total pot 30 | Rake 0 
Seat 2: nayaratorres (button) (small blind) folded before Flop
Seat 3: Mahu2021 (big blind) collected (30)



PokerStars Hand #246154805153: Tournament #3649478141, $0.92+$0.08 USD Hold'em No Limit - Level II (15/30) - 2023/09/24 18:23:39 CET [2023/09/24 12:23:39 ET]
Table '3649478141 1' 3-max Seat #3 is the button
Seat 2: nayaratorres (1019 in chips) 
Seat 3: Mahu2021 (481 in chips) 
Mahu2021: posts small blind 15
nayaratorres: posts big blind 30
*** HOLE CARDS ***
Dealt to Mahu2021 [Kc 7c]
Mahu2021: raises 30 to 60
nayaratorres: calls 30
*** FLOP *** [Ah Ts 6h]
nayaratorres: checks 
Mahu2021: bets 30
nayaratorres: folds 
Uncalled bet (30) returned to Mahu2021
Mahu2021 collected 120 from pot
Mahu2021: doesn't show hand 
*** SUMMARY ***
Total pot 120 | Rake 0 
Board [Ah Ts 6h]
Seat 2: nayaratorres (big blind) folded on the Flop
Seat 3: Mahu2021 (button) (small blind) collected (120)



PokerStars Hand #246154810959: Tournament #3649478141, $0.92+$0.08 USD Hold'em No Limit - Level II (15/30) - 2023/09/24 18:23:56 CET [2023/09/24 12:23:56 ET]
Table '3649478141 1' 3-max Seat #2 is the button
Seat 2: nayaratorres (959 in chips) 
Seat 3: Mahu2021 (541 in chips) 
nayaratorres: posts small blind 15
Mahu2021: posts big blind 30
*** HOLE CARDS ***
Dealt to Mahu2021 [7d 3c]
nayaratorres: calls 15
Mahu2021: checks 
*** FLOP *** [2s 6s 8h]
Mahu2021: checks 
nayaratorres: bets 30
Mahu2021: folds 
Uncalled bet (30) returned to nayaratorres
nayaratorres collected 60 from pot
nayaratorres: doesn't show hand 
*** SUMMARY ***
Total pot 60 | Rake 0 
Board [2s 6s 8h]
Seat 2: nayaratorres (button) (small blind) collected (60)
Seat 3: Mahu2021 (big blind) folded on the Flop



PokerStars Hand #246154815929: Tournament #3649478141, $0.92+$0.08 USD Hold'em No Limit - Level III (20/40) - 2023/09/24 18:24:11 CET [2023/09/24 12:24:11 ET]
Table '3649478141 1' 3-max Seat #3 is the button
Seat 2: nayaratorres (989 in chips) 
Seat 3: Mahu2021 (511 in chips) 
Mahu2021: posts small blind 20
nayaratorres: posts big blind 40
*** HOLE CARDS ***
Dealt to Mahu2021 [Jd Th]
Mahu2021: raises 40 to 80
nayaratorres: folds 
Uncalled bet (40) returned to Mahu2021
Mahu2021 collected 80 from pot
Mahu2021: doesn't show hand 
*** SUMMARY ***
Total pot 80 | Rake 0 
Seat 2: nayaratorres (big blind) folded before Flop
Seat 3: Mahu2021 (button) (small blind) collected (80)



PokerStars Hand #246154818359: Tournament #3649478141, $0.92+$0.08 USD Hold'em No Limit - Level III (20/40) - 2023/09/24 18:24:18 CET [2023/09/24 12:24:18 ET]
Table '3649478141 1' 3-max Seat #2 is the button
Seat 2: nayaratorres (949 in chips) 
Seat 3: Mahu2021 (551 in chips) 
nayaratorres: posts small blind 20
Mahu2021: posts big blind 40
*** HOLE CARDS ***
Dealt to Mahu2021 [2s Jc]
nayaratorres: raises 909 to 949 and is all-in
Mahu2021: folds 
Uncalled bet (909) returned to nayaratorres
nayaratorres collected 80 from pot
nayaratorres: doesn't show hand 
*** SUMMARY ***
Total pot 80 | Rake 0 
Seat 2: nayaratorres (button) (small blind) collected (80)
Seat 3: Mahu2021 (big blind) folded before Flop



PokerStars Hand #246154820338: Tournament #3649478141, $0.92+$0.08 USD Hold'em No Limit - Level III (20/40) - 2023/09/24 18:24:23 CET [2023/09/24 12:24:23 ET]
Table '3649478141 1' 3-max Seat #3 is the button
Seat 2: nayaratorres (989 in chips) 
Seat 3: Mahu2021 (511 in chips) 
Mahu2021: posts small blind 20
nayaratorres: posts big blind 40
*** HOLE CARDS ***
Dealt to Mahu2021 [9h 2s]
Mahu2021: folds 
Uncalled bet (20) returned to nayaratorres
nayaratorres collected 40 from pot
nayaratorres: doesn't show hand 
*** SUMMARY ***
Total pot 40 | Rake 0 
Seat 2: nayaratorres (big blind) collected (40)
Seat 3: Mahu2021 (button) (small blind) folded before Flop



PokerStars Hand #246154821922: Tournament #3649478141, $0.92+$0.08 USD Hold'em No Limit - Level III (20/40) - 2023/09/24 18:24:28 CET [2023/09/24 12:24:28 ET]
Table '3649478141 1' 3-max Seat #2 is the button
Seat 2: nayaratorres (1009 in chips) 
Seat 3: Mahu2021 (491 in chips) 
nayaratorres: posts small blind 20
Mahu2021: posts big blind 40
*** HOLE CARDS ***
Dealt to Mahu2021 [Tc 9c]
nayaratorres: calls 20
Mahu2021: checks 
*** FLOP *** [4s 3h 4h]
Mahu2021: checks 
nayaratorres: checks 
*** TURN *** [4s 3h 4h] [Kc]
Mahu2021: checks 
nayaratorres: bets 40
Mahu2021: folds 
Uncalled bet (40) returned to nayaratorres
nayaratorres collected 80 from pot
nayaratorres: doesn't show hand 
*** SUMMARY ***
Total pot 80 | Rake 0 
Board [4s 3h 4h Kc]
Seat 2: nayaratorres (button) (small blind) collected (80)
Seat 3: Mahu2021 (big blind) folded on the Turn



PokerStars Hand #246154826803: Tournament #3649478141, $0.92+$0.08 USD Hold'em No Limit - Level III (20/40) - 2023/09/24 18:24:42 CET [2023/09/24 12:24:42 ET]
Table '3649478141 1' 3-max Seat #3 is the button
Seat 2: nayaratorres (1049 in chips) 
Seat 3: Mahu2021 (451 in chips) 
Mahu2021: posts small blind 20
nayaratorres: posts big blind 40
*** HOLE CARDS ***
Dealt to Mahu2021 [6s 6d]
Mahu2021: raises 411 to 451 and is all-in
nayaratorres: folds 
Uncalled bet (411) returned to Mahu2021
Mahu2021 collected 80 from pot
Mahu2021: doesn't show hand 
*** SUMMARY ***
Total pot 80 | Rake 0 
Seat 2: nayaratorres (big blind) folded before Flop
Seat 3: Mahu2021 (button) (small blind) collected (80)



PokerStars Hand #246154829690: Tournament #3649478141, $0.92+$0.08 USD Hold'em No Limit - Level III (20/40) - 2023/09/24 18:24:50 CET [2023/09/24 12:24:50 ET]
Table '3649478141 1' 3-max Seat #2 is the button
Seat 2: nayaratorres (1009 in chips) 
Seat 3: Mahu2021 (491 in chips) 
nayaratorres: posts small blind 20
Mahu2021: posts big blind 40
*** HOLE CARDS ***
Dealt to Mahu2021 [Jc 8s]
nayaratorres: raises 969 to 1009 and is all-in
Mahu2021: folds 
Uncalled bet (969) returned to nayaratorres
nayaratorres collected 80 from pot
nayaratorres: doesn't show hand 
*** SUMMARY ***
Total pot 80 | Rake 0 
Seat 2: nayaratorres (button) (small blind) collected (80)
Seat 3: Mahu2021 (big blind) folded before Flop



PokerStars Hand #246154832984: Tournament #3649478141, $0.92+$0.08 USD Hold'em No Limit - Level III (20/40) - 2023/09/24 18:24:59 CET [2023/09/24 12:24:59 ET]
Table '3649478141 1' 3-max Seat #3 is the button
Seat 2: nayaratorres (1049 in chips) 
Seat 3: Mahu2021 (451 in chips) 
Mahu2021: posts small blind 20
nayaratorres: posts big blind 40
*** HOLE CARDS ***
Dealt to Mahu2021 [2c As]
Mahu2021: calls 20
nayaratorres: checks 
*** FLOP *** [Ad 8h 4s]
nayaratorres: checks 
Mahu2021: checks 
*** TURN *** [Ad 8h 4s] [3s]
nayaratorres: checks 
Mahu2021: checks 
*** RIVER *** [Ad 8h 4s 3s] [3d]
nayaratorres: checks 
Mahu2021: bets 40
nayaratorres: folds 
Uncalled bet (40) returned to Mahu2021
Mahu2021 collected 80 from pot
Mahu2021: doesn't show hand 
*** SUMMARY ***
Total pot 80 | Rake 0 
Board [Ad 8h 4s 3s 3d]
Seat 2: nayaratorres (big blind) folded on the River
Seat 3: Mahu2021 (button) (small blind) collected (80)



PokerStars Hand #246154838927: Tournament #3649478141, $0.92+$0.08 USD Hold'em No Limit - Level III (20/40) - 2023/09/24 18:25:16 CET [2023/09/24 12:25:16 ET]
Table '3649478141 1' 3-max Seat #2 is the button
Seat 2: nayaratorres (1009 in chips) 
Seat 3: Mahu2021 (491 in chips) 
nayaratorres: posts small blind 20
Mahu2021: posts big blind 40
*** HOLE CARDS ***
Dealt to Mahu2021 [7d Jc]
nayaratorres: calls 20
Mahu2021: checks 
*** FLOP *** [4h 2c Jh]
Mahu2021: bets 40
nayaratorres: folds 
Uncalled bet (40) returned to Mahu2021
Mahu2021 collected 80 from pot
Mahu2021: doesn't show hand 
*** SUMMARY ***
Total pot 80 | Rake 0 
Board [4h 2c Jh]
Seat 2: nayaratorres (button) (small blind) folded on the Flop
Seat 3: Mahu2021 (big blind) collected (80)



PokerStars Hand #246154842270: Tournament #3649478141, $0.92+$0.08 USD Hold'em No Limit - Level III (20/40) - 2023/09/24 18:25:26 CET [2023/09/24 12:25:26 ET]
Table '3649478141 1' 3-max Seat #3 is the button
Seat 2: nayaratorres (969 in chips) 
Seat 3: Mahu2021 (531 in chips) 
Mahu2021: posts small blind 20
nayaratorres: posts big blind 40
*** HOLE CARDS ***
Dealt to Mahu2021 [8s 9s]
Mahu2021: raises 40 to 80
nayaratorres: folds 
Uncalled bet (40) returned to Mahu2021
Mahu2021 collected 80 from pot
Mahu2021: doesn't show hand 
*** SUMMARY ***
Total pot 80 | Rake 0 
Seat 2: nayaratorres (big blind) folded before Flop
Seat 3: Mahu2021 (button) (small blind) collected (80)



PokerStars Hand #246154844346: Tournament #3649478141, $0.92+$0.08 USD Hold'em No Limit - Level III (20/40) - 2023/09/24 18:25:32 CET [2023/09/24 12:25:32 ET]
Table '3649478141 1' 3-max Seat #2 is the button
Seat 2: nayaratorres (929 in chips) 
Seat 3: Mahu2021 (571 in chips) 
nayaratorres: posts small blind 20
Mahu2021: posts big blind 40
*** HOLE CARDS ***
Dealt to Mahu2021 [9c Jh]
nayaratorres: raises 40 to 80
Mahu2021: calls 40
*** FLOP *** [Kd 2h Th]
Mahu2021: checks 
nayaratorres: bets 53
Mahu2021: folds 
Uncalled bet (53) returned to nayaratorres
nayaratorres collected 160 from pot
nayaratorres: doesn't show hand 
*** SUMMARY ***
Total pot 160 | Rake 0 
Board [Kd 2h Th]
Seat 2: nayaratorres (button) (small blind) collected (160)
Seat 3: Mahu2021 (big blind) folded on the Flop



PokerStars Hand #246154848474: Tournament #3649478141, $0.92+$0.08 USD Hold'em No Limit - Level III (20/40) - 2023/09/24 18:25:44 CET [2023/09/24 12:25:44 ET]
Table '3649478141 1' 3-max Seat #3 is the button
Seat 2: nayaratorres (1009 in chips) 
Seat 3: Mahu2021 (491 in chips) 
Mahu2021: posts small blind 20
nayaratorres: posts big blind 40
*** HOLE CARDS ***
Dealt to Mahu2021 [2h Qd]
Mahu2021: folds 
Uncalled bet (20) returned to nayaratorres
nayaratorres collected 40 from pot
nayaratorres: doesn't show hand 
*** SUMMARY ***
Total pot 40 | Rake 0 
Seat 2: nayaratorres (big blind) collected (40)
Seat 3: Mahu2021 (button) (small blind) folded before Flop



PokerStars Hand #246154850043: Tournament #3649478141, $0.92+$0.08 USD Hold'em No Limit - Level III (20/40) - 2023/09/24 18:25:49 CET [2023/09/24 12:25:49 ET]
Table '3649478141 1' 3-max Seat #2 is the button
Seat 2: nayaratorres (1029 in chips) 
Seat 3: Mahu2021 (471 in chips) 
nayaratorres: posts small blind 20
Mahu2021: posts big blind 40
*** HOLE CARDS ***
Dealt to Mahu2021 [5c Tc]
nayaratorres: calls 20
Mahu2021: checks 
*** FLOP *** [6h 4d 7c]
Mahu2021: bets 40
nayaratorres: calls 40
*** TURN *** [6h 4d 7c] [2s]
Mahu2021: checks 
nayaratorres: bets 48
Mahu2021: calls 48
*** RIVER *** [6h 4d 7c 2s] [Jh]
Mahu2021: checks 
nayaratorres: checks 
*** SHOW DOWN ***
Mahu2021: shows [5c Tc] (high card Jack)
nayaratorres: shows [Qd 5d] (high card Queen)
nayaratorres collected 256 from pot
*** SUMMARY ***
Total pot 256 | Rake 0 
Board [6h 4d 7c 2s Jh]
Seat 2: nayaratorres (button) (small blind) showed [Qd 5d] and won (256) with high card Queen
Seat 3: Mahu2021 (big blind) showed [5c Tc] and lost with high card Jack



PokerStars Hand #246154858804: Tournament #3649478141, $0.92+$0.08 USD Hold'em No Limit - Level III (20/40) - 2023/09/24 18:26:14 CET [2023/09/24 12:26:14 ET]
Table '3649478141 1' 3-max Seat #3 is the button
Seat 2: nayaratorres (1157 in chips) 
Seat 3: Mahu2021 (343 in chips) 
Mahu2021: posts small blind 20
nayaratorres: posts big blind 40
*** HOLE CARDS ***
Dealt to Mahu2021 [8d 3s]
Mahu2021: folds 
Uncalled bet (20) returned to nayaratorres
nayaratorres collected 40 from pot
nayaratorres: doesn't show hand 
*** SUMMARY ***
Total pot 40 | Rake 0 
Seat 2: nayaratorres (big blind) collected (40)
Seat 3: Mahu2021 (button) (small blind) folded before Flop



PokerStars Hand #246154860278: Tournament #3649478141, $0.92+$0.08 USD Hold'em No Limit - Level III (20/40) - 2023/09/24 18:26:18 CET [2023/09/24 12:26:18 ET]
Table '3649478141 1' 3-max Seat #2 is the button
Seat 2: nayaratorres (1177 in chips) 
Seat 3: Mahu2021 (323 in chips) 
nayaratorres: posts small blind 20
Mahu2021: posts big blind 40
*** HOLE CARDS ***
Dealt to Mahu2021 [3s 9d]
nayaratorres: folds 
Uncalled bet (20) returned to Mahu2021
Mahu2021 collected 40 from pot
Mahu2021: doesn't show hand 
*** SUMMARY ***
Total pot 40 | Rake 0 
Seat 2: nayaratorres (button) (small blind) folded before Flop
Seat 3: Mahu2021 (big blind) collected (40)



PokerStars Hand #246154861510: Tournament #3649478141, $0.92+$0.08 USD Hold'em No Limit - Level III (20/40) - 2023/09/24 18:26:22 CET [2023/09/24 12:26:22 ET]
Table '3649478141 1' 3-max Seat #3 is the button
Seat 2: nayaratorres (1157 in chips) 
Seat 3: Mahu2021 (343 in chips) 
Mahu2021: posts small blind 20
nayaratorres: posts big blind 40
*** HOLE CARDS ***
Dealt to Mahu2021 [Qs 2d]
Mahu2021: folds 
Uncalled bet (20) returned to nayaratorres
nayaratorres collected 40 from pot
nayaratorres: doesn't show hand 
*** SUMMARY ***
Total pot 40 | Rake 0 
Seat 2: nayaratorres (big blind) collected (40)
Seat 3: Mahu2021 (button) (small blind) folded before Flop



PokerStars Hand #246154862964: Tournament #3649478141, $0.92+$0.08 USD Hold'em No Limit - Level III (20/40) - 2023/09/24 18:26:26 CET [2023/09/24 12:26:26 ET]
Table '3649478141 1' 3-max Seat #2 is the button
Seat 2: nayaratorres (1177 in chips) 
Seat 3: Mahu2021 (323 in chips) 
nayaratorres: posts small blind 20
Mahu2021: posts big blind 40
*** HOLE CARDS ***
Dealt to Mahu2021 [6h 6s]
nayaratorres: calls 20
Mahu2021: raises 283 to 323 and is all-in
nayaratorres: folds 
Uncalled bet (283) returned to Mahu2021
Mahu2021 collected 80 from pot
Mahu2021: doesn't show hand 
*** SUMMARY ***
Total pot 80 | Rake 0 
Seat 2: nayaratorres (button) (small blind) folded before Flop
Seat 3: Mahu2021 (big blind) collected (80)



PokerStars Hand #246154865319: Tournament #3649478141, $0.92+$0.08 USD Hold'em No Limit - Level III (20/40) - 2023/09/24 18:26:33 CET [2023/09/24 12:26:33 ET]
Table '3649478141 1' 3-max Seat #3 is the button
Seat 2: nayaratorres (1137 in chips) 
Seat 3: Mahu2021 (363 in chips) 
Mahu2021: posts small blind 20
nayaratorres: posts big blind 40
*** HOLE CARDS ***
Dealt to Mahu2021 [6s As]
Mahu2021: raises 40 to 80
nayaratorres: folds 
Uncalled bet (40) returned to Mahu2021
Mahu2021 collected 80 from pot
Mahu2021: doesn't show hand 
*** SUMMARY ***
Total pot 80 | Rake 0 
Seat 2: nayaratorres (big blind) folded before Flop
Seat 3: Mahu2021 (button) (small blind) collected (80)



PokerStars Hand #246154867846: Tournament #3649478141, $0.92+$0.08 USD Hold'em No Limit - Level III (20/40) - 2023/09/24 18:26:40 CET [2023/09/24 12:26:40 ET]
Table '3649478141 1' 3-max Seat #2 is the button
Seat 2: nayaratorres (1097 in chips) 
Seat 3: Mahu2021 (403 in chips) 
nayaratorres: posts small blind 20
Mahu2021: posts big blind 40
*** HOLE CARDS ***
Dealt to Mahu2021 [5s 3s]
nayaratorres: calls 20
Mahu2021: checks 
*** FLOP *** [7c 5h Qs]
Mahu2021: checks 
nayaratorres: bets 40
Mahu2021: calls 40
*** TURN *** [7c 5h Qs] [6h]
Mahu2021: checks 
nayaratorres: checks 
*** RIVER *** [7c 5h Qs 6h] [Ah]
Mahu2021: bets 80
nayaratorres: folds 
Uncalled bet (80) returned to Mahu2021
Mahu2021 collected 160 from pot
Mahu2021: doesn't show hand 
*** SUMMARY ***
Total pot 160 | Rake 0 
Board [7c 5h Qs 6h Ah]
Seat 2: nayaratorres (button) (small blind) folded on the River
Seat 3: Mahu2021 (big blind) collected (160)



PokerStars Hand #246154874818: Tournament #3649478141, $0.92+$0.08 USD Hold'em No Limit - Level III (20/40) - 2023/09/24 18:27:00 CET [2023/09/24 12:27:00 ET]
Table '3649478141 1' 3-max Seat #3 is the button
Seat 2: nayaratorres (1017 in chips) 
Seat 3: Mahu2021 (483 in chips) 
Mahu2021: posts small blind 20
nayaratorres: posts big blind 40
*** HOLE CARDS ***
Dealt to Mahu2021 [Th 7s]
Mahu2021: folds 
Uncalled bet (20) returned to nayaratorres
nayaratorres collected 40 from pot
nayaratorres: doesn't show hand 
*** SUMMARY ***
Total pot 40 | Rake 0 
Seat 2: nayaratorres (big blind) collected (40)
Seat 3: Mahu2021 (button) (small blind) folded before Flop



PokerStars Hand #246154877440: Tournament #3649478141, $0.92+$0.08 USD Hold'em No Limit - Level IV (30/60) - 2023/09/24 18:27:08 CET [2023/09/24 12:27:08 ET]
Table '3649478141 1' 3-max Seat #2 is the button
Seat 2: nayaratorres (1037 in chips) 
Seat 3: Mahu2021 (463 in chips) 
nayaratorres: posts small blind 30
Mahu2021: posts big blind 60
*** HOLE CARDS ***
Dealt to Mahu2021 [7h 7d]
nayaratorres: calls 30
Mahu2021: raises 403 to 463 and is all-in
nayaratorres: folds 
Uncalled bet (403) returned to Mahu2021
Mahu2021 collected 120 from pot
Mahu2021: doesn't show hand 
*** SUMMARY ***
Total pot 120 | Rake 0 
Seat 2: nayaratorres (button) (small blind) folded before Flop
Seat 3: Mahu2021 (big blind) collected (120)



PokerStars Hand #246154879741: Tournament #3649478141, $0.92+$0.08 USD Hold'em No Limit - Level IV (30/60) - 2023/09/24 18:27:15 CET [2023/09/24 12:27:15 ET]
Table '3649478141 1' 3-max Seat #3 is the button
Seat 2: nayaratorres (977 in chips) 
Seat 3: Mahu2021 (523 in chips) 
Mahu2021: posts small blind 30
nayaratorres: posts big blind 60
*** HOLE CARDS ***
Dealt to Mahu2021 [3c Jd]
Mahu2021: folds 
Uncalled bet (30) returned to nayaratorres
nayaratorres collected 60 from pot
nayaratorres: doesn't show hand 
*** SUMMARY ***
Total pot 60 | Rake 0 
Seat 2: nayaratorres (big blind) collected (60)
Seat 3: Mahu2021 (button) (small blind) folded before Flop



PokerStars Hand #246154881222: Tournament #3649478141, $0.92+$0.08 USD Hold'em No Limit - Level IV (30/60) - 2023/09/24 18:27:19 CET [2023/09/24 12:27:19 ET]
Table '3649478141 1' 3-max Seat #2 is the button
Seat 2: nayaratorres (1007 in chips) 
Seat 3: Mahu2021 (493 in chips) 
nayaratorres: posts small blind 30
Mahu2021: posts big blind 60
*** HOLE CARDS ***
Dealt to Mahu2021 [8d 6s]
nayaratorres: raises 947 to 1007 and is all-in
Mahu2021: folds 
Uncalled bet (947) returned to nayaratorres
nayaratorres collected 120 from pot
nayaratorres: doesn't show hand 
*** SUMMARY ***
Total pot 120 | Rake 0 
Seat 2: nayaratorres (button) (small blind) collected (120)
Seat 3: Mahu2021 (big blind) folded before Flop



PokerStars Hand #246154882847: Tournament #3649478141, $0.92+$0.08 USD Hold'em No Limit - Level IV (30/60) - 2023/09/24 18:27:24 CET [2023/09/24 12:27:24 ET]
Table '3649478141 1' 3-max Seat #3 is the button
Seat 2: nayaratorres (1067 in chips) 
Seat 3: Mahu2021 (433 in chips) 
Mahu2021: posts small blind 30
nayaratorres: posts big blind 60
*** HOLE CARDS ***
Dealt to Mahu2021 [Td 2h]
Mahu2021: folds 
Uncalled bet (30) returned to nayaratorres
nayaratorres collected 60 from pot
nayaratorres: doesn't show hand 
*** SUMMARY ***
Total pot 60 | Rake 0 
Seat 2: nayaratorres (big blind) collected (60)
Seat 3: Mahu2021 (button) (small blind) folded before Flop



PokerStars Hand #246154884501: Tournament #3649478141, $0.92+$0.08 USD Hold'em No Limit - Level IV (30/60) - 2023/09/24 18:27:29 CET [2023/09/24 12:27:29 ET]
Table '3649478141 1' 3-max Seat #2 is the button
Seat 2: nayaratorres (1097 in chips) 
Seat 3: Mahu2021 (403 in chips) 
nayaratorres: posts small blind 30
Mahu2021: posts big blind 60
*** HOLE CARDS ***
Dealt to Mahu2021 [5s 3c]
nayaratorres: raises 1037 to 1097 and is all-in
Mahu2021: folds 
Uncalled bet (1037) returned to nayaratorres
nayaratorres collected 120 from pot
nayaratorres: doesn't show hand 
*** SUMMARY ***
Total pot 120 | Rake 0 
Seat 2: nayaratorres (button) (small blind) collected (120)
Seat 3: Mahu2021 (big blind) folded before Flop



PokerStars Hand #246154886146: Tournament #3649478141, $0.92+$0.08 USD Hold'em No Limit - Level IV (30/60) - 2023/09/24 18:27:33 CET [2023/09/24 12:27:33 ET]
Table '3649478141 1' 3-max Seat #3 is the button
Seat 2: nayaratorres (1157 in chips) 
Seat 3: Mahu2021 (343 in chips) 
Mahu2021: posts small blind 30
nayaratorres: posts big blind 60
*** HOLE CARDS ***
Dealt to Mahu2021 [3c Ts]
Mahu2021: folds 
Uncalled bet (30) returned to nayaratorres
nayaratorres collected 60 from pot
nayaratorres: doesn't show hand 
*** SUMMARY ***
Total pot 60 | Rake 0 
Seat 2: nayaratorres (big blind) collected (60)
Seat 3: Mahu2021 (button) (small blind) folded before Flop



PokerStars Hand #246154887597: Tournament #3649478141, $0.92+$0.08 USD Hold'em No Limit - Level IV (30/60) - 2023/09/24 18:27:38 CET [2023/09/24 12:27:38 ET]
Table '3649478141 1' 3-max Seat #2 is the button
Seat 2: nayaratorres (1187 in chips) 
Seat 3: Mahu2021 (313 in chips) 
nayaratorres: posts small blind 30
Mahu2021: posts big blind 60
*** HOLE CARDS ***
Dealt to Mahu2021 [Th Kh]
nayaratorres: raises 1127 to 1187 and is all-in
Mahu2021: calls 253 and is all-in
Uncalled bet (874) returned to nayaratorres
*** FLOP *** [7h Ah 8h]
*** TURN *** [7h Ah 8h] [2c]
*** RIVER *** [7h Ah 8h 2c] [9h]
*** SHOW DOWN ***
Mahu2021: shows [Th Kh] (a flush, Ace high)
nayaratorres: shows [Jh 4h] (a flush, Ace high - lower cards)
Mahu2021 collected 626 from pot
*** SUMMARY ***
Total pot 626 | Rake 0 
Board [7h Ah 8h 2c 9h]
Seat 2: nayaratorres (button) (small blind) showed [Jh 4h] and lost with a flush, Ace high
Seat 3: Mahu2021 (big blind) showed [Th Kh] and won (626) with a flush, Ace high



PokerStars Hand #246154891478: Tournament #3649478141, $0.92+$0.08 USD Hold'em No Limit - Level IV (30/60) - 2023/09/24 18:27:49 CET [2023/09/24 12:27:49 ET]
Table '3649478141 1' 3-max Seat #3 is the button
Seat 2: nayaratorres (874 in chips) 
Seat 3: Mahu2021 (626 in chips) 
Mahu2021: posts small blind 30
nayaratorres: posts big blind 60
*** HOLE CARDS ***
Dealt to Mahu2021 [8c 2d]
Mahu2021: folds 
Uncalled bet (30) returned to nayaratorres
nayaratorres collected 60 from pot
nayaratorres: doesn't show hand 
*** SUMMARY ***
Total pot 60 | Rake 0 
Seat 2: nayaratorres (big blind) collected (60)
Seat 3: Mahu2021 (button) (small blind) folded before Flop



PokerStars Hand #246154893031: Tournament #3649478141, $0.92+$0.08 USD Hold'em No Limit - Level IV (30/60) - 2023/09/24 18:27:53 CET [2023/09/24 12:27:53 ET]
Table '3649478141 1' 3-max Seat #2 is the button
Seat 2: nayaratorres (904 in chips) 
Seat 3: Mahu2021 (596 in chips) 
nayaratorres: posts small blind 30
Mahu2021: posts big blind 60
*** HOLE CARDS ***
Dealt to Mahu2021 [3h 6d]
nayaratorres: calls 30
Mahu2021: checks 
*** FLOP *** [9h Jc 3d]
Mahu2021: checks 
nayaratorres: bets 60
Mahu2021: calls 60
*** TURN *** [9h Jc 3d] [6c]
Mahu2021: checks 
nayaratorres: checks 
*** RIVER *** [9h Jc 3d 6c] [8d]
Mahu2021: bets 60
nayaratorres: calls 60
*** SHOW DOWN ***
Mahu2021: shows [3h 6d] (two pair, Sixes and Threes)
nayaratorres: mucks hand 
Mahu2021 collected 360 from pot
*** SUMMARY ***
Total pot 360 | Rake 0 
Board [9h Jc 3d 6c 8d]
Seat 2: nayaratorres (button) (small blind) mucked [6h Qd]
Seat 3: Mahu2021 (big blind) showed [3h 6d] and won (360) with two pair, Sixes and Threes



PokerStars Hand #246154899470: Tournament #3649478141, $0.92+$0.08 USD Hold'em No Limit - Level IV (30/60) - 2023/09/24 18:28:12 CET [2023/09/24 12:28:12 ET]
Table '3649478141 1' 3-max Seat #3 is the button
Seat 2: nayaratorres (724 in chips) 
Seat 3: Mahu2021 (776 in chips) 
Mahu2021: posts small blind 30
nayaratorres: posts big blind 60
*** HOLE CARDS ***
Dealt to Mahu2021 [8d 2d]
Mahu2021: calls 30
nayaratorres: raises 664 to 724 and is all-in
Mahu2021: folds 
Uncalled bet (664) returned to nayaratorres
nayaratorres collected 120 from pot
nayaratorres: doesn't show hand 
*** SUMMARY ***
Total pot 120 | Rake 0 
Seat 2: nayaratorres (big blind) collected (120)
Seat 3: Mahu2021 (button) (small blind) folded before Flop



PokerStars Hand #246154902021: Tournament #3649478141, $0.92+$0.08 USD Hold'em No Limit - Level IV (30/60) - 2023/09/24 18:28:19 CET [2023/09/24 12:28:19 ET]
Table '3649478141 1' 3-max Seat #2 is the button
Seat 2: nayaratorres (784 in chips) 
Seat 3: Mahu2021 (716 in chips) 
nayaratorres: posts small blind 30
Mahu2021: posts big blind 60
*** HOLE CARDS ***
Dealt to Mahu2021 [8c 6s]
nayaratorres: raises 60 to 120
Mahu2021: folds 
Uncalled bet (60) returned to nayaratorres
nayaratorres collected 120 from pot
nayaratorres: doesn't show hand 
*** SUMMARY ***
Total pot 120 | Rake 0 
Seat 2: nayaratorres (button) (small blind) collected (120)
Seat 3: Mahu2021 (big blind) folded before Flop



PokerStars Hand #246154903913: Tournament #3649478141, $0.92+$0.08 USD Hold'em No Limit - Level IV (30/60) - 2023/09/24 18:28:25 CET [2023/09/24 12:28:25 ET]
Table '3649478141 1' 3-max Seat #3 is the button
Seat 2: nayaratorres (844 in chips) 
Seat 3: Mahu2021 (656 in chips) 
Mahu2021: posts small blind 30
nayaratorres: posts big blind 60
*** HOLE CARDS ***
Dealt to Mahu2021 [Tc 7s]
Mahu2021: folds 
Uncalled bet (30) returned to nayaratorres
nayaratorres collected 60 from pot
nayaratorres: doesn't show hand 
*** SUMMARY ***
Total pot 60 | Rake 0 
Seat 2: nayaratorres (big blind) collected (60)
Seat 3: Mahu2021 (button) (small blind) folded before Flop



PokerStars Hand #246154905384: Tournament #3649478141, $0.92+$0.08 USD Hold'em No Limit - Level IV (30/60) - 2023/09/24 18:28:29 CET [2023/09/24 12:28:29 ET]
Table '3649478141 1' 3-max Seat #2 is the button
Seat 2: nayaratorres (874 in chips) 
Seat 3: Mahu2021 (626 in chips) 
nayaratorres: posts small blind 30
Mahu2021: posts big blind 60
*** HOLE CARDS ***
Dealt to Mahu2021 [9c 3d]
nayaratorres: folds 
Uncalled bet (30) returned to Mahu2021
Mahu2021 collected 60 from pot
Mahu2021: doesn't show hand 
*** SUMMARY ***
Total pot 60 | Rake 0 
Seat 2: nayaratorres (button) (small blind) folded before Flop
Seat 3: Mahu2021 (big blind) collected (60)



PokerStars Hand #246154906635: Tournament #3649478141, $0.92+$0.08 USD Hold'em No Limit - Level IV (30/60) - 2023/09/24 18:28:33 CET [2023/09/24 12:28:33 ET]
Table '3649478141 1' 3-max Seat #3 is the button
Seat 2: nayaratorres (844 in chips) 
Seat 3: Mahu2021 (656 in chips) 
Mahu2021: posts small blind 30
nayaratorres: posts big blind 60
*** HOLE CARDS ***
Dealt to Mahu2021 [3d 7d]
Mahu2021: calls 30
nayaratorres: checks 
*** FLOP *** [Kh 6d 7h]
nayaratorres: checks 
Mahu2021: bets 60
nayaratorres: calls 60
*** TURN *** [Kh 6d 7h] [8d]
nayaratorres: checks 
Mahu2021: bets 240
nayaratorres: folds 
Uncalled bet (240) returned to Mahu2021
Mahu2021 collected 240 from pot
Mahu2021: doesn't show hand 
*** SUMMARY ***
Total pot 240 | Rake 0 
Board [Kh 6d 7h 8d]
Seat 2: nayaratorres (big blind) folded on the Turn
Seat 3: Mahu2021 (button) (small blind) collected (240)



PokerStars Hand #246154911828: Tournament #3649478141, $0.92+$0.08 USD Hold'em No Limit - Level IV (30/60) - 2023/09/24 18:28:48 CET [2023/09/24 12:28:48 ET]
Table '3649478141 1' 3-max Seat #2 is the button
Seat 2: nayaratorres (724 in chips) 
Seat 3: Mahu2021 (776 in chips) 
nayaratorres: posts small blind 30
Mahu2021: posts big blind 60
*** HOLE CARDS ***
Dealt to Mahu2021 [As Ah]
nayaratorres: calls 30
Mahu2021: raises 716 to 776 and is all-in
nayaratorres: folds 
Uncalled bet (716) returned to Mahu2021
Mahu2021 collected 120 from pot
Mahu2021: doesn't show hand 
*** SUMMARY ***
Total pot 120 | Rake 0 
Seat 2: nayaratorres (button) (small blind) folded before Flop
Seat 3: Mahu2021 (big blind) collected (120)



PokerStars Hand #246154914217: Tournament #3649478141, $0.92+$0.08 USD Hold'em No Limit - Level IV (30/60) - 2023/09/24 18:28:55 CET [2023/09/24 12:28:55 ET]
Table '3649478141 1' 3-max Seat #3 is the button
Seat 2: nayaratorres (664 in chips) 
Seat 3: Mahu2021 (836 in chips) 
Mahu2021: posts small blind 30
nayaratorres: posts big blind 60
*** HOLE CARDS ***
Dealt to Mahu2021 [5s Ts]
Mahu2021: calls 30
nayaratorres: checks 
*** FLOP *** [3c 6h 6d]
nayaratorres: checks 
Mahu2021: checks 
*** TURN *** [3c 6h 6d] [Kd]
nayaratorres: bets 60
Mahu2021: folds 
Uncalled bet (60) returned to nayaratorres
nayaratorres collected 120 from pot
nayaratorres: doesn't show hand 
*** SUMMARY ***
Total pot 120 | Rake 0 
Board [3c 6h 6d Kd]
Seat 2: nayaratorres (big blind) collected (120)
Seat 3: Mahu2021 (button) (small blind) folded on the Turn



PokerStars Hand #246154918059: Tournament #3649478141, $0.92+$0.08 USD Hold'em No Limit - Level IV (30/60) - 2023/09/24 18:29:06 CET [2023/09/24 12:29:06 ET]
Table '3649478141 1' 3-max Seat #2 is the button
Seat 2: nayaratorres (724 in chips) 
Seat 3: Mahu2021 (776 in chips) 
nayaratorres: posts small blind 30
Mahu2021: posts big blind 60
*** HOLE CARDS ***
Dealt to Mahu2021 [2d Qh]
nayaratorres: raises 664 to 724 and is all-in
Mahu2021: folds 
Uncalled bet (664) returned to nayaratorres
nayaratorres collected 120 from pot
nayaratorres: doesn't show hand 
*** SUMMARY ***
Total pot 120 | Rake 0 
Seat 2: nayaratorres (button) (small blind) collected (120)
Seat 3: Mahu2021 (big blind) folded before Flop



PokerStars Hand #246154919702: Tournament #3649478141, $0.92+$0.08 USD Hold'em No Limit - Level IV (30/60) - 2023/09/24 18:29:11 CET [2023/09/24 12:29:11 ET]
Table '3649478141 1' 3-max Seat #3 is the button
Seat 2: nayaratorres (784 in chips) 
Seat 3: Mahu2021 (716 in chips) 
Mahu2021: posts small blind 30
nayaratorres: posts big blind 60
*** HOLE CARDS ***
Dealt to Mahu2021 [Kd 4s]
Mahu2021: calls 30
nayaratorres: checks 
*** FLOP *** [8d Ts Kh]
nayaratorres: checks 
Mahu2021: checks 
*** TURN *** [8d Ts Kh] [Jh]
nayaratorres: checks 
Mahu2021: checks 
*** RIVER *** [8d Ts Kh Jh] [5d]
nayaratorres: checks 
Mahu2021: bets 120
nayaratorres: folds 
Uncalled bet (120) returned to Mahu2021
Mahu2021 collected 120 from pot
Mahu2021: doesn't show hand 
*** SUMMARY ***
Total pot 120 | Rake 0 
Board [8d Ts Kh Jh 5d]
Seat 2: nayaratorres (big blind) folded on the River
Seat 3: Mahu2021 (button) (small blind) collected (120)



PokerStars Hand #246154924790: Tournament #3649478141, $0.92+$0.08 USD Hold'em No Limit - Level IV (30/60) - 2023/09/24 18:29:26 CET [2023/09/24 12:29:26 ET]
Table '3649478141 1' 3-max Seat #2 is the button
Seat 2: nayaratorres (724 in chips) 
Seat 3: Mahu2021 (776 in chips) 
nayaratorres: posts small blind 30
Mahu2021: posts big blind 60
*** HOLE CARDS ***
Dealt to Mahu2021 [As Tc]
nayaratorres: folds 
Uncalled bet (30) returned to Mahu2021
Mahu2021 collected 60 from pot
Mahu2021: doesn't show hand 
*** SUMMARY ***
Total pot 60 | Rake 0 
Seat 2: nayaratorres (button) (small blind) folded before Flop
Seat 3: Mahu2021 (big blind) collected (60)



PokerStars Hand #246154925974: Tournament #3649478141, $0.92+$0.08 USD Hold'em No Limit - Level IV (30/60) - 2023/09/24 18:29:29 CET [2023/09/24 12:29:29 ET]
Table '3649478141 1' 3-max Seat #3 is the button
Seat 2: nayaratorres (694 in chips) 
Seat 3: Mahu2021 (806 in chips) 
Mahu2021: posts small blind 30
nayaratorres: posts big blind 60
*** HOLE CARDS ***
Dealt to Mahu2021 [7c Ac]
Mahu2021: raises 746 to 806 and is all-in
nayaratorres: folds 
Uncalled bet (746) returned to Mahu2021
Mahu2021 collected 120 from pot
Mahu2021: doesn't show hand 
*** SUMMARY ***
Total pot 120 | Rake 0 
Seat 2: nayaratorres (big blind) folded before Flop
Seat 3: Mahu2021 (button) (small blind) collected (120)



PokerStars Hand #246154928320: Tournament #3649478141, $0.92+$0.08 USD Hold'em No Limit - Level IV (30/60) - 2023/09/24 18:29:36 CET [2023/09/24 12:29:36 ET]
Table '3649478141 1' 3-max Seat #2 is the button
Seat 2: nayaratorres (634 in chips) 
Seat 3: Mahu2021 (866 in chips) 
nayaratorres: posts small blind 30
Mahu2021: posts big blind 60
*** HOLE CARDS ***
Dealt to Mahu2021 [Ac 4h]
nayaratorres: folds 
Uncalled bet (30) returned to Mahu2021
Mahu2021 collected 60 from pot
Mahu2021: doesn't show hand 
*** SUMMARY ***
Total pot 60 | Rake 0 
Seat 2: nayaratorres (button) (small blind) folded before Flop
Seat 3: Mahu2021 (big blind) collected (60)



PokerStars Hand #246154929436: Tournament #3649478141, $0.92+$0.08 USD Hold'em No Limit - Level IV (30/60) - 2023/09/24 18:29:39 CET [2023/09/24 12:29:39 ET]
Table '3649478141 1' 3-max Seat #3 is the button
Seat 2: nayaratorres (604 in chips) 
Seat 3: Mahu2021 (896 in chips) 
Mahu2021: posts small blind 30
nayaratorres: posts big blind 60
*** HOLE CARDS ***
Dealt to Mahu2021 [Ah Ts]
Mahu2021: raises 60 to 120
nayaratorres: folds 
Uncalled bet (60) returned to Mahu2021
Mahu2021 collected 120 from pot
Mahu2021: doesn't show hand 
*** SUMMARY ***
Total pot 120 | Rake 0 
Seat 2: nayaratorres (big blind) folded before Flop
Seat 3: Mahu2021 (button) (small blind) collected (120)



PokerStars Hand #246154931488: Tournament #3649478141, $0.92+$0.08 USD Hold'em No Limit - Level IV (30/60) - 2023/09/24 18:29:45 CET [2023/09/24 12:29:45 ET]
Table '3649478141 1' 3-max Seat #2 is the button
Seat 2: nayaratorres (544 in chips) 
Seat 3: Mahu2021 (956 in chips) 
nayaratorres: posts small blind 30
Mahu2021: posts big blind 60
*** HOLE CARDS ***
Dealt to Mahu2021 [Ah 7h]
nayaratorres: calls 30
Mahu2021: raises 896 to 956 and is all-in
nayaratorres: folds 
Uncalled bet (896) returned to Mahu2021
Mahu2021 collected 120 from pot
Mahu2021: doesn't show hand 
*** SUMMARY ***
Total pot 120 | Rake 0 
Seat 2: nayaratorres (button) (small blind) folded before Flop
Seat 3: Mahu2021 (big blind) collected (120)



PokerStars Hand #246154934505: Tournament #3649478141, $0.92+$0.08 USD Hold'em No Limit - Level IV (30/60) - 2023/09/24 18:29:54 CET [2023/09/24 12:29:54 ET]
Table '3649478141 1' 3-max Seat #3 is the button
Seat 2: nayaratorres (484 in chips) 
Seat 3: Mahu2021 (1016 in chips) 
Mahu2021: posts small blind 30
nayaratorres: posts big blind 60
*** HOLE CARDS ***
Dealt to Mahu2021 [Ah Jc]
Mahu2021: raises 60 to 120
nayaratorres: folds 
Uncalled bet (60) returned to Mahu2021
Mahu2021 collected 120 from pot
Mahu2021: doesn't show hand 
*** SUMMARY ***
Total pot 120 | Rake 0 
Seat 2: nayaratorres (big blind) folded before Flop
Seat 3: Mahu2021 (button) (small blind) collected (120)



PokerStars Hand #246154936330: Tournament #3649478141, $0.92+$0.08 USD Hold'em No Limit - Level IV (30/60) - 2023/09/24 18:29:59 CET [2023/09/24 12:29:59 ET]
Table '3649478141 1' 3-max Seat #2 is the button
Seat 2: nayaratorres (424 in chips) 
Seat 3: Mahu2021 (1076 in chips) 
nayaratorres: posts small blind 30
Mahu2021: posts big blind 60
*** HOLE CARDS ***
Dealt to Mahu2021 [Qd 2h]
nayaratorres: folds 
Uncalled bet (30) returned to Mahu2021
Mahu2021 collected 60 from pot
Mahu2021: doesn't show hand 
*** SUMMARY ***
Total pot 60 | Rake 0 
Seat 2: nayaratorres (button) (small blind) folded before Flop
Seat 3: Mahu2021 (big blind) collected (60)



PokerStars Hand #246154938369: Tournament #3649478141, $0.92+$0.08 USD Hold'em No Limit - Level IV (30/60) - 2023/09/24 18:30:03 CET [2023/09/24 12:30:03 ET]
Table '3649478141 1' 3-max Seat #3 is the button
Seat 2: nayaratorres (394 in chips) 
Seat 3: Mahu2021 (1106 in chips) 
Mahu2021: posts small blind 30
nayaratorres: posts big blind 60
*** HOLE CARDS ***
Dealt to Mahu2021 [8d Th]
Mahu2021: calls 30
nayaratorres: checks 
*** FLOP *** [2c 7d Ks]
nayaratorres: checks 
Mahu2021: bets 60
nayaratorres: folds 
Uncalled bet (60) returned to Mahu2021
Mahu2021 collected 120 from pot
Mahu2021: doesn't show hand 
*** SUMMARY ***
Total pot 120 | Rake 0 
Board [2c 7d Ks]
Seat 2: nayaratorres (big blind) folded on the Flop
Seat 3: Mahu2021 (button) (small blind) collected (120)



PokerStars Hand #246154945488: Tournament #3649478141, $0.92+$0.08 USD Hold'em No Limit - Level V (40/80) - 2023/09/24 18:30:23 CET [2023/09/24 12:30:23 ET]
Table '3649478141 1' 3-max Seat #2 is the button
Seat 2: nayaratorres (334 in chips) 
Seat 3: Mahu2021 (1166 in chips) 
nayaratorres: posts small blind 40
Mahu2021: posts big blind 80
*** HOLE CARDS ***
Dealt to Mahu2021 [Tc 3h]
nayaratorres: raises 254 to 334 and is all-in
Mahu2021: folds 
Uncalled bet (254) returned to nayaratorres
nayaratorres collected 160 from pot
nayaratorres: doesn't show hand 
*** SUMMARY ***
Total pot 160 | Rake 0 
Seat 2: nayaratorres (button) (small blind) collected (160)
Seat 3: Mahu2021 (big blind) folded before Flop



PokerStars Hand #246154947100: Tournament #3649478141, $0.92+$0.08 USD Hold'em No Limit - Level V (40/80) - 2023/09/24 18:30:27 CET [2023/09/24 12:30:27 ET]
Table '3649478141 1' 3-max Seat #3 is the button
Seat 2: nayaratorres (414 in chips) 
Seat 3: Mahu2021 (1086 in chips) 
Mahu2021: posts small blind 40
nayaratorres: posts big blind 80
*** HOLE CARDS ***
Dealt to Mahu2021 [Qs 4s]
Mahu2021: calls 40
nayaratorres: checks 
*** FLOP *** [Ad 9s 9c]
nayaratorres: checks 
Mahu2021: checks 
*** TURN *** [Ad 9s 9c] [4c]
nayaratorres: checks 
Mahu2021: bets 80
nayaratorres: folds 
Uncalled bet (80) returned to Mahu2021
Mahu2021 collected 160 from pot
Mahu2021: doesn't show hand 
*** SUMMARY ***
Total pot 160 | Rake 0 
Board [Ad 9s 9c 4c]
Seat 2: nayaratorres (big blind) folded on the Turn
Seat 3: Mahu2021 (button) (small blind) collected (160)



PokerStars Hand #246154952109: Tournament #3649478141, $0.92+$0.08 USD Hold'em No Limit - Level V (40/80) - 2023/09/24 18:30:41 CET [2023/09/24 12:30:41 ET]
Table '3649478141 1' 3-max Seat #2 is the button
Seat 2: nayaratorres (334 in chips) 
Seat 3: Mahu2021 (1166 in chips) 
nayaratorres: posts small blind 40
Mahu2021: posts big blind 80
*** HOLE CARDS ***
Dealt to Mahu2021 [Jh 4d]
nayaratorres: raises 254 to 334 and is all-in
Mahu2021: folds 
Uncalled bet (254) returned to nayaratorres
nayaratorres collected 160 from pot
nayaratorres: doesn't show hand 
*** SUMMARY ***
Total pot 160 | Rake 0 
Seat 2: nayaratorres (button) (small blind) collected (160)
Seat 3: Mahu2021 (big blind) folded before Flop



PokerStars Hand #246154955579: Tournament #3649478141, $0.92+$0.08 USD Hold'em No Limit - Level V (40/80) - 2023/09/24 18:30:51 CET [2023/09/24 12:30:51 ET]
Table '3649478141 1' 3-max Seat #3 is the button
Seat 2: nayaratorres (414 in chips) 
Seat 3: Mahu2021 (1086 in chips) 
Mahu2021: posts small blind 40
nayaratorres: posts big blind 80
*** HOLE CARDS ***
Dealt to Mahu2021 [8s Jd]
Mahu2021: calls 40
nayaratorres: checks 
*** FLOP *** [Qh 6d Qs]
nayaratorres: checks 
Mahu2021: bets 80
nayaratorres: folds 
Uncalled bet (80) returned to Mahu2021
Mahu2021 collected 160 from pot
Mahu2021: doesn't show hand 
*** SUMMARY ***
Total pot 160 | Rake 0 
Board [Qh 6d Qs]
Seat 2: nayaratorres (big blind) folded on the Flop
Seat 3: Mahu2021 (button) (small blind) collected (160)



PokerStars Hand #246154959164: Tournament #3649478141, $0.92+$0.08 USD Hold'em No Limit - Level V (40/80) - 2023/09/24 18:31:01 CET [2023/09/24 12:31:01 ET]
Table '3649478141 1' 3-max Seat #2 is the button
Seat 2: nayaratorres (334 in chips) 
Seat 3: Mahu2021 (1166 in chips) 
nayaratorres: posts small blind 40
Mahu2021: posts big blind 80
*** HOLE CARDS ***
Dealt to Mahu2021 [Tc Qd]
nayaratorres: folds 
Uncalled bet (40) returned to Mahu2021
Mahu2021 collected 80 from pot
Mahu2021: doesn't show hand 
*** SUMMARY ***
Total pot 80 | Rake 0 
Seat 2: nayaratorres (button) (small blind) folded before Flop
Seat 3: Mahu2021 (big blind) collected (80)



PokerStars Hand #246154960295: Tournament #3649478141, $0.92+$0.08 USD Hold'em No Limit - Level V (40/80) - 2023/09/24 18:31:04 CET [2023/09/24 12:31:04 ET]
Table '3649478141 1' 3-max Seat #3 is the button
Seat 2: nayaratorres (294 in chips) 
Seat 3: Mahu2021 (1206 in chips) 
Mahu2021: posts small blind 40
nayaratorres: posts big blind 80
*** HOLE CARDS ***
Dealt to Mahu2021 [Kc Ac]
Mahu2021: raises 80 to 160
nayaratorres: folds 
Uncalled bet (80) returned to Mahu2021
Mahu2021 collected 160 from pot
Mahu2021: doesn't show hand 
*** SUMMARY ***
Total pot 160 | Rake 0 
Seat 2: nayaratorres (big blind) folded before Flop
Seat 3: Mahu2021 (button) (small blind) collected (160)



PokerStars Hand #246154962540: Tournament #3649478141, $0.92+$0.08 USD Hold'em No Limit - Level V (40/80) - 2023/09/24 18:31:10 CET [2023/09/24 12:31:10 ET]
Table '3649478141 1' 3-max Seat #2 is the button
Seat 2: nayaratorres (214 in chips) 
Seat 3: Mahu2021 (1286 in chips) 
nayaratorres: posts small blind 40
Mahu2021: posts big blind 80
*** HOLE CARDS ***
Dealt to Mahu2021 [Qc 7h]
nayaratorres: raises 134 to 214 and is all-in
Mahu2021: calls 134
*** FLOP *** [Ks 6c 3c]
*** TURN *** [Ks 6c 3c] [5h]
*** RIVER *** [Ks 6c 3c 5h] [8d]
*** SHOW DOWN ***
Mahu2021: shows [Qc 7h] (high card King)
nayaratorres: shows [As 8c] (a pair of Eights)
nayaratorres collected 428 from pot
*** SUMMARY ***
Total pot 428 | Rake 0 
Board [Ks 6c 3c 5h 8d]
Seat 2: nayaratorres (button) (small blind) showed [As 8c] and won (428) with a pair of Eights
Seat 3: Mahu2021 (big blind) showed [Qc 7h] and lost with high card King



PokerStars Hand #246154966850: Tournament #3649478141, $0.92+$0.08 USD Hold'em No Limit - Level V (40/80) - 2023/09/24 18:31:22 CET [2023/09/24 12:31:22 ET]
Table '3649478141 1' 3-max Seat #3 is the button
Seat 2: nayaratorres (428 in chips) 
Seat 3: Mahu2021 (1072 in chips) 
Mahu2021: posts small blind 40
nayaratorres: posts big blind 80
*** HOLE CARDS ***
Dealt to Mahu2021 [7s 5d]
Mahu2021: folds 
Uncalled bet (40) returned to nayaratorres
nayaratorres collected 80 from pot
nayaratorres: doesn't show hand 
*** SUMMARY ***
Total pot 80 | Rake 0 
Seat 2: nayaratorres (big blind) collected (80)
Seat 3: Mahu2021 (button) (small blind) folded before Flop



PokerStars Hand #246154968558: Tournament #3649478141, $0.92+$0.08 USD Hold'em No Limit - Level V (40/80) - 2023/09/24 18:31:26 CET [2023/09/24 12:31:26 ET]
Table '3649478141 1' 3-max Seat #2 is the button
Seat 2: nayaratorres (468 in chips) 
Seat 3: Mahu2021 (1032 in chips) 
nayaratorres: posts small blind 40
Mahu2021: posts big blind 80
*** HOLE CARDS ***
Dealt to Mahu2021 [7c Kd]
nayaratorres: folds 
Uncalled bet (40) returned to Mahu2021
Mahu2021 collected 80 from pot
Mahu2021: doesn't show hand 
*** SUMMARY ***
Total pot 80 | Rake 0 
Seat 2: nayaratorres (button) (small blind) folded before Flop
Seat 3: Mahu2021 (big blind) collected (80)



PokerStars Hand #246154969682: Tournament #3649478141, $0.92+$0.08 USD Hold'em No Limit - Level V (40/80) - 2023/09/24 18:31:30 CET [2023/09/24 12:31:30 ET]
Table '3649478141 1' 3-max Seat #3 is the button
Seat 2: nayaratorres (428 in chips) 
Seat 3: Mahu2021 (1072 in chips) 
Mahu2021: posts small blind 40
nayaratorres: posts big blind 80
*** HOLE CARDS ***
Dealt to Mahu2021 [6h Ks]
Mahu2021: calls 40
nayaratorres: raises 348 to 428 and is all-in
Mahu2021: calls 348
*** FLOP *** [Jd 5h 7h]
*** TURN *** [Jd 5h 7h] [3s]
*** RIVER *** [Jd 5h 7h 3s] [Ah]
*** SHOW DOWN ***
nayaratorres: shows [9h 9d] (a pair of Nines)
Mahu2021: shows [6h Ks] (high card Ace)
nayaratorres collected 856 from pot
*** SUMMARY ***
Total pot 856 | Rake 0 
Board [Jd 5h 7h 3s Ah]
Seat 2: nayaratorres (big blind) showed [9h 9d] and won (856) with a pair of Nines
Seat 3: Mahu2021 (button) (small blind) showed [6h Ks] and lost with high card Ace



PokerStars Hand #246154974607: Tournament #3649478141, $0.92+$0.08 USD Hold'em No Limit - Level V (40/80) - 2023/09/24 18:31:43 CET [2023/09/24 12:31:43 ET]
Table '3649478141 1' 3-max Seat #2 is the button
Seat 2: nayaratorres (856 in chips) 
Seat 3: Mahu2021 (644 in chips) 
nayaratorres: posts small blind 40
Mahu2021: posts big blind 80
*** HOLE CARDS ***
Dealt to Mahu2021 [7h 4h]
nayaratorres: folds 
Uncalled bet (40) returned to Mahu2021
Mahu2021 collected 80 from pot
Mahu2021: doesn't show hand 
*** SUMMARY ***
Total pot 80 | Rake 0 
Seat 2: nayaratorres (button) (small blind) folded before Flop
Seat 3: Mahu2021 (big blind) collected (80)



PokerStars Hand #246154975793: Tournament #3649478141, $0.92+$0.08 USD Hold'em No Limit - Level V (40/80) - 2023/09/24 18:31:46 CET [2023/09/24 12:31:46 ET]
Table '3649478141 1' 3-max Seat #3 is the button
Seat 2: nayaratorres (816 in chips) 
Seat 3: Mahu2021 (684 in chips) 
Mahu2021: posts small blind 40
nayaratorres: posts big blind 80
*** HOLE CARDS ***
Dealt to Mahu2021 [8d 7d]
Mahu2021: calls 40
nayaratorres: raises 736 to 816 and is all-in
Mahu2021: folds 
Uncalled bet (736) returned to nayaratorres
nayaratorres collected 160 from pot
nayaratorres: doesn't show hand 
*** SUMMARY ***
Total pot 160 | Rake 0 
Seat 2: nayaratorres (big blind) collected (160)
Seat 3: Mahu2021 (button) (small blind) folded before Flop



PokerStars Hand #246154978468: Tournament #3649478141, $0.92+$0.08 USD Hold'em No Limit - Level V (40/80) - 2023/09/24 18:31:54 CET [2023/09/24 12:31:54 ET]
Table '3649478141 1' 3-max Seat #2 is the button
Seat 2: nayaratorres (896 in chips) 
Seat 3: Mahu2021 (604 in chips) 
nayaratorres: posts small blind 40
Mahu2021: posts big blind 80
*** HOLE CARDS ***
Dealt to Mahu2021 [8c 8h]
nayaratorres: folds 
Uncalled bet (40) returned to Mahu2021
Mahu2021 collected 80 from pot
Mahu2021: doesn't show hand 
*** SUMMARY ***
Total pot 80 | Rake 0 
Seat 2: nayaratorres (button) (small blind) folded before Flop
Seat 3: Mahu2021 (big blind) collected (80)



PokerStars Hand #246154979893: Tournament #3649478141, $0.92+$0.08 USD Hold'em No Limit - Level V (40/80) - 2023/09/24 18:31:57 CET [2023/09/24 12:31:57 ET]
Table '3649478141 1' 3-max Seat #3 is the button
Seat 2: nayaratorres (856 in chips) 
Seat 3: Mahu2021 (644 in chips) 
Mahu2021: posts small blind 40
nayaratorres: posts big blind 80
*** HOLE CARDS ***
Dealt to Mahu2021 [Kh 7s]
Mahu2021: calls 40
nayaratorres: checks 
*** FLOP *** [As Js 7d]
nayaratorres: checks 
Mahu2021: bets 80
nayaratorres: folds 
Uncalled bet (80) returned to Mahu2021
Mahu2021 collected 160 from pot
Mahu2021: doesn't show hand 
*** SUMMARY ***
Total pot 160 | Rake 0 
Board [As Js 7d]
Seat 2: nayaratorres (big blind) folded on the Flop
Seat 3: Mahu2021 (button) (small blind) collected (160)



PokerStars Hand #246154983532: Tournament #3649478141, $0.92+$0.08 USD Hold'em No Limit - Level V (40/80) - 2023/09/24 18:32:08 CET [2023/09/24 12:32:08 ET]
Table '3649478141 1' 3-max Seat #2 is the button
Seat 2: nayaratorres (776 in chips) 
Seat 3: Mahu2021 (724 in chips) 
nayaratorres: posts small blind 40
Mahu2021: posts big blind 80
*** HOLE CARDS ***
Dealt to Mahu2021 [Jd 3c]
nayaratorres: raises 696 to 776 and is all-in
Mahu2021: folds 
Uncalled bet (696) returned to nayaratorres
nayaratorres collected 160 from pot
nayaratorres: doesn't show hand 
*** SUMMARY ***
Total pot 160 | Rake 0 
Seat 2: nayaratorres (button) (small blind) collected (160)
Seat 3: Mahu2021 (big blind) folded before Flop



PokerStars Hand #246154985258: Tournament #3649478141, $0.92+$0.08 USD Hold'em No Limit - Level V (40/80) - 2023/09/24 18:32:12 CET [2023/09/24 12:32:12 ET]
Table '3649478141 1' 3-max Seat #3 is the button
Seat 2: nayaratorres (856 in chips) 
Seat 3: Mahu2021 (644 in chips) 
Mahu2021: posts small blind 40
nayaratorres: posts big blind 80
*** HOLE CARDS ***
Dealt to Mahu2021 [3s 3c]
Mahu2021: raises 564 to 644 and is all-in
nayaratorres: calls 564
*** FLOP *** [8d Qs 2h]
*** TURN *** [8d Qs 2h] [Ks]
*** RIVER *** [8d Qs 2h Ks] [4s]
*** SHOW DOWN ***
nayaratorres: shows [8s As] (a flush, Ace high)
Mahu2021: shows [3s 3c] (a pair of Threes)
nayaratorres collected 1288 from pot
Mahu2021 finished the tournament in 2nd place
nayaratorres wins the tournament and receives $3.00 - congratulations!
*** SUMMARY ***
Total pot 1288 | Rake 0 
Board [8d Qs 2h Ks 4s]
Seat 2: nayaratorres (big blind) showed [8s As] and won (1288) with a flush, Ace high
Seat 3: Mahu2021 (button) (small blind) showed [3s 3c] and lost with a pair of Threes



