PokerStars Hand #246402231923: Tournament #3655304512, $0.92+$0.08 USD Hold'em No Limit - Level I (10/20) - 2023/10/07 18:00:11 CET [2023/10/07 12:00:11 ET]
Table '3655304512 1' 3-max Seat #1 is the button
Seat 1: BLackHarD2323 (500 in chips) 
Seat 2: Mahu2021 (500 in chips) 
Seat 3: Montana42poa$$ (500 in chips) 
Mahu2021: posts small blind 10
Montana42poa$$: posts big blind 20
*** HOLE CARDS ***
Dealt to Mahu2021 [6h 8h]
BLackHarD2323: folds 
Mahu2021: calls 10
Montana42poa$$: checks 
*** FLOP *** [7c 9c Kh]
Mahu2021: bets 20
Montana42poa$$: folds 
Uncalled bet (20) returned to Mahu2021
Mahu2021 collected 40 from pot
Mahu2021: doesn't show hand 
*** SUMMARY ***
Total pot 40 | Rake 0 
Board [7c 9c Kh]
Seat 1: BLackHarD2323 (button) folded before Flop (didn't bet)
Seat 2: Mahu2021 (small blind) collected (40)
Seat 3: Montana42poa$$ (big blind) folded on the Flop



PokerStars Hand #246402235422: Tournament #3655304512, $0.92+$0.08 USD Hold'em No Limit - Level I (10/20) - 2023/10/07 18:00:28 CET [2023/10/07 12:00:28 ET]
Table '3655304512 1' 3-max Seat #2 is the button
Seat 1: BLackHarD2323 (500 in chips) 
Seat 2: Mahu2021 (520 in chips) 
Seat 3: Montana42poa$$ (480 in chips) 
Montana42poa$$: posts small blind 10
BLackHarD2323: posts big blind 20
*** HOLE CARDS ***
Dealt to Mahu2021 [9c 7c]
Mahu2021: calls 20
Montana42poa$$: folds 
BLackHarD2323: raises 480 to 500 and is all-in
Mahu2021: folds 
Uncalled bet (480) returned to BLackHarD2323
BLackHarD2323 collected 50 from pot
BLackHarD2323: doesn't show hand 
*** SUMMARY ***
Total pot 50 | Rake 0 
Seat 1: BLackHarD2323 (big blind) collected (50)
Seat 2: Mahu2021 (button) folded before Flop
Seat 3: Montana42poa$$ (small blind) folded before Flop



PokerStars Hand #246402240137: Tournament #3655304512, $0.92+$0.08 USD Hold'em No Limit - Level I (10/20) - 2023/10/07 18:00:49 CET [2023/10/07 12:00:49 ET]
Table '3655304512 1' 3-max Seat #3 is the button
Seat 1: BLackHarD2323 (530 in chips) 
Seat 2: Mahu2021 (500 in chips) 
Seat 3: Montana42poa$$ (470 in chips) 
BLackHarD2323: posts small blind 10
Mahu2021: posts big blind 20
*** HOLE CARDS ***
Dealt to Mahu2021 [9s 7s]
Montana42poa$$: folds 
BLackHarD2323: calls 10
Mahu2021: checks 
*** FLOP *** [6d 3h Td]
BLackHarD2323: checks 
Mahu2021: checks 
*** TURN *** [6d 3h Td] [Qc]
BLackHarD2323: bets 20
Mahu2021: calls 20
*** RIVER *** [6d 3h Td Qc] [2h]
BLackHarD2323: checks 
Mahu2021: bets 80
BLackHarD2323: calls 80
*** SHOW DOWN ***
Mahu2021: shows [9s 7s] (high card Queen)
BLackHarD2323: shows [Qh 5c] (a pair of Queens)
BLackHarD2323 collected 240 from pot
*** SUMMARY ***
Total pot 240 | Rake 0 
Board [6d 3h Td Qc 2h]
Seat 1: BLackHarD2323 (small blind) showed [Qh 5c] and won (240) with a pair of Queens
Seat 2: Mahu2021 (big blind) showed [9s 7s] and lost with high card Queen
Seat 3: Montana42poa$$ (button) folded before Flop (didn't bet)



PokerStars Hand #246402254756: Tournament #3655304512, $0.92+$0.08 USD Hold'em No Limit - Level I (10/20) - 2023/10/07 18:01:51 CET [2023/10/07 12:01:51 ET]
Table '3655304512 1' 3-max Seat #1 is the button
Seat 1: BLackHarD2323 (650 in chips) 
Seat 2: Mahu2021 (380 in chips) 
Seat 3: Montana42poa$$ (470 in chips) 
Mahu2021: posts small blind 10
Montana42poa$$: posts big blind 20
*** HOLE CARDS ***
Dealt to Mahu2021 [Jd Kh]
BLackHarD2323: folds 
Mahu2021: raises 20 to 40
Montana42poa$$: folds 
Uncalled bet (20) returned to Mahu2021
Mahu2021 collected 40 from pot
Mahu2021: doesn't show hand 
*** SUMMARY ***
Total pot 40 | Rake 0 
Seat 1: BLackHarD2323 (button) folded before Flop (didn't bet)
Seat 2: Mahu2021 (small blind) collected (40)
Seat 3: Montana42poa$$ (big blind) folded before Flop



PokerStars Hand #246402261053: Tournament #3655304512, $0.92+$0.08 USD Hold'em No Limit - Level II (15/30) - 2023/10/07 18:02:15 CET [2023/10/07 12:02:15 ET]
Table '3655304512 1' 3-max Seat #2 is the button
Seat 1: BLackHarD2323 (650 in chips) 
Seat 2: Mahu2021 (400 in chips) 
Seat 3: Montana42poa$$ (450 in chips) 
Montana42poa$$: posts small blind 15
BLackHarD2323: posts big blind 30
*** HOLE CARDS ***
Dealt to Mahu2021 [Tc 8c]
Mahu2021: calls 30
Montana42poa$$: folds 
BLackHarD2323: checks 
*** FLOP *** [7d Th 4c]
BLackHarD2323: checks 
Mahu2021: bets 75
BLackHarD2323: folds 
Uncalled bet (75) returned to Mahu2021
Mahu2021 collected 75 from pot
Mahu2021: doesn't show hand 
*** SUMMARY ***
Total pot 75 | Rake 0 
Board [7d Th 4c]
Seat 1: BLackHarD2323 (big blind) folded on the Flop
Seat 2: Mahu2021 (button) collected (75)
Seat 3: Montana42poa$$ (small blind) folded before Flop



PokerStars Hand #246402269858: Tournament #3655304512, $0.92+$0.08 USD Hold'em No Limit - Level II (15/30) - 2023/10/07 18:02:50 CET [2023/10/07 12:02:50 ET]
Table '3655304512 1' 3-max Seat #3 is the button
Seat 1: BLackHarD2323 (620 in chips) 
Seat 2: Mahu2021 (445 in chips) 
Seat 3: Montana42poa$$ (435 in chips) 
BLackHarD2323: posts small blind 15
Mahu2021: posts big blind 30
*** HOLE CARDS ***
Dealt to Mahu2021 [3h 9h]
Montana42poa$$: calls 30
BLackHarD2323: folds 
Mahu2021: checks 
*** FLOP *** [6h Kc Tc]
Mahu2021: checks 
Montana42poa$$: checks 
*** TURN *** [6h Kc Tc] [4s]
Mahu2021: checks 
Montana42poa$$: checks 
*** RIVER *** [6h Kc Tc 4s] [Qd]
Mahu2021: checks 
Montana42poa$$: checks 
*** SHOW DOWN ***
Mahu2021: shows [3h 9h] (high card King)
Montana42poa$$: shows [Ac 3s] (high card Ace)
Montana42poa$$ collected 75 from pot
*** SUMMARY ***
Total pot 75 | Rake 0 
Board [6h Kc Tc 4s Qd]
Seat 1: BLackHarD2323 (small blind) folded before Flop
Seat 2: Mahu2021 (big blind) showed [3h 9h] and lost with high card King
Seat 3: Montana42poa$$ (button) showed [Ac 3s] and won (75) with high card Ace



PokerStars Hand #246402281339: Tournament #3655304512, $0.92+$0.08 USD Hold'em No Limit - Level II (15/30) - 2023/10/07 18:03:34 CET [2023/10/07 12:03:34 ET]
Table '3655304512 1' 3-max Seat #1 is the button
Seat 1: BLackHarD2323 (605 in chips) 
Seat 2: Mahu2021 (415 in chips) 
Seat 3: Montana42poa$$ (480 in chips) 
Mahu2021: posts small blind 15
Montana42poa$$: posts big blind 30
*** HOLE CARDS ***
Dealt to Mahu2021 [5h 3d]
BLackHarD2323: folds 
Mahu2021: folds 
Uncalled bet (15) returned to Montana42poa$$
Montana42poa$$ collected 30 from pot
Montana42poa$$: doesn't show hand 
*** SUMMARY ***
Total pot 30 | Rake 0 
Seat 1: BLackHarD2323 (button) folded before Flop (didn't bet)
Seat 2: Mahu2021 (small blind) folded before Flop
Seat 3: Montana42poa$$ (big blind) collected (30)



PokerStars Hand #246402284216: Tournament #3655304512, $0.92+$0.08 USD Hold'em No Limit - Level II (15/30) - 2023/10/07 18:03:46 CET [2023/10/07 12:03:46 ET]
Table '3655304512 1' 3-max Seat #2 is the button
Seat 1: BLackHarD2323 (605 in chips) 
Seat 2: Mahu2021 (400 in chips) 
Seat 3: Montana42poa$$ (495 in chips) 
Montana42poa$$: posts small blind 15
BLackHarD2323: posts big blind 30
*** HOLE CARDS ***
Dealt to Mahu2021 [Qh 7h]
Mahu2021: raises 30 to 60
Montana42poa$$: folds 
BLackHarD2323: calls 30
*** FLOP *** [Js 5h 6c]
BLackHarD2323: checks 
Mahu2021: bets 340 and is all-in
BLackHarD2323: folds 
Uncalled bet (340) returned to Mahu2021
Mahu2021 collected 135 from pot
Mahu2021: doesn't show hand 
*** SUMMARY ***
Total pot 135 | Rake 0 
Board [Js 5h 6c]
Seat 1: BLackHarD2323 (big blind) folded on the Flop
Seat 2: Mahu2021 (button) collected (135)
Seat 3: Montana42poa$$ (small blind) folded before Flop



PokerStars Hand #246402297103: Tournament #3655304512, $0.92+$0.08 USD Hold'em No Limit - Level III (20/40) - 2023/10/07 18:04:35 CET [2023/10/07 12:04:35 ET]
Table '3655304512 1' 3-max Seat #3 is the button
Seat 1: BLackHarD2323 (545 in chips) 
Seat 2: Mahu2021 (475 in chips) 
Seat 3: Montana42poa$$ (480 in chips) 
BLackHarD2323: posts small blind 20
Mahu2021: posts big blind 40
*** HOLE CARDS ***
Dealt to Mahu2021 [7d Qc]
Montana42poa$$ has timed out
Montana42poa$$: folds 
Montana42poa$$ is sitting out
Montana42poa$$ has returned
BLackHarD2323: folds 
Uncalled bet (20) returned to Mahu2021
Mahu2021 collected 40 from pot
Mahu2021: doesn't show hand 
*** SUMMARY ***
Total pot 40 | Rake 0 
Seat 1: BLackHarD2323 (small blind) folded before Flop
Seat 2: Mahu2021 (big blind) collected (40)
Seat 3: Montana42poa$$ (button) folded before Flop (didn't bet)



PokerStars Hand #246402302965: Tournament #3655304512, $0.92+$0.08 USD Hold'em No Limit - Level III (20/40) - 2023/10/07 18:04:57 CET [2023/10/07 12:04:57 ET]
Table '3655304512 1' 3-max Seat #1 is the button
Seat 1: BLackHarD2323 (525 in chips) 
Seat 2: Mahu2021 (495 in chips) 
Seat 3: Montana42poa$$ (480 in chips) 
Mahu2021: posts small blind 20
Montana42poa$$: posts big blind 40
*** HOLE CARDS ***
Dealt to Mahu2021 [4c 3c]
BLackHarD2323: folds 
Mahu2021: raises 455 to 495 and is all-in
Montana42poa$$: folds 
Uncalled bet (455) returned to Mahu2021
Mahu2021 collected 80 from pot
Mahu2021: doesn't show hand 
*** SUMMARY ***
Total pot 80 | Rake 0 
Seat 1: BLackHarD2323 (button) folded before Flop (didn't bet)
Seat 2: Mahu2021 (small blind) collected (80)
Seat 3: Montana42poa$$ (big blind) folded before Flop



PokerStars Hand #246402306614: Tournament #3655304512, $0.92+$0.08 USD Hold'em No Limit - Level III (20/40) - 2023/10/07 18:05:11 CET [2023/10/07 12:05:11 ET]
Table '3655304512 1' 3-max Seat #2 is the button
Seat 1: BLackHarD2323 (525 in chips) 
Seat 2: Mahu2021 (535 in chips) 
Seat 3: Montana42poa$$ (440 in chips) 
Montana42poa$$: posts small blind 20
BLackHarD2323: posts big blind 40
*** HOLE CARDS ***
Dealt to Mahu2021 [4d 5h]
Mahu2021: raises 495 to 535 and is all-in
Montana42poa$$: folds 
BLackHarD2323: folds 
Uncalled bet (495) returned to Mahu2021
Mahu2021 collected 100 from pot
Mahu2021: doesn't show hand 
*** SUMMARY ***
Total pot 100 | Rake 0 
Seat 1: BLackHarD2323 (big blind) folded before Flop
Seat 2: Mahu2021 (button) collected (100)
Seat 3: Montana42poa$$ (small blind) folded before Flop



PokerStars Hand #246402311657: Tournament #3655304512, $0.92+$0.08 USD Hold'em No Limit - Level III (20/40) - 2023/10/07 18:05:30 CET [2023/10/07 12:05:30 ET]
Table '3655304512 1' 3-max Seat #3 is the button
Seat 1: BLackHarD2323 (485 in chips) 
Seat 2: Mahu2021 (595 in chips) 
Seat 3: Montana42poa$$ (420 in chips) 
BLackHarD2323: posts small blind 20
Mahu2021: posts big blind 40
*** HOLE CARDS ***
Dealt to Mahu2021 [4d Jc]
Montana42poa$$ has timed out
Montana42poa$$: folds 
Montana42poa$$ is sitting out
Montana42poa$$ has returned
BLackHarD2323: calls 20
Mahu2021: raises 555 to 595 and is all-in
BLackHarD2323: folds 
Uncalled bet (555) returned to Mahu2021
Mahu2021 collected 80 from pot
Mahu2021: doesn't show hand 
*** SUMMARY ***
Total pot 80 | Rake 0 
Seat 1: BLackHarD2323 (small blind) folded before Flop
Seat 2: Mahu2021 (big blind) collected (80)
Seat 3: Montana42poa$$ (button) folded before Flop (didn't bet)



PokerStars Hand #246402319225: Tournament #3655304512, $0.92+$0.08 USD Hold'em No Limit - Level III (20/40) - 2023/10/07 18:05:59 CET [2023/10/07 12:05:59 ET]
Table '3655304512 1' 3-max Seat #1 is the button
Seat 1: BLackHarD2323 (445 in chips) 
Seat 2: Mahu2021 (635 in chips) 
Seat 3: Montana42poa$$ (420 in chips) 
Mahu2021: posts small blind 20
Montana42poa$$: posts big blind 40
*** HOLE CARDS ***
Dealt to Mahu2021 [4c 5c]
BLackHarD2323: raises 405 to 445 and is all-in
Mahu2021: raises 190 to 635 and is all-in
Montana42poa$$: folds 
Uncalled bet (190) returned to Mahu2021
*** FLOP *** [Tc 4h As]
*** TURN *** [Tc 4h As] [Kh]
*** RIVER *** [Tc 4h As Kh] [5h]
*** SHOW DOWN ***
Mahu2021: shows [4c 5c] (two pair, Fives and Fours)
BLackHarD2323: shows [8d 8s] (a pair of Eights)
Mahu2021 collected 930 from pot
BLackHarD2323 finished the tournament in 3rd place
*** SUMMARY ***
Total pot 930 | Rake 0 
Board [Tc 4h As Kh 5h]
Seat 1: BLackHarD2323 (button) showed [8d 8s] and lost with a pair of Eights
Seat 2: Mahu2021 (small blind) showed [4c 5c] and won (930) with two pair, Fives and Fours
Seat 3: Montana42poa$$ (big blind) folded before Flop



PokerStars Hand #246402328732: Tournament #3655304512, $0.92+$0.08 USD Hold'em No Limit - Level IV (30/60) - 2023/10/07 18:06:36 CET [2023/10/07 12:06:36 ET]
Table '3655304512 1' 3-max Seat #3 is the button
Seat 2: Mahu2021 (1120 in chips) 
Seat 3: Montana42poa$$ (380 in chips) 
Montana42poa$$: posts small blind 30
Mahu2021: posts big blind 60
*** HOLE CARDS ***
Dealt to Mahu2021 [7d 9s]
Montana42poa$$: folds 
Uncalled bet (30) returned to Mahu2021
Mahu2021 collected 60 from pot
Mahu2021: doesn't show hand 
*** SUMMARY ***
Total pot 60 | Rake 0 
Seat 2: Mahu2021 (big blind) collected (60)
Seat 3: Montana42poa$$ (button) (small blind) folded before Flop



PokerStars Hand #246402333745: Tournament #3655304512, $0.92+$0.08 USD Hold'em No Limit - Level IV (30/60) - 2023/10/07 18:06:54 CET [2023/10/07 12:06:54 ET]
Table '3655304512 1' 3-max Seat #2 is the button
Seat 2: Mahu2021 (1150 in chips) 
Seat 3: Montana42poa$$ (350 in chips) 
Mahu2021: posts small blind 30
Montana42poa$$: posts big blind 60
*** HOLE CARDS ***
Dealt to Mahu2021 [Tc 4s]
Mahu2021: raises 1090 to 1150 and is all-in
Montana42poa$$: folds 
Uncalled bet (1090) returned to Mahu2021
Mahu2021 collected 120 from pot
Mahu2021: doesn't show hand 
*** SUMMARY ***
Total pot 120 | Rake 0 
Seat 2: Mahu2021 (button) (small blind) collected (120)
Seat 3: Montana42poa$$ (big blind) folded before Flop



PokerStars Hand #246402339249: Tournament #3655304512, $0.92+$0.08 USD Hold'em No Limit - Level IV (30/60) - 2023/10/07 18:07:15 CET [2023/10/07 12:07:15 ET]
Table '3655304512 1' 3-max Seat #3 is the button
Seat 2: Mahu2021 (1210 in chips) 
Seat 3: Montana42poa$$ (290 in chips) 
Montana42poa$$: posts small blind 30
Mahu2021: posts big blind 60
*** HOLE CARDS ***
Dealt to Mahu2021 [Qh 2s]
Montana42poa$$: folds 
Uncalled bet (30) returned to Mahu2021
Mahu2021 collected 60 from pot
Mahu2021: doesn't show hand 
*** SUMMARY ***
Total pot 60 | Rake 0 
Seat 2: Mahu2021 (big blind) collected (60)
Seat 3: Montana42poa$$ (button) (small blind) folded before Flop



PokerStars Hand #246402342354: Tournament #3655304512, $0.92+$0.08 USD Hold'em No Limit - Level IV (30/60) - 2023/10/07 18:07:27 CET [2023/10/07 12:07:27 ET]
Table '3655304512 1' 3-max Seat #2 is the button
Seat 2: Mahu2021 (1240 in chips) 
Seat 3: Montana42poa$$ (260 in chips) 
Mahu2021: posts small blind 30
Montana42poa$$: posts big blind 60
*** HOLE CARDS ***
Dealt to Mahu2021 [6d Qh]
Mahu2021: raises 1180 to 1240 and is all-in
Montana42poa$$: folds 
Uncalled bet (1180) returned to Mahu2021
Mahu2021 collected 120 from pot
Mahu2021: doesn't show hand 
*** SUMMARY ***
Total pot 120 | Rake 0 
Seat 2: Mahu2021 (button) (small blind) collected (120)
Seat 3: Montana42poa$$ (big blind) folded before Flop



PokerStars Hand #246402346134: Tournament #3655304512, $0.92+$0.08 USD Hold'em No Limit - Level IV (30/60) - 2023/10/07 18:07:41 CET [2023/10/07 12:07:41 ET]
Table '3655304512 1' 3-max Seat #3 is the button
Seat 2: Mahu2021 (1300 in chips) 
Seat 3: Montana42poa$$ (200 in chips) 
Montana42poa$$: posts small blind 30
Mahu2021: posts big blind 60
*** HOLE CARDS ***
Dealt to Mahu2021 [8h 7d]
Montana42poa$$: raises 60 to 120
Mahu2021: calls 60
*** FLOP *** [Kc Qd Th]
Mahu2021: checks 
Montana42poa$$: bets 80 and is all-in
Mahu2021: folds 
Uncalled bet (80) returned to Montana42poa$$
Montana42poa$$ collected 240 from pot
Montana42poa$$: doesn't show hand 
*** SUMMARY ***
Total pot 240 | Rake 0 
Board [Kc Qd Th]
Seat 2: Mahu2021 (big blind) folded on the Flop
Seat 3: Montana42poa$$ (button) (small blind) collected (240)



PokerStars Hand #246402351529: Tournament #3655304512, $0.92+$0.08 USD Hold'em No Limit - Level IV (30/60) - 2023/10/07 18:08:01 CET [2023/10/07 12:08:01 ET]
Table '3655304512 1' 3-max Seat #2 is the button
Seat 2: Mahu2021 (1180 in chips) 
Seat 3: Montana42poa$$ (320 in chips) 
Mahu2021: posts small blind 30
Montana42poa$$: posts big blind 60
*** HOLE CARDS ***
Dealt to Mahu2021 [Td 8d]
Mahu2021: raises 1120 to 1180 and is all-in
Montana42poa$$: folds 
Uncalled bet (1120) returned to Mahu2021
Mahu2021 collected 120 from pot
Mahu2021: doesn't show hand 
*** SUMMARY ***
Total pot 120 | Rake 0 
Seat 2: Mahu2021 (button) (small blind) collected (120)
Seat 3: Montana42poa$$ (big blind) folded before Flop



PokerStars Hand #246402355711: Tournament #3655304512, $0.92+$0.08 USD Hold'em No Limit - Level V (40/80) - 2023/10/07 18:08:17 CET [2023/10/07 12:08:17 ET]
Table '3655304512 1' 3-max Seat #3 is the button
Seat 2: Mahu2021 (1240 in chips) 
Seat 3: Montana42poa$$ (260 in chips) 
Montana42poa$$: posts small blind 40
Mahu2021: posts big blind 80
*** HOLE CARDS ***
Dealt to Mahu2021 [2h Js]
Montana42poa$$: folds 
Uncalled bet (40) returned to Mahu2021
Mahu2021 collected 80 from pot
Mahu2021: doesn't show hand 
*** SUMMARY ***
Total pot 80 | Rake 0 
Seat 2: Mahu2021 (big blind) collected (80)
Seat 3: Montana42poa$$ (button) (small blind) folded before Flop



PokerStars Hand #246402358238: Tournament #3655304512, $0.92+$0.08 USD Hold'em No Limit - Level V (40/80) - 2023/10/07 18:08:27 CET [2023/10/07 12:08:27 ET]
Table '3655304512 1' 3-max Seat #2 is the button
Seat 2: Mahu2021 (1280 in chips) 
Seat 3: Montana42poa$$ (220 in chips) 
Mahu2021: posts small blind 40
Montana42poa$$: posts big blind 80
*** HOLE CARDS ***
Dealt to Mahu2021 [Ks 7c]
Mahu2021: raises 1200 to 1280 and is all-in
Montana42poa$$: calls 140 and is all-in
Uncalled bet (1060) returned to Mahu2021
*** FLOP *** [Td Ad Qd]
*** TURN *** [Td Ad Qd] [Kc]
*** RIVER *** [Td Ad Qd Kc] [9d]
*** SHOW DOWN ***
Montana42poa$$: shows [Js Th] (a straight, Ten to Ace)
Mahu2021: shows [Ks 7c] (a pair of Kings)
Montana42poa$$ collected 440 from pot
*** SUMMARY ***
Total pot 440 | Rake 0 
Board [Td Ad Qd Kc 9d]
Seat 2: Mahu2021 (button) (small blind) showed [Ks 7c] and lost with a pair of Kings
Seat 3: Montana42poa$$ (big blind) showed [Js Th] and won (440) with a straight, Ten to Ace



PokerStars Hand #246402362198: Tournament #3655304512, $0.92+$0.08 USD Hold'em No Limit - Level V (40/80) - 2023/10/07 18:08:42 CET [2023/10/07 12:08:42 ET]
Table '3655304512 1' 3-max Seat #3 is the button
Seat 2: Mahu2021 (1060 in chips) 
Seat 3: Montana42poa$$ (440 in chips) 
Montana42poa$$: posts small blind 40
Mahu2021: posts big blind 80
*** HOLE CARDS ***
Dealt to Mahu2021 [Js Th]
Montana42poa$$: calls 40
Mahu2021: raises 980 to 1060 and is all-in
Montana42poa$$: folds 
Uncalled bet (980) returned to Mahu2021
Mahu2021 collected 160 from pot
Mahu2021: doesn't show hand 
*** SUMMARY ***
Total pot 160 | Rake 0 
Seat 2: Mahu2021 (big blind) collected (160)
Seat 3: Montana42poa$$ (button) (small blind) folded before Flop



PokerStars Hand #246402366558: Tournament #3655304512, $0.92+$0.08 USD Hold'em No Limit - Level V (40/80) - 2023/10/07 18:08:58 CET [2023/10/07 12:08:58 ET]
Table '3655304512 1' 3-max Seat #2 is the button
Seat 2: Mahu2021 (1140 in chips) 
Seat 3: Montana42poa$$ (360 in chips) 
Mahu2021: posts small blind 40
Montana42poa$$: posts big blind 80
*** HOLE CARDS ***
Dealt to Mahu2021 [Kc Js]
Mahu2021: raises 1060 to 1140 and is all-in
Montana42poa$$: folds 
Uncalled bet (1060) returned to Mahu2021
Mahu2021 collected 160 from pot
Mahu2021: doesn't show hand 
*** SUMMARY ***
Total pot 160 | Rake 0 
Seat 2: Mahu2021 (button) (small blind) collected (160)
Seat 3: Montana42poa$$ (big blind) folded before Flop



PokerStars Hand #246402369891: Tournament #3655304512, $0.92+$0.08 USD Hold'em No Limit - Level V (40/80) - 2023/10/07 18:09:11 CET [2023/10/07 12:09:11 ET]
Table '3655304512 1' 3-max Seat #3 is the button
Seat 2: Mahu2021 (1220 in chips) 
Seat 3: Montana42poa$$ (280 in chips) 
Montana42poa$$: posts small blind 40
Mahu2021: posts big blind 80
*** HOLE CARDS ***
Dealt to Mahu2021 [Ah 9c]
Montana42poa$$: folds 
Uncalled bet (40) returned to Mahu2021
Mahu2021 collected 80 from pot
Mahu2021: doesn't show hand 
*** SUMMARY ***
Total pot 80 | Rake 0 
Seat 2: Mahu2021 (big blind) collected (80)
Seat 3: Montana42poa$$ (button) (small blind) folded before Flop



PokerStars Hand #246402372389: Tournament #3655304512, $0.92+$0.08 USD Hold'em No Limit - Level V (40/80) - 2023/10/07 18:09:20 CET [2023/10/07 12:09:20 ET]
Table '3655304512 1' 3-max Seat #2 is the button
Seat 2: Mahu2021 (1260 in chips) 
Seat 3: Montana42poa$$ (240 in chips) 
Mahu2021: posts small blind 40
Montana42poa$$: posts big blind 80
*** HOLE CARDS ***
Dealt to Mahu2021 [5s Jd]
Mahu2021: raises 1180 to 1260 and is all-in
Montana42poa$$: folds 
Uncalled bet (1180) returned to Mahu2021
Mahu2021 collected 160 from pot
Mahu2021: doesn't show hand 
*** SUMMARY ***
Total pot 160 | Rake 0 
Seat 2: Mahu2021 (button) (small blind) collected (160)
Seat 3: Montana42poa$$ (big blind) folded before Flop



PokerStars Hand #246402375072: Tournament #3655304512, $0.92+$0.08 USD Hold'em No Limit - Level V (40/80) - 2023/10/07 18:09:30 CET [2023/10/07 12:09:30 ET]
Table '3655304512 1' 3-max Seat #3 is the button
Seat 2: Mahu2021 (1340 in chips) 
Seat 3: Montana42poa$$ (160 in chips) 
Montana42poa$$: posts small blind 40
Mahu2021: posts big blind 80
*** HOLE CARDS ***
Dealt to Mahu2021 [Qd 3s]
Montana42poa$$: folds 
Uncalled bet (40) returned to Mahu2021
Mahu2021 collected 80 from pot
Mahu2021: doesn't show hand 
*** SUMMARY ***
Total pot 80 | Rake 0 
Seat 2: Mahu2021 (big blind) collected (80)
Seat 3: Montana42poa$$ (button) (small blind) folded before Flop



PokerStars Hand #246402376883: Tournament #3655304512, $0.92+$0.08 USD Hold'em No Limit - Level V (40/80) - 2023/10/07 18:09:37 CET [2023/10/07 12:09:37 ET]
Table '3655304512 1' 3-max Seat #2 is the button
Seat 2: Mahu2021 (1380 in chips) 
Seat 3: Montana42poa$$ (120 in chips) 
Mahu2021: posts small blind 40
Montana42poa$$: posts big blind 80
*** HOLE CARDS ***
Dealt to Mahu2021 [Kc 2s]
Mahu2021: raises 1300 to 1380 and is all-in
Montana42poa$$: calls 40 and is all-in
Uncalled bet (1260) returned to Mahu2021
*** FLOP *** [As 7h 5s]
*** TURN *** [As 7h 5s] [Ks]
*** RIVER *** [As 7h 5s Ks] [6c]
*** SHOW DOWN ***
Montana42poa$$: shows [Jh 8h] (high card Ace)
Mahu2021: shows [Kc 2s] (a pair of Kings)
Mahu2021 collected 240 from pot
Montana42poa$$ finished the tournament in 2nd place
Mahu2021 wins the tournament and receives $2.00 - congratulations!
*** SUMMARY ***
Total pot 240 | Rake 0 
Board [As 7h 5s Ks 6c]
Seat 2: Mahu2021 (button) (small blind) showed [Kc 2s] and won (240) with a pair of Kings
Seat 3: Montana42poa$$ (big blind) showed [Jh 8h] and lost with high card Ace



