PokerStars Hand #242836136313: Tournament #3571119710, $0.92+$0.08 USD Hold'em No Limit - Level I (10/20) - 2023/04/02 14:19:27 CET [2023/04/02 8:19:27 ET]
Table '3571119710 1' 3-max Seat #1 is the button
Seat 1: gucci_gal (500 in chips) 
Seat 2: Mahu2021 (500 in chips) 
Seat 3: kena_lira (500 in chips) 
Mahu2021: posts small blind 10
kena_lira: posts big blind 20
*** HOLE CARDS ***
Dealt to Mahu2021 [4d 2d]
gucci_gal: raises 20 to 40
Mahu2021: folds 
kena_lira: calls 20
*** FLOP *** [Th 6s 5h]
kena_lira: checks 
gucci_gal: checks 
*** TURN *** [Th 6s 5h] [9s]
kena_lira: checks 
gucci_gal: checks 
*** RIVER *** [Th 6s 5h 9s] [4h]
kena_lira: checks 
gucci_gal: checks 
*** SHOW DOWN ***
kena_lira: shows [5d Ad] (a pair of Fives)
gucci_gal: mucks hand 
kena_lira collected 90 from pot
*** SUMMARY ***
Total pot 90 | Rake 0 
Board [Th 6s 5h 9s 4h]
Seat 1: gucci_gal (button) mucked [Kc Js]
Seat 2: Mahu2021 (small blind) folded before Flop
Seat 3: kena_lira (big blind) showed [5d Ad] and won (90) with a pair of Fives



PokerStars Hand #242836140671: Tournament #3571119710, $0.92+$0.08 USD Hold'em No Limit - Level I (10/20) - 2023/04/02 14:19:46 CET [2023/04/02 8:19:46 ET]
Table '3571119710 1' 3-max Seat #2 is the button
Seat 1: gucci_gal (460 in chips) 
Seat 2: Mahu2021 (490 in chips) 
Seat 3: kena_lira (550 in chips) 
kena_lira: posts small blind 10
gucci_gal: posts big blind 20
*** HOLE CARDS ***
Dealt to Mahu2021 [3s Qs]
Mahu2021: folds 
kena_lira: calls 10
gucci_gal: checks 
*** FLOP *** [Ts 5c Kh]
kena_lira: checks 
gucci_gal: bets 40
kena_lira: folds 
Uncalled bet (40) returned to gucci_gal
gucci_gal collected 40 from pot
*** SUMMARY ***
Total pot 40 | Rake 0 
Board [Ts 5c Kh]
Seat 1: gucci_gal (big blind) collected (40)
Seat 2: Mahu2021 (button) folded before Flop (didn't bet)
Seat 3: kena_lira (small blind) folded on the Flop



PokerStars Hand #242836143993: Tournament #3571119710, $0.92+$0.08 USD Hold'em No Limit - Level I (10/20) - 2023/04/02 14:20:02 CET [2023/04/02 8:20:02 ET]
Table '3571119710 1' 3-max Seat #3 is the button
Seat 1: gucci_gal (480 in chips) 
Seat 2: Mahu2021 (490 in chips) 
Seat 3: kena_lira (530 in chips) 
gucci_gal: posts small blind 10
Mahu2021: posts big blind 20
*** HOLE CARDS ***
Dealt to Mahu2021 [5d Th]
kena_lira: folds 
gucci_gal: calls 10
Mahu2021: checks 
*** FLOP *** [Ac 4d As]
gucci_gal: checks 
Mahu2021: checks 
*** TURN *** [Ac 4d As] [5s]
gucci_gal: checks 
Mahu2021: checks 
*** RIVER *** [Ac 4d As 5s] [Ad]
gucci_gal: checks 
Mahu2021: bets 40
gucci_gal: calls 40
*** SHOW DOWN ***
Mahu2021: shows [5d Th] (a full house, Aces full of Fives)
gucci_gal: mucks hand 
Mahu2021 collected 120 from pot
*** SUMMARY ***
Total pot 120 | Rake 0 
Board [Ac 4d As 5s Ad]
Seat 1: gucci_gal (small blind) mucked [8s Kd]
Seat 2: Mahu2021 (big blind) showed [5d Th] and won (120) with a full house, Aces full of Fives
Seat 3: kena_lira (button) folded before Flop (didn't bet)



PokerStars Hand #242836148629: Tournament #3571119710, $0.92+$0.08 USD Hold'em No Limit - Level I (10/20) - 2023/04/02 14:20:22 CET [2023/04/02 8:20:22 ET]
Table '3571119710 1' 3-max Seat #1 is the button
Seat 1: gucci_gal (420 in chips) 
Seat 2: Mahu2021 (550 in chips) 
Seat 3: kena_lira (530 in chips) 
Mahu2021: posts small blind 10
kena_lira: posts big blind 20
*** HOLE CARDS ***
Dealt to Mahu2021 [Jh 2d]
gucci_gal: folds 
Mahu2021: folds 
Uncalled bet (10) returned to kena_lira
kena_lira collected 20 from pot
*** SUMMARY ***
Total pot 20 | Rake 0 
Seat 1: gucci_gal (button) folded before Flop (didn't bet)
Seat 2: Mahu2021 (small blind) folded before Flop
Seat 3: kena_lira (big blind) collected (20)



PokerStars Hand #242836150125: Tournament #3571119710, $0.92+$0.08 USD Hold'em No Limit - Level I (10/20) - 2023/04/02 14:20:29 CET [2023/04/02 8:20:29 ET]
Table '3571119710 1' 3-max Seat #2 is the button
Seat 1: gucci_gal (420 in chips) 
Seat 2: Mahu2021 (540 in chips) 
Seat 3: kena_lira (540 in chips) 
kena_lira: posts small blind 10
gucci_gal: posts big blind 20
*** HOLE CARDS ***
Dealt to Mahu2021 [8s Kd]
Mahu2021: calls 20
kena_lira: folds 
gucci_gal: checks 
*** FLOP *** [Kh 4s 3h]
gucci_gal: checks 
Mahu2021: bets 50
gucci_gal: folds 
Uncalled bet (50) returned to Mahu2021
Mahu2021 collected 50 from pot
Mahu2021: doesn't show hand 
*** SUMMARY ***
Total pot 50 | Rake 0 
Board [Kh 4s 3h]
Seat 1: gucci_gal (big blind) folded on the Flop
Seat 2: Mahu2021 (button) collected (50)
Seat 3: kena_lira (small blind) folded before Flop



PokerStars Hand #242836153284: Tournament #3571119710, $0.92+$0.08 USD Hold'em No Limit - Level I (10/20) - 2023/04/02 14:20:43 CET [2023/04/02 8:20:43 ET]
Table '3571119710 1' 3-max Seat #3 is the button
Seat 1: gucci_gal (400 in chips) 
Seat 2: Mahu2021 (570 in chips) 
Seat 3: kena_lira (530 in chips) 
gucci_gal: posts small blind 10
Mahu2021: posts big blind 20
*** HOLE CARDS ***
Dealt to Mahu2021 [5d 2d]
kena_lira: folds 
gucci_gal: folds 
Uncalled bet (10) returned to Mahu2021
Mahu2021 collected 20 from pot
Mahu2021: doesn't show hand 
*** SUMMARY ***
Total pot 20 | Rake 0 
Seat 1: gucci_gal (small blind) folded before Flop
Seat 2: Mahu2021 (big blind) collected (20)
Seat 3: kena_lira (button) folded before Flop (didn't bet)



PokerStars Hand #242836154828: Tournament #3571119710, $0.92+$0.08 USD Hold'em No Limit - Level I (10/20) - 2023/04/02 14:20:50 CET [2023/04/02 8:20:50 ET]
Table '3571119710 1' 3-max Seat #1 is the button
Seat 1: gucci_gal (390 in chips) 
Seat 2: Mahu2021 (580 in chips) 
Seat 3: kena_lira (530 in chips) 
Mahu2021: posts small blind 10
kena_lira: posts big blind 20
*** HOLE CARDS ***
Dealt to Mahu2021 [Ah Qd]
gucci_gal: folds 
Mahu2021: raises 20 to 40
kena_lira: folds 
Uncalled bet (20) returned to Mahu2021
Mahu2021 collected 40 from pot
Mahu2021: doesn't show hand 
*** SUMMARY ***
Total pot 40 | Rake 0 
Seat 1: gucci_gal (button) folded before Flop (didn't bet)
Seat 2: Mahu2021 (small blind) collected (40)
Seat 3: kena_lira (big blind) folded before Flop



PokerStars Hand #242836156320: Tournament #3571119710, $0.92+$0.08 USD Hold'em No Limit - Level I (10/20) - 2023/04/02 14:20:57 CET [2023/04/02 8:20:57 ET]
Table '3571119710 1' 3-max Seat #2 is the button
Seat 1: gucci_gal (390 in chips) 
Seat 2: Mahu2021 (600 in chips) 
Seat 3: kena_lira (510 in chips) 
kena_lira: posts small blind 10
gucci_gal: posts big blind 20
*** HOLE CARDS ***
Dealt to Mahu2021 [7d 7s]
Mahu2021: raises 580 to 600 and is all-in
kena_lira: folds 
gucci_gal: folds 
Uncalled bet (580) returned to Mahu2021
Mahu2021 collected 50 from pot
Mahu2021: doesn't show hand 
*** SUMMARY ***
Total pot 50 | Rake 0 
Seat 1: gucci_gal (big blind) folded before Flop
Seat 2: Mahu2021 (button) collected (50)
Seat 3: kena_lira (small blind) folded before Flop



PokerStars Hand #242836157990: Tournament #3571119710, $0.92+$0.08 USD Hold'em No Limit - Level I (10/20) - 2023/04/02 14:21:04 CET [2023/04/02 8:21:04 ET]
Table '3571119710 1' 3-max Seat #3 is the button
Seat 1: gucci_gal (370 in chips) 
Seat 2: Mahu2021 (630 in chips) 
Seat 3: kena_lira (500 in chips) 
gucci_gal: posts small blind 10
Mahu2021: posts big blind 20
*** HOLE CARDS ***
Dealt to Mahu2021 [6c Ad]
kena_lira: folds 
gucci_gal: folds 
Uncalled bet (10) returned to Mahu2021
Mahu2021 collected 20 from pot
Mahu2021: doesn't show hand 
*** SUMMARY ***
Total pot 20 | Rake 0 
Seat 1: gucci_gal (small blind) folded before Flop
Seat 2: Mahu2021 (big blind) collected (20)
Seat 3: kena_lira (button) folded before Flop (didn't bet)



PokerStars Hand #242836159569: Tournament #3571119710, $0.92+$0.08 USD Hold'em No Limit - Level I (10/20) - 2023/04/02 14:21:11 CET [2023/04/02 8:21:11 ET]
Table '3571119710 1' 3-max Seat #1 is the button
Seat 1: gucci_gal (360 in chips) 
Seat 2: Mahu2021 (640 in chips) 
Seat 3: kena_lira (500 in chips) 
Mahu2021: posts small blind 10
kena_lira: posts big blind 20
*** HOLE CARDS ***
Dealt to Mahu2021 [4h 6c]
gucci_gal: raises 340 to 360 and is all-in
Mahu2021: folds 
kena_lira: folds 
Uncalled bet (340) returned to gucci_gal
gucci_gal collected 50 from pot
*** SUMMARY ***
Total pot 50 | Rake 0 
Seat 1: gucci_gal (button) collected (50)
Seat 2: Mahu2021 (small blind) folded before Flop
Seat 3: kena_lira (big blind) folded before Flop



PokerStars Hand #242836161902: Tournament #3571119710, $0.92+$0.08 USD Hold'em No Limit - Level I (10/20) - 2023/04/02 14:21:22 CET [2023/04/02 8:21:22 ET]
Table '3571119710 1' 3-max Seat #2 is the button
Seat 1: gucci_gal (390 in chips) 
Seat 2: Mahu2021 (630 in chips) 
Seat 3: kena_lira (480 in chips) 
kena_lira: posts small blind 10
gucci_gal: posts big blind 20
*** HOLE CARDS ***
Dealt to Mahu2021 [Jc Ks]
Mahu2021: calls 20
kena_lira: calls 10
gucci_gal: checks 
*** FLOP *** [2s 8h Jd]
kena_lira: checks 
gucci_gal: checks 
Mahu2021: bets 60
kena_lira: calls 60
gucci_gal: folds 
*** TURN *** [2s 8h Jd] [2h]
kena_lira: checks 
Mahu2021: checks 
*** RIVER *** [2s 8h Jd 2h] [Kc]
kena_lira: checks 
Mahu2021: bets 180
kena_lira: calls 180
*** SHOW DOWN ***
Mahu2021: shows [Jc Ks] (two pair, Kings and Jacks)
kena_lira: mucks hand 
Mahu2021 collected 540 from pot
*** SUMMARY ***
Total pot 540 | Rake 0 
Board [2s 8h Jd 2h Kc]
Seat 1: gucci_gal (big blind) folded on the Flop
Seat 2: Mahu2021 (button) showed [Jc Ks] and won (540) with two pair, Kings and Jacks
Seat 3: kena_lira (small blind) mucked [8d Ac]



PokerStars Hand #242836167487: Tournament #3571119710, $0.92+$0.08 USD Hold'em No Limit - Level I (10/20) - 2023/04/02 14:21:47 CET [2023/04/02 8:21:47 ET]
Table '3571119710 1' 3-max Seat #3 is the button
Seat 1: gucci_gal (370 in chips) 
Seat 2: Mahu2021 (910 in chips) 
Seat 3: kena_lira (220 in chips) 
gucci_gal: posts small blind 10
Mahu2021: posts big blind 20
*** HOLE CARDS ***
Dealt to Mahu2021 [3c 7h]
kena_lira: calls 20
gucci_gal: calls 10
Mahu2021: checks 
*** FLOP *** [8d Jh 9d]
gucci_gal: checks 
Mahu2021: checks 
kena_lira: checks 
*** TURN *** [8d Jh 9d] [3h]
gucci_gal: checks 
Mahu2021: checks 
kena_lira: checks 
*** RIVER *** [8d Jh 9d 3h] [2h]
gucci_gal: checks 
Mahu2021: checks 
kena_lira: checks 
*** SHOW DOWN ***
gucci_gal: shows [Ts 6h] (high card Jack)
Mahu2021: shows [3c 7h] (a pair of Threes)
kena_lira: mucks hand 
Mahu2021 collected 60 from pot
*** SUMMARY ***
Total pot 60 | Rake 0 
Board [8d Jh 9d 3h 2h]
Seat 1: gucci_gal (small blind) showed [Ts 6h] and lost with high card Jack
Seat 2: Mahu2021 (big blind) showed [3c 7h] and won (60) with a pair of Threes
Seat 3: kena_lira (button) mucked [4h 6c]



PokerStars Hand #242836172858: Tournament #3571119710, $0.92+$0.08 USD Hold'em No Limit - Level I (10/20) - 2023/04/02 14:22:10 CET [2023/04/02 8:22:10 ET]
Table '3571119710 1' 3-max Seat #1 is the button
Seat 1: gucci_gal (350 in chips) 
Seat 2: Mahu2021 (950 in chips) 
Seat 3: kena_lira (200 in chips) 
Mahu2021: posts small blind 10
kena_lira: posts big blind 20
*** HOLE CARDS ***
Dealt to Mahu2021 [7d Th]
gucci_gal: calls 20
Mahu2021: folds 
kena_lira: checks 
*** FLOP *** [Ad Ac 9s]
kena_lira: checks 
gucci_gal: checks 
*** TURN *** [Ad Ac 9s] [6d]
kena_lira: checks 
gucci_gal: checks 
*** RIVER *** [Ad Ac 9s 6d] [Jh]
kena_lira: checks 
gucci_gal: checks 
*** SHOW DOWN ***
kena_lira: shows [4h Kh] (a pair of Aces)
gucci_gal: mucks hand 
kena_lira collected 50 from pot
*** SUMMARY ***
Total pot 50 | Rake 0 
Board [Ad Ac 9s 6d Jh]
Seat 1: gucci_gal (button) mucked [8c Tc]
Seat 2: Mahu2021 (small blind) folded before Flop
Seat 3: kena_lira (big blind) showed [4h Kh] and won (50) with a pair of Aces



PokerStars Hand #242836178501: Tournament #3571119710, $0.92+$0.08 USD Hold'em No Limit - Level II (15/30) - 2023/04/02 14:22:34 CET [2023/04/02 8:22:34 ET]
Table '3571119710 1' 3-max Seat #2 is the button
Seat 1: gucci_gal (330 in chips) 
Seat 2: Mahu2021 (940 in chips) 
Seat 3: kena_lira (230 in chips) 
kena_lira: posts small blind 15
gucci_gal: posts big blind 30
*** HOLE CARDS ***
Dealt to Mahu2021 [Js Kc]
Mahu2021: calls 30
kena_lira: raises 120 to 150
gucci_gal: folds 
Mahu2021: calls 120
*** FLOP *** [5d Qc Ah]
kena_lira: bets 80 and is all-in
Mahu2021: calls 80
*** TURN *** [5d Qc Ah] [5s]
*** RIVER *** [5d Qc Ah 5s] [8s]
*** SHOW DOWN ***
kena_lira: shows [Qs Ad] (two pair, Aces and Queens)
Mahu2021: shows [Js Kc] (a pair of Fives)
kena_lira collected 490 from pot
*** SUMMARY ***
Total pot 490 | Rake 0 
Board [5d Qc Ah 5s 8s]
Seat 1: gucci_gal (big blind) folded before Flop
Seat 2: Mahu2021 (button) showed [Js Kc] and lost with a pair of Fives
Seat 3: kena_lira (small blind) showed [Qs Ad] and won (490) with two pair, Aces and Queens



PokerStars Hand #242836183139: Tournament #3571119710, $0.92+$0.08 USD Hold'em No Limit - Level II (15/30) - 2023/04/02 14:22:55 CET [2023/04/02 8:22:55 ET]
Table '3571119710 1' 3-max Seat #3 is the button
Seat 1: gucci_gal (300 in chips) 
Seat 2: Mahu2021 (710 in chips) 
Seat 3: kena_lira (490 in chips) 
gucci_gal: posts small blind 15
Mahu2021: posts big blind 30
*** HOLE CARDS ***
Dealt to Mahu2021 [5h 7d]
kena_lira: calls 30
gucci_gal: folds 
Mahu2021: checks 
*** FLOP *** [5d 3h 9d]
Mahu2021: checks 
kena_lira: checks 
*** TURN *** [5d 3h 9d] [7h]
Mahu2021: bets 30
kena_lira: calls 30
*** RIVER *** [5d 3h 9d 7h] [4h]
Mahu2021: bets 30
kena_lira: folds 
Uncalled bet (30) returned to Mahu2021
Mahu2021 collected 135 from pot
Mahu2021: doesn't show hand 
*** SUMMARY ***
Total pot 135 | Rake 0 
Board [5d 3h 9d 7h 4h]
Seat 1: gucci_gal (small blind) folded before Flop
Seat 2: Mahu2021 (big blind) collected (135)
Seat 3: kena_lira (button) folded on the River



PokerStars Hand #242836187729: Tournament #3571119710, $0.92+$0.08 USD Hold'em No Limit - Level II (15/30) - 2023/04/02 14:23:15 CET [2023/04/02 8:23:15 ET]
Table '3571119710 1' 3-max Seat #1 is the button
Seat 1: gucci_gal (285 in chips) 
Seat 2: Mahu2021 (785 in chips) 
Seat 3: kena_lira (430 in chips) 
Mahu2021: posts small blind 15
kena_lira: posts big blind 30
*** HOLE CARDS ***
Dealt to Mahu2021 [5s Ks]
gucci_gal: raises 255 to 285 and is all-in
Mahu2021: folds 
kena_lira: folds 
Uncalled bet (255) returned to gucci_gal
gucci_gal collected 75 from pot
*** SUMMARY ***
Total pot 75 | Rake 0 
Seat 1: gucci_gal (button) collected (75)
Seat 2: Mahu2021 (small blind) folded before Flop
Seat 3: kena_lira (big blind) folded before Flop



PokerStars Hand #242836189967: Tournament #3571119710, $0.92+$0.08 USD Hold'em No Limit - Level II (15/30) - 2023/04/02 14:23:24 CET [2023/04/02 8:23:24 ET]
Table '3571119710 1' 3-max Seat #2 is the button
Seat 1: gucci_gal (330 in chips) 
Seat 2: Mahu2021 (770 in chips) 
Seat 3: kena_lira (400 in chips) 
kena_lira: posts small blind 15
gucci_gal: posts big blind 30
*** HOLE CARDS ***
Dealt to Mahu2021 [5s 2c]
Mahu2021: folds 
kena_lira: raises 60 to 90
gucci_gal: folds 
Uncalled bet (60) returned to kena_lira
kena_lira collected 60 from pot
*** SUMMARY ***
Total pot 60 | Rake 0 
Seat 1: gucci_gal (big blind) folded before Flop
Seat 2: Mahu2021 (button) folded before Flop (didn't bet)
Seat 3: kena_lira (small blind) collected (60)



PokerStars Hand #242836193096: Tournament #3571119710, $0.92+$0.08 USD Hold'em No Limit - Level II (15/30) - 2023/04/02 14:23:38 CET [2023/04/02 8:23:38 ET]
Table '3571119710 1' 3-max Seat #3 is the button
Seat 1: gucci_gal (300 in chips) 
Seat 2: Mahu2021 (770 in chips) 
Seat 3: kena_lira (430 in chips) 
gucci_gal: posts small blind 15
Mahu2021: posts big blind 30
*** HOLE CARDS ***
Dealt to Mahu2021 [5s As]
kena_lira: raises 75 to 105
gucci_gal: raises 195 to 300 and is all-in
Mahu2021: raises 470 to 770 and is all-in
kena_lira: calls 325 and is all-in
Uncalled bet (340) returned to Mahu2021
*** FLOP *** [4d 2d Ah]
*** TURN *** [4d 2d Ah] [4h]
*** RIVER *** [4d 2d Ah 4h] [9d]
*** SHOW DOWN ***
Mahu2021: shows [5s As] (two pair, Aces and Fours)
kena_lira: shows [Kd Kh] (two pair, Kings and Fours)
Mahu2021 collected 260 from side pot
gucci_gal: shows [Jd Ad] (a flush, Ace high)
gucci_gal collected 900 from main pot
kena_lira finished the tournament in 3rd place
*** SUMMARY ***
Total pot 1160 Main pot 900. Side pot 260. | Rake 0 
Board [4d 2d Ah 4h 9d]
Seat 1: gucci_gal (small blind) showed [Jd Ad] and won (900) with a flush, Ace high
Seat 2: Mahu2021 (big blind) showed [5s As] and won (260) with two pair, Aces and Fours
Seat 3: kena_lira (button) showed [Kd Kh] and lost with two pair, Kings and Fours



PokerStars Hand #242836198345: Tournament #3571119710, $0.92+$0.08 USD Hold'em No Limit - Level II (15/30) - 2023/04/02 14:24:01 CET [2023/04/02 8:24:01 ET]
Table '3571119710 1' 3-max Seat #2 is the button
Seat 1: gucci_gal (900 in chips) 
Seat 2: Mahu2021 (600 in chips) 
Mahu2021: posts small blind 15
gucci_gal: posts big blind 30
*** HOLE CARDS ***
Dealt to Mahu2021 [7c Th]
Mahu2021: folds 
Uncalled bet (15) returned to gucci_gal
gucci_gal collected 30 from pot
*** SUMMARY ***
Total pot 30 | Rake 0 
Seat 1: gucci_gal (big blind) collected (30)
Seat 2: Mahu2021 (button) (small blind) folded before Flop



PokerStars Hand #242836199460: Tournament #3571119710, $0.92+$0.08 USD Hold'em No Limit - Level II (15/30) - 2023/04/02 14:24:06 CET [2023/04/02 8:24:06 ET]
Table '3571119710 1' 3-max Seat #1 is the button
Seat 1: gucci_gal (915 in chips) 
Seat 2: Mahu2021 (585 in chips) 
gucci_gal: posts small blind 15
Mahu2021: posts big blind 30
*** HOLE CARDS ***
Dealt to Mahu2021 [Js 3h]
gucci_gal: calls 15
Mahu2021: checks 
*** FLOP *** [Jc 2c 6h]
Mahu2021: checks 
gucci_gal: checks 
*** TURN *** [Jc 2c 6h] [9s]
Mahu2021: bets 30
gucci_gal: folds 
Uncalled bet (30) returned to Mahu2021
Mahu2021 collected 60 from pot
Mahu2021: doesn't show hand 
*** SUMMARY ***
Total pot 60 | Rake 0 
Board [Jc 2c 6h 9s]
Seat 1: gucci_gal (button) (small blind) folded on the Turn
Seat 2: Mahu2021 (big blind) collected (60)



PokerStars Hand #242836202454: Tournament #3571119710, $0.92+$0.08 USD Hold'em No Limit - Level II (15/30) - 2023/04/02 14:24:18 CET [2023/04/02 8:24:18 ET]
Table '3571119710 1' 3-max Seat #2 is the button
Seat 1: gucci_gal (885 in chips) 
Seat 2: Mahu2021 (615 in chips) 
Mahu2021: posts small blind 15
gucci_gal: posts big blind 30
*** HOLE CARDS ***
Dealt to Mahu2021 [9d Jd]
Mahu2021: raises 585 to 615 and is all-in
gucci_gal: folds 
Uncalled bet (585) returned to Mahu2021
Mahu2021 collected 60 from pot
Mahu2021: doesn't show hand 
*** SUMMARY ***
Total pot 60 | Rake 0 
Seat 1: gucci_gal (big blind) folded before Flop
Seat 2: Mahu2021 (button) (small blind) collected (60)



PokerStars Hand #242836203916: Tournament #3571119710, $0.92+$0.08 USD Hold'em No Limit - Level II (15/30) - 2023/04/02 14:24:24 CET [2023/04/02 8:24:24 ET]
Table '3571119710 1' 3-max Seat #1 is the button
Seat 1: gucci_gal (855 in chips) 
Seat 2: Mahu2021 (645 in chips) 
gucci_gal: posts small blind 15
Mahu2021: posts big blind 30
*** HOLE CARDS ***
Dealt to Mahu2021 [8d Ts]
gucci_gal: raises 825 to 855 and is all-in
Mahu2021: folds 
Uncalled bet (825) returned to gucci_gal
gucci_gal collected 60 from pot
*** SUMMARY ***
Total pot 60 | Rake 0 
Seat 1: gucci_gal (button) (small blind) collected (60)
Seat 2: Mahu2021 (big blind) folded before Flop



PokerStars Hand #242836205596: Tournament #3571119710, $0.92+$0.08 USD Hold'em No Limit - Level II (15/30) - 2023/04/02 14:24:31 CET [2023/04/02 8:24:31 ET]
Table '3571119710 1' 3-max Seat #2 is the button
Seat 1: gucci_gal (885 in chips) 
Seat 2: Mahu2021 (615 in chips) 
Mahu2021: posts small blind 15
gucci_gal: posts big blind 30
*** HOLE CARDS ***
Dealt to Mahu2021 [9s Ah]
Mahu2021: raises 585 to 615 and is all-in
gucci_gal: folds 
Uncalled bet (585) returned to Mahu2021
Mahu2021 collected 60 from pot
Mahu2021: doesn't show hand 
*** SUMMARY ***
Total pot 60 | Rake 0 
Seat 1: gucci_gal (big blind) folded before Flop
Seat 2: Mahu2021 (button) (small blind) collected (60)



PokerStars Hand #242836207068: Tournament #3571119710, $0.92+$0.08 USD Hold'em No Limit - Level II (15/30) - 2023/04/02 14:24:38 CET [2023/04/02 8:24:38 ET]
Table '3571119710 1' 3-max Seat #1 is the button
Seat 1: gucci_gal (855 in chips) 
Seat 2: Mahu2021 (645 in chips) 
gucci_gal: posts small blind 15
Mahu2021: posts big blind 30
*** HOLE CARDS ***
Dealt to Mahu2021 [Jh 8c]
gucci_gal: raises 825 to 855 and is all-in
Mahu2021: folds 
Uncalled bet (825) returned to gucci_gal
gucci_gal collected 60 from pot
*** SUMMARY ***
Total pot 60 | Rake 0 
Seat 1: gucci_gal (button) (small blind) collected (60)
Seat 2: Mahu2021 (big blind) folded before Flop



PokerStars Hand #242836208963: Tournament #3571119710, $0.92+$0.08 USD Hold'em No Limit - Level II (15/30) - 2023/04/02 14:24:46 CET [2023/04/02 8:24:46 ET]
Table '3571119710 1' 3-max Seat #2 is the button
Seat 1: gucci_gal (885 in chips) 
Seat 2: Mahu2021 (615 in chips) 
Mahu2021: posts small blind 15
gucci_gal: posts big blind 30
*** HOLE CARDS ***
Dealt to Mahu2021 [8c 3c]
Mahu2021: folds 
Uncalled bet (15) returned to gucci_gal
gucci_gal collected 30 from pot
*** SUMMARY ***
Total pot 30 | Rake 0 
Seat 1: gucci_gal (big blind) collected (30)
Seat 2: Mahu2021 (button) (small blind) folded before Flop



PokerStars Hand #242836210026: Tournament #3571119710, $0.92+$0.08 USD Hold'em No Limit - Level II (15/30) - 2023/04/02 14:24:51 CET [2023/04/02 8:24:51 ET]
Table '3571119710 1' 3-max Seat #1 is the button
Seat 1: gucci_gal (900 in chips) 
Seat 2: Mahu2021 (600 in chips) 
gucci_gal: posts small blind 15
Mahu2021: posts big blind 30
*** HOLE CARDS ***
Dealt to Mahu2021 [3c Jd]
gucci_gal: calls 15
Mahu2021: checks 
*** FLOP *** [Ts Js 4s]
Mahu2021: bets 570 and is all-in
gucci_gal: folds 
Uncalled bet (570) returned to Mahu2021
Mahu2021 collected 60 from pot
Mahu2021: doesn't show hand 
*** SUMMARY ***
Total pot 60 | Rake 0 
Board [Ts Js 4s]
Seat 1: gucci_gal (button) (small blind) folded on the Flop
Seat 2: Mahu2021 (big blind) collected (60)



PokerStars Hand #242836212341: Tournament #3571119710, $0.92+$0.08 USD Hold'em No Limit - Level II (15/30) - 2023/04/02 14:25:00 CET [2023/04/02 8:25:00 ET]
Table '3571119710 1' 3-max Seat #2 is the button
Seat 1: gucci_gal (870 in chips) 
Seat 2: Mahu2021 (630 in chips) 
Mahu2021: posts small blind 15
gucci_gal: posts big blind 30
*** HOLE CARDS ***
Dealt to Mahu2021 [2h 3c]
Mahu2021: folds 
Uncalled bet (15) returned to gucci_gal
gucci_gal collected 30 from pot
*** SUMMARY ***
Total pot 30 | Rake 0 
Seat 1: gucci_gal (big blind) collected (30)
Seat 2: Mahu2021 (button) (small blind) folded before Flop



PokerStars Hand #242836213410: Tournament #3571119710, $0.92+$0.08 USD Hold'em No Limit - Level II (15/30) - 2023/04/02 14:25:05 CET [2023/04/02 8:25:05 ET]
Table '3571119710 1' 3-max Seat #1 is the button
Seat 1: gucci_gal (885 in chips) 
Seat 2: Mahu2021 (615 in chips) 
gucci_gal: posts small blind 15
Mahu2021: posts big blind 30
*** HOLE CARDS ***
Dealt to Mahu2021 [5d 9h]
gucci_gal: calls 15
Mahu2021: checks 
*** FLOP *** [Ks 2h 3c]
Mahu2021: checks 
gucci_gal: bets 30
Mahu2021: folds 
Uncalled bet (30) returned to gucci_gal
gucci_gal collected 60 from pot
*** SUMMARY ***
Total pot 60 | Rake 0 
Board [Ks 2h 3c]
Seat 1: gucci_gal (button) (small blind) collected (60)
Seat 2: Mahu2021 (big blind) folded on the Flop



PokerStars Hand #242836215676: Tournament #3571119710, $0.92+$0.08 USD Hold'em No Limit - Level II (15/30) - 2023/04/02 14:25:15 CET [2023/04/02 8:25:15 ET]
Table '3571119710 1' 3-max Seat #2 is the button
Seat 1: gucci_gal (915 in chips) 
Seat 2: Mahu2021 (585 in chips) 
Mahu2021: posts small blind 15
gucci_gal: posts big blind 30
*** HOLE CARDS ***
Dealt to Mahu2021 [7d Qh]
Mahu2021: raises 555 to 585 and is all-in
gucci_gal: folds 
Uncalled bet (555) returned to Mahu2021
Mahu2021 collected 60 from pot
Mahu2021: doesn't show hand 
*** SUMMARY ***
Total pot 60 | Rake 0 
Seat 1: gucci_gal (big blind) folded before Flop
Seat 2: Mahu2021 (button) (small blind) collected (60)



PokerStars Hand #242836217336: Tournament #3571119710, $0.92+$0.08 USD Hold'em No Limit - Level II (15/30) - 2023/04/02 14:25:22 CET [2023/04/02 8:25:22 ET]
Table '3571119710 1' 3-max Seat #1 is the button
Seat 1: gucci_gal (885 in chips) 
Seat 2: Mahu2021 (615 in chips) 
gucci_gal: posts small blind 15
Mahu2021: posts big blind 30
*** HOLE CARDS ***
Dealt to Mahu2021 [4h 5h]
gucci_gal: calls 15
Mahu2021: checks 
*** FLOP *** [9d 8c Jc]
Mahu2021: checks 
gucci_gal: bets 30
Mahu2021: folds 
Uncalled bet (30) returned to gucci_gal
gucci_gal collected 60 from pot
*** SUMMARY ***
Total pot 60 | Rake 0 
Board [9d 8c Jc]
Seat 1: gucci_gal (button) (small blind) collected (60)
Seat 2: Mahu2021 (big blind) folded on the Flop



PokerStars Hand #242836220711: Tournament #3571119710, $0.92+$0.08 USD Hold'em No Limit - Level III (20/40) - 2023/04/02 14:25:37 CET [2023/04/02 8:25:37 ET]
Table '3571119710 1' 3-max Seat #2 is the button
Seat 1: gucci_gal (915 in chips) 
Seat 2: Mahu2021 (585 in chips) 
Mahu2021: posts small blind 20
gucci_gal: posts big blind 40
*** HOLE CARDS ***
Dealt to Mahu2021 [4s 7h]
Mahu2021: folds 
Uncalled bet (20) returned to gucci_gal
gucci_gal collected 40 from pot
*** SUMMARY ***
Total pot 40 | Rake 0 
Seat 1: gucci_gal (big blind) collected (40)
Seat 2: Mahu2021 (button) (small blind) folded before Flop



PokerStars Hand #242836221786: Tournament #3571119710, $0.92+$0.08 USD Hold'em No Limit - Level III (20/40) - 2023/04/02 14:25:41 CET [2023/04/02 8:25:41 ET]
Table '3571119710 1' 3-max Seat #1 is the button
Seat 1: gucci_gal (935 in chips) 
Seat 2: Mahu2021 (565 in chips) 
gucci_gal: posts small blind 20
Mahu2021: posts big blind 40
*** HOLE CARDS ***
Dealt to Mahu2021 [Kd 2h]
gucci_gal: raises 895 to 935 and is all-in
Mahu2021: calls 525 and is all-in
Uncalled bet (370) returned to gucci_gal
*** FLOP *** [5h 4h 5c]
*** TURN *** [5h 4h 5c] [5d]
*** RIVER *** [5h 4h 5c 5d] [8c]
*** SHOW DOWN ***
Mahu2021: shows [Kd 2h] (three of a kind, Fives)
gucci_gal: shows [Ah Ts] (three of a kind, Fives - Ace kicker)
gucci_gal collected 1130 from pot
Mahu2021 finished the tournament in 2nd place
gucci_gal wins the tournament and receives $3.00 - congratulations!
*** SUMMARY ***
Total pot 1130 | Rake 0 
Board [5h 4h 5c 5d 8c]
Seat 1: gucci_gal (button) (small blind) showed [Ah Ts] and won (1130) with three of a kind, Fives
Seat 2: Mahu2021 (big blind) showed [Kd 2h] and lost with three of a kind, Fives



