PokerStars Hand #253083255347: Tournament #3816041437, $1.84+$0.16 USD Hold'em No Limit - Level I (10/20) - 2024/10/24 20:44:22 CET [2024/10/24 14:44:22 ET]
Table '3816041437 1' 3-max Seat #1 is the button
Seat 1: Alfayed51 (500 in chips) 
Seat 2: Gary CANUCK (500 in chips) 
Seat 3: Mahu2021 (500 in chips) 
Gary CANUCK: posts small blind 10
Mahu2021: posts big blind 20
*** HOLE CARDS ***
Dealt to Mahu2021 [Kh Jd]
Alfayed51: raises 480 to 500 and is all-in
Gary CANUCK: folds 
Mahu2021: folds 
Uncalled bet (480) returned to Alfayed51
Alfayed51 collected 50 from pot
Alfayed51: doesn't show hand 
*** SUMMARY ***
Total pot 50 | Rake 0 
Seat 1: Alfayed51 (button) collected (50)
Seat 2: Gary CANUCK (small blind) folded before Flop
Seat 3: Mahu2021 (big blind) folded before Flop



PokerStars Hand #253083257648: Tournament #3816041437, $1.84+$0.16 USD Hold'em No Limit - Level I (10/20) - 2024/10/24 20:44:31 CET [2024/10/24 14:44:31 ET]
Table '3816041437 1' 3-max Seat #2 is the button
Seat 1: Alfayed51 (530 in chips) 
Seat 2: Gary CANUCK (490 in chips) 
Seat 3: Mahu2021 (480 in chips) 
Mahu2021: posts small blind 10
Alfayed51: posts big blind 20
*** HOLE CARDS ***
Dealt to Mahu2021 [Qs Qc]
Gary CANUCK: calls 20
Mahu2021: raises 60 to 80
Alfayed51: raises 450 to 530 and is all-in
Gary CANUCK: folds 
Mahu2021: calls 400 and is all-in
Uncalled bet (50) returned to Alfayed51
*** FLOP *** [Kh 5s Ad]
*** TURN *** [Kh 5s Ad] [6d]
*** RIVER *** [Kh 5s Ad 6d] [Kd]
*** SHOW DOWN ***
Mahu2021: shows [Qs Qc] (two pair, Kings and Queens)
Alfayed51: shows [6c Ah] (two pair, Aces and Kings)
Alfayed51 collected 980 from pot
Mahu2021 finished the tournament in 3rd place
*** SUMMARY ***
Total pot 980 | Rake 0 
Board [Kh 5s Ad 6d Kd]
Seat 1: Alfayed51 (big blind) showed [6c Ah] and won (980) with two pair, Aces and Kings
Seat 2: Gary CANUCK (button) folded before Flop
Seat 3: Mahu2021 (small blind) showed [Qs Qc] and lost with two pair, Kings and Queens



