PokerStars Zoom Hand #254607838735:  Hold'em No Limit ($0.05/$0.10) - 2025/01/29 17:19:23 CET [2025/01/29 11:19:23 ET]
Table 'Aludra' 6-max Seat #1 is the button
Seat 1: Radoslav_Rusev ($36.78 in chips) 
Seat 2: chica220 ($12.96 in chips) 
Seat 3: Mahu2021 ($10 in chips) 
Seat 4: systraxsix ($14.41 in chips) 
Seat 5: franz Z750 ($10.05 in chips) 
Seat 6: Alexilie2022 ($21.96 in chips) 
chica220: posts small blind $0.05
Mahu2021: posts big blind $0.10
*** HOLE CARDS ***
Dealt to Mahu2021 [Kh 7s]
systraxsix: calls $0.10
franz Z750: folds 
Alexilie2022: folds 
Radoslav_Rusev: calls $0.10
chica220: folds 
Mahu2021: checks 
*** FLOP *** [Ts 6s 9h]
Mahu2021: checks 
systraxsix: bets $0.17
Radoslav_Rusev: raises $0.67 to $0.84
Mahu2021: folds 
systraxsix: calls $0.67
*** TURN *** [Ts 6s 9h] [8s]
systraxsix: checks 
Radoslav_Rusev: bets $0.97
systraxsix: folds 
Uncalled bet ($0.97) returned to Radoslav_Rusev
Radoslav_Rusev collected $1.94 from pot
Radoslav_Rusev: doesn't show hand 
*** SUMMARY ***
Total pot $2.03 | Rake $0.09 
Board [Ts 6s 9h 8s]
Seat 1: Radoslav_Rusev (button) collected ($1.94)
Seat 2: chica220 (small blind) folded before Flop
Seat 3: Mahu2021 (big blind) folded on the Flop
Seat 4: systraxsix folded on the Turn
Seat 5: franz Z750 folded before Flop (didn't bet)
Seat 6: Alexilie2022 folded before Flop (didn't bet)



PokerStars Zoom Hand #254607842296:  Hold'em No Limit ($0.05/$0.10) - 2025/01/29 17:19:39 CET [2025/01/29 11:19:39 ET]
Table 'Aludra' 6-max Seat #1 is the button
Seat 1: Mahu2021 ($9.90 in chips) 
Seat 2: Luffy V ($14.44 in chips) 
Seat 3: ellson30 ($17.08 in chips) 
Seat 4: rGiosa ($16.38 in chips) 
Seat 5: Rhymer82 ($10.81 in chips) 
Seat 6: ozzer9 ($22.73 in chips) 
Luffy V: posts small blind $0.05
ellson30: posts big blind $0.10
*** HOLE CARDS ***
Dealt to Mahu2021 [Td 9d]
rGiosa: folds 
Rhymer82: folds 
ozzer9: folds 
Mahu2021: raises $0.20 to $0.30
Luffy V: folds 
ellson30: calls $0.20
*** FLOP *** [Ts Kh Th]
ellson30: bets $0.31
Mahu2021: calls $0.31
*** TURN *** [Ts Kh Th] [Ac]
ellson30: bets $0.61
Mahu2021: calls $0.61
*** RIVER *** [Ts Kh Th Ac] [4d]
ellson30: checks 
Mahu2021: bets $2.38
ellson30: calls $2.38
*** SHOW DOWN ***
Mahu2021: shows [Td 9d] (three of a kind, Tens)
ellson30: mucks hand 
Mahu2021 collected $6.92 from pot
*** SUMMARY ***
Total pot $7.25 | Rake $0.33 
Board [Ts Kh Th Ac 4d]
Seat 1: Mahu2021 (button) showed [Td 9d] and won ($6.92) with three of a kind, Tens
Seat 2: Luffy V (small blind) folded before Flop
Seat 3: ellson30 (big blind) mucked [Kd 7d]
Seat 4: rGiosa folded before Flop (didn't bet)
Seat 5: Rhymer82 folded before Flop (didn't bet)
Seat 6: ozzer9 folded before Flop (didn't bet)



