PokerStars Hand #249556341159: Tournament #3732030558, $1.84+$0.16 USD Hold'em No Limit - Level I (10/20) - 2024/03/22 11:28:13 CET [2024/03/22 6:28:13 ET]
Table '3732030558 1' 3-max Seat #1 is the button
Seat 1: Barkingstork (500 in chips) 
Seat 2: Mahu2021 (500 in chips) 
Seat 3: Tyche87 (500 in chips) 
Mahu2021: posts small blind 10
Tyche87: posts big blind 20
*** HOLE CARDS ***
Dealt to Mahu2021 [7c Jh]
Barkingstork: raises 20 to 40
Mahu2021: folds 
Tyche87: folds 
Uncalled bet (20) returned to Barkingstork
Barkingstork collected 50 from pot
Barkingstork: doesn't show hand 
*** SUMMARY ***
Total pot 50 | Rake 0 
Seat 1: Barkingstork (button) collected (50)
Seat 2: Mahu2021 (small blind) folded before Flop
Seat 3: Tyche87 (big blind) folded before Flop



PokerStars Hand #249556342171: Tournament #3732030558, $1.84+$0.16 USD Hold'em No Limit - Level I (10/20) - 2024/03/22 11:28:22 CET [2024/03/22 6:28:22 ET]
Table '3732030558 1' 3-max Seat #2 is the button
Seat 1: Barkingstork (530 in chips) 
Seat 2: Mahu2021 (490 in chips) 
Seat 3: Tyche87 (480 in chips) 
Tyche87: posts small blind 10
Barkingstork: posts big blind 20
*** HOLE CARDS ***
Dealt to Mahu2021 [4c 3s]
Mahu2021: folds 
Tyche87: raises 30 to 50
Barkingstork: folds 
Uncalled bet (30) returned to Tyche87
Tyche87 collected 40 from pot
Tyche87: doesn't show hand 
*** SUMMARY ***
Total pot 40 | Rake 0 
Seat 1: Barkingstork (big blind) folded before Flop
Seat 2: Mahu2021 (button) folded before Flop (didn't bet)
Seat 3: Tyche87 (small blind) collected (40)



PokerStars Hand #249556343885: Tournament #3732030558, $1.84+$0.16 USD Hold'em No Limit - Level I (10/20) - 2024/03/22 11:28:34 CET [2024/03/22 6:28:34 ET]
Table '3732030558 1' 3-max Seat #3 is the button
Seat 1: Barkingstork (510 in chips) 
Seat 2: Mahu2021 (490 in chips) 
Seat 3: Tyche87 (500 in chips) 
Barkingstork: posts small blind 10
Mahu2021: posts big blind 20
*** HOLE CARDS ***
Dealt to Mahu2021 [Jh Kd]
Tyche87: folds 
Barkingstork: raises 26 to 46
Mahu2021: calls 26
*** FLOP *** [4c 3d 2d]
Barkingstork: bets 25
Mahu2021: folds 
Uncalled bet (25) returned to Barkingstork
Barkingstork collected 92 from pot
Barkingstork: doesn't show hand 
*** SUMMARY ***
Total pot 92 | Rake 0 
Board [4c 3d 2d]
Seat 1: Barkingstork (small blind) collected (92)
Seat 2: Mahu2021 (big blind) folded on the Flop
Seat 3: Tyche87 (button) folded before Flop (didn't bet)



PokerStars Hand #249556346715: Tournament #3732030558, $1.84+$0.16 USD Hold'em No Limit - Level I (10/20) - 2024/03/22 11:28:57 CET [2024/03/22 6:28:57 ET]
Table '3732030558 1' 3-max Seat #1 is the button
Seat 1: Barkingstork (556 in chips) 
Seat 2: Mahu2021 (444 in chips) 
Seat 3: Tyche87 (500 in chips) 
Mahu2021: posts small blind 10
Tyche87: posts big blind 20
*** HOLE CARDS ***
Dealt to Mahu2021 [Tc 8h]
Barkingstork: folds 
Mahu2021: folds 
Uncalled bet (10) returned to Tyche87
Tyche87 collected 20 from pot
Tyche87: doesn't show hand 
*** SUMMARY ***
Total pot 20 | Rake 0 
Seat 1: Barkingstork (button) folded before Flop (didn't bet)
Seat 2: Mahu2021 (small blind) folded before Flop
Seat 3: Tyche87 (big blind) collected (20)



PokerStars Hand #249556347291: Tournament #3732030558, $1.84+$0.16 USD Hold'em No Limit - Level I (10/20) - 2024/03/22 11:29:01 CET [2024/03/22 6:29:01 ET]
Table '3732030558 1' 3-max Seat #2 is the button
Seat 1: Barkingstork (556 in chips) 
Seat 2: Mahu2021 (434 in chips) 
Seat 3: Tyche87 (510 in chips) 
Tyche87: posts small blind 10
Barkingstork: posts big blind 20
*** HOLE CARDS ***
Dealt to Mahu2021 [Jd 9h]
Mahu2021: raises 20 to 40
Tyche87: raises 470 to 510 and is all-in
Barkingstork: folds 
Mahu2021: folds 
Uncalled bet (470) returned to Tyche87
Tyche87 collected 100 from pot
Tyche87: doesn't show hand 
*** SUMMARY ***
Total pot 100 | Rake 0 
Seat 1: Barkingstork (big blind) folded before Flop
Seat 2: Mahu2021 (button) folded before Flop
Seat 3: Tyche87 (small blind) collected (100)



PokerStars Hand #249556348446: Tournament #3732030558, $1.84+$0.16 USD Hold'em No Limit - Level I (10/20) - 2024/03/22 11:29:10 CET [2024/03/22 6:29:10 ET]
Table '3732030558 1' 3-max Seat #3 is the button
Seat 1: Barkingstork (536 in chips) 
Seat 2: Mahu2021 (394 in chips) 
Seat 3: Tyche87 (570 in chips) 
Barkingstork: posts small blind 10
Mahu2021: posts big blind 20
*** HOLE CARDS ***
Dealt to Mahu2021 [3c Qd]
Tyche87: folds 
Barkingstork: raises 26 to 46
Mahu2021: folds 
Uncalled bet (26) returned to Barkingstork
Barkingstork collected 40 from pot
Barkingstork: doesn't show hand 
*** SUMMARY ***
Total pot 40 | Rake 0 
Seat 1: Barkingstork (small blind) collected (40)
Seat 2: Mahu2021 (big blind) folded before Flop
Seat 3: Tyche87 (button) folded before Flop (didn't bet)



PokerStars Hand #249556349919: Tournament #3732030558, $1.84+$0.16 USD Hold'em No Limit - Level I (10/20) - 2024/03/22 11:29:22 CET [2024/03/22 6:29:22 ET]
Table '3732030558 1' 3-max Seat #1 is the button
Seat 1: Barkingstork (556 in chips) 
Seat 2: Mahu2021 (374 in chips) 
Seat 3: Tyche87 (570 in chips) 
Mahu2021: posts small blind 10
Tyche87: posts big blind 20
*** HOLE CARDS ***
Dealt to Mahu2021 [2h 6s]
Barkingstork: raises 20 to 40
Mahu2021: folds 
Tyche87: calls 20
*** FLOP *** [Js 5c 3c]
Tyche87: checks 
Barkingstork: bets 24
Tyche87: calls 24
*** TURN *** [Js 5c 3c] [2c]
Tyche87: checks 
Barkingstork: checks 
*** RIVER *** [Js 5c 3c 2c] [8d]
Tyche87: checks 
Barkingstork: checks 
*** SHOW DOWN ***
Tyche87: shows [Jd Th] (a pair of Jacks)
Barkingstork: shows [Jc Ks] (a pair of Jacks - King kicker)
Barkingstork collected 138 from pot
*** SUMMARY ***
Total pot 138 | Rake 0 
Board [Js 5c 3c 2c 8d]
Seat 1: Barkingstork (button) showed [Jc Ks] and won (138) with a pair of Jacks
Seat 2: Mahu2021 (small blind) folded before Flop
Seat 3: Tyche87 (big blind) showed [Jd Th] and lost with a pair of Jacks



PokerStars Hand #249556353151: Tournament #3732030558, $1.84+$0.16 USD Hold'em No Limit - Level I (10/20) - 2024/03/22 11:29:47 CET [2024/03/22 6:29:47 ET]
Table '3732030558 1' 3-max Seat #2 is the button
Seat 1: Barkingstork (630 in chips) 
Seat 2: Mahu2021 (364 in chips) 
Seat 3: Tyche87 (506 in chips) 
Tyche87: posts small blind 10
Barkingstork: posts big blind 20
*** HOLE CARDS ***
Dealt to Mahu2021 [As 4s]
Mahu2021: raises 20 to 40
Tyche87: folds 
Barkingstork: calls 20
*** FLOP *** [3s Qh 5s]
Barkingstork: checks 
Mahu2021: bets 90
Barkingstork: calls 90
*** TURN *** [3s Qh 5s] [Qc]
Barkingstork: checks 
Mahu2021: checks 
*** RIVER *** [3s Qh 5s Qc] [4d]
Barkingstork: bets 500 and is all-in
Mahu2021: folds 
Uncalled bet (500) returned to Barkingstork
Barkingstork collected 270 from pot
Barkingstork: doesn't show hand 
*** SUMMARY ***
Total pot 270 | Rake 0 
Board [3s Qh 5s Qc 4d]
Seat 1: Barkingstork (big blind) collected (270)
Seat 2: Mahu2021 (button) folded on the River
Seat 3: Tyche87 (small blind) folded before Flop



PokerStars Hand #249556357919: Tournament #3732030558, $1.84+$0.16 USD Hold'em No Limit - Level II (15/30) - 2024/03/22 11:30:25 CET [2024/03/22 6:30:25 ET]
Table '3732030558 1' 3-max Seat #3 is the button
Seat 1: Barkingstork (770 in chips) 
Seat 2: Mahu2021 (234 in chips) 
Seat 3: Tyche87 (496 in chips) 
Barkingstork: posts small blind 15
Mahu2021: posts big blind 30
*** HOLE CARDS ***
Dealt to Mahu2021 [Js 9h]
Tyche87: folds 
Barkingstork: folds 
Uncalled bet (15) returned to Mahu2021
Mahu2021 collected 30 from pot
Mahu2021: doesn't show hand 
*** SUMMARY ***
Total pot 30 | Rake 0 
Seat 1: Barkingstork (small blind) folded before Flop
Seat 2: Mahu2021 (big blind) collected (30)
Seat 3: Tyche87 (button) folded before Flop (didn't bet)



PokerStars Hand #249556358583: Tournament #3732030558, $1.84+$0.16 USD Hold'em No Limit - Level II (15/30) - 2024/03/22 11:30:31 CET [2024/03/22 6:30:31 ET]
Table '3732030558 1' 3-max Seat #1 is the button
Seat 1: Barkingstork (755 in chips) 
Seat 2: Mahu2021 (249 in chips) 
Seat 3: Tyche87 (496 in chips) 
Mahu2021: posts small blind 15
Tyche87: posts big blind 30
*** HOLE CARDS ***
Dealt to Mahu2021 [Kd 2s]
Barkingstork: folds 
Mahu2021: raises 219 to 249 and is all-in
Tyche87: folds 
Uncalled bet (219) returned to Mahu2021
Mahu2021 collected 60 from pot
Mahu2021: doesn't show hand 
*** SUMMARY ***
Total pot 60 | Rake 0 
Seat 1: Barkingstork (button) folded before Flop (didn't bet)
Seat 2: Mahu2021 (small blind) collected (60)
Seat 3: Tyche87 (big blind) folded before Flop



PokerStars Hand #249556359530: Tournament #3732030558, $1.84+$0.16 USD Hold'em No Limit - Level II (15/30) - 2024/03/22 11:30:38 CET [2024/03/22 6:30:38 ET]
Table '3732030558 1' 3-max Seat #2 is the button
Seat 1: Barkingstork (755 in chips) 
Seat 2: Mahu2021 (279 in chips) 
Seat 3: Tyche87 (466 in chips) 
Tyche87: posts small blind 15
Barkingstork: posts big blind 30
*** HOLE CARDS ***
Dealt to Mahu2021 [5d 3s]
Mahu2021: folds 
Tyche87: folds 
Uncalled bet (15) returned to Barkingstork
Barkingstork collected 30 from pot
Barkingstork: doesn't show hand 
*** SUMMARY ***
Total pot 30 | Rake 0 
Seat 1: Barkingstork (big blind) collected (30)
Seat 2: Mahu2021 (button) folded before Flop (didn't bet)
Seat 3: Tyche87 (small blind) folded before Flop



PokerStars Hand #249556360295: Tournament #3732030558, $1.84+$0.16 USD Hold'em No Limit - Level II (15/30) - 2024/03/22 11:30:44 CET [2024/03/22 6:30:44 ET]
Table '3732030558 1' 3-max Seat #3 is the button
Seat 1: Barkingstork (770 in chips) 
Seat 2: Mahu2021 (279 in chips) 
Seat 3: Tyche87 (451 in chips) 
Barkingstork: posts small blind 15
Mahu2021: posts big blind 30
*** HOLE CARDS ***
Dealt to Mahu2021 [Ts 8c]
Tyche87: raises 421 to 451 and is all-in
Barkingstork: folds 
Mahu2021: folds 
Uncalled bet (421) returned to Tyche87
Tyche87 collected 75 from pot
Tyche87: doesn't show hand 
*** SUMMARY ***
Total pot 75 | Rake 0 
Seat 1: Barkingstork (small blind) folded before Flop
Seat 2: Mahu2021 (big blind) folded before Flop
Seat 3: Tyche87 (button) collected (75)



PokerStars Hand #249556361531: Tournament #3732030558, $1.84+$0.16 USD Hold'em No Limit - Level II (15/30) - 2024/03/22 11:30:54 CET [2024/03/22 6:30:54 ET]
Table '3732030558 1' 3-max Seat #1 is the button
Seat 1: Barkingstork (755 in chips) 
Seat 2: Mahu2021 (249 in chips) 
Seat 3: Tyche87 (496 in chips) 
Mahu2021: posts small blind 15
Tyche87: posts big blind 30
*** HOLE CARDS ***
Dealt to Mahu2021 [4s 2s]
Barkingstork: folds 
Mahu2021: folds 
Uncalled bet (15) returned to Tyche87
Tyche87 collected 30 from pot
Tyche87: doesn't show hand 
*** SUMMARY ***
Total pot 30 | Rake 0 
Seat 1: Barkingstork (button) folded before Flop (didn't bet)
Seat 2: Mahu2021 (small blind) folded before Flop
Seat 3: Tyche87 (big blind) collected (30)



PokerStars Hand #249556362094: Tournament #3732030558, $1.84+$0.16 USD Hold'em No Limit - Level II (15/30) - 2024/03/22 11:30:58 CET [2024/03/22 6:30:58 ET]
Table '3732030558 1' 3-max Seat #2 is the button
Seat 1: Barkingstork (755 in chips) 
Seat 2: Mahu2021 (234 in chips) 
Seat 3: Tyche87 (511 in chips) 
Tyche87: posts small blind 15
Barkingstork: posts big blind 30
*** HOLE CARDS ***
Dealt to Mahu2021 [6c Ks]
Mahu2021: folds 
Tyche87: calls 15
Barkingstork: checks 
*** FLOP *** [Qs 2d Qh]
Tyche87: checks 
Barkingstork: bets 33
Tyche87: folds 
Uncalled bet (33) returned to Barkingstork
Barkingstork collected 60 from pot
Barkingstork: doesn't show hand 
*** SUMMARY ***
Total pot 60 | Rake 0 
Board [Qs 2d Qh]
Seat 1: Barkingstork (big blind) collected (60)
Seat 2: Mahu2021 (button) folded before Flop (didn't bet)
Seat 3: Tyche87 (small blind) folded on the Flop



PokerStars Hand #249556365825: Tournament #3732030558, $1.84+$0.16 USD Hold'em No Limit - Level II (15/30) - 2024/03/22 11:31:28 CET [2024/03/22 6:31:28 ET]
Table '3732030558 1' 3-max Seat #3 is the button
Seat 1: Barkingstork (785 in chips) 
Seat 2: Mahu2021 (234 in chips) 
Seat 3: Tyche87 (481 in chips) 
Barkingstork: posts small blind 15
Mahu2021: posts big blind 30
*** HOLE CARDS ***
Dealt to Mahu2021 [Th 5d]
Tyche87: folds 
Barkingstork: raises 755 to 785 and is all-in
Mahu2021: folds 
Uncalled bet (755) returned to Barkingstork
Barkingstork collected 60 from pot
Barkingstork: doesn't show hand 
*** SUMMARY ***
Total pot 60 | Rake 0 
Seat 1: Barkingstork (small blind) collected (60)
Seat 2: Mahu2021 (big blind) folded before Flop
Seat 3: Tyche87 (button) folded before Flop (didn't bet)



PokerStars Hand #249556366592: Tournament #3732030558, $1.84+$0.16 USD Hold'em No Limit - Level II (15/30) - 2024/03/22 11:31:34 CET [2024/03/22 6:31:34 ET]
Table '3732030558 1' 3-max Seat #1 is the button
Seat 1: Barkingstork (815 in chips) 
Seat 2: Mahu2021 (204 in chips) 
Seat 3: Tyche87 (481 in chips) 
Mahu2021: posts small blind 15
Tyche87: posts big blind 30
*** HOLE CARDS ***
Dealt to Mahu2021 [Th 9d]
Barkingstork: folds 
Mahu2021: calls 15
Tyche87: raises 451 to 481 and is all-in
Mahu2021: folds 
Uncalled bet (451) returned to Tyche87
Tyche87 collected 60 from pot
Tyche87: doesn't show hand 
*** SUMMARY ***
Total pot 60 | Rake 0 
Seat 1: Barkingstork (button) folded before Flop (didn't bet)
Seat 2: Mahu2021 (small blind) folded before Flop
Seat 3: Tyche87 (big blind) collected (60)



PokerStars Hand #249556367709: Tournament #3732030558, $1.84+$0.16 USD Hold'em No Limit - Level II (15/30) - 2024/03/22 11:31:43 CET [2024/03/22 6:31:43 ET]
Table '3732030558 1' 3-max Seat #2 is the button
Seat 1: Barkingstork (815 in chips) 
Seat 2: Mahu2021 (174 in chips) 
Seat 3: Tyche87 (511 in chips) 
Tyche87: posts small blind 15
Barkingstork: posts big blind 30
*** HOLE CARDS ***
Dealt to Mahu2021 [Qs Ah]
Mahu2021: calls 30
Tyche87: calls 15
Barkingstork: checks 
*** FLOP *** [2s 9d As]
Tyche87: checks 
Barkingstork: checks 
Mahu2021: bets 60
Tyche87: folds 
Barkingstork: folds 
Uncalled bet (60) returned to Mahu2021
Mahu2021 collected 90 from pot
Mahu2021: doesn't show hand 
*** SUMMARY ***
Total pot 90 | Rake 0 
Board [2s 9d As]
Seat 1: Barkingstork (big blind) folded on the Flop
Seat 2: Mahu2021 (button) collected (90)
Seat 3: Tyche87 (small blind) folded on the Flop



PokerStars Hand #249556371004: Tournament #3732030558, $1.84+$0.16 USD Hold'em No Limit - Level II (15/30) - 2024/03/22 11:32:08 CET [2024/03/22 6:32:08 ET]
Table '3732030558 1' 3-max Seat #3 is the button
Seat 1: Barkingstork (785 in chips) 
Seat 2: Mahu2021 (234 in chips) 
Seat 3: Tyche87 (481 in chips) 
Barkingstork: posts small blind 15
Mahu2021: posts big blind 30
*** HOLE CARDS ***
Dealt to Mahu2021 [3h Qh]
Tyche87: raises 30 to 60
Barkingstork: folds 
Mahu2021: calls 30
*** FLOP *** [6s Jd 6c]
Mahu2021: checks 
Tyche87: checks 
*** TURN *** [6s Jd 6c] [5h]
Mahu2021: checks 
Tyche87: checks 
*** RIVER *** [6s Jd 6c 5h] [5d]
Mahu2021: checks 
Tyche87: checks 
*** SHOW DOWN ***
Mahu2021: shows [3h Qh] (two pair, Sixes and Fives)
Tyche87: shows [7c 7d] (two pair, Sevens and Sixes)
Tyche87 collected 135 from pot
*** SUMMARY ***
Total pot 135 | Rake 0 
Board [6s Jd 6c 5h 5d]
Seat 1: Barkingstork (small blind) folded before Flop
Seat 2: Mahu2021 (big blind) showed [3h Qh] and lost with two pair, Sixes and Fives
Seat 3: Tyche87 (button) showed [7c 7d] and won (135) with two pair, Sevens and Sixes



PokerStars Hand #249556374119: Tournament #3732030558, $1.84+$0.16 USD Hold'em No Limit - Level III (20/40) - 2024/03/22 11:32:32 CET [2024/03/22 6:32:32 ET]
Table '3732030558 1' 3-max Seat #1 is the button
Seat 1: Barkingstork (770 in chips) 
Seat 2: Mahu2021 (174 in chips) 
Seat 3: Tyche87 (556 in chips) 
Mahu2021: posts small blind 20
Tyche87: posts big blind 40
*** HOLE CARDS ***
Dealt to Mahu2021 [8s Kc]
Barkingstork: folds 
Mahu2021: raises 134 to 174 and is all-in
Tyche87: calls 134
*** FLOP *** [7s Ac Jh]
*** TURN *** [7s Ac Jh] [Qs]
*** RIVER *** [7s Ac Jh Qs] [5s]
*** SHOW DOWN ***
Mahu2021: shows [8s Kc] (high card Ace)
Tyche87: shows [3h Ad] (a pair of Aces)
Tyche87 collected 348 from pot
Mahu2021 finished the tournament in 3rd place
*** SUMMARY ***
Total pot 348 | Rake 0 
Board [7s Ac Jh Qs 5s]
Seat 1: Barkingstork (button) folded before Flop (didn't bet)
Seat 2: Mahu2021 (small blind) showed [8s Kc] and lost with high card Ace
Seat 3: Tyche87 (big blind) showed [3h Ad] and won (348) with a pair of Aces



