PokerStars Hand #248001297961: Tournament #3694668989, $1.84+$0.16 USD Hold'em No Limit - Level I (10/20) - 2024/01/01 19:51:14 CET [2024/01/01 13:51:14 ET]
Table '3694668989 1' 3-max Seat #1 is the button
Seat 1: Boemeli1959 (500 in chips) 
Seat 2: BOSSYA78 (500 in chips) 
Seat 3: Mahu2021 (500 in chips) 
BOSSYA78: posts small blind 10
Mahu2021: posts big blind 20
*** HOLE CARDS ***
Dealt to Mahu2021 [3h 7c]
Boemeli1959: calls 20
BOSSYA78: calls 10
Mahu2021: checks 
*** FLOP *** [9h Ks 4h]
BOSSYA78: checks 
Mahu2021: checks 
Boemeli1959: bets 40
BOSSYA78: folds 
Mahu2021: folds 
Uncalled bet (40) returned to Boemeli1959
Boemeli1959 collected 60 from pot
*** SUMMARY ***
Total pot 60 | Rake 0 
Board [9h Ks 4h]
Seat 1: Boemeli1959 (button) collected (60)
Seat 2: BOSSYA78 (small blind) folded on the Flop
Seat 3: Mahu2021 (big blind) folded on the Flop



PokerStars Hand #248001304528: Tournament #3694668989, $1.84+$0.16 USD Hold'em No Limit - Level I (10/20) - 2024/01/01 19:51:32 CET [2024/01/01 13:51:32 ET]
Table '3694668989 1' 3-max Seat #2 is the button
Seat 1: Boemeli1959 (540 in chips) 
Seat 2: BOSSYA78 (480 in chips) 
Seat 3: Mahu2021 (480 in chips) 
Mahu2021: posts small blind 10
Boemeli1959: posts big blind 20
*** HOLE CARDS ***
Dealt to Mahu2021 [5s 3c]
BOSSYA78: raises 60 to 80
Mahu2021: folds 
Boemeli1959: calls 60
*** FLOP *** [5c 3s 9d]
Boemeli1959: checks 
BOSSYA78: bets 170
Boemeli1959: folds 
Uncalled bet (170) returned to BOSSYA78
BOSSYA78 collected 170 from pot
BOSSYA78: doesn't show hand 
*** SUMMARY ***
Total pot 170 | Rake 0 
Board [5c 3s 9d]
Seat 1: Boemeli1959 (big blind) folded on the Flop
Seat 2: BOSSYA78 (button) collected (170)
Seat 3: Mahu2021 (small blind) folded before Flop



PokerStars Hand #248001309485: Tournament #3694668989, $1.84+$0.16 USD Hold'em No Limit - Level I (10/20) - 2024/01/01 19:51:46 CET [2024/01/01 13:51:46 ET]
Table '3694668989 1' 3-max Seat #3 is the button
Seat 1: Boemeli1959 (460 in chips) 
Seat 2: BOSSYA78 (570 in chips) 
Seat 3: Mahu2021 (470 in chips) 
Boemeli1959: posts small blind 10
BOSSYA78: posts big blind 20
*** HOLE CARDS ***
Dealt to Mahu2021 [Jd 6c]
Mahu2021: folds 
Boemeli1959: calls 10
BOSSYA78: checks 
*** FLOP *** [Tc Qd Qc]
Boemeli1959: checks 
BOSSYA78: checks 
*** TURN *** [Tc Qd Qc] [7d]
Boemeli1959: checks 
BOSSYA78: bets 20
Boemeli1959: calls 20
*** RIVER *** [Tc Qd Qc 7d] [Qs]
Boemeli1959: checks 
BOSSYA78: bets 20
Boemeli1959: calls 20
*** SHOW DOWN ***
BOSSYA78: shows [7s 9d] (a full house, Queens full of Sevens)
Boemeli1959: mucks hand 
BOSSYA78 collected 120 from pot
*** SUMMARY ***
Total pot 120 | Rake 0 
Board [Tc Qd Qc 7d Qs]
Seat 1: Boemeli1959 (small blind) mucked [3c Ac]
Seat 2: BOSSYA78 (big blind) showed [7s 9d] and won (120) with a full house, Queens full of Sevens
Seat 3: Mahu2021 (button) folded before Flop (didn't bet)



PokerStars Hand #248001318099: Tournament #3694668989, $1.84+$0.16 USD Hold'em No Limit - Level I (10/20) - 2024/01/01 19:52:09 CET [2024/01/01 13:52:09 ET]
Table '3694668989 1' 3-max Seat #1 is the button
Seat 1: Boemeli1959 (400 in chips) 
Seat 2: BOSSYA78 (630 in chips) 
Seat 3: Mahu2021 (470 in chips) 
BOSSYA78: posts small blind 10
Mahu2021: posts big blind 20
*** HOLE CARDS ***
Dealt to Mahu2021 [5h 2c]
Boemeli1959: folds 
BOSSYA78: raises 20 to 40
Mahu2021: folds 
Uncalled bet (20) returned to BOSSYA78
BOSSYA78 collected 40 from pot
BOSSYA78: doesn't show hand 
*** SUMMARY ***
Total pot 40 | Rake 0 
Seat 1: Boemeli1959 (button) folded before Flop (didn't bet)
Seat 2: BOSSYA78 (small blind) collected (40)
Seat 3: Mahu2021 (big blind) folded before Flop



PokerStars Hand #248001321037: Tournament #3694668989, $1.84+$0.16 USD Hold'em No Limit - Level I (10/20) - 2024/01/01 19:52:17 CET [2024/01/01 13:52:17 ET]
Table '3694668989 1' 3-max Seat #2 is the button
Seat 1: Boemeli1959 (400 in chips) 
Seat 2: BOSSYA78 (650 in chips) 
Seat 3: Mahu2021 (450 in chips) 
Mahu2021: posts small blind 10
Boemeli1959: posts big blind 20
*** HOLE CARDS ***
Dealt to Mahu2021 [5h Kc]
BOSSYA78: raises 20 to 40
Mahu2021: folds 
Boemeli1959: calls 20
*** FLOP *** [Qc 4s Tc]
Boemeli1959: checks 
BOSSYA78: bets 20
Boemeli1959: folds 
Uncalled bet (20) returned to BOSSYA78
BOSSYA78 collected 90 from pot
BOSSYA78: doesn't show hand 
*** SUMMARY ***
Total pot 90 | Rake 0 
Board [Qc 4s Tc]
Seat 1: Boemeli1959 (big blind) folded on the Flop
Seat 2: BOSSYA78 (button) collected (90)
Seat 3: Mahu2021 (small blind) folded before Flop



PokerStars Hand #248001329256: Tournament #3694668989, $1.84+$0.16 USD Hold'em No Limit - Level I (10/20) - 2024/01/01 19:52:40 CET [2024/01/01 13:52:40 ET]
Table '3694668989 1' 3-max Seat #3 is the button
Seat 1: Boemeli1959 (360 in chips) 
Seat 2: BOSSYA78 (700 in chips) 
Seat 3: Mahu2021 (440 in chips) 
Boemeli1959: posts small blind 10
BOSSYA78: posts big blind 20
*** HOLE CARDS ***
Dealt to Mahu2021 [8h Jh]
Mahu2021: raises 20 to 40
Boemeli1959: calls 30
BOSSYA78: folds 
*** FLOP *** [9h Js 3s]
Boemeli1959: checks 
Mahu2021: bets 40
Boemeli1959: folds 
Uncalled bet (40) returned to Mahu2021
Mahu2021 collected 100 from pot
Mahu2021: doesn't show hand 
*** SUMMARY ***
Total pot 100 | Rake 0 
Board [9h Js 3s]
Seat 1: Boemeli1959 (small blind) folded on the Flop
Seat 2: BOSSYA78 (big blind) folded before Flop
Seat 3: Mahu2021 (button) collected (100)



PokerStars Hand #248001334099: Tournament #3694668989, $1.84+$0.16 USD Hold'em No Limit - Level I (10/20) - 2024/01/01 19:52:53 CET [2024/01/01 13:52:53 ET]
Table '3694668989 1' 3-max Seat #1 is the button
Seat 1: Boemeli1959 (320 in chips) 
Seat 2: BOSSYA78 (680 in chips) 
Seat 3: Mahu2021 (500 in chips) 
BOSSYA78: posts small blind 10
Mahu2021: posts big blind 20
*** HOLE CARDS ***
Dealt to Mahu2021 [7h 9h]
Boemeli1959: folds 
BOSSYA78: raises 660 to 680 and is all-in
Mahu2021: folds 
Uncalled bet (660) returned to BOSSYA78
BOSSYA78 collected 40 from pot
BOSSYA78: doesn't show hand 
*** SUMMARY ***
Total pot 40 | Rake 0 
Seat 1: Boemeli1959 (button) folded before Flop (didn't bet)
Seat 2: BOSSYA78 (small blind) collected (40)
Seat 3: Mahu2021 (big blind) folded before Flop



PokerStars Hand #248001337822: Tournament #3694668989, $1.84+$0.16 USD Hold'em No Limit - Level I (10/20) - 2024/01/01 19:53:03 CET [2024/01/01 13:53:03 ET]
Table '3694668989 1' 3-max Seat #2 is the button
Seat 1: Boemeli1959 (320 in chips) 
Seat 2: BOSSYA78 (700 in chips) 
Seat 3: Mahu2021 (480 in chips) 
Mahu2021: posts small blind 10
Boemeli1959: posts big blind 20
*** HOLE CARDS ***
Dealt to Mahu2021 [7c 9c]
BOSSYA78: raises 60 to 80
Mahu2021: folds 
Boemeli1959: folds 
Uncalled bet (60) returned to BOSSYA78
BOSSYA78 collected 50 from pot
BOSSYA78: doesn't show hand 
*** SUMMARY ***
Total pot 50 | Rake 0 
Seat 1: Boemeli1959 (big blind) folded before Flop
Seat 2: BOSSYA78 (button) collected (50)
Seat 3: Mahu2021 (small blind) folded before Flop



PokerStars Hand #248001342430: Tournament #3694668989, $1.84+$0.16 USD Hold'em No Limit - Level I (10/20) - 2024/01/01 19:53:16 CET [2024/01/01 13:53:16 ET]
Table '3694668989 1' 3-max Seat #3 is the button
Seat 1: Boemeli1959 (300 in chips) 
Seat 2: BOSSYA78 (730 in chips) 
Seat 3: Mahu2021 (470 in chips) 
Boemeli1959: posts small blind 10
BOSSYA78: posts big blind 20
*** HOLE CARDS ***
Dealt to Mahu2021 [4h Jd]
Mahu2021: folds 
Boemeli1959: calls 10
BOSSYA78: checks 
*** FLOP *** [Th 3s Kc]
Boemeli1959: checks 
BOSSYA78: bets 40
Boemeli1959: folds 
Uncalled bet (40) returned to BOSSYA78
BOSSYA78 collected 40 from pot
BOSSYA78: doesn't show hand 
*** SUMMARY ***
Total pot 40 | Rake 0 
Board [Th 3s Kc]
Seat 1: Boemeli1959 (small blind) folded on the Flop
Seat 2: BOSSYA78 (big blind) collected (40)
Seat 3: Mahu2021 (button) folded before Flop (didn't bet)



PokerStars Hand #248001348630: Tournament #3694668989, $1.84+$0.16 USD Hold'em No Limit - Level I (10/20) - 2024/01/01 19:53:33 CET [2024/01/01 13:53:33 ET]
Table '3694668989 1' 3-max Seat #1 is the button
Seat 1: Boemeli1959 (280 in chips) 
Seat 2: BOSSYA78 (750 in chips) 
Seat 3: Mahu2021 (470 in chips) 
BOSSYA78: posts small blind 10
Mahu2021: posts big blind 20
*** HOLE CARDS ***
Dealt to Mahu2021 [3s Jh]
Boemeli1959: raises 260 to 280 and is all-in
BOSSYA78: folds 
Mahu2021: folds 
Uncalled bet (260) returned to Boemeli1959
Boemeli1959 collected 50 from pot
*** SUMMARY ***
Total pot 50 | Rake 0 
Seat 1: Boemeli1959 (button) collected (50)
Seat 2: BOSSYA78 (small blind) folded before Flop
Seat 3: Mahu2021 (big blind) folded before Flop



PokerStars Hand #248001352957: Tournament #3694668989, $1.84+$0.16 USD Hold'em No Limit - Level I (10/20) - 2024/01/01 19:53:45 CET [2024/01/01 13:53:45 ET]
Table '3694668989 1' 3-max Seat #2 is the button
Seat 1: Boemeli1959 (310 in chips) 
Seat 2: BOSSYA78 (740 in chips) 
Seat 3: Mahu2021 (450 in chips) 
Mahu2021: posts small blind 10
Boemeli1959: posts big blind 20
*** HOLE CARDS ***
Dealt to Mahu2021 [9h Js]
BOSSYA78: raises 720 to 740 and is all-in
Mahu2021: folds 
Boemeli1959: folds 
Uncalled bet (720) returned to BOSSYA78
BOSSYA78 collected 50 from pot
BOSSYA78: doesn't show hand 
*** SUMMARY ***
Total pot 50 | Rake 0 
Seat 1: Boemeli1959 (big blind) folded before Flop
Seat 2: BOSSYA78 (button) collected (50)
Seat 3: Mahu2021 (small blind) folded before Flop



PokerStars Hand #248001358341: Tournament #3694668989, $1.84+$0.16 USD Hold'em No Limit - Level I (10/20) - 2024/01/01 19:54:00 CET [2024/01/01 13:54:00 ET]
Table '3694668989 1' 3-max Seat #3 is the button
Seat 1: Boemeli1959 (290 in chips) 
Seat 2: BOSSYA78 (770 in chips) 
Seat 3: Mahu2021 (440 in chips) 
Boemeli1959: posts small blind 10
BOSSYA78: posts big blind 20
*** HOLE CARDS ***
Dealt to Mahu2021 [Qh 9h]
Mahu2021: calls 20
Boemeli1959: calls 10
BOSSYA78: raises 750 to 770 and is all-in
Mahu2021: folds 
Boemeli1959: folds 
Uncalled bet (750) returned to BOSSYA78
BOSSYA78 collected 60 from pot
BOSSYA78: doesn't show hand 
*** SUMMARY ***
Total pot 60 | Rake 0 
Seat 1: Boemeli1959 (small blind) folded before Flop
Seat 2: BOSSYA78 (big blind) collected (60)
Seat 3: Mahu2021 (button) folded before Flop



PokerStars Hand #248001362746: Tournament #3694668989, $1.84+$0.16 USD Hold'em No Limit - Level I (10/20) - 2024/01/01 19:54:12 CET [2024/01/01 13:54:12 ET]
Table '3694668989 1' 3-max Seat #1 is the button
Seat 1: Boemeli1959 (270 in chips) 
Seat 2: BOSSYA78 (810 in chips) 
Seat 3: Mahu2021 (420 in chips) 
BOSSYA78: posts small blind 10
Mahu2021: posts big blind 20
*** HOLE CARDS ***
Dealt to Mahu2021 [Ts 6c]
Boemeli1959: folds 
BOSSYA78: calls 10
Mahu2021: checks 
*** FLOP *** [Ah Ks 5d]
BOSSYA78: bets 40
Mahu2021: folds 
Uncalled bet (40) returned to BOSSYA78
BOSSYA78 collected 40 from pot
BOSSYA78: doesn't show hand 
*** SUMMARY ***
Total pot 40 | Rake 0 
Board [Ah Ks 5d]
Seat 1: Boemeli1959 (button) folded before Flop (didn't bet)
Seat 2: BOSSYA78 (small blind) collected (40)
Seat 3: Mahu2021 (big blind) folded on the Flop



PokerStars Hand #248001369195: Tournament #3694668989, $1.84+$0.16 USD Hold'em No Limit - Level II (15/30) - 2024/01/01 19:54:30 CET [2024/01/01 13:54:30 ET]
Table '3694668989 1' 3-max Seat #2 is the button
Seat 1: Boemeli1959 (270 in chips) 
Seat 2: BOSSYA78 (830 in chips) 
Seat 3: Mahu2021 (400 in chips) 
Mahu2021: posts small blind 15
Boemeli1959: posts big blind 30
*** HOLE CARDS ***
Dealt to Mahu2021 [4h 4s]
BOSSYA78: folds 
Mahu2021: calls 15
Boemeli1959: checks 
*** FLOP *** [5c 7c Jc]
Mahu2021: bets 30
Boemeli1959: calls 30
*** TURN *** [5c 7c Jc] [Td]
Mahu2021: checks 
Boemeli1959: checks 
*** RIVER *** [5c 7c Jc Td] [Jd]
Mahu2021: checks 
Boemeli1959: checks 
*** SHOW DOWN ***
Mahu2021: shows [4h 4s] (two pair, Jacks and Fours)
Boemeli1959: mucks hand 
Mahu2021 collected 120 from pot
*** SUMMARY ***
Total pot 120 | Rake 0 
Board [5c 7c Jc Td Jd]
Seat 1: Boemeli1959 (big blind) mucked [8c Ad]
Seat 2: BOSSYA78 (button) folded before Flop (didn't bet)
Seat 3: Mahu2021 (small blind) showed [4h 4s] and won (120) with two pair, Jacks and Fours



PokerStars Hand #248001375972: Tournament #3694668989, $1.84+$0.16 USD Hold'em No Limit - Level II (15/30) - 2024/01/01 19:54:48 CET [2024/01/01 13:54:48 ET]
Table '3694668989 1' 3-max Seat #3 is the button
Seat 1: Boemeli1959 (210 in chips) 
Seat 2: BOSSYA78 (830 in chips) 
Seat 3: Mahu2021 (460 in chips) 
Boemeli1959: posts small blind 15
BOSSYA78: posts big blind 30
*** HOLE CARDS ***
Dealt to Mahu2021 [5h Qc]
Mahu2021: folds 
Boemeli1959: calls 15
BOSSYA78: checks 
*** FLOP *** [Js 2d Kd]
Boemeli1959: checks 
BOSSYA78: bets 30
Boemeli1959: folds 
Uncalled bet (30) returned to BOSSYA78
BOSSYA78 collected 60 from pot
BOSSYA78: doesn't show hand 
*** SUMMARY ***
Total pot 60 | Rake 0 
Board [Js 2d Kd]
Seat 1: Boemeli1959 (small blind) folded on the Flop
Seat 2: BOSSYA78 (big blind) collected (60)
Seat 3: Mahu2021 (button) folded before Flop (didn't bet)



PokerStars Hand #248001383391: Tournament #3694668989, $1.84+$0.16 USD Hold'em No Limit - Level II (15/30) - 2024/01/01 19:55:09 CET [2024/01/01 13:55:09 ET]
Table '3694668989 1' 3-max Seat #1 is the button
Seat 1: Boemeli1959 (180 in chips) 
Seat 2: BOSSYA78 (860 in chips) 
Seat 3: Mahu2021 (460 in chips) 
BOSSYA78: posts small blind 15
Mahu2021: posts big blind 30
*** HOLE CARDS ***
Dealt to Mahu2021 [Ad Tc]
Boemeli1959: folds 
BOSSYA78: folds 
Uncalled bet (15) returned to Mahu2021
Mahu2021 collected 30 from pot
Mahu2021: doesn't show hand 
*** SUMMARY ***
Total pot 30 | Rake 0 
Seat 1: Boemeli1959 (button) folded before Flop (didn't bet)
Seat 2: BOSSYA78 (small blind) folded before Flop
Seat 3: Mahu2021 (big blind) collected (30)



PokerStars Hand #248001384690: Tournament #3694668989, $1.84+$0.16 USD Hold'em No Limit - Level II (15/30) - 2024/01/01 19:55:14 CET [2024/01/01 13:55:14 ET]
Table '3694668989 1' 3-max Seat #2 is the button
Seat 1: Boemeli1959 (180 in chips) 
Seat 2: BOSSYA78 (845 in chips) 
Seat 3: Mahu2021 (475 in chips) 
Mahu2021: posts small blind 15
Boemeli1959: posts big blind 30
*** HOLE CARDS ***
Dealt to Mahu2021 [3d Ac]
BOSSYA78: folds 
Mahu2021: raises 30 to 60
Boemeli1959: raises 120 to 180 and is all-in
Mahu2021: calls 120
*** FLOP *** [Ks Qs Ad]
*** TURN *** [Ks Qs Ad] [7d]
*** RIVER *** [Ks Qs Ad 7d] [9d]
*** SHOW DOWN ***
Mahu2021: shows [3d Ac] (a pair of Aces)
Boemeli1959: shows [Kd Kc] (three of a kind, Kings)
Boemeli1959 collected 360 from pot
*** SUMMARY ***
Total pot 360 | Rake 0 
Board [Ks Qs Ad 7d 9d]
Seat 1: Boemeli1959 (big blind) showed [Kd Kc] and won (360) with three of a kind, Kings
Seat 2: BOSSYA78 (button) folded before Flop (didn't bet)
Seat 3: Mahu2021 (small blind) showed [3d Ac] and lost with a pair of Aces



PokerStars Hand #248001388505: Tournament #3694668989, $1.84+$0.16 USD Hold'em No Limit - Level II (15/30) - 2024/01/01 19:55:30 CET [2024/01/01 13:55:30 ET]
Table '3694668989 1' 3-max Seat #3 is the button
Seat 1: Boemeli1959 (360 in chips) 
Seat 2: BOSSYA78 (845 in chips) 
Seat 3: Mahu2021 (295 in chips) 
Boemeli1959: posts small blind 15
BOSSYA78: posts big blind 30
*** HOLE CARDS ***
Dealt to Mahu2021 [5d Jd]
Mahu2021: folds 
Boemeli1959: calls 15
BOSSYA78: checks 
*** FLOP *** [3s Jc Th]
Boemeli1959: checks 
BOSSYA78: checks 
*** TURN *** [3s Jc Th] [2h]
Boemeli1959: checks 
BOSSYA78: checks 
*** RIVER *** [3s Jc Th 2h] [9s]
Boemeli1959: checks 
BOSSYA78: bets 60
Boemeli1959: folds 
Uncalled bet (60) returned to BOSSYA78
BOSSYA78 collected 60 from pot
BOSSYA78: doesn't show hand 
*** SUMMARY ***
Total pot 60 | Rake 0 
Board [3s Jc Th 2h 9s]
Seat 1: Boemeli1959 (small blind) folded on the River
Seat 2: BOSSYA78 (big blind) collected (60)
Seat 3: Mahu2021 (button) folded before Flop (didn't bet)



PokerStars Hand #248001397111: Tournament #3694668989, $1.84+$0.16 USD Hold'em No Limit - Level II (15/30) - 2024/01/01 19:56:05 CET [2024/01/01 13:56:05 ET]
Table '3694668989 1' 3-max Seat #1 is the button
Seat 1: Boemeli1959 (330 in chips) 
Seat 2: BOSSYA78 (875 in chips) 
Seat 3: Mahu2021 (295 in chips) 
BOSSYA78: posts small blind 15
Mahu2021: posts big blind 30
*** HOLE CARDS ***
Dealt to Mahu2021 [6s 5s]
Boemeli1959: calls 30
BOSSYA78: calls 15
Mahu2021: checks 
*** FLOP *** [Ah 9d Ac]
BOSSYA78: checks 
Mahu2021: checks 
Boemeli1959: checks 
*** TURN *** [Ah 9d Ac] [As]
BOSSYA78: checks 
Mahu2021: checks 
Boemeli1959: checks 
*** RIVER *** [Ah 9d Ac As] [Qc]
BOSSYA78: checks 
Mahu2021: checks 
Boemeli1959: bets 60
BOSSYA78: folds 
Mahu2021: folds 
Uncalled bet (60) returned to Boemeli1959
Boemeli1959 collected 90 from pot
*** SUMMARY ***
Total pot 90 | Rake 0 
Board [Ah 9d Ac As Qc]
Seat 1: Boemeli1959 (button) collected (90)
Seat 2: BOSSYA78 (small blind) folded on the River
Seat 3: Mahu2021 (big blind) folded on the River



PokerStars Hand #248001407258: Tournament #3694668989, $1.84+$0.16 USD Hold'em No Limit - Level II (15/30) - 2024/01/01 19:56:47 CET [2024/01/01 13:56:47 ET]
Table '3694668989 1' 3-max Seat #2 is the button
Seat 1: Boemeli1959 (390 in chips) 
Seat 2: BOSSYA78 (845 in chips) 
Seat 3: Mahu2021 (265 in chips) 
Mahu2021: posts small blind 15
Boemeli1959: posts big blind 30
*** HOLE CARDS ***
Dealt to Mahu2021 [Ac 2h]
BOSSYA78: raises 150 to 180
Mahu2021: folds 
Boemeli1959: folds 
Uncalled bet (150) returned to BOSSYA78
BOSSYA78 collected 75 from pot
BOSSYA78: doesn't show hand 
*** SUMMARY ***
Total pot 75 | Rake 0 
Seat 1: Boemeli1959 (big blind) folded before Flop
Seat 2: BOSSYA78 (button) collected (75)
Seat 3: Mahu2021 (small blind) folded before Flop



PokerStars Hand #248001411390: Tournament #3694668989, $1.84+$0.16 USD Hold'em No Limit - Level II (15/30) - 2024/01/01 19:57:04 CET [2024/01/01 13:57:04 ET]
Table '3694668989 1' 3-max Seat #3 is the button
Seat 1: Boemeli1959 (360 in chips) 
Seat 2: BOSSYA78 (890 in chips) 
Seat 3: Mahu2021 (250 in chips) 
Boemeli1959: posts small blind 15
BOSSYA78: posts big blind 30
*** HOLE CARDS ***
Dealt to Mahu2021 [6c 9s]
Mahu2021: folds 
Boemeli1959: calls 15
BOSSYA78: raises 300 to 330
Boemeli1959: folds 
Uncalled bet (300) returned to BOSSYA78
BOSSYA78 collected 60 from pot
BOSSYA78: doesn't show hand 
*** SUMMARY ***
Total pot 60 | Rake 0 
Seat 1: Boemeli1959 (small blind) folded before Flop
Seat 2: BOSSYA78 (big blind) collected (60)
Seat 3: Mahu2021 (button) folded before Flop (didn't bet)



PokerStars Hand #248001415364: Tournament #3694668989, $1.84+$0.16 USD Hold'em No Limit - Level III (20/40) - 2024/01/01 19:57:20 CET [2024/01/01 13:57:20 ET]
Table '3694668989 1' 3-max Seat #1 is the button
Seat 1: Boemeli1959 (330 in chips) 
Seat 2: BOSSYA78 (920 in chips) 
Seat 3: Mahu2021 (250 in chips) 
BOSSYA78: posts small blind 20
Mahu2021: posts big blind 40
*** HOLE CARDS ***
Dealt to Mahu2021 [Kh 4c]
Boemeli1959: folds 
BOSSYA78: calls 20
Mahu2021: checks 
*** FLOP *** [3d Th 3s]
BOSSYA78: bets 80
Mahu2021: folds 
Uncalled bet (80) returned to BOSSYA78
BOSSYA78 collected 80 from pot
BOSSYA78: doesn't show hand 
*** SUMMARY ***
Total pot 80 | Rake 0 
Board [3d Th 3s]
Seat 1: Boemeli1959 (button) folded before Flop (didn't bet)
Seat 2: BOSSYA78 (small blind) collected (80)
Seat 3: Mahu2021 (big blind) folded on the Flop



PokerStars Hand #248001418311: Tournament #3694668989, $1.84+$0.16 USD Hold'em No Limit - Level III (20/40) - 2024/01/01 19:57:32 CET [2024/01/01 13:57:32 ET]
Table '3694668989 1' 3-max Seat #2 is the button
Seat 1: Boemeli1959 (330 in chips) 
Seat 2: BOSSYA78 (960 in chips) 
Seat 3: Mahu2021 (210 in chips) 
Mahu2021: posts small blind 20
Boemeli1959: posts big blind 40
*** HOLE CARDS ***
Dealt to Mahu2021 [8s 6h]
BOSSYA78: raises 200 to 240
Mahu2021: folds 
Boemeli1959: folds 
Uncalled bet (200) returned to BOSSYA78
BOSSYA78 collected 100 from pot
BOSSYA78: doesn't show hand 
*** SUMMARY ***
Total pot 100 | Rake 0 
Seat 1: Boemeli1959 (big blind) folded before Flop
Seat 2: BOSSYA78 (button) collected (100)
Seat 3: Mahu2021 (small blind) folded before Flop



PokerStars Hand #248001421056: Tournament #3694668989, $1.84+$0.16 USD Hold'em No Limit - Level III (20/40) - 2024/01/01 19:57:43 CET [2024/01/01 13:57:43 ET]
Table '3694668989 1' 3-max Seat #3 is the button
Seat 1: Boemeli1959 (290 in chips) 
Seat 2: BOSSYA78 (1020 in chips) 
Seat 3: Mahu2021 (190 in chips) 
Boemeli1959: posts small blind 20
BOSSYA78: posts big blind 40
*** HOLE CARDS ***
Dealt to Mahu2021 [Ac 5c]
Mahu2021: raises 150 to 190 and is all-in
Boemeli1959: folds 
BOSSYA78: calls 150
*** FLOP *** [Tc Ah 7c]
*** TURN *** [Tc Ah 7c] [Kh]
*** RIVER *** [Tc Ah 7c Kh] [8d]
*** SHOW DOWN ***
BOSSYA78: shows [2h Jh] (high card Ace)
Mahu2021: shows [Ac 5c] (a pair of Aces)
Mahu2021 collected 400 from pot
*** SUMMARY ***
Total pot 400 | Rake 0 
Board [Tc Ah 7c Kh 8d]
Seat 1: Boemeli1959 (small blind) folded before Flop
Seat 2: BOSSYA78 (big blind) showed [2h Jh] and lost with high card Ace
Seat 3: Mahu2021 (button) showed [Ac 5c] and won (400) with a pair of Aces



PokerStars Hand #248001425145: Tournament #3694668989, $1.84+$0.16 USD Hold'em No Limit - Level III (20/40) - 2024/01/01 19:57:59 CET [2024/01/01 13:57:59 ET]
Table '3694668989 1' 3-max Seat #1 is the button
Seat 1: Boemeli1959 (270 in chips) 
Seat 2: BOSSYA78 (830 in chips) 
Seat 3: Mahu2021 (400 in chips) 
BOSSYA78: posts small blind 20
Mahu2021: posts big blind 40
*** HOLE CARDS ***
Dealt to Mahu2021 [9d 3d]
Boemeli1959: raises 230 to 270 and is all-in
BOSSYA78: calls 250
Mahu2021: folds 
*** FLOP *** [6s Th 3s]
*** TURN *** [6s Th 3s] [Ts]
*** RIVER *** [6s Th 3s Ts] [Tc]
*** SHOW DOWN ***
BOSSYA78: shows [5s Ah] (three of a kind, Tens)
Boemeli1959: shows [Ac Kh] (three of a kind, Tens - Ace+King kicker)
Boemeli1959 collected 580 from pot
*** SUMMARY ***
Total pot 580 | Rake 0 
Board [6s Th 3s Ts Tc]
Seat 1: Boemeli1959 (button) showed [Ac Kh] and won (580) with three of a kind, Tens
Seat 2: BOSSYA78 (small blind) showed [5s Ah] and lost with three of a kind, Tens
Seat 3: Mahu2021 (big blind) folded before Flop



PokerStars Hand #248001428449: Tournament #3694668989, $1.84+$0.16 USD Hold'em No Limit - Level III (20/40) - 2024/01/01 19:58:13 CET [2024/01/01 13:58:13 ET]
Table '3694668989 1' 3-max Seat #2 is the button
Seat 1: Boemeli1959 (580 in chips) 
Seat 2: BOSSYA78 (560 in chips) 
Seat 3: Mahu2021 (360 in chips) 
Mahu2021: posts small blind 20
Boemeli1959: posts big blind 40
*** HOLE CARDS ***
Dealt to Mahu2021 [2d As]
BOSSYA78: calls 40
Mahu2021: calls 20
Boemeli1959: checks 
*** FLOP *** [Jc 6d Qh]
Mahu2021: checks 
Boemeli1959: checks 
BOSSYA78: bets 40
Mahu2021: folds 
Boemeli1959: calls 40
*** TURN *** [Jc 6d Qh] [7d]
Boemeli1959: checks 
BOSSYA78: checks 
*** RIVER *** [Jc 6d Qh 7d] [2h]
Boemeli1959: checks 
BOSSYA78: bets 100
Boemeli1959: folds 
Uncalled bet (100) returned to BOSSYA78
BOSSYA78 collected 200 from pot
BOSSYA78: doesn't show hand 
*** SUMMARY ***
Total pot 200 | Rake 0 
Board [Jc 6d Qh 7d 2h]
Seat 1: Boemeli1959 (big blind) folded on the River
Seat 2: BOSSYA78 (button) collected (200)
Seat 3: Mahu2021 (small blind) folded on the Flop



PokerStars Hand #248001435721: Tournament #3694668989, $1.84+$0.16 USD Hold'em No Limit - Level III (20/40) - 2024/01/01 19:58:42 CET [2024/01/01 13:58:42 ET]
Table '3694668989 1' 3-max Seat #3 is the button
Seat 1: Boemeli1959 (500 in chips) 
Seat 2: BOSSYA78 (680 in chips) 
Seat 3: Mahu2021 (320 in chips) 
Boemeli1959: posts small blind 20
BOSSYA78: posts big blind 40
*** HOLE CARDS ***
Dealt to Mahu2021 [5c 4h]
Mahu2021: folds 
Boemeli1959: calls 20
BOSSYA78: checks 
*** FLOP *** [7h 2c Jh]
Boemeli1959: checks 
BOSSYA78: bets 80
Boemeli1959: folds 
Uncalled bet (80) returned to BOSSYA78
BOSSYA78 collected 80 from pot
BOSSYA78: doesn't show hand 
*** SUMMARY ***
Total pot 80 | Rake 0 
Board [7h 2c Jh]
Seat 1: Boemeli1959 (small blind) folded on the Flop
Seat 2: BOSSYA78 (big blind) collected (80)
Seat 3: Mahu2021 (button) folded before Flop (didn't bet)



PokerStars Hand #248001438986: Tournament #3694668989, $1.84+$0.16 USD Hold'em No Limit - Level III (20/40) - 2024/01/01 19:58:55 CET [2024/01/01 13:58:55 ET]
Table '3694668989 1' 3-max Seat #1 is the button
Seat 1: Boemeli1959 (460 in chips) 
Seat 2: BOSSYA78 (720 in chips) 
Seat 3: Mahu2021 (320 in chips) 
BOSSYA78: posts small blind 20
Mahu2021: posts big blind 40
*** HOLE CARDS ***
Dealt to Mahu2021 [5s 4d]
Boemeli1959: calls 40
BOSSYA78: calls 20
Mahu2021: checks 
*** FLOP *** [Js As 6c]
BOSSYA78: bets 120
Mahu2021: folds 
Boemeli1959: folds 
Uncalled bet (120) returned to BOSSYA78
BOSSYA78 collected 120 from pot
BOSSYA78: doesn't show hand 
*** SUMMARY ***
Total pot 120 | Rake 0 
Board [Js As 6c]
Seat 1: Boemeli1959 (button) folded on the Flop
Seat 2: BOSSYA78 (small blind) collected (120)
Seat 3: Mahu2021 (big blind) folded on the Flop



PokerStars Hand #248001444131: Tournament #3694668989, $1.84+$0.16 USD Hold'em No Limit - Level III (20/40) - 2024/01/01 19:59:16 CET [2024/01/01 13:59:16 ET]
Table '3694668989 1' 3-max Seat #2 is the button
Seat 1: Boemeli1959 (420 in chips) 
Seat 2: BOSSYA78 (800 in chips) 
Seat 3: Mahu2021 (280 in chips) 
Mahu2021: posts small blind 20
Boemeli1959: posts big blind 40
*** HOLE CARDS ***
Dealt to Mahu2021 [7c 4c]
BOSSYA78: calls 40
Mahu2021: calls 20
Boemeli1959: checks 
*** FLOP *** [7d 3s 5c]
Mahu2021: bets 40
Boemeli1959: calls 40
BOSSYA78: folds 
*** TURN *** [7d 3s 5c] [8s]
Mahu2021: checks 
Boemeli1959: checks 
*** RIVER *** [7d 3s 5c 8s] [Qc]
Mahu2021: checks 
Boemeli1959: checks 
*** SHOW DOWN ***
Mahu2021: shows [7c 4c] (a pair of Sevens)
Boemeli1959: mucks hand 
Mahu2021 collected 200 from pot
*** SUMMARY ***
Total pot 200 | Rake 0 
Board [7d 3s 5c 8s Qc]
Seat 1: Boemeli1959 (big blind) mucked [Kh 4d]
Seat 2: BOSSYA78 (button) folded on the Flop
Seat 3: Mahu2021 (small blind) showed [7c 4c] and won (200) with a pair of Sevens



PokerStars Hand #248001449876: Tournament #3694668989, $1.84+$0.16 USD Hold'em No Limit - Level III (20/40) - 2024/01/01 19:59:40 CET [2024/01/01 13:59:40 ET]
Table '3694668989 1' 3-max Seat #3 is the button
Seat 1: Boemeli1959 (340 in chips) 
Seat 2: BOSSYA78 (760 in chips) 
Seat 3: Mahu2021 (400 in chips) 
Boemeli1959: posts small blind 20
BOSSYA78: posts big blind 40
*** HOLE CARDS ***
Dealt to Mahu2021 [6c Ks]
Mahu2021: folds 
Boemeli1959: calls 20
BOSSYA78: checks 
*** FLOP *** [5h 8c Ah]
Boemeli1959: checks 
BOSSYA78: checks 
*** TURN *** [5h 8c Ah] [2c]
Boemeli1959: checks 
BOSSYA78: bets 40
Boemeli1959: calls 40
*** RIVER *** [5h 8c Ah 2c] [9h]
Boemeli1959: checks 
BOSSYA78: checks 
*** SHOW DOWN ***
Boemeli1959: shows [5d Js] (a pair of Fives)
BOSSYA78: mucks hand 
Boemeli1959 collected 160 from pot
*** SUMMARY ***
Total pot 160 | Rake 0 
Board [5h 8c Ah 2c 9h]
Seat 1: Boemeli1959 (small blind) showed [5d Js] and won (160) with a pair of Fives
Seat 2: BOSSYA78 (big blind) mucked [2d 7d]
Seat 3: Mahu2021 (button) folded before Flop (didn't bet)



PokerStars Hand #248001455533: Tournament #3694668989, $1.84+$0.16 USD Hold'em No Limit - Level III (20/40) - 2024/01/01 20:00:03 CET [2024/01/01 14:00:03 ET]
Table '3694668989 1' 3-max Seat #1 is the button
Seat 1: Boemeli1959 (420 in chips) 
Seat 2: BOSSYA78 (680 in chips) 
Seat 3: Mahu2021 (400 in chips) 
BOSSYA78: posts small blind 20
Mahu2021: posts big blind 40
*** HOLE CARDS ***
Dealt to Mahu2021 [3s 5d]
Boemeli1959: raises 380 to 420 and is all-in
BOSSYA78: folds 
Mahu2021: folds 
Uncalled bet (380) returned to Boemeli1959
Boemeli1959 collected 100 from pot
*** SUMMARY ***
Total pot 100 | Rake 0 
Seat 1: Boemeli1959 (button) collected (100)
Seat 2: BOSSYA78 (small blind) folded before Flop
Seat 3: Mahu2021 (big blind) folded before Flop



PokerStars Hand #248001457520: Tournament #3694668989, $1.84+$0.16 USD Hold'em No Limit - Level III (20/40) - 2024/01/01 20:00:11 CET [2024/01/01 14:00:11 ET]
Table '3694668989 1' 3-max Seat #2 is the button
Seat 1: Boemeli1959 (480 in chips) 
Seat 2: BOSSYA78 (660 in chips) 
Seat 3: Mahu2021 (360 in chips) 
Mahu2021: posts small blind 20
Boemeli1959: posts big blind 40
*** HOLE CARDS ***
Dealt to Mahu2021 [Td 5d]
BOSSYA78: calls 40
Mahu2021: calls 20
Boemeli1959: checks 
*** FLOP *** [6s Tc 3s]
Mahu2021: bets 40
Boemeli1959: folds 
BOSSYA78: calls 40
*** TURN *** [6s Tc 3s] [Th]
Mahu2021: bets 40
BOSSYA78: folds 
Uncalled bet (40) returned to Mahu2021
Mahu2021 collected 200 from pot
Mahu2021: doesn't show hand 
*** SUMMARY ***
Total pot 200 | Rake 0 
Board [6s Tc 3s Th]
Seat 1: Boemeli1959 (big blind) folded on the Flop
Seat 2: BOSSYA78 (button) folded on the Turn
Seat 3: Mahu2021 (small blind) collected (200)



PokerStars Hand #248001463790: Tournament #3694668989, $1.84+$0.16 USD Hold'em No Limit - Level IV (30/60) - 2024/01/01 20:00:35 CET [2024/01/01 14:00:35 ET]
Table '3694668989 1' 3-max Seat #3 is the button
Seat 1: Boemeli1959 (440 in chips) 
Seat 2: BOSSYA78 (580 in chips) 
Seat 3: Mahu2021 (480 in chips) 
Boemeli1959: posts small blind 30
BOSSYA78: posts big blind 60
*** HOLE CARDS ***
Dealt to Mahu2021 [5d 9c]
Mahu2021: folds 
Boemeli1959: calls 30
BOSSYA78: checks 
*** FLOP *** [Ah 3d Jh]
Boemeli1959: checks 
BOSSYA78: bets 60
Boemeli1959: folds 
Uncalled bet (60) returned to BOSSYA78
BOSSYA78 collected 120 from pot
BOSSYA78: doesn't show hand 
*** SUMMARY ***
Total pot 120 | Rake 0 
Board [Ah 3d Jh]
Seat 1: Boemeli1959 (small blind) folded on the Flop
Seat 2: BOSSYA78 (big blind) collected (120)
Seat 3: Mahu2021 (button) folded before Flop (didn't bet)



PokerStars Hand #248001468183: Tournament #3694668989, $1.84+$0.16 USD Hold'em No Limit - Level IV (30/60) - 2024/01/01 20:00:51 CET [2024/01/01 14:00:51 ET]
Table '3694668989 1' 3-max Seat #1 is the button
Seat 1: Boemeli1959 (380 in chips) 
Seat 2: BOSSYA78 (640 in chips) 
Seat 3: Mahu2021 (480 in chips) 
BOSSYA78: posts small blind 30
Mahu2021: posts big blind 60
*** HOLE CARDS ***
Dealt to Mahu2021 [Ts 9h]
Boemeli1959: calls 60
BOSSYA78: calls 30
Mahu2021: checks 
*** FLOP *** [2c 7s Js]
BOSSYA78: checks 
Mahu2021: checks 
Boemeli1959: bets 320 and is all-in
BOSSYA78: folds 
Mahu2021: folds 
Uncalled bet (320) returned to Boemeli1959
Boemeli1959 collected 180 from pot
*** SUMMARY ***
Total pot 180 | Rake 0 
Board [2c 7s Js]
Seat 1: Boemeli1959 (button) collected (180)
Seat 2: BOSSYA78 (small blind) folded on the Flop
Seat 3: Mahu2021 (big blind) folded on the Flop



PokerStars Hand #248001473728: Tournament #3694668989, $1.84+$0.16 USD Hold'em No Limit - Level IV (30/60) - 2024/01/01 20:01:11 CET [2024/01/01 14:01:11 ET]
Table '3694668989 1' 3-max Seat #2 is the button
Seat 1: Boemeli1959 (500 in chips) 
Seat 2: BOSSYA78 (580 in chips) 
Seat 3: Mahu2021 (420 in chips) 
Mahu2021: posts small blind 30
Boemeli1959: posts big blind 60
*** HOLE CARDS ***
Dealt to Mahu2021 [9s Kd]
BOSSYA78: folds 
Mahu2021: calls 30
Boemeli1959: checks 
*** FLOP *** [Kc 3c Tc]
Mahu2021: bets 60
Boemeli1959: folds 
Uncalled bet (60) returned to Mahu2021
Mahu2021 collected 120 from pot
Mahu2021: doesn't show hand 
*** SUMMARY ***
Total pot 120 | Rake 0 
Board [Kc 3c Tc]
Seat 1: Boemeli1959 (big blind) folded on the Flop
Seat 2: BOSSYA78 (button) folded before Flop (didn't bet)
Seat 3: Mahu2021 (small blind) collected (120)



PokerStars Hand #248001478565: Tournament #3694668989, $1.84+$0.16 USD Hold'em No Limit - Level IV (30/60) - 2024/01/01 20:01:27 CET [2024/01/01 14:01:27 ET]
Table '3694668989 1' 3-max Seat #3 is the button
Seat 1: Boemeli1959 (440 in chips) 
Seat 2: BOSSYA78 (580 in chips) 
Seat 3: Mahu2021 (480 in chips) 
Boemeli1959: posts small blind 30
BOSSYA78: posts big blind 60
*** HOLE CARDS ***
Dealt to Mahu2021 [8s Th]
Mahu2021: folds 
Boemeli1959: calls 30
BOSSYA78: checks 
*** FLOP *** [2d 9c 6h]
Boemeli1959: checks 
BOSSYA78: bets 120
Boemeli1959: folds 
Uncalled bet (120) returned to BOSSYA78
BOSSYA78 collected 120 from pot
BOSSYA78: doesn't show hand 
*** SUMMARY ***
Total pot 120 | Rake 0 
Board [2d 9c 6h]
Seat 1: Boemeli1959 (small blind) folded on the Flop
Seat 2: BOSSYA78 (big blind) collected (120)
Seat 3: Mahu2021 (button) folded before Flop (didn't bet)



PokerStars Hand #248001483371: Tournament #3694668989, $1.84+$0.16 USD Hold'em No Limit - Level IV (30/60) - 2024/01/01 20:01:42 CET [2024/01/01 14:01:42 ET]
Table '3694668989 1' 3-max Seat #1 is the button
Seat 1: Boemeli1959 (380 in chips) 
Seat 2: BOSSYA78 (640 in chips) 
Seat 3: Mahu2021 (480 in chips) 
BOSSYA78: posts small blind 30
Mahu2021: posts big blind 60
*** HOLE CARDS ***
Dealt to Mahu2021 [4c 6c]
Boemeli1959: folds 
BOSSYA78: calls 30
Mahu2021: checks 
*** FLOP *** [Ad 9c Qd]
BOSSYA78: bets 120
Mahu2021: folds 
Uncalled bet (120) returned to BOSSYA78
BOSSYA78 collected 120 from pot
BOSSYA78: doesn't show hand 
*** SUMMARY ***
Total pot 120 | Rake 0 
Board [Ad 9c Qd]
Seat 1: Boemeli1959 (button) folded before Flop (didn't bet)
Seat 2: BOSSYA78 (small blind) collected (120)
Seat 3: Mahu2021 (big blind) folded on the Flop



PokerStars Hand #248001492899: Tournament #3694668989, $1.84+$0.16 USD Hold'em No Limit - Level IV (30/60) - 2024/01/01 20:02:10 CET [2024/01/01 14:02:10 ET]
Table '3694668989 1' 3-max Seat #2 is the button
Seat 1: Boemeli1959 (380 in chips) 
Seat 2: BOSSYA78 (700 in chips) 
Seat 3: Mahu2021 (420 in chips) 
Mahu2021: posts small blind 30
Boemeli1959: posts big blind 60
*** HOLE CARDS ***
Dealt to Mahu2021 [7h Ac]
BOSSYA78: folds 
Mahu2021: raises 360 to 420 and is all-in
Boemeli1959: calls 320 and is all-in
Uncalled bet (40) returned to Mahu2021
*** FLOP *** [8h 9d Tc]
*** TURN *** [8h 9d Tc] [2s]
*** RIVER *** [8h 9d Tc 2s] [3d]
*** SHOW DOWN ***
Mahu2021: shows [7h Ac] (high card Ace)
Boemeli1959: shows [Jd Ad] (high card Ace - Jack kicker)
Boemeli1959 collected 760 from pot
*** SUMMARY ***
Total pot 760 | Rake 0 
Board [8h 9d Tc 2s 3d]
Seat 1: Boemeli1959 (big blind) showed [Jd Ad] and won (760) with high card Ace
Seat 2: BOSSYA78 (button) folded before Flop (didn't bet)
Seat 3: Mahu2021 (small blind) showed [7h Ac] and lost with high card Ace



PokerStars Hand #248001499662: Tournament #3694668989, $1.84+$0.16 USD Hold'em No Limit - Level IV (30/60) - 2024/01/01 20:02:28 CET [2024/01/01 14:02:28 ET]
Table '3694668989 1' 3-max Seat #3 is the button
Seat 1: Boemeli1959 (760 in chips) 
Seat 2: BOSSYA78 (700 in chips) 
Seat 3: Mahu2021 (40 in chips) 
Boemeli1959: posts small blind 30
BOSSYA78: posts big blind 60
*** HOLE CARDS ***
Dealt to Mahu2021 [Kc 9c]
Mahu2021: calls 40 and is all-in
Boemeli1959: calls 30
BOSSYA78: checks 
*** FLOP *** [Kd 8h 7s]
Boemeli1959: checks 
BOSSYA78: bets 160
Boemeli1959: folds 
Uncalled bet (160) returned to BOSSYA78
*** TURN *** [Kd 8h 7s] [7d]
*** RIVER *** [Kd 8h 7s 7d] [4s]
*** SHOW DOWN ***
BOSSYA78: shows [8d Kh] (two pair, Kings and Eights)
BOSSYA78 collected 40 from side pot
Mahu2021: shows [Kc 9c] (two pair, Kings and Sevens)
BOSSYA78 collected 120 from main pot
Mahu2021 finished the tournament in 3rd place
*** SUMMARY ***
Total pot 160 Main pot 120. Side pot 40. | Rake 0 
Board [Kd 8h 7s 7d 4s]
Seat 1: Boemeli1959 (small blind) folded on the Flop
Seat 2: BOSSYA78 (big blind) showed [8d Kh] and won (160) with two pair, Kings and Eights
Seat 3: Mahu2021 (button) showed [Kc 9c] and lost with two pair, Kings and Sevens



