PokerStars Hand #242991966896: Tournament #3575207772, $0.92+$0.08 USD Hold'em No Limit - Level I (10/20) - 2023/04/09 22:41:18 CET [2023/04/09 16:41:18 ET]
Table '3575207772 1' 3-max Seat #1 is the button
Seat 1: Petronela391 (500 in chips) 
Seat 2: Party4Arthy (500 in chips) 
Seat 3: Mahu2021 (500 in chips) 
Party4Arthy: posts small blind 10
Mahu2021: posts big blind 20
*** HOLE CARDS ***
Dealt to Mahu2021 [Qs Qd]
Petronela391: calls 20
Party4Arthy: folds 
Mahu2021: raises 480 to 500 and is all-in
Petronela391: folds 
Uncalled bet (480) returned to Mahu2021
Mahu2021 collected 50 from pot
Mahu2021: doesn't show hand 
*** SUMMARY ***
Total pot 50 | Rake 0 
Seat 1: Petronela391 (button) folded before Flop
Seat 2: Party4Arthy (small blind) folded before Flop
Seat 3: Mahu2021 (big blind) collected (50)



PokerStars Hand #242991971139: Tournament #3575207772, $0.92+$0.08 USD Hold'em No Limit - Level I (10/20) - 2023/04/09 22:41:27 CET [2023/04/09 16:41:27 ET]
Table '3575207772 1' 3-max Seat #2 is the button
Seat 1: Petronela391 (480 in chips) 
Seat 2: Party4Arthy (490 in chips) 
Seat 3: Mahu2021 (530 in chips) 
Mahu2021: posts small blind 10
Petronela391: posts big blind 20
*** HOLE CARDS ***
Dealt to Mahu2021 [9h Ad]
Party4Arthy: raises 20 to 40
Mahu2021: calls 30
Petronela391: calls 20
*** FLOP *** [2h 7d 9c]
Mahu2021: bets 490 and is all-in
Petronela391: calls 440 and is all-in
Party4Arthy: folds 
Uncalled bet (50) returned to Mahu2021
*** TURN *** [2h 7d 9c] [Kd]
*** RIVER *** [2h 7d 9c Kd] [Ts]
*** SHOW DOWN ***
Mahu2021: shows [9h Ad] (a pair of Nines)
Petronela391: shows [9d 5d] (a pair of Nines - lower kicker)
Mahu2021 collected 1000 from pot
Petronela391 finished the tournament in 3rd place
*** SUMMARY ***
Total pot 1000 | Rake 0 
Board [2h 7d 9c Kd Ts]
Seat 1: Petronela391 (big blind) showed [9d 5d] and lost with a pair of Nines
Seat 2: Party4Arthy (button) folded on the Flop
Seat 3: Mahu2021 (small blind) showed [9h Ad] and won (1000) with a pair of Nines



PokerStars Hand #242991983849: Tournament #3575207772, $0.92+$0.08 USD Hold'em No Limit - Level I (10/20) - 2023/04/09 22:41:54 CET [2023/04/09 16:41:54 ET]
Table '3575207772 1' 3-max Seat #3 is the button
Seat 2: Party4Arthy (450 in chips) 
Seat 3: Mahu2021 (1050 in chips) 
Mahu2021: posts small blind 10
Party4Arthy: posts big blind 20
*** HOLE CARDS ***
Dealt to Mahu2021 [7c 9d]
Mahu2021: calls 10
Party4Arthy: raises 430 to 450 and is all-in
Mahu2021: folds 
Uncalled bet (430) returned to Party4Arthy
Party4Arthy collected 40 from pot
Party4Arthy: doesn't show hand 
*** SUMMARY ***
Total pot 40 | Rake 0 
Seat 2: Party4Arthy (big blind) collected (40)
Seat 3: Mahu2021 (button) (small blind) folded before Flop



PokerStars Hand #242991987469: Tournament #3575207772, $0.92+$0.08 USD Hold'em No Limit - Level I (10/20) - 2023/04/09 22:42:02 CET [2023/04/09 16:42:02 ET]
Table '3575207772 1' 3-max Seat #2 is the button
Seat 2: Party4Arthy (470 in chips) 
Seat 3: Mahu2021 (1030 in chips) 
Party4Arthy: posts small blind 10
Mahu2021: posts big blind 20
*** HOLE CARDS ***
Dealt to Mahu2021 [Qc Kd]
Party4Arthy: raises 20 to 40
Mahu2021: calls 20
*** FLOP *** [8s 2h 5s]
Mahu2021: checks 
Party4Arthy: checks 
*** TURN *** [8s 2h 5s] [Jd]
Mahu2021: checks 
Party4Arthy: checks 
*** RIVER *** [8s 2h 5s Jd] [Js]
Mahu2021: checks 
Party4Arthy: checks 
*** SHOW DOWN ***
Mahu2021: shows [Qc Kd] (a pair of Jacks)
Party4Arthy: mucks hand 
Mahu2021 collected 80 from pot
*** SUMMARY ***
Total pot 80 | Rake 0 
Board [8s 2h 5s Jd Js]
Seat 2: Party4Arthy (button) (small blind) mucked [4h Kh]
Seat 3: Mahu2021 (big blind) showed [Qc Kd] and won (80) with a pair of Jacks



PokerStars Hand #242991992959: Tournament #3575207772, $0.92+$0.08 USD Hold'em No Limit - Level I (10/20) - 2023/04/09 22:42:14 CET [2023/04/09 16:42:14 ET]
Table '3575207772 1' 3-max Seat #3 is the button
Seat 2: Party4Arthy (430 in chips) 
Seat 3: Mahu2021 (1070 in chips) 
Mahu2021: posts small blind 10
Party4Arthy: posts big blind 20
*** HOLE CARDS ***
Dealt to Mahu2021 [5c 2s]
Mahu2021: folds 
Uncalled bet (10) returned to Party4Arthy
Party4Arthy collected 20 from pot
Party4Arthy: doesn't show hand 
*** SUMMARY ***
Total pot 20 | Rake 0 
Seat 2: Party4Arthy (big blind) collected (20)
Seat 3: Mahu2021 (button) (small blind) folded before Flop



PokerStars Hand #242991994990: Tournament #3575207772, $0.92+$0.08 USD Hold'em No Limit - Level I (10/20) - 2023/04/09 22:42:19 CET [2023/04/09 16:42:19 ET]
Table '3575207772 1' 3-max Seat #2 is the button
Seat 2: Party4Arthy (440 in chips) 
Seat 3: Mahu2021 (1060 in chips) 
Party4Arthy: posts small blind 10
Mahu2021: posts big blind 20
*** HOLE CARDS ***
Dealt to Mahu2021 [6d 5h]
Party4Arthy: folds 
Uncalled bet (10) returned to Mahu2021
Mahu2021 collected 20 from pot
Mahu2021: doesn't show hand 
*** SUMMARY ***
Total pot 20 | Rake 0 
Seat 2: Party4Arthy (button) (small blind) folded before Flop
Seat 3: Mahu2021 (big blind) collected (20)



PokerStars Hand #242991997063: Tournament #3575207772, $0.92+$0.08 USD Hold'em No Limit - Level I (10/20) - 2023/04/09 22:42:23 CET [2023/04/09 16:42:23 ET]
Table '3575207772 1' 3-max Seat #3 is the button
Seat 2: Party4Arthy (430 in chips) 
Seat 3: Mahu2021 (1070 in chips) 
Mahu2021: posts small blind 10
Party4Arthy: posts big blind 20
*** HOLE CARDS ***
Dealt to Mahu2021 [6d Qd]
Mahu2021: calls 10
Party4Arthy: checks 
*** FLOP *** [6s 7c 8d]
Party4Arthy: checks 
Mahu2021: bets 20
Party4Arthy: calls 20
*** TURN *** [6s 7c 8d] [Jc]
Party4Arthy: checks 
Mahu2021: checks 
*** RIVER *** [6s 7c 8d Jc] [As]
Party4Arthy: bets 390 and is all-in
Mahu2021: folds 
Uncalled bet (390) returned to Party4Arthy
Party4Arthy collected 80 from pot
Party4Arthy: doesn't show hand 
*** SUMMARY ***
Total pot 80 | Rake 0 
Board [6s 7c 8d Jc As]
Seat 2: Party4Arthy (big blind) collected (80)
Seat 3: Mahu2021 (button) (small blind) folded on the River



PokerStars Hand #242992003752: Tournament #3575207772, $0.92+$0.08 USD Hold'em No Limit - Level I (10/20) - 2023/04/09 22:42:38 CET [2023/04/09 16:42:38 ET]
Table '3575207772 1' 3-max Seat #2 is the button
Seat 2: Party4Arthy (470 in chips) 
Seat 3: Mahu2021 (1030 in chips) 
Party4Arthy: posts small blind 10
Mahu2021: posts big blind 20
*** HOLE CARDS ***
Dealt to Mahu2021 [Ah Qs]
Party4Arthy: raises 450 to 470 and is all-in
Mahu2021: calls 450
*** FLOP *** [7s Kd 5s]
*** TURN *** [7s Kd 5s] [Kc]
*** RIVER *** [7s Kd 5s Kc] [4c]
*** SHOW DOWN ***
Mahu2021: shows [Ah Qs] (a pair of Kings)
Party4Arthy: shows [4h Ad] (two pair, Kings and Fours)
Party4Arthy collected 940 from pot
*** SUMMARY ***
Total pot 940 | Rake 0 
Board [7s Kd 5s Kc 4c]
Seat 2: Party4Arthy (button) (small blind) showed [4h Ad] and won (940) with two pair, Kings and Fours
Seat 3: Mahu2021 (big blind) showed [Ah Qs] and lost with a pair of Kings



PokerStars Hand #242992009680: Tournament #3575207772, $0.92+$0.08 USD Hold'em No Limit - Level I (10/20) - 2023/04/09 22:42:50 CET [2023/04/09 16:42:50 ET]
Table '3575207772 1' 3-max Seat #3 is the button
Seat 2: Party4Arthy (940 in chips) 
Seat 3: Mahu2021 (560 in chips) 
Mahu2021: posts small blind 10
Party4Arthy: posts big blind 20
*** HOLE CARDS ***
Dealt to Mahu2021 [7h 2h]
Mahu2021: folds 
Uncalled bet (10) returned to Party4Arthy
Party4Arthy collected 20 from pot
Party4Arthy: doesn't show hand 
*** SUMMARY ***
Total pot 20 | Rake 0 
Seat 2: Party4Arthy (big blind) collected (20)
Seat 3: Mahu2021 (button) (small blind) folded before Flop



PokerStars Hand #242992011616: Tournament #3575207772, $0.92+$0.08 USD Hold'em No Limit - Level I (10/20) - 2023/04/09 22:42:55 CET [2023/04/09 16:42:55 ET]
Table '3575207772 1' 3-max Seat #2 is the button
Seat 2: Party4Arthy (950 in chips) 
Seat 3: Mahu2021 (550 in chips) 
Party4Arthy: posts small blind 10
Mahu2021: posts big blind 20
*** HOLE CARDS ***
Dealt to Mahu2021 [Ad 5h]
Party4Arthy: raises 20 to 40
Mahu2021: raises 510 to 550 and is all-in
Party4Arthy: folds 
Uncalled bet (510) returned to Mahu2021
Mahu2021 collected 80 from pot
Mahu2021: doesn't show hand 
*** SUMMARY ***
Total pot 80 | Rake 0 
Seat 2: Party4Arthy (button) (small blind) folded before Flop
Seat 3: Mahu2021 (big blind) collected (80)



PokerStars Hand #242992014868: Tournament #3575207772, $0.92+$0.08 USD Hold'em No Limit - Level I (10/20) - 2023/04/09 22:43:02 CET [2023/04/09 16:43:02 ET]
Table '3575207772 1' 3-max Seat #3 is the button
Seat 2: Party4Arthy (910 in chips) 
Seat 3: Mahu2021 (590 in chips) 
Mahu2021: posts small blind 10
Party4Arthy: posts big blind 20
*** HOLE CARDS ***
Dealt to Mahu2021 [4s 5c]
Mahu2021: calls 10
Party4Arthy: checks 
*** FLOP *** [Jh 2h Kd]
Party4Arthy: checks 
Mahu2021: bets 20
Party4Arthy: calls 20
*** TURN *** [Jh 2h Kd] [Ah]
Party4Arthy: checks 
Mahu2021: checks 
*** RIVER *** [Jh 2h Kd Ah] [2c]
Party4Arthy: checks 
Mahu2021: checks 
*** SHOW DOWN ***
Party4Arthy: shows [3c Jc] (two pair, Jacks and Deuces)
Mahu2021: mucks hand 
Party4Arthy collected 80 from pot
*** SUMMARY ***
Total pot 80 | Rake 0 
Board [Jh 2h Kd Ah 2c]
Seat 2: Party4Arthy (big blind) showed [3c Jc] and won (80) with two pair, Jacks and Deuces
Seat 3: Mahu2021 (button) (small blind) mucked [4s 5c]



PokerStars Hand #242992021421: Tournament #3575207772, $0.92+$0.08 USD Hold'em No Limit - Level I (10/20) - 2023/04/09 22:43:16 CET [2023/04/09 16:43:16 ET]
Table '3575207772 1' 3-max Seat #2 is the button
Seat 2: Party4Arthy (950 in chips) 
Seat 3: Mahu2021 (550 in chips) 
Party4Arthy: posts small blind 10
Mahu2021: posts big blind 20
*** HOLE CARDS ***
Dealt to Mahu2021 [9d 6d]
Party4Arthy: calls 10
Mahu2021: checks 
*** FLOP *** [6h 6s 5h]
Mahu2021: checks 
Party4Arthy: checks 
*** TURN *** [6h 6s 5h] [8h]
Mahu2021: checks 
Party4Arthy: bets 40
Mahu2021: calls 40
*** RIVER *** [6h 6s 5h 8h] [Qd]
Mahu2021: bets 40
Party4Arthy: raises 100 to 140
Mahu2021: raises 100 to 240
Party4Arthy: folds 
Uncalled bet (100) returned to Mahu2021
Mahu2021 collected 400 from pot
Mahu2021: doesn't show hand 
*** SUMMARY ***
Total pot 400 | Rake 0 
Board [6h 6s 5h 8h Qd]
Seat 2: Party4Arthy (button) (small blind) folded on the River
Seat 3: Mahu2021 (big blind) collected (400)



PokerStars Hand #242992030186: Tournament #3575207772, $0.92+$0.08 USD Hold'em No Limit - Level I (10/20) - 2023/04/09 22:43:35 CET [2023/04/09 16:43:35 ET]
Table '3575207772 1' 3-max Seat #3 is the button
Seat 2: Party4Arthy (750 in chips) 
Seat 3: Mahu2021 (750 in chips) 
Mahu2021: posts small blind 10
Party4Arthy: posts big blind 20
*** HOLE CARDS ***
Dealt to Mahu2021 [9c 7s]
Mahu2021: folds 
Uncalled bet (10) returned to Party4Arthy
Party4Arthy collected 20 from pot
Party4Arthy: doesn't show hand 
*** SUMMARY ***
Total pot 20 | Rake 0 
Seat 2: Party4Arthy (big blind) collected (20)
Seat 3: Mahu2021 (button) (small blind) folded before Flop



PokerStars Hand #242992032284: Tournament #3575207772, $0.92+$0.08 USD Hold'em No Limit - Level I (10/20) - 2023/04/09 22:43:40 CET [2023/04/09 16:43:40 ET]
Table '3575207772 1' 3-max Seat #2 is the button
Seat 2: Party4Arthy (760 in chips) 
Seat 3: Mahu2021 (740 in chips) 
Party4Arthy: posts small blind 10
Mahu2021: posts big blind 20
*** HOLE CARDS ***
Dealt to Mahu2021 [Jc Qc]
Party4Arthy: calls 10
Mahu2021: raises 720 to 740 and is all-in
Party4Arthy: folds 
Uncalled bet (720) returned to Mahu2021
Mahu2021 collected 40 from pot
Mahu2021: doesn't show hand 
*** SUMMARY ***
Total pot 40 | Rake 0 
Seat 2: Party4Arthy (button) (small blind) folded before Flop
Seat 3: Mahu2021 (big blind) collected (40)



PokerStars Hand #242992035451: Tournament #3575207772, $0.92+$0.08 USD Hold'em No Limit - Level I (10/20) - 2023/04/09 22:43:46 CET [2023/04/09 16:43:46 ET]
Table '3575207772 1' 3-max Seat #3 is the button
Seat 2: Party4Arthy (740 in chips) 
Seat 3: Mahu2021 (760 in chips) 
Mahu2021: posts small blind 10
Party4Arthy: posts big blind 20
*** HOLE CARDS ***
Dealt to Mahu2021 [4d 8s]
Mahu2021: folds 
Uncalled bet (10) returned to Party4Arthy
Party4Arthy collected 20 from pot
Party4Arthy: doesn't show hand 
*** SUMMARY ***
Total pot 20 | Rake 0 
Seat 2: Party4Arthy (big blind) collected (20)
Seat 3: Mahu2021 (button) (small blind) folded before Flop



PokerStars Hand #242992037456: Tournament #3575207772, $0.92+$0.08 USD Hold'em No Limit - Level I (10/20) - 2023/04/09 22:43:51 CET [2023/04/09 16:43:51 ET]
Table '3575207772 1' 3-max Seat #2 is the button
Seat 2: Party4Arthy (750 in chips) 
Seat 3: Mahu2021 (750 in chips) 
Party4Arthy: posts small blind 10
Mahu2021: posts big blind 20
*** HOLE CARDS ***
Dealt to Mahu2021 [Th 2d]
Party4Arthy: calls 10
Mahu2021: checks 
*** FLOP *** [5c 6h 8c]
Mahu2021: checks 
Party4Arthy: checks 
*** TURN *** [5c 6h 8c] [7d]
Mahu2021: checks 
Party4Arthy: checks 
*** RIVER *** [5c 6h 8c 7d] [3c]
Mahu2021: checks 
Party4Arthy: checks 
*** SHOW DOWN ***
Mahu2021: shows [Th 2d] (high card Ten)
Party4Arthy: shows [5h Qc] (a pair of Fives)
Party4Arthy collected 40 from pot
*** SUMMARY ***
Total pot 40 | Rake 0 
Board [5c 6h 8c 7d 3c]
Seat 2: Party4Arthy (button) (small blind) showed [5h Qc] and won (40) with a pair of Fives
Seat 3: Mahu2021 (big blind) showed [Th 2d] and lost with high card Ten



PokerStars Hand #242992042671: Tournament #3575207772, $0.92+$0.08 USD Hold'em No Limit - Level I (10/20) - 2023/04/09 22:44:02 CET [2023/04/09 16:44:02 ET]
Table '3575207772 1' 3-max Seat #3 is the button
Seat 2: Party4Arthy (770 in chips) 
Seat 3: Mahu2021 (730 in chips) 
Mahu2021: posts small blind 10
Party4Arthy: posts big blind 20
*** HOLE CARDS ***
Dealt to Mahu2021 [3s 7s]
Mahu2021: calls 10
Party4Arthy: raises 750 to 770 and is all-in
Mahu2021: folds 
Uncalled bet (750) returned to Party4Arthy
Party4Arthy collected 40 from pot
Party4Arthy: doesn't show hand 
*** SUMMARY ***
Total pot 40 | Rake 0 
Seat 2: Party4Arthy (big blind) collected (40)
Seat 3: Mahu2021 (button) (small blind) folded before Flop



PokerStars Hand #242992045703: Tournament #3575207772, $0.92+$0.08 USD Hold'em No Limit - Level I (10/20) - 2023/04/09 22:44:09 CET [2023/04/09 16:44:09 ET]
Table '3575207772 1' 3-max Seat #2 is the button
Seat 2: Party4Arthy (790 in chips) 
Seat 3: Mahu2021 (710 in chips) 
Party4Arthy: posts small blind 10
Mahu2021: posts big blind 20
*** HOLE CARDS ***
Dealt to Mahu2021 [Qh 6d]
Party4Arthy: calls 10
Mahu2021: checks 
*** FLOP *** [3d 7s 3s]
Mahu2021: checks 
Party4Arthy: checks 
*** TURN *** [3d 7s 3s] [5s]
Mahu2021: checks 
Party4Arthy: checks 
*** RIVER *** [3d 7s 3s 5s] [Js]
Mahu2021: bets 20
Party4Arthy: calls 20
*** SHOW DOWN ***
Mahu2021: shows [Qh 6d] (a pair of Threes)
Party4Arthy: shows [Jc 9s] (a flush, Jack high)
Party4Arthy collected 80 from pot
*** SUMMARY ***
Total pot 80 | Rake 0 
Board [3d 7s 3s 5s Js]
Seat 2: Party4Arthy (button) (small blind) showed [Jc 9s] and won (80) with a flush, Jack high
Seat 3: Mahu2021 (big blind) showed [Qh 6d] and lost with a pair of Threes



PokerStars Hand #242992052387: Tournament #3575207772, $0.92+$0.08 USD Hold'em No Limit - Level II (15/30) - 2023/04/09 22:44:24 CET [2023/04/09 16:44:24 ET]
Table '3575207772 1' 3-max Seat #3 is the button
Seat 2: Party4Arthy (830 in chips) 
Seat 3: Mahu2021 (670 in chips) 
Mahu2021: posts small blind 15
Party4Arthy: posts big blind 30
*** HOLE CARDS ***
Dealt to Mahu2021 [6d Ts]
Mahu2021: folds 
Uncalled bet (15) returned to Party4Arthy
Party4Arthy collected 30 from pot
Party4Arthy: doesn't show hand 
*** SUMMARY ***
Total pot 30 | Rake 0 
Seat 2: Party4Arthy (big blind) collected (30)
Seat 3: Mahu2021 (button) (small blind) folded before Flop



PokerStars Hand #242992054473: Tournament #3575207772, $0.92+$0.08 USD Hold'em No Limit - Level II (15/30) - 2023/04/09 22:44:28 CET [2023/04/09 16:44:28 ET]
Table '3575207772 1' 3-max Seat #2 is the button
Seat 2: Party4Arthy (845 in chips) 
Seat 3: Mahu2021 (655 in chips) 
Party4Arthy: posts small blind 15
Mahu2021: posts big blind 30
*** HOLE CARDS ***
Dealt to Mahu2021 [Th 8s]
Party4Arthy: calls 15
Mahu2021: checks 
*** FLOP *** [3d 8c Td]
Mahu2021: checks 
Party4Arthy: checks 
*** TURN *** [3d 8c Td] [6c]
Mahu2021: checks 
Party4Arthy: checks 
*** RIVER *** [3d 8c Td 6c] [4s]
Mahu2021: bets 60
Party4Arthy: calls 60
*** SHOW DOWN ***
Mahu2021: shows [Th 8s] (two pair, Tens and Eights)
Party4Arthy: mucks hand 
Mahu2021 collected 180 from pot
*** SUMMARY ***
Total pot 180 | Rake 0 
Board [3d 8c Td 6c 4s]
Seat 2: Party4Arthy (button) (small blind) mucked [Jc Ks]
Seat 3: Mahu2021 (big blind) showed [Th 8s] and won (180) with two pair, Tens and Eights



PokerStars Hand #242992060860: Tournament #3575207772, $0.92+$0.08 USD Hold'em No Limit - Level II (15/30) - 2023/04/09 22:44:42 CET [2023/04/09 16:44:42 ET]
Table '3575207772 1' 3-max Seat #3 is the button
Seat 2: Party4Arthy (755 in chips) 
Seat 3: Mahu2021 (745 in chips) 
Mahu2021: posts small blind 15
Party4Arthy: posts big blind 30
*** HOLE CARDS ***
Dealt to Mahu2021 [Jd 8s]
Mahu2021: calls 15
Party4Arthy: checks 
*** FLOP *** [2h 7s 6d]
Party4Arthy: checks 
Mahu2021: bets 30
Party4Arthy: calls 30
*** TURN *** [2h 7s 6d] [3s]
Party4Arthy: checks 
Mahu2021: checks 
*** RIVER *** [2h 7s 6d 3s] [Ad]
Party4Arthy: checks 
Mahu2021: bets 120
Party4Arthy: folds 
Uncalled bet (120) returned to Mahu2021
Mahu2021 collected 120 from pot
Mahu2021: doesn't show hand 
*** SUMMARY ***
Total pot 120 | Rake 0 
Board [2h 7s 6d 3s Ad]
Seat 2: Party4Arthy (big blind) folded on the River
Seat 3: Mahu2021 (button) (small blind) collected (120)



PokerStars Hand #242992067422: Tournament #3575207772, $0.92+$0.08 USD Hold'em No Limit - Level II (15/30) - 2023/04/09 22:44:57 CET [2023/04/09 16:44:57 ET]
Table '3575207772 1' 3-max Seat #2 is the button
Seat 2: Party4Arthy (695 in chips) 
Seat 3: Mahu2021 (805 in chips) 
Party4Arthy: posts small blind 15
Mahu2021: posts big blind 30
*** HOLE CARDS ***
Dealt to Mahu2021 [Ts 8h]
Party4Arthy: calls 15
Mahu2021: checks 
*** FLOP *** [9d Qd 3s]
Mahu2021: checks 
Party4Arthy: checks 
*** TURN *** [9d Qd 3s] [3h]
Mahu2021: bets 30
Party4Arthy: folds 
Uncalled bet (30) returned to Mahu2021
Mahu2021 collected 60 from pot
Mahu2021: doesn't show hand 
*** SUMMARY ***
Total pot 60 | Rake 0 
Board [9d Qd 3s 3h]
Seat 2: Party4Arthy (button) (small blind) folded on the Turn
Seat 3: Mahu2021 (big blind) collected (60)



PokerStars Hand #242992073112: Tournament #3575207772, $0.92+$0.08 USD Hold'em No Limit - Level II (15/30) - 2023/04/09 22:45:09 CET [2023/04/09 16:45:09 ET]
Table '3575207772 1' 3-max Seat #3 is the button
Seat 2: Party4Arthy (665 in chips) 
Seat 3: Mahu2021 (835 in chips) 
Mahu2021: posts small blind 15
Party4Arthy: posts big blind 30
*** HOLE CARDS ***
Dealt to Mahu2021 [8d Jc]
Mahu2021: calls 15
Party4Arthy: checks 
*** FLOP *** [As Ts 7c]
Party4Arthy: checks 
Mahu2021: bets 30
Party4Arthy: folds 
Uncalled bet (30) returned to Mahu2021
Mahu2021 collected 60 from pot
Mahu2021: doesn't show hand 
*** SUMMARY ***
Total pot 60 | Rake 0 
Board [As Ts 7c]
Seat 2: Party4Arthy (big blind) folded on the Flop
Seat 3: Mahu2021 (button) (small blind) collected (60)



PokerStars Hand #242992077380: Tournament #3575207772, $0.92+$0.08 USD Hold'em No Limit - Level II (15/30) - 2023/04/09 22:45:18 CET [2023/04/09 16:45:18 ET]
Table '3575207772 1' 3-max Seat #2 is the button
Seat 2: Party4Arthy (635 in chips) 
Seat 3: Mahu2021 (865 in chips) 
Party4Arthy: posts small blind 15
Mahu2021: posts big blind 30
*** HOLE CARDS ***
Dealt to Mahu2021 [Qc Kc]
Party4Arthy: calls 15
Mahu2021: raises 835 to 865 and is all-in
Party4Arthy: folds 
Uncalled bet (835) returned to Mahu2021
Mahu2021 collected 60 from pot
Mahu2021: doesn't show hand 
*** SUMMARY ***
Total pot 60 | Rake 0 
Seat 2: Party4Arthy (button) (small blind) folded before Flop
Seat 3: Mahu2021 (big blind) collected (60)



PokerStars Hand #242992080501: Tournament #3575207772, $0.92+$0.08 USD Hold'em No Limit - Level II (15/30) - 2023/04/09 22:45:25 CET [2023/04/09 16:45:25 ET]
Table '3575207772 1' 3-max Seat #3 is the button
Seat 2: Party4Arthy (605 in chips) 
Seat 3: Mahu2021 (895 in chips) 
Mahu2021: posts small blind 15
Party4Arthy: posts big blind 30
*** HOLE CARDS ***
Dealt to Mahu2021 [7c 2s]
Mahu2021: folds 
Uncalled bet (15) returned to Party4Arthy
Party4Arthy collected 30 from pot
Party4Arthy: doesn't show hand 
*** SUMMARY ***
Total pot 30 | Rake 0 
Seat 2: Party4Arthy (big blind) collected (30)
Seat 3: Mahu2021 (button) (small blind) folded before Flop



PokerStars Hand #242992082575: Tournament #3575207772, $0.92+$0.08 USD Hold'em No Limit - Level II (15/30) - 2023/04/09 22:45:29 CET [2023/04/09 16:45:29 ET]
Table '3575207772 1' 3-max Seat #2 is the button
Seat 2: Party4Arthy (620 in chips) 
Seat 3: Mahu2021 (880 in chips) 
Party4Arthy: posts small blind 15
Mahu2021: posts big blind 30
*** HOLE CARDS ***
Dealt to Mahu2021 [Ac 4d]
Party4Arthy: calls 15
Mahu2021: checks 
*** FLOP *** [3s Kh Ah]
Mahu2021: checks 
Party4Arthy: checks 
*** TURN *** [3s Kh Ah] [8c]
Mahu2021: checks 
Party4Arthy: bets 30
Mahu2021: calls 30
*** RIVER *** [3s Kh Ah 8c] [2s]
Mahu2021: checks 
Party4Arthy: bets 30
Mahu2021: calls 30
*** SHOW DOWN ***
Party4Arthy: shows [9h Kd] (a pair of Kings)
Mahu2021: shows [Ac 4d] (a pair of Aces)
Mahu2021 collected 180 from pot
*** SUMMARY ***
Total pot 180 | Rake 0 
Board [3s Kh Ah 8c 2s]
Seat 2: Party4Arthy (button) (small blind) showed [9h Kd] and lost with a pair of Kings
Seat 3: Mahu2021 (big blind) showed [Ac 4d] and won (180) with a pair of Aces



PokerStars Hand #242992088291: Tournament #3575207772, $0.92+$0.08 USD Hold'em No Limit - Level II (15/30) - 2023/04/09 22:45:42 CET [2023/04/09 16:45:42 ET]
Table '3575207772 1' 3-max Seat #3 is the button
Seat 2: Party4Arthy (530 in chips) 
Seat 3: Mahu2021 (970 in chips) 
Mahu2021: posts small blind 15
Party4Arthy: posts big blind 30
*** HOLE CARDS ***
Dealt to Mahu2021 [2d 9d]
Mahu2021: folds 
Uncalled bet (15) returned to Party4Arthy
Party4Arthy collected 30 from pot
Party4Arthy: doesn't show hand 
*** SUMMARY ***
Total pot 30 | Rake 0 
Seat 2: Party4Arthy (big blind) collected (30)
Seat 3: Mahu2021 (button) (small blind) folded before Flop



PokerStars Hand #242992090363: Tournament #3575207772, $0.92+$0.08 USD Hold'em No Limit - Level II (15/30) - 2023/04/09 22:45:46 CET [2023/04/09 16:45:46 ET]
Table '3575207772 1' 3-max Seat #2 is the button
Seat 2: Party4Arthy (545 in chips) 
Seat 3: Mahu2021 (955 in chips) 
Party4Arthy: posts small blind 15
Mahu2021: posts big blind 30
*** HOLE CARDS ***
Dealt to Mahu2021 [Ah 3d]
Party4Arthy: folds 
Uncalled bet (15) returned to Mahu2021
Mahu2021 collected 30 from pot
Mahu2021: doesn't show hand 
*** SUMMARY ***
Total pot 30 | Rake 0 
Seat 2: Party4Arthy (button) (small blind) folded before Flop
Seat 3: Mahu2021 (big blind) collected (30)



PokerStars Hand #242992092326: Tournament #3575207772, $0.92+$0.08 USD Hold'em No Limit - Level II (15/30) - 2023/04/09 22:45:51 CET [2023/04/09 16:45:51 ET]
Table '3575207772 1' 3-max Seat #3 is the button
Seat 2: Party4Arthy (530 in chips) 
Seat 3: Mahu2021 (970 in chips) 
Mahu2021: posts small blind 15
Party4Arthy: posts big blind 30
*** HOLE CARDS ***
Dealt to Mahu2021 [6s Jc]
Mahu2021: calls 15
Party4Arthy: raises 500 to 530 and is all-in
Mahu2021: folds 
Uncalled bet (500) returned to Party4Arthy
Party4Arthy collected 60 from pot
Party4Arthy: doesn't show hand 
*** SUMMARY ***
Total pot 60 | Rake 0 
Seat 2: Party4Arthy (big blind) collected (60)
Seat 3: Mahu2021 (button) (small blind) folded before Flop



PokerStars Hand #242992095420: Tournament #3575207772, $0.92+$0.08 USD Hold'em No Limit - Level II (15/30) - 2023/04/09 22:45:57 CET [2023/04/09 16:45:57 ET]
Table '3575207772 1' 3-max Seat #2 is the button
Seat 2: Party4Arthy (560 in chips) 
Seat 3: Mahu2021 (940 in chips) 
Party4Arthy: posts small blind 15
Mahu2021: posts big blind 30
*** HOLE CARDS ***
Dealt to Mahu2021 [4c Ts]
Party4Arthy: calls 15
Mahu2021: checks 
*** FLOP *** [6c 9h 7s]
Mahu2021: checks 
Party4Arthy: checks 
*** TURN *** [6c 9h 7s] [7h]
Mahu2021: bets 30
Party4Arthy: calls 30
*** RIVER *** [6c 9h 7s 7h] [Jh]
Mahu2021: checks 
Party4Arthy: checks 
*** SHOW DOWN ***
Mahu2021: shows [4c Ts] (a pair of Sevens)
Party4Arthy: shows [Ad Qs] (a pair of Sevens - Ace kicker)
Party4Arthy collected 120 from pot
*** SUMMARY ***
Total pot 120 | Rake 0 
Board [6c 9h 7s 7h Jh]
Seat 2: Party4Arthy (button) (small blind) showed [Ad Qs] and won (120) with a pair of Sevens
Seat 3: Mahu2021 (big blind) showed [4c Ts] and lost with a pair of Sevens



PokerStars Hand #242992101335: Tournament #3575207772, $0.92+$0.08 USD Hold'em No Limit - Level II (15/30) - 2023/04/09 22:46:10 CET [2023/04/09 16:46:10 ET]
Table '3575207772 1' 3-max Seat #3 is the button
Seat 2: Party4Arthy (620 in chips) 
Seat 3: Mahu2021 (880 in chips) 
Mahu2021: posts small blind 15
Party4Arthy: posts big blind 30
*** HOLE CARDS ***
Dealt to Mahu2021 [Kc Qd]
Mahu2021: raises 30 to 60
Party4Arthy: calls 30
*** FLOP *** [8s 4c Th]
Party4Arthy: checks 
Mahu2021: checks 
*** TURN *** [8s 4c Th] [9s]
Party4Arthy: bets 60
Mahu2021: calls 60
*** RIVER *** [8s 4c Th 9s] [4s]
Party4Arthy: bets 240
Mahu2021: folds 
Uncalled bet (240) returned to Party4Arthy
Party4Arthy collected 240 from pot
Party4Arthy: doesn't show hand 
*** SUMMARY ***
Total pot 240 | Rake 0 
Board [8s 4c Th 9s 4s]
Seat 2: Party4Arthy (big blind) collected (240)
Seat 3: Mahu2021 (button) (small blind) folded on the River



PokerStars Hand #242992107926: Tournament #3575207772, $0.92+$0.08 USD Hold'em No Limit - Level II (15/30) - 2023/04/09 22:46:25 CET [2023/04/09 16:46:25 ET]
Table '3575207772 1' 3-max Seat #2 is the button
Seat 2: Party4Arthy (740 in chips) 
Seat 3: Mahu2021 (760 in chips) 
Party4Arthy: posts small blind 15
Mahu2021: posts big blind 30
*** HOLE CARDS ***
Dealt to Mahu2021 [Ah 2h]
Party4Arthy: calls 15
Mahu2021: checks 
*** FLOP *** [8s 8h Tc]
Mahu2021: checks 
Party4Arthy: checks 
*** TURN *** [8s 8h Tc] [Td]
Mahu2021: checks 
Party4Arthy: bets 30
Mahu2021: calls 30
*** RIVER *** [8s 8h Tc Td] [Jd]
Mahu2021: checks 
Party4Arthy: checks 
*** SHOW DOWN ***
Mahu2021: shows [Ah 2h] (two pair, Tens and Eights)
Party4Arthy: shows [5d Ac] (two pair, Tens and Eights)
Mahu2021 collected 60 from pot
Party4Arthy collected 60 from pot
*** SUMMARY ***
Total pot 120 | Rake 0 
Board [8s 8h Tc Td Jd]
Seat 2: Party4Arthy (button) (small blind) showed [5d Ac] and won (60) with two pair, Tens and Eights
Seat 3: Mahu2021 (big blind) showed [Ah 2h] and won (60) with two pair, Tens and Eights



PokerStars Hand #242992113489: Tournament #3575207772, $0.92+$0.08 USD Hold'em No Limit - Level II (15/30) - 2023/04/09 22:46:37 CET [2023/04/09 16:46:37 ET]
Table '3575207772 1' 3-max Seat #3 is the button
Seat 2: Party4Arthy (740 in chips) 
Seat 3: Mahu2021 (760 in chips) 
Mahu2021: posts small blind 15
Party4Arthy: posts big blind 30
*** HOLE CARDS ***
Dealt to Mahu2021 [Tc 3h]
Mahu2021: folds 
Uncalled bet (15) returned to Party4Arthy
Party4Arthy collected 30 from pot
Party4Arthy: doesn't show hand 
*** SUMMARY ***
Total pot 30 | Rake 0 
Seat 2: Party4Arthy (big blind) collected (30)
Seat 3: Mahu2021 (button) (small blind) folded before Flop



PokerStars Hand #242992115479: Tournament #3575207772, $0.92+$0.08 USD Hold'em No Limit - Level II (15/30) - 2023/04/09 22:46:41 CET [2023/04/09 16:46:41 ET]
Table '3575207772 1' 3-max Seat #2 is the button
Seat 2: Party4Arthy (755 in chips) 
Seat 3: Mahu2021 (745 in chips) 
Party4Arthy: posts small blind 15
Mahu2021: posts big blind 30
*** HOLE CARDS ***
Dealt to Mahu2021 [Th Kd]
Party4Arthy: calls 15
Mahu2021: raises 715 to 745 and is all-in
Party4Arthy: calls 715
*** FLOP *** [Ks Jh 5c]
*** TURN *** [Ks Jh 5c] [6h]
*** RIVER *** [Ks Jh 5c 6h] [3s]
*** SHOW DOWN ***
Mahu2021: shows [Th Kd] (a pair of Kings)
Party4Arthy: shows [Ad 8s] (high card Ace)
Mahu2021 collected 1490 from pot
*** SUMMARY ***
Total pot 1490 | Rake 0 
Board [Ks Jh 5c 6h 3s]
Seat 2: Party4Arthy (button) (small blind) showed [Ad 8s] and lost with high card Ace
Seat 3: Mahu2021 (big blind) showed [Th Kd] and won (1490) with a pair of Kings



PokerStars Hand #242992121847: Tournament #3575207772, $0.92+$0.08 USD Hold'em No Limit - Level II (15/30) - 2023/04/09 22:46:55 CET [2023/04/09 16:46:55 ET]
Table '3575207772 1' 3-max Seat #3 is the button
Seat 2: Party4Arthy (10 in chips) 
Seat 3: Mahu2021 (1490 in chips) 
Mahu2021: posts small blind 15
Party4Arthy: posts big blind 10 and is all-in
*** HOLE CARDS ***
Dealt to Mahu2021 [Js Ah]
Uncalled bet (5) returned to Mahu2021
*** FLOP *** [Qd 2d 5h]
*** TURN *** [Qd 2d 5h] [3d]
*** RIVER *** [Qd 2d 5h 3d] [Ks]
*** SHOW DOWN ***
Party4Arthy: shows [Kd 7c] (a pair of Kings)
Mahu2021: shows [Js Ah] (high card Ace)
Party4Arthy collected 20 from pot
*** SUMMARY ***
Total pot 20 | Rake 0 
Board [Qd 2d 5h 3d Ks]
Seat 2: Party4Arthy (big blind) showed [Kd 7c] and won (20) with a pair of Kings
Seat 3: Mahu2021 (button) (small blind) showed [Js Ah] and lost with high card Ace



PokerStars Hand #242992125722: Tournament #3575207772, $0.92+$0.08 USD Hold'em No Limit - Level II (15/30) - 2023/04/09 22:47:03 CET [2023/04/09 16:47:03 ET]
Table '3575207772 1' 3-max Seat #2 is the button
Seat 2: Party4Arthy (20 in chips) 
Seat 3: Mahu2021 (1480 in chips) 
Party4Arthy: posts small blind 15
Mahu2021: posts big blind 30
*** HOLE CARDS ***
Dealt to Mahu2021 [Kd 6h]
Party4Arthy: calls 5 and is all-in
Uncalled bet (10) returned to Mahu2021
*** FLOP *** [Td 6d 3d]
*** TURN *** [Td 6d 3d] [4c]
*** RIVER *** [Td 6d 3d 4c] [8c]
*** SHOW DOWN ***
Mahu2021: shows [Kd 6h] (a pair of Sixes)
Party4Arthy: shows [2h Ks] (high card King)
Mahu2021 collected 40 from pot
Party4Arthy finished the tournament in 2nd place
Mahu2021 wins the tournament and receives $5.00 - congratulations!
*** SUMMARY ***
Total pot 40 | Rake 0 
Board [Td 6d 3d 4c 8c]
Seat 2: Party4Arthy (button) (small blind) showed [2h Ks] and lost with high card King
Seat 3: Mahu2021 (big blind) showed [Kd 6h] and won (40) with a pair of Sixes



