PokerStars Hand #254481688588: Tournament #3849890468, $0.46+$0.04 USD Hold'em No Limit - Level I (10/20) - 2025/01/21 10:48:24 CET [2025/01/21 4:48:24 ET]
Table '3849890468 1' 3-max Seat #1 is the button
Seat 1: meshem (500 in chips) 
Seat 2: Ivoryclub (500 in chips) 
Seat 3: Mahu2021 (500 in chips) 
Ivoryclub: posts small blind 10
Mahu2021: posts big blind 20
*** HOLE CARDS ***
Dealt to Mahu2021 [Ah 8s]
meshem: folds 
Ivoryclub: raises 480 to 500 and is all-in
Mahu2021: folds 
Uncalled bet (480) returned to Ivoryclub
Ivoryclub collected 40 from pot
Ivoryclub: doesn't show hand 
*** SUMMARY ***
Total pot 40 | Rake 0 
Seat 1: meshem (button) folded before Flop (didn't bet)
Seat 2: Ivoryclub (small blind) collected (40)
Seat 3: Mahu2021 (big blind) folded before Flop



PokerStars Hand #254481689496: Tournament #3849890468, $0.46+$0.04 USD Hold'em No Limit - Level I (10/20) - 2025/01/21 10:48:33 CET [2025/01/21 4:48:33 ET]
Table '3849890468 1' 3-max Seat #2 is the button
Seat 1: meshem (500 in chips) 
Seat 2: Ivoryclub (520 in chips) 
Seat 3: Mahu2021 (480 in chips) 
Mahu2021: posts small blind 10
meshem: posts big blind 20
*** HOLE CARDS ***
Dealt to Mahu2021 [Th 3h]
Ivoryclub: calls 20
Mahu2021: folds 
meshem: checks 
*** FLOP *** [5h Kh 8c]
meshem: checks 
Ivoryclub: checks 
*** TURN *** [5h Kh 8c] [5d]
meshem: checks 
Ivoryclub: checks 
*** RIVER *** [5h Kh 8c 5d] [8d]
meshem: checks 
Ivoryclub: bets 20
meshem: folds 
Uncalled bet (20) returned to Ivoryclub
Ivoryclub collected 50 from pot
Ivoryclub: doesn't show hand 
*** SUMMARY ***
Total pot 50 | Rake 0 
Board [5h Kh 8c 5d 8d]
Seat 1: meshem (big blind) folded on the River
Seat 2: Ivoryclub (button) collected (50)
Seat 3: Mahu2021 (small blind) folded before Flop



PokerStars Hand #254481691969: Tournament #3849890468, $0.46+$0.04 USD Hold'em No Limit - Level I (10/20) - 2025/01/21 10:48:58 CET [2025/01/21 4:48:58 ET]
Table '3849890468 1' 3-max Seat #3 is the button
Seat 1: meshem (480 in chips) 
Seat 2: Ivoryclub (550 in chips) 
Seat 3: Mahu2021 (470 in chips) 
meshem: posts small blind 10
Ivoryclub: posts big blind 20
*** HOLE CARDS ***
Dealt to Mahu2021 [Td 7c]
Mahu2021: folds 
meshem: folds 
Uncalled bet (10) returned to Ivoryclub
Ivoryclub collected 20 from pot
Ivoryclub: doesn't show hand 
*** SUMMARY ***
Total pot 20 | Rake 0 
Seat 1: meshem (small blind) folded before Flop
Seat 2: Ivoryclub (big blind) collected (20)
Seat 3: Mahu2021 (button) folded before Flop (didn't bet)



PokerStars Hand #254481692703: Tournament #3849890468, $0.46+$0.04 USD Hold'em No Limit - Level I (10/20) - 2025/01/21 10:49:05 CET [2025/01/21 4:49:05 ET]
Table '3849890468 1' 3-max Seat #1 is the button
Seat 1: meshem (470 in chips) 
Seat 2: Ivoryclub (560 in chips) 
Seat 3: Mahu2021 (470 in chips) 
Ivoryclub: posts small blind 10
Mahu2021: posts big blind 20
*** HOLE CARDS ***
Dealt to Mahu2021 [4d 6h]
meshem: calls 20
Ivoryclub: raises 540 to 560 and is all-in
Mahu2021: folds 
meshem: folds 
Uncalled bet (540) returned to Ivoryclub
Ivoryclub collected 60 from pot
Ivoryclub: doesn't show hand 
*** SUMMARY ***
Total pot 60 | Rake 0 
Seat 1: meshem (button) folded before Flop
Seat 2: Ivoryclub (small blind) collected (60)
Seat 3: Mahu2021 (big blind) folded before Flop



PokerStars Hand #254481694311: Tournament #3849890468, $0.46+$0.04 USD Hold'em No Limit - Level I (10/20) - 2025/01/21 10:49:21 CET [2025/01/21 4:49:21 ET]
Table '3849890468 1' 3-max Seat #2 is the button
Seat 1: meshem (450 in chips) 
Seat 2: Ivoryclub (600 in chips) 
Seat 3: Mahu2021 (450 in chips) 
Mahu2021: posts small blind 10
meshem: posts big blind 20
*** HOLE CARDS ***
Dealt to Mahu2021 [7s 2s]
Ivoryclub: folds 
Mahu2021: folds 
Uncalled bet (10) returned to meshem
meshem collected 20 from pot
meshem: doesn't show hand 
*** SUMMARY ***
Total pot 20 | Rake 0 
Seat 1: meshem (big blind) collected (20)
Seat 2: Ivoryclub (button) folded before Flop (didn't bet)
Seat 3: Mahu2021 (small blind) folded before Flop



PokerStars Hand #254481695449: Tournament #3849890468, $0.46+$0.04 USD Hold'em No Limit - Level I (10/20) - 2025/01/21 10:49:33 CET [2025/01/21 4:49:33 ET]
Table '3849890468 1' 3-max Seat #3 is the button
Seat 1: meshem (460 in chips) 
Seat 2: Ivoryclub (600 in chips) 
Seat 3: Mahu2021 (440 in chips) 
meshem: posts small blind 10
Ivoryclub: posts big blind 20
*** HOLE CARDS ***
Dealt to Mahu2021 [8s Qs]
Mahu2021: raises 20 to 40
meshem: calls 30
Ivoryclub: raises 560 to 600 and is all-in
Mahu2021: folds 
meshem: folds 
Uncalled bet (560) returned to Ivoryclub
Ivoryclub collected 120 from pot
Ivoryclub: doesn't show hand 
*** SUMMARY ***
Total pot 120 | Rake 0 
Seat 1: meshem (small blind) folded before Flop
Seat 2: Ivoryclub (big blind) collected (120)
Seat 3: Mahu2021 (button) folded before Flop



PokerStars Hand #254481697154: Tournament #3849890468, $0.46+$0.04 USD Hold'em No Limit - Level I (10/20) - 2025/01/21 10:49:51 CET [2025/01/21 4:49:51 ET]
Table '3849890468 1' 3-max Seat #1 is the button
Seat 1: meshem (420 in chips) 
Seat 2: Ivoryclub (680 in chips) 
Seat 3: Mahu2021 (400 in chips) 
Ivoryclub: posts small blind 10
Mahu2021: posts big blind 20
*** HOLE CARDS ***
Dealt to Mahu2021 [5s 3d]
meshem: folds 
Ivoryclub: calls 10
Mahu2021: checks 
*** FLOP *** [Ks 2s 6s]
Ivoryclub: bets 660 and is all-in
Mahu2021: folds 
Uncalled bet (660) returned to Ivoryclub
Ivoryclub collected 40 from pot
Ivoryclub: doesn't show hand 
*** SUMMARY ***
Total pot 40 | Rake 0 
Board [Ks 2s 6s]
Seat 1: meshem (button) folded before Flop (didn't bet)
Seat 2: Ivoryclub (small blind) collected (40)
Seat 3: Mahu2021 (big blind) folded on the Flop



PokerStars Hand #254481698611: Tournament #3849890468, $0.46+$0.04 USD Hold'em No Limit - Level I (10/20) - 2025/01/21 10:50:05 CET [2025/01/21 4:50:05 ET]
Table '3849890468 1' 3-max Seat #2 is the button
Seat 1: meshem (420 in chips) 
Seat 2: Ivoryclub (700 in chips) 
Seat 3: Mahu2021 (380 in chips) 
Mahu2021: posts small blind 10
meshem: posts big blind 20
*** HOLE CARDS ***
Dealt to Mahu2021 [8c Jc]
Ivoryclub: calls 20
Mahu2021: calls 10
meshem: checks 
*** FLOP *** [7c 8s 5d]
Mahu2021: bets 60
meshem: calls 60
Ivoryclub: calls 60
*** TURN *** [7c 8s 5d] [2d]
Mahu2021: bets 300 and is all-in
meshem: folds 
Ivoryclub: calls 300
*** RIVER *** [7c 8s 5d 2d] [2h]
*** SHOW DOWN ***
Mahu2021: shows [8c Jc] (two pair, Eights and Deuces)
Ivoryclub: shows [9c 7s] (two pair, Sevens and Deuces)
Mahu2021 collected 840 from pot
*** SUMMARY ***
Total pot 840 | Rake 0 
Board [7c 8s 5d 2d 2h]
Seat 1: meshem (big blind) folded on the Turn
Seat 2: Ivoryclub (button) showed [9c 7s] and lost with two pair, Sevens and Deuces
Seat 3: Mahu2021 (small blind) showed [8c Jc] and won (840) with two pair, Eights and Deuces



PokerStars Hand #254481702261: Tournament #3849890468, $0.46+$0.04 USD Hold'em No Limit - Level II (15/30) - 2025/01/21 10:50:42 CET [2025/01/21 4:50:42 ET]
Table '3849890468 1' 3-max Seat #3 is the button
Seat 1: meshem (340 in chips) 
Seat 2: Ivoryclub (320 in chips) 
Seat 3: Mahu2021 (840 in chips) 
meshem: posts small blind 15
Ivoryclub: posts big blind 30
*** HOLE CARDS ***
Dealt to Mahu2021 [Qc 4d]
Mahu2021: folds 
meshem: calls 15
Ivoryclub: raises 290 to 320 and is all-in
meshem: calls 290
*** FLOP *** [Ad 6d 5h]
*** TURN *** [Ad 6d 5h] [Kd]
*** RIVER *** [Ad 6d 5h Kd] [8s]
*** SHOW DOWN ***
meshem: shows [7d 6s] (a pair of Sixes)
Ivoryclub: shows [8h 8c] (three of a kind, Eights)
Ivoryclub collected 640 from pot
*** SUMMARY ***
Total pot 640 | Rake 0 
Board [Ad 6d 5h Kd 8s]
Seat 1: meshem (small blind) showed [7d 6s] and lost with a pair of Sixes
Seat 2: Ivoryclub (big blind) showed [8h 8c] and won (640) with three of a kind, Eights
Seat 3: Mahu2021 (button) folded before Flop (didn't bet)



PokerStars Hand #254481704134: Tournament #3849890468, $0.46+$0.04 USD Hold'em No Limit - Level II (15/30) - 2025/01/21 10:51:01 CET [2025/01/21 4:51:01 ET]
Table '3849890468 1' 3-max Seat #1 is the button
Seat 1: meshem (20 in chips) 
Seat 2: Ivoryclub (640 in chips) 
Seat 3: Mahu2021 (840 in chips) 
Ivoryclub: posts small blind 15
Mahu2021: posts big blind 30
*** HOLE CARDS ***
Dealt to Mahu2021 [Ts 8c]
meshem: calls 20 and is all-in
Ivoryclub: calls 15
Mahu2021: checks 
*** FLOP *** [8d 5c Td]
Ivoryclub: checks 
Mahu2021: checks 
*** TURN *** [8d 5c Td] [Js]
Ivoryclub: checks 
Mahu2021: checks 
*** RIVER *** [8d 5c Td Js] [8s]
Ivoryclub: checks 
Mahu2021: bets 810 and is all-in
Ivoryclub: folds 
Uncalled bet (810) returned to Mahu2021
*** SHOW DOWN ***
Mahu2021: shows [Ts 8c] (a full house, Eights full of Tens)
Mahu2021 collected 20 from side pot
meshem: shows [4d Jc] (two pair, Jacks and Eights)
Mahu2021 collected 60 from main pot
meshem finished the tournament in 3rd place
*** SUMMARY ***
Total pot 80 Main pot 60. Side pot 20. | Rake 0 
Board [8d 5c Td Js 8s]
Seat 1: meshem (button) showed [4d Jc] and lost with two pair, Jacks and Eights
Seat 2: Ivoryclub (small blind) folded on the River
Seat 3: Mahu2021 (big blind) showed [Ts 8c] and won (80) with a full house, Eights full of Tens



PokerStars Hand #254481708174: Tournament #3849890468, $0.46+$0.04 USD Hold'em No Limit - Level II (15/30) - 2025/01/21 10:51:42 CET [2025/01/21 4:51:42 ET]
Table '3849890468 1' 3-max Seat #3 is the button
Seat 2: Ivoryclub (610 in chips) 
Seat 3: Mahu2021 (890 in chips) 
Mahu2021: posts small blind 15
Ivoryclub: posts big blind 30
*** HOLE CARDS ***
Dealt to Mahu2021 [Kc 8h]
Mahu2021: raises 30 to 60
Ivoryclub: calls 30
*** FLOP *** [Qh Kh Ks]
Ivoryclub: checks 
Mahu2021: checks 
*** TURN *** [Qh Kh Ks] [9h]
Ivoryclub: checks 
Mahu2021: checks 
*** RIVER *** [Qh Kh Ks 9h] [Qs]
Ivoryclub: checks 
Mahu2021: bets 830 and is all-in
Ivoryclub: folds 
Uncalled bet (830) returned to Mahu2021
Mahu2021 collected 120 from pot
Mahu2021: doesn't show hand 
*** SUMMARY ***
Total pot 120 | Rake 0 
Board [Qh Kh Ks 9h Qs]
Seat 2: Ivoryclub (big blind) folded on the River
Seat 3: Mahu2021 (button) (small blind) collected (120)



PokerStars Hand #254481710610: Tournament #3849890468, $0.46+$0.04 USD Hold'em No Limit - Level II (15/30) - 2025/01/21 10:52:07 CET [2025/01/21 4:52:07 ET]
Table '3849890468 1' 3-max Seat #2 is the button
Seat 2: Ivoryclub (550 in chips) 
Seat 3: Mahu2021 (950 in chips) 
Ivoryclub: posts small blind 15
Mahu2021: posts big blind 30
*** HOLE CARDS ***
Dealt to Mahu2021 [6h Qh]
Ivoryclub: raises 520 to 550 and is all-in
Mahu2021: folds 
Uncalled bet (520) returned to Ivoryclub
Ivoryclub collected 60 from pot
Ivoryclub: doesn't show hand 
*** SUMMARY ***
Total pot 60 | Rake 0 
Seat 2: Ivoryclub (button) (small blind) collected (60)
Seat 3: Mahu2021 (big blind) folded before Flop



PokerStars Hand #254481711517: Tournament #3849890468, $0.46+$0.04 USD Hold'em No Limit - Level II (15/30) - 2025/01/21 10:52:16 CET [2025/01/21 4:52:16 ET]
Table '3849890468 1' 3-max Seat #3 is the button
Seat 2: Ivoryclub (580 in chips) 
Seat 3: Mahu2021 (920 in chips) 
Mahu2021: posts small blind 15
Ivoryclub: posts big blind 30
*** HOLE CARDS ***
Dealt to Mahu2021 [Ah Kc]
Mahu2021: raises 30 to 60
Ivoryclub: raises 520 to 580 and is all-in
Mahu2021: calls 520
*** FLOP *** [4c 8c 3c]
*** TURN *** [4c 8c 3c] [9h]
*** RIVER *** [4c 8c 3c 9h] [Ac]
*** SHOW DOWN ***
Ivoryclub: shows [7d Kd] (high card Ace)
Mahu2021: shows [Ah Kc] (a flush, Ace high)
Mahu2021 collected 1160 from pot
Ivoryclub finished the tournament in 2nd place
Mahu2021 wins the tournament - congratulations!
Mahu2021 wins a '$1.00 Power Path Step 2 Ticket' ticket
*** SUMMARY ***
Total pot 1160 | Rake 0 
Board [4c 8c 3c 9h Ac]
Seat 2: Ivoryclub (big blind) showed [7d Kd] and lost with high card Ace
Seat 3: Mahu2021 (button) (small blind) showed [Ah Kc] and won (1160) with a flush, Ace high



