PokerStars Hand #248572169129: Tournament #3708545602, $1.84+$0.16 USD Hold'em No Limit - Level I (10/20) - 2024/01/29 22:15:59 CET [2024/01/29 16:15:59 ET]
Table '3708545602 1' 3-max Seat #1 is the button
Seat 1: lynn474 (500 in chips) 
Seat 2: madroo75 (500 in chips) 
Seat 3: Mahu2021 (500 in chips) 
madroo75: posts small blind 10
Mahu2021: posts big blind 20
*** HOLE CARDS ***
Dealt to Mahu2021 [2d As]
lynn474: calls 20
madroo75: calls 10
Mahu2021: checks 
*** FLOP *** [Jh 4d 7h]
madroo75: checks 
Mahu2021: checks 
lynn474: checks 
*** TURN *** [Jh 4d 7h] [3s]
madroo75: checks 
Mahu2021: checks 
lynn474: checks 
*** RIVER *** [Jh 4d 7h 3s] [7s]
madroo75: checks 
Mahu2021: checks 
lynn474: checks 
*** SHOW DOWN ***
madroo75: shows [Tc Kd] (a pair of Sevens)
Mahu2021: shows [2d As] (a pair of Sevens - Ace kicker)
lynn474: mucks hand 
Mahu2021 collected 60 from pot
*** SUMMARY ***
Total pot 60 | Rake 0 
Board [Jh 4d 7h 3s 7s]
Seat 1: lynn474 (button) mucked [Qs 8d]
Seat 2: madroo75 (small blind) showed [Tc Kd] and lost with a pair of Sevens
Seat 3: Mahu2021 (big blind) showed [2d As] and won (60) with a pair of Sevens



PokerStars Hand #248572182342: Tournament #3708545602, $1.84+$0.16 USD Hold'em No Limit - Level I (10/20) - 2024/01/29 22:16:31 CET [2024/01/29 16:16:31 ET]
Table '3708545602 1' 3-max Seat #2 is the button
Seat 1: lynn474 (480 in chips) 
Seat 2: madroo75 (480 in chips) 
Seat 3: Mahu2021 (540 in chips) 
Mahu2021: posts small blind 10
lynn474: posts big blind 20
*** HOLE CARDS ***
Dealt to Mahu2021 [8d 6c]
madroo75: folds 
Mahu2021: folds 
Uncalled bet (10) returned to lynn474
lynn474 collected 20 from pot
*** SUMMARY ***
Total pot 20 | Rake 0 
Seat 1: lynn474 (big blind) collected (20)
Seat 2: madroo75 (button) folded before Flop (didn't bet)
Seat 3: Mahu2021 (small blind) folded before Flop



PokerStars Hand #248572184234: Tournament #3708545602, $1.84+$0.16 USD Hold'em No Limit - Level I (10/20) - 2024/01/29 22:16:36 CET [2024/01/29 16:16:36 ET]
Table '3708545602 1' 3-max Seat #3 is the button
Seat 1: lynn474 (490 in chips) 
Seat 2: madroo75 (480 in chips) 
Seat 3: Mahu2021 (530 in chips) 
lynn474: posts small blind 10
madroo75: posts big blind 20
*** HOLE CARDS ***
Dealt to Mahu2021 [8d Ks]
Mahu2021: raises 20 to 40
lynn474: calls 30
madroo75: raises 440 to 480 and is all-in
Mahu2021: folds 
lynn474: folds 
Uncalled bet (440) returned to madroo75
madroo75 collected 120 from pot
madroo75: doesn't show hand 
*** SUMMARY ***
Total pot 120 | Rake 0 
Seat 1: lynn474 (small blind) folded before Flop
Seat 2: madroo75 (big blind) collected (120)
Seat 3: Mahu2021 (button) folded before Flop



PokerStars Hand #248572190717: Tournament #3708545602, $1.84+$0.16 USD Hold'em No Limit - Level I (10/20) - 2024/01/29 22:16:52 CET [2024/01/29 16:16:52 ET]
Table '3708545602 1' 3-max Seat #1 is the button
Seat 1: lynn474 (450 in chips) 
Seat 2: madroo75 (560 in chips) 
Seat 3: Mahu2021 (490 in chips) 
madroo75: posts small blind 10
Mahu2021: posts big blind 20
*** HOLE CARDS ***
Dealt to Mahu2021 [Ts 3h]
lynn474: folds 
madroo75: calls 10
Mahu2021: checks 
*** FLOP *** [6h 4h Jd]
madroo75: bets 20
Mahu2021: folds 
Uncalled bet (20) returned to madroo75
madroo75 collected 40 from pot
madroo75: doesn't show hand 
*** SUMMARY ***
Total pot 40 | Rake 0 
Board [6h 4h Jd]
Seat 1: lynn474 (button) folded before Flop (didn't bet)
Seat 2: madroo75 (small blind) collected (40)
Seat 3: Mahu2021 (big blind) folded on the Flop



PokerStars Hand #248572196363: Tournament #3708545602, $1.84+$0.16 USD Hold'em No Limit - Level I (10/20) - 2024/01/29 22:17:06 CET [2024/01/29 16:17:06 ET]
Table '3708545602 1' 3-max Seat #2 is the button
Seat 1: lynn474 (450 in chips) 
Seat 2: madroo75 (580 in chips) 
Seat 3: Mahu2021 (470 in chips) 
Mahu2021: posts small blind 10
lynn474: posts big blind 20
*** HOLE CARDS ***
Dealt to Mahu2021 [4s 7h]
madroo75: folds 
Mahu2021: folds 
Uncalled bet (10) returned to lynn474
lynn474 collected 20 from pot
*** SUMMARY ***
Total pot 20 | Rake 0 
Seat 1: lynn474 (big blind) collected (20)
Seat 2: madroo75 (button) folded before Flop (didn't bet)
Seat 3: Mahu2021 (small blind) folded before Flop



PokerStars Hand #248572198214: Tournament #3708545602, $1.84+$0.16 USD Hold'em No Limit - Level I (10/20) - 2024/01/29 22:17:10 CET [2024/01/29 16:17:10 ET]
Table '3708545602 1' 3-max Seat #3 is the button
Seat 1: lynn474 (460 in chips) 
Seat 2: madroo75 (580 in chips) 
Seat 3: Mahu2021 (460 in chips) 
lynn474: posts small blind 10
madroo75: posts big blind 20
*** HOLE CARDS ***
Dealt to Mahu2021 [2c 8d]
Mahu2021: folds 
lynn474: calls 10
madroo75: checks 
*** FLOP *** [Ad 5d 6c]
lynn474: checks 
madroo75: checks 
*** TURN *** [Ad 5d 6c] [3c]
lynn474: checks 
madroo75: bets 20
lynn474: calls 20
*** RIVER *** [Ad 5d 6c 3c] [8h]
lynn474: checks 
madroo75: bets 120
lynn474: folds 
Uncalled bet (120) returned to madroo75
madroo75 collected 80 from pot
madroo75: doesn't show hand 
*** SUMMARY ***
Total pot 80 | Rake 0 
Board [Ad 5d 6c 3c 8h]
Seat 1: lynn474 (small blind) folded on the River
Seat 2: madroo75 (big blind) collected (80)
Seat 3: Mahu2021 (button) folded before Flop (didn't bet)



PokerStars Hand #248572213595: Tournament #3708545602, $1.84+$0.16 USD Hold'em No Limit - Level I (10/20) - 2024/01/29 22:17:48 CET [2024/01/29 16:17:48 ET]
Table '3708545602 1' 3-max Seat #1 is the button
Seat 1: lynn474 (420 in chips) 
Seat 2: madroo75 (620 in chips) 
Seat 3: Mahu2021 (460 in chips) 
madroo75: posts small blind 10
Mahu2021: posts big blind 20
*** HOLE CARDS ***
Dealt to Mahu2021 [3h 8s]
lynn474: calls 20
madroo75: calls 10
Mahu2021: checks 
*** FLOP *** [Kh 3c Ts]
madroo75: checks 
Mahu2021: checks 
lynn474: checks 
*** TURN *** [Kh 3c Ts] [7d]
madroo75: checks 
Mahu2021: checks 
lynn474: bets 30
madroo75: calls 30
Mahu2021: folds 
*** RIVER *** [Kh 3c Ts 7d] [Ad]
madroo75: checks 
lynn474: checks 
*** SHOW DOWN ***
madroo75: shows [Ks 5h] (a pair of Kings)
lynn474: shows [Kc 9s] (a pair of Kings - Ace+Ten+Nine kicker)
lynn474 collected 120 from pot
*** SUMMARY ***
Total pot 120 | Rake 0 
Board [Kh 3c Ts 7d Ad]
Seat 1: lynn474 (button) showed [Kc 9s] and won (120) with a pair of Kings
Seat 2: madroo75 (small blind) showed [Ks 5h] and lost with a pair of Kings
Seat 3: Mahu2021 (big blind) folded on the Turn



PokerStars Hand #248572225615: Tournament #3708545602, $1.84+$0.16 USD Hold'em No Limit - Level II (15/30) - 2024/01/29 22:18:17 CET [2024/01/29 16:18:17 ET]
Table '3708545602 1' 3-max Seat #2 is the button
Seat 1: lynn474 (490 in chips) 
Seat 2: madroo75 (570 in chips) 
Seat 3: Mahu2021 (440 in chips) 
Mahu2021: posts small blind 15
lynn474: posts big blind 30
*** HOLE CARDS ***
Dealt to Mahu2021 [2c 6h]
madroo75: folds 
Mahu2021: folds 
Uncalled bet (15) returned to lynn474
lynn474 collected 30 from pot
*** SUMMARY ***
Total pot 30 | Rake 0 
Seat 1: lynn474 (big blind) collected (30)
Seat 2: madroo75 (button) folded before Flop (didn't bet)
Seat 3: Mahu2021 (small blind) folded before Flop



PokerStars Hand #248572227409: Tournament #3708545602, $1.84+$0.16 USD Hold'em No Limit - Level II (15/30) - 2024/01/29 22:18:21 CET [2024/01/29 16:18:21 ET]
Table '3708545602 1' 3-max Seat #3 is the button
Seat 1: lynn474 (505 in chips) 
Seat 2: madroo75 (570 in chips) 
Seat 3: Mahu2021 (425 in chips) 
lynn474: posts small blind 15
madroo75: posts big blind 30
*** HOLE CARDS ***
Dealt to Mahu2021 [Kc 2c]
Mahu2021: raises 30 to 60
lynn474: calls 45
madroo75: calls 30
*** FLOP *** [Qd 7s 4h]
lynn474: checks 
madroo75: checks 
Mahu2021: checks 
*** TURN *** [Qd 7s 4h] [Ad]
lynn474: bets 90
madroo75: calls 90
Mahu2021: folds 
*** RIVER *** [Qd 7s 4h Ad] [Ks]
lynn474: bets 60
madroo75: folds 
Uncalled bet (60) returned to lynn474
lynn474 collected 360 from pot
*** SUMMARY ***
Total pot 360 | Rake 0 
Board [Qd 7s 4h Ad Ks]
Seat 1: lynn474 (small blind) collected (360)
Seat 2: madroo75 (big blind) folded on the River
Seat 3: Mahu2021 (button) folded on the Turn



PokerStars Hand #248572242288: Tournament #3708545602, $1.84+$0.16 USD Hold'em No Limit - Level II (15/30) - 2024/01/29 22:18:58 CET [2024/01/29 16:18:58 ET]
Table '3708545602 1' 3-max Seat #1 is the button
Seat 1: lynn474 (715 in chips) 
Seat 2: madroo75 (420 in chips) 
Seat 3: Mahu2021 (365 in chips) 
madroo75: posts small blind 15
Mahu2021: posts big blind 30
*** HOLE CARDS ***
Dealt to Mahu2021 [6c 4c]
lynn474: folds 
madroo75: raises 390 to 420 and is all-in
Mahu2021: folds 
Uncalled bet (390) returned to madroo75
madroo75 collected 60 from pot
madroo75: doesn't show hand 
*** SUMMARY ***
Total pot 60 | Rake 0 
Seat 1: lynn474 (button) folded before Flop (didn't bet)
Seat 2: madroo75 (small blind) collected (60)
Seat 3: Mahu2021 (big blind) folded before Flop



PokerStars Hand #248572247229: Tournament #3708545602, $1.84+$0.16 USD Hold'em No Limit - Level II (15/30) - 2024/01/29 22:19:10 CET [2024/01/29 16:19:10 ET]
Table '3708545602 1' 3-max Seat #2 is the button
Seat 1: lynn474 (715 in chips) 
Seat 2: madroo75 (450 in chips) 
Seat 3: Mahu2021 (335 in chips) 
Mahu2021: posts small blind 15
lynn474: posts big blind 30
*** HOLE CARDS ***
Dealt to Mahu2021 [2s Js]
madroo75: raises 420 to 450 and is all-in
Mahu2021: folds 
lynn474: folds 
Uncalled bet (420) returned to madroo75
madroo75 collected 75 from pot
madroo75: doesn't show hand 
*** SUMMARY ***
Total pot 75 | Rake 0 
Seat 1: lynn474 (big blind) folded before Flop
Seat 2: madroo75 (button) collected (75)
Seat 3: Mahu2021 (small blind) folded before Flop



PokerStars Hand #248572251858: Tournament #3708545602, $1.84+$0.16 USD Hold'em No Limit - Level II (15/30) - 2024/01/29 22:19:21 CET [2024/01/29 16:19:21 ET]
Table '3708545602 1' 3-max Seat #3 is the button
Seat 1: lynn474 (685 in chips) 
Seat 2: madroo75 (495 in chips) 
Seat 3: Mahu2021 (320 in chips) 
lynn474: posts small blind 15
madroo75: posts big blind 30
*** HOLE CARDS ***
Dealt to Mahu2021 [8c 2h]
Mahu2021: folds 
lynn474: calls 15
madroo75: raises 465 to 495 and is all-in
lynn474: calls 465
*** FLOP *** [Td 5c 7c]
*** TURN *** [Td 5c 7c] [4d]
*** RIVER *** [Td 5c 7c 4d] [5d]
*** SHOW DOWN ***
lynn474: shows [Kd 8d] (a flush, King high)
madroo75: shows [As 4c] (two pair, Fives and Fours)
lynn474 collected 990 from pot
madroo75 finished the tournament in 3rd place
*** SUMMARY ***
Total pot 990 | Rake 0 
Board [Td 5c 7c 4d 5d]
Seat 1: lynn474 (small blind) showed [Kd 8d] and won (990) with a flush, King high
Seat 2: madroo75 (big blind) showed [As 4c] and lost with two pair, Fives and Fours
Seat 3: Mahu2021 (button) folded before Flop (didn't bet)



PokerStars Hand #248572261592: Tournament #3708545602, $1.84+$0.16 USD Hold'em No Limit - Level II (15/30) - 2024/01/29 22:19:45 CET [2024/01/29 16:19:45 ET]
Table '3708545602 1' 3-max Seat #1 is the button
Seat 1: lynn474 (1180 in chips) 
Seat 3: Mahu2021 (320 in chips) 
lynn474: posts small blind 15
Mahu2021: posts big blind 30
*** HOLE CARDS ***
Dealt to Mahu2021 [Jc Ad]
lynn474: folds 
Uncalled bet (15) returned to Mahu2021
Mahu2021 collected 30 from pot
Mahu2021: doesn't show hand 
*** SUMMARY ***
Total pot 30 | Rake 0 
Seat 1: lynn474 (button) (small blind) folded before Flop
Seat 3: Mahu2021 (big blind) collected (30)



PokerStars Hand #248572263355: Tournament #3708545602, $1.84+$0.16 USD Hold'em No Limit - Level II (15/30) - 2024/01/29 22:19:49 CET [2024/01/29 16:19:49 ET]
Table '3708545602 1' 3-max Seat #3 is the button
Seat 1: lynn474 (1165 in chips) 
Seat 3: Mahu2021 (335 in chips) 
Mahu2021: posts small blind 15
lynn474: posts big blind 30
*** HOLE CARDS ***
Dealt to Mahu2021 [2c Jh]
Mahu2021: raises 30 to 60
lynn474: calls 30
*** FLOP *** [Kd 4s 8s]
lynn474: checks 
Mahu2021: checks 
*** TURN *** [Kd 4s 8s] [6h]
lynn474: bets 30
Mahu2021: folds 
Uncalled bet (30) returned to lynn474
lynn474 collected 120 from pot
*** SUMMARY ***
Total pot 120 | Rake 0 
Board [Kd 4s 8s 6h]
Seat 1: lynn474 (big blind) collected (120)
Seat 3: Mahu2021 (button) (small blind) folded on the Turn



PokerStars Hand #248572269447: Tournament #3708545602, $1.84+$0.16 USD Hold'em No Limit - Level III (20/40) - 2024/01/29 22:20:05 CET [2024/01/29 16:20:05 ET]
Table '3708545602 1' 3-max Seat #1 is the button
Seat 1: lynn474 (1225 in chips) 
Seat 3: Mahu2021 (275 in chips) 
lynn474: posts small blind 20
Mahu2021: posts big blind 40
*** HOLE CARDS ***
Dealt to Mahu2021 [2c 7c]
lynn474: folds 
Uncalled bet (20) returned to Mahu2021
Mahu2021 collected 40 from pot
Mahu2021: doesn't show hand 
*** SUMMARY ***
Total pot 40 | Rake 0 
Seat 1: lynn474 (button) (small blind) folded before Flop
Seat 3: Mahu2021 (big blind) collected (40)



PokerStars Hand #248572271441: Tournament #3708545602, $1.84+$0.16 USD Hold'em No Limit - Level III (20/40) - 2024/01/29 22:20:09 CET [2024/01/29 16:20:09 ET]
Table '3708545602 1' 3-max Seat #3 is the button
Seat 1: lynn474 (1205 in chips) 
Seat 3: Mahu2021 (295 in chips) 
Mahu2021: posts small blind 20
lynn474: posts big blind 40
*** HOLE CARDS ***
Dealt to Mahu2021 [7d 9d]
Mahu2021: calls 20
lynn474: checks 
*** FLOP *** [Js 3c Ad]
lynn474: checks 
Mahu2021: checks 
*** TURN *** [Js 3c Ad] [Th]
lynn474: checks 
Mahu2021: bets 40
lynn474: folds 
Uncalled bet (40) returned to Mahu2021
Mahu2021 collected 80 from pot
Mahu2021: doesn't show hand 
*** SUMMARY ***
Total pot 80 | Rake 0 
Board [Js 3c Ad Th]
Seat 1: lynn474 (big blind) folded on the Turn
Seat 3: Mahu2021 (button) (small blind) collected (80)



PokerStars Hand #248572276751: Tournament #3708545602, $1.84+$0.16 USD Hold'em No Limit - Level III (20/40) - 2024/01/29 22:20:22 CET [2024/01/29 16:20:22 ET]
Table '3708545602 1' 3-max Seat #1 is the button
Seat 1: lynn474 (1165 in chips) 
Seat 3: Mahu2021 (335 in chips) 
lynn474: posts small blind 20
Mahu2021: posts big blind 40
*** HOLE CARDS ***
Dealt to Mahu2021 [9c Tc]
lynn474: calls 20
Mahu2021: checks 
*** FLOP *** [4h Ac 5d]
Mahu2021: checks 
lynn474: bets 40
Mahu2021: folds 
Uncalled bet (40) returned to lynn474
lynn474 collected 80 from pot
*** SUMMARY ***
Total pot 80 | Rake 0 
Board [4h Ac 5d]
Seat 1: lynn474 (button) (small blind) collected (80)
Seat 3: Mahu2021 (big blind) folded on the Flop



PokerStars Hand #248572280664: Tournament #3708545602, $1.84+$0.16 USD Hold'em No Limit - Level III (20/40) - 2024/01/29 22:20:32 CET [2024/01/29 16:20:32 ET]
Table '3708545602 1' 3-max Seat #3 is the button
Seat 1: lynn474 (1205 in chips) 
Seat 3: Mahu2021 (295 in chips) 
Mahu2021: posts small blind 20
lynn474: posts big blind 40
*** HOLE CARDS ***
Dealt to Mahu2021 [4c 9d]
Mahu2021: folds 
Uncalled bet (20) returned to lynn474
lynn474 collected 40 from pot
*** SUMMARY ***
Total pot 40 | Rake 0 
Seat 1: lynn474 (big blind) collected (40)
Seat 3: Mahu2021 (button) (small blind) folded before Flop



PokerStars Hand #248572282424: Tournament #3708545602, $1.84+$0.16 USD Hold'em No Limit - Level III (20/40) - 2024/01/29 22:20:36 CET [2024/01/29 16:20:36 ET]
Table '3708545602 1' 3-max Seat #1 is the button
Seat 1: lynn474 (1225 in chips) 
Seat 3: Mahu2021 (275 in chips) 
lynn474: posts small blind 20
Mahu2021: posts big blind 40
*** HOLE CARDS ***
Dealt to Mahu2021 [Kh Jc]
lynn474: folds 
Uncalled bet (20) returned to Mahu2021
Mahu2021 collected 40 from pot
Mahu2021: doesn't show hand 
*** SUMMARY ***
Total pot 40 | Rake 0 
Seat 1: lynn474 (button) (small blind) folded before Flop
Seat 3: Mahu2021 (big blind) collected (40)



PokerStars Hand #248572284238: Tournament #3708545602, $1.84+$0.16 USD Hold'em No Limit - Level III (20/40) - 2024/01/29 22:20:41 CET [2024/01/29 16:20:41 ET]
Table '3708545602 1' 3-max Seat #3 is the button
Seat 1: lynn474 (1205 in chips) 
Seat 3: Mahu2021 (295 in chips) 
Mahu2021: posts small blind 20
lynn474: posts big blind 40
*** HOLE CARDS ***
Dealt to Mahu2021 [4c Tc]
Mahu2021: folds 
Uncalled bet (20) returned to lynn474
lynn474 collected 40 from pot
*** SUMMARY ***
Total pot 40 | Rake 0 
Seat 1: lynn474 (big blind) collected (40)
Seat 3: Mahu2021 (button) (small blind) folded before Flop



PokerStars Hand #248572286164: Tournament #3708545602, $1.84+$0.16 USD Hold'em No Limit - Level III (20/40) - 2024/01/29 22:20:45 CET [2024/01/29 16:20:45 ET]
Table '3708545602 1' 3-max Seat #1 is the button
Seat 1: lynn474 (1225 in chips) 
Seat 3: Mahu2021 (275 in chips) 
lynn474: posts small blind 20
Mahu2021: posts big blind 40
*** HOLE CARDS ***
Dealt to Mahu2021 [Js 7h]
lynn474: calls 20
Mahu2021: checks 
*** FLOP *** [Qd 4h Jd]
Mahu2021: bets 40
lynn474: calls 40
*** TURN *** [Qd 4h Jd] [Ts]
Mahu2021: bets 40
lynn474: calls 40
*** RIVER *** [Qd 4h Jd Ts] [Ac]
Mahu2021: bets 40
lynn474: folds 
Uncalled bet (40) returned to Mahu2021
Mahu2021 collected 240 from pot
Mahu2021: doesn't show hand 
*** SUMMARY ***
Total pot 240 | Rake 0 
Board [Qd 4h Jd Ts Ac]
Seat 1: lynn474 (button) (small blind) folded on the River
Seat 3: Mahu2021 (big blind) collected (240)



PokerStars Hand #248572294224: Tournament #3708545602, $1.84+$0.16 USD Hold'em No Limit - Level III (20/40) - 2024/01/29 22:21:05 CET [2024/01/29 16:21:05 ET]
Table '3708545602 1' 3-max Seat #3 is the button
Seat 1: lynn474 (1105 in chips) 
Seat 3: Mahu2021 (395 in chips) 
Mahu2021: posts small blind 20
lynn474: posts big blind 40
*** HOLE CARDS ***
Dealt to Mahu2021 [7d Ts]
Mahu2021: folds 
Uncalled bet (20) returned to lynn474
lynn474 collected 40 from pot
*** SUMMARY ***
Total pot 40 | Rake 0 
Seat 1: lynn474 (big blind) collected (40)
Seat 3: Mahu2021 (button) (small blind) folded before Flop



PokerStars Hand #248572295956: Tournament #3708545602, $1.84+$0.16 USD Hold'em No Limit - Level III (20/40) - 2024/01/29 22:21:09 CET [2024/01/29 16:21:09 ET]
Table '3708545602 1' 3-max Seat #1 is the button
Seat 1: lynn474 (1125 in chips) 
Seat 3: Mahu2021 (375 in chips) 
lynn474: posts small blind 20
Mahu2021: posts big blind 40
*** HOLE CARDS ***
Dealt to Mahu2021 [4s 7d]
lynn474: folds 
Uncalled bet (20) returned to Mahu2021
Mahu2021 collected 40 from pot
Mahu2021: doesn't show hand 
*** SUMMARY ***
Total pot 40 | Rake 0 
Seat 1: lynn474 (button) (small blind) folded before Flop
Seat 3: Mahu2021 (big blind) collected (40)



PokerStars Hand #248572297827: Tournament #3708545602, $1.84+$0.16 USD Hold'em No Limit - Level III (20/40) - 2024/01/29 22:21:14 CET [2024/01/29 16:21:14 ET]
Table '3708545602 1' 3-max Seat #3 is the button
Seat 1: lynn474 (1105 in chips) 
Seat 3: Mahu2021 (395 in chips) 
Mahu2021: posts small blind 20
lynn474: posts big blind 40
*** HOLE CARDS ***
Dealt to Mahu2021 [Jd 7d]
Mahu2021: calls 20
lynn474: checks 
*** FLOP *** [7h Kd 9s]
lynn474: checks 
Mahu2021: bets 40
lynn474: folds 
Uncalled bet (40) returned to Mahu2021
Mahu2021 collected 80 from pot
Mahu2021: doesn't show hand 
*** SUMMARY ***
Total pot 80 | Rake 0 
Board [7h Kd 9s]
Seat 1: lynn474 (big blind) folded on the Flop
Seat 3: Mahu2021 (button) (small blind) collected (80)



PokerStars Hand #248572305352: Tournament #3708545602, $1.84+$0.16 USD Hold'em No Limit - Level III (20/40) - 2024/01/29 22:21:32 CET [2024/01/29 16:21:32 ET]
Table '3708545602 1' 3-max Seat #1 is the button
Seat 1: lynn474 (1065 in chips) 
Seat 3: Mahu2021 (435 in chips) 
lynn474: posts small blind 20
Mahu2021: posts big blind 40
*** HOLE CARDS ***
Dealt to Mahu2021 [6h 7d]
lynn474: calls 20
Mahu2021: checks 
*** FLOP *** [6c Kd 7s]
Mahu2021: bets 40
lynn474: calls 40
*** TURN *** [6c Kd 7s] [Kh]
Mahu2021: bets 40
lynn474: folds 
Uncalled bet (40) returned to Mahu2021
Mahu2021 collected 160 from pot
Mahu2021: doesn't show hand 
*** SUMMARY ***
Total pot 160 | Rake 0 
Board [6c Kd 7s Kh]
Seat 1: lynn474 (button) (small blind) folded on the Turn
Seat 3: Mahu2021 (big blind) collected (160)



PokerStars Hand #248572311149: Tournament #3708545602, $1.84+$0.16 USD Hold'em No Limit - Level III (20/40) - 2024/01/29 22:21:47 CET [2024/01/29 16:21:47 ET]
Table '3708545602 1' 3-max Seat #3 is the button
Seat 1: lynn474 (985 in chips) 
Seat 3: Mahu2021 (515 in chips) 
Mahu2021: posts small blind 20
lynn474: posts big blind 40
*** HOLE CARDS ***
Dealt to Mahu2021 [Tc 2d]
Mahu2021: folds 
Uncalled bet (20) returned to lynn474
lynn474 collected 40 from pot
*** SUMMARY ***
Total pot 40 | Rake 0 
Seat 1: lynn474 (big blind) collected (40)
Seat 3: Mahu2021 (button) (small blind) folded before Flop



PokerStars Hand #248572312969: Tournament #3708545602, $1.84+$0.16 USD Hold'em No Limit - Level III (20/40) - 2024/01/29 22:21:51 CET [2024/01/29 16:21:51 ET]
Table '3708545602 1' 3-max Seat #1 is the button
Seat 1: lynn474 (1005 in chips) 
Seat 3: Mahu2021 (495 in chips) 
lynn474: posts small blind 20
Mahu2021: posts big blind 40
*** HOLE CARDS ***
Dealt to Mahu2021 [9c 7c]
lynn474: calls 20
Mahu2021: checks 
*** FLOP *** [6d Qd 6c]
Mahu2021: checks 
lynn474: checks 
*** TURN *** [6d Qd 6c] [9d]
Mahu2021: bets 40
lynn474: folds 
Uncalled bet (40) returned to Mahu2021
Mahu2021 collected 80 from pot
Mahu2021: doesn't show hand 
*** SUMMARY ***
Total pot 80 | Rake 0 
Board [6d Qd 6c 9d]
Seat 1: lynn474 (button) (small blind) folded on the Turn
Seat 3: Mahu2021 (big blind) collected (80)



PokerStars Hand #248572321676: Tournament #3708545602, $1.84+$0.16 USD Hold'em No Limit - Level IV (30/60) - 2024/01/29 22:22:12 CET [2024/01/29 16:22:12 ET]
Table '3708545602 1' 3-max Seat #3 is the button
Seat 1: lynn474 (965 in chips) 
Seat 3: Mahu2021 (535 in chips) 
Mahu2021: posts small blind 30
lynn474: posts big blind 60
*** HOLE CARDS ***
Dealt to Mahu2021 [Th 9d]
Mahu2021: calls 30
lynn474: checks 
*** FLOP *** [2s Kh 7d]
lynn474: checks 
Mahu2021: bets 60
lynn474: folds 
Uncalled bet (60) returned to Mahu2021
Mahu2021 collected 120 from pot
Mahu2021: doesn't show hand 
*** SUMMARY ***
Total pot 120 | Rake 0 
Board [2s Kh 7d]
Seat 1: lynn474 (big blind) folded on the Flop
Seat 3: Mahu2021 (button) (small blind) collected (120)



PokerStars Hand #248572327724: Tournament #3708545602, $1.84+$0.16 USD Hold'em No Limit - Level IV (30/60) - 2024/01/29 22:22:27 CET [2024/01/29 16:22:27 ET]
Table '3708545602 1' 3-max Seat #1 is the button
Seat 1: lynn474 (905 in chips) 
Seat 3: Mahu2021 (595 in chips) 
lynn474: posts small blind 30
Mahu2021: posts big blind 60
*** HOLE CARDS ***
Dealt to Mahu2021 [3h Td]
lynn474: folds 
Uncalled bet (30) returned to Mahu2021
Mahu2021 collected 60 from pot
Mahu2021: doesn't show hand 
*** SUMMARY ***
Total pot 60 | Rake 0 
Seat 1: lynn474 (button) (small blind) folded before Flop
Seat 3: Mahu2021 (big blind) collected (60)



PokerStars Hand #248572329512: Tournament #3708545602, $1.84+$0.16 USD Hold'em No Limit - Level IV (30/60) - 2024/01/29 22:22:31 CET [2024/01/29 16:22:31 ET]
Table '3708545602 1' 3-max Seat #3 is the button
Seat 1: lynn474 (875 in chips) 
Seat 3: Mahu2021 (625 in chips) 
Mahu2021: posts small blind 30
lynn474: posts big blind 60
*** HOLE CARDS ***
Dealt to Mahu2021 [8d Qs]
Mahu2021: calls 30
lynn474: raises 815 to 875 and is all-in
Mahu2021: folds 
Uncalled bet (815) returned to lynn474
lynn474 collected 120 from pot
*** SUMMARY ***
Total pot 120 | Rake 0 
Seat 1: lynn474 (big blind) collected (120)
Seat 3: Mahu2021 (button) (small blind) folded before Flop



PokerStars Hand #248572333046: Tournament #3708545602, $1.84+$0.16 USD Hold'em No Limit - Level IV (30/60) - 2024/01/29 22:22:39 CET [2024/01/29 16:22:39 ET]
Table '3708545602 1' 3-max Seat #1 is the button
Seat 1: lynn474 (935 in chips) 
Seat 3: Mahu2021 (565 in chips) 
lynn474: posts small blind 30
Mahu2021: posts big blind 60
*** HOLE CARDS ***
Dealt to Mahu2021 [As 9h]
lynn474: calls 30
Mahu2021: raises 120 to 180
lynn474: calls 120
*** FLOP *** [2h Js Qc]
Mahu2021: checks 
lynn474: bets 180
Mahu2021: folds 
Uncalled bet (180) returned to lynn474
lynn474 collected 360 from pot
*** SUMMARY ***
Total pot 360 | Rake 0 
Board [2h Js Qc]
Seat 1: lynn474 (button) (small blind) collected (360)
Seat 3: Mahu2021 (big blind) folded on the Flop



PokerStars Hand #248572338334: Tournament #3708545602, $1.84+$0.16 USD Hold'em No Limit - Level IV (30/60) - 2024/01/29 22:22:52 CET [2024/01/29 16:22:52 ET]
Table '3708545602 1' 3-max Seat #3 is the button
Seat 1: lynn474 (1115 in chips) 
Seat 3: Mahu2021 (385 in chips) 
Mahu2021: posts small blind 30
lynn474: posts big blind 60
*** HOLE CARDS ***
Dealt to Mahu2021 [4s Kh]
Mahu2021: calls 30
lynn474: checks 
*** FLOP *** [Ks 5c 3s]
lynn474: checks 
Mahu2021: bets 60
lynn474: calls 60
*** TURN *** [Ks 5c 3s] [6c]
lynn474: checks 
Mahu2021: bets 60
lynn474: calls 60
*** RIVER *** [Ks 5c 3s 6c] [3c]
lynn474: checks 
Mahu2021: bets 60
lynn474: folds 
Uncalled bet (60) returned to Mahu2021
Mahu2021 collected 360 from pot
Mahu2021: doesn't show hand 
*** SUMMARY ***
Total pot 360 | Rake 0 
Board [Ks 5c 3s 6c 3c]
Seat 1: lynn474 (big blind) folded on the River
Seat 3: Mahu2021 (button) (small blind) collected (360)



PokerStars Hand #248572346153: Tournament #3708545602, $1.84+$0.16 USD Hold'em No Limit - Level IV (30/60) - 2024/01/29 22:23:11 CET [2024/01/29 16:23:11 ET]
Table '3708545602 1' 3-max Seat #1 is the button
Seat 1: lynn474 (935 in chips) 
Seat 3: Mahu2021 (565 in chips) 
lynn474: posts small blind 30
Mahu2021: posts big blind 60
*** HOLE CARDS ***
Dealt to Mahu2021 [Jh 6c]
lynn474: calls 30
Mahu2021: checks 
*** FLOP *** [Ad 2s 8c]
Mahu2021: checks 
lynn474: bets 60
Mahu2021: folds 
Uncalled bet (60) returned to lynn474
lynn474 collected 120 from pot
*** SUMMARY ***
Total pot 120 | Rake 0 
Board [Ad 2s 8c]
Seat 1: lynn474 (button) (small blind) collected (120)
Seat 3: Mahu2021 (big blind) folded on the Flop



PokerStars Hand #248572350404: Tournament #3708545602, $1.84+$0.16 USD Hold'em No Limit - Level IV (30/60) - 2024/01/29 22:23:22 CET [2024/01/29 16:23:22 ET]
Table '3708545602 1' 3-max Seat #3 is the button
Seat 1: lynn474 (995 in chips) 
Seat 3: Mahu2021 (505 in chips) 
Mahu2021: posts small blind 30
lynn474: posts big blind 60
*** HOLE CARDS ***
Dealt to Mahu2021 [Td Ac]
Mahu2021: raises 120 to 180
lynn474: folds 
Uncalled bet (120) returned to Mahu2021
Mahu2021 collected 120 from pot
Mahu2021: doesn't show hand 
*** SUMMARY ***
Total pot 120 | Rake 0 
Seat 1: lynn474 (big blind) folded before Flop
Seat 3: Mahu2021 (button) (small blind) collected (120)



PokerStars Hand #248572352989: Tournament #3708545602, $1.84+$0.16 USD Hold'em No Limit - Level IV (30/60) - 2024/01/29 22:23:28 CET [2024/01/29 16:23:28 ET]
Table '3708545602 1' 3-max Seat #1 is the button
Seat 1: lynn474 (935 in chips) 
Seat 3: Mahu2021 (565 in chips) 
lynn474: posts small blind 30
Mahu2021: posts big blind 60
*** HOLE CARDS ***
Dealt to Mahu2021 [9d 5h]
lynn474: calls 30
Mahu2021: checks 
*** FLOP *** [Kd Qd 4d]
Mahu2021: checks 
lynn474: checks 
*** TURN *** [Kd Qd 4d] [9c]
Mahu2021: bets 60
lynn474: calls 60
*** RIVER *** [Kd Qd 4d 9c] [Ts]
Mahu2021: checks 
lynn474: checks 
*** SHOW DOWN ***
Mahu2021: shows [9d 5h] (a pair of Nines)
lynn474: shows [3d Th] (a pair of Tens)
lynn474 collected 240 from pot
*** SUMMARY ***
Total pot 240 | Rake 0 
Board [Kd Qd 4d 9c Ts]
Seat 1: lynn474 (button) (small blind) showed [3d Th] and won (240) with a pair of Tens
Seat 3: Mahu2021 (big blind) showed [9d 5h] and lost with a pair of Nines



PokerStars Hand #248572360640: Tournament #3708545602, $1.84+$0.16 USD Hold'em No Limit - Level IV (30/60) - 2024/01/29 22:23:47 CET [2024/01/29 16:23:47 ET]
Table '3708545602 1' 3-max Seat #3 is the button
Seat 1: lynn474 (1055 in chips) 
Seat 3: Mahu2021 (445 in chips) 
Mahu2021: posts small blind 30
lynn474: posts big blind 60
*** HOLE CARDS ***
Dealt to Mahu2021 [Qd As]
Mahu2021: raises 120 to 180
lynn474: folds 
Uncalled bet (120) returned to Mahu2021
Mahu2021 collected 120 from pot
Mahu2021: doesn't show hand 
*** SUMMARY ***
Total pot 120 | Rake 0 
Seat 1: lynn474 (big blind) folded before Flop
Seat 3: Mahu2021 (button) (small blind) collected (120)



PokerStars Hand #248572363378: Tournament #3708545602, $1.84+$0.16 USD Hold'em No Limit - Level IV (30/60) - 2024/01/29 22:23:53 CET [2024/01/29 16:23:53 ET]
Table '3708545602 1' 3-max Seat #1 is the button
Seat 1: lynn474 (995 in chips) 
Seat 3: Mahu2021 (505 in chips) 
lynn474: posts small blind 30
Mahu2021: posts big blind 60
*** HOLE CARDS ***
Dealt to Mahu2021 [8s Js]
lynn474: folds 
Uncalled bet (30) returned to Mahu2021
Mahu2021 collected 60 from pot
Mahu2021: doesn't show hand 
*** SUMMARY ***
Total pot 60 | Rake 0 
Seat 1: lynn474 (button) (small blind) folded before Flop
Seat 3: Mahu2021 (big blind) collected (60)



PokerStars Hand #248572365516: Tournament #3708545602, $1.84+$0.16 USD Hold'em No Limit - Level IV (30/60) - 2024/01/29 22:23:58 CET [2024/01/29 16:23:58 ET]
Table '3708545602 1' 3-max Seat #3 is the button
Seat 1: lynn474 (965 in chips) 
Seat 3: Mahu2021 (535 in chips) 
Mahu2021: posts small blind 30
lynn474: posts big blind 60
*** HOLE CARDS ***
Dealt to Mahu2021 [6d 4h]
Mahu2021: calls 30
lynn474: checks 
*** FLOP *** [Td Ah 8h]
lynn474: bets 60
Mahu2021: folds 
Uncalled bet (60) returned to lynn474
lynn474 collected 120 from pot
*** SUMMARY ***
Total pot 120 | Rake 0 
Board [Td Ah 8h]
Seat 1: lynn474 (big blind) collected (120)
Seat 3: Mahu2021 (button) (small blind) folded on the Flop



PokerStars Hand #248572370612: Tournament #3708545602, $1.84+$0.16 USD Hold'em No Limit - Level V (40/80) - 2024/01/29 22:24:11 CET [2024/01/29 16:24:11 ET]
Table '3708545602 1' 3-max Seat #1 is the button
Seat 1: lynn474 (1025 in chips) 
Seat 3: Mahu2021 (475 in chips) 
lynn474: posts small blind 40
Mahu2021: posts big blind 80
*** HOLE CARDS ***
Dealt to Mahu2021 [2c 8c]
lynn474: folds 
Uncalled bet (40) returned to Mahu2021
Mahu2021 collected 80 from pot
Mahu2021: doesn't show hand 
*** SUMMARY ***
Total pot 80 | Rake 0 
Seat 1: lynn474 (button) (small blind) folded before Flop
Seat 3: Mahu2021 (big blind) collected (80)



PokerStars Hand #248572374224: Tournament #3708545602, $1.84+$0.16 USD Hold'em No Limit - Level V (40/80) - 2024/01/29 22:24:20 CET [2024/01/29 16:24:20 ET]
Table '3708545602 1' 3-max Seat #3 is the button
Seat 1: lynn474 (985 in chips) 
Seat 3: Mahu2021 (515 in chips) 
Mahu2021: posts small blind 40
lynn474: posts big blind 80
*** HOLE CARDS ***
Dealt to Mahu2021 [9c Js]
Mahu2021: raises 160 to 240
lynn474: folds 
Uncalled bet (160) returned to Mahu2021
Mahu2021 collected 160 from pot
Mahu2021: doesn't show hand 
*** SUMMARY ***
Total pot 160 | Rake 0 
Seat 1: lynn474 (big blind) folded before Flop
Seat 3: Mahu2021 (button) (small blind) collected (160)



PokerStars Hand #248572377209: Tournament #3708545602, $1.84+$0.16 USD Hold'em No Limit - Level V (40/80) - 2024/01/29 22:24:27 CET [2024/01/29 16:24:27 ET]
Table '3708545602 1' 3-max Seat #1 is the button
Seat 1: lynn474 (905 in chips) 
Seat 3: Mahu2021 (595 in chips) 
lynn474: posts small blind 40
Mahu2021: posts big blind 80
*** HOLE CARDS ***
Dealt to Mahu2021 [7h 4c]
lynn474: calls 40
Mahu2021: checks 
*** FLOP *** [4h Th Ad]
Mahu2021: checks 
lynn474: checks 
*** TURN *** [4h Th Ad] [9h]
Mahu2021: checks 
lynn474: checks 
*** RIVER *** [4h Th Ad 9h] [Jh]
Mahu2021: checks 
lynn474: checks 
*** SHOW DOWN ***
Mahu2021: shows [7h 4c] (a flush, Jack high)
lynn474: mucks hand 
Mahu2021 collected 160 from pot
*** SUMMARY ***
Total pot 160 | Rake 0 
Board [4h Th Ad 9h Jh]
Seat 1: lynn474 (button) (small blind) mucked [2h Kc]
Seat 3: Mahu2021 (big blind) showed [7h 4c] and won (160) with a flush, Jack high



PokerStars Hand #248572383096: Tournament #3708545602, $1.84+$0.16 USD Hold'em No Limit - Level V (40/80) - 2024/01/29 22:24:41 CET [2024/01/29 16:24:41 ET]
Table '3708545602 1' 3-max Seat #3 is the button
Seat 1: lynn474 (825 in chips) 
Seat 3: Mahu2021 (675 in chips) 
Mahu2021: posts small blind 40
lynn474: posts big blind 80
*** HOLE CARDS ***
Dealt to Mahu2021 [4c Qd]
Mahu2021: calls 40
lynn474: checks 
*** FLOP *** [2s 9h Jc]
lynn474: checks 
Mahu2021: checks 
*** TURN *** [2s 9h Jc] [Kh]
lynn474: checks 
Mahu2021: bets 80
lynn474: folds 
Uncalled bet (80) returned to Mahu2021
Mahu2021 collected 160 from pot
Mahu2021: doesn't show hand 
*** SUMMARY ***
Total pot 160 | Rake 0 
Board [2s 9h Jc Kh]
Seat 1: lynn474 (big blind) folded on the Turn
Seat 3: Mahu2021 (button) (small blind) collected (160)



PokerStars Hand #248572388611: Tournament #3708545602, $1.84+$0.16 USD Hold'em No Limit - Level V (40/80) - 2024/01/29 22:24:55 CET [2024/01/29 16:24:55 ET]
Table '3708545602 1' 3-max Seat #1 is the button
Seat 1: lynn474 (745 in chips) 
Seat 3: Mahu2021 (755 in chips) 
lynn474: posts small blind 40
Mahu2021: posts big blind 80
*** HOLE CARDS ***
Dealt to Mahu2021 [4s 9s]
lynn474: folds 
Uncalled bet (40) returned to Mahu2021
Mahu2021 collected 80 from pot
Mahu2021: doesn't show hand 
*** SUMMARY ***
Total pot 80 | Rake 0 
Seat 1: lynn474 (button) (small blind) folded before Flop
Seat 3: Mahu2021 (big blind) collected (80)



PokerStars Hand #248572390649: Tournament #3708545602, $1.84+$0.16 USD Hold'em No Limit - Level V (40/80) - 2024/01/29 22:25:00 CET [2024/01/29 16:25:00 ET]
Table '3708545602 1' 3-max Seat #3 is the button
Seat 1: lynn474 (705 in chips) 
Seat 3: Mahu2021 (795 in chips) 
Mahu2021: posts small blind 40
lynn474: posts big blind 80
*** HOLE CARDS ***
Dealt to Mahu2021 [4d 2h]
Mahu2021: calls 40
lynn474: checks 
*** FLOP *** [Ah 7h Qd]
lynn474: checks 
Mahu2021: bets 80
lynn474: folds 
Uncalled bet (80) returned to Mahu2021
Mahu2021 collected 160 from pot
Mahu2021: doesn't show hand 
*** SUMMARY ***
Total pot 160 | Rake 0 
Board [Ah 7h Qd]
Seat 1: lynn474 (big blind) folded on the Flop
Seat 3: Mahu2021 (button) (small blind) collected (160)



PokerStars Hand #248572394833: Tournament #3708545602, $1.84+$0.16 USD Hold'em No Limit - Level V (40/80) - 2024/01/29 22:25:10 CET [2024/01/29 16:25:10 ET]
Table '3708545602 1' 3-max Seat #1 is the button
Seat 1: lynn474 (625 in chips) 
Seat 3: Mahu2021 (875 in chips) 
lynn474: posts small blind 40
Mahu2021: posts big blind 80
*** HOLE CARDS ***
Dealt to Mahu2021 [5d 4h]
lynn474: raises 160 to 240
Mahu2021: folds 
Uncalled bet (160) returned to lynn474
lynn474 collected 160 from pot
*** SUMMARY ***
Total pot 160 | Rake 0 
Seat 1: lynn474 (button) (small blind) collected (160)
Seat 3: Mahu2021 (big blind) folded before Flop



PokerStars Hand #248572397786: Tournament #3708545602, $1.84+$0.16 USD Hold'em No Limit - Level V (40/80) - 2024/01/29 22:25:17 CET [2024/01/29 16:25:17 ET]
Table '3708545602 1' 3-max Seat #3 is the button
Seat 1: lynn474 (705 in chips) 
Seat 3: Mahu2021 (795 in chips) 
Mahu2021: posts small blind 40
lynn474: posts big blind 80
*** HOLE CARDS ***
Dealt to Mahu2021 [3c 7h]
Mahu2021: folds 
Uncalled bet (40) returned to lynn474
lynn474 collected 80 from pot
*** SUMMARY ***
Total pot 80 | Rake 0 
Seat 1: lynn474 (big blind) collected (80)
Seat 3: Mahu2021 (button) (small blind) folded before Flop



PokerStars Hand #248572399570: Tournament #3708545602, $1.84+$0.16 USD Hold'em No Limit - Level V (40/80) - 2024/01/29 22:25:22 CET [2024/01/29 16:25:22 ET]
Table '3708545602 1' 3-max Seat #1 is the button
Seat 1: lynn474 (745 in chips) 
Seat 3: Mahu2021 (755 in chips) 
lynn474: posts small blind 40
Mahu2021: posts big blind 80
*** HOLE CARDS ***
Dealt to Mahu2021 [Qd 3d]
lynn474: calls 40
Mahu2021: checks 
*** FLOP *** [7d Td Qs]
Mahu2021: bets 80
lynn474: calls 80
*** TURN *** [7d Td Qs] [2d]
Mahu2021: bets 80
lynn474: calls 80
*** RIVER *** [7d Td Qs 2d] [7h]
Mahu2021: bets 80
lynn474: calls 80
*** SHOW DOWN ***
Mahu2021: shows [Qd 3d] (a flush, Queen high)
lynn474: mucks hand 
Mahu2021 collected 640 from pot
*** SUMMARY ***
Total pot 640 | Rake 0 
Board [7d Td Qs 2d 7h]
Seat 1: lynn474 (button) (small blind) mucked [Kh Jd]
Seat 3: Mahu2021 (big blind) showed [Qd 3d] and won (640) with a flush, Queen high



PokerStars Hand #248572405999: Tournament #3708545602, $1.84+$0.16 USD Hold'em No Limit - Level V (40/80) - 2024/01/29 22:25:37 CET [2024/01/29 16:25:37 ET]
Table '3708545602 1' 3-max Seat #3 is the button
Seat 1: lynn474 (425 in chips) 
Seat 3: Mahu2021 (1075 in chips) 
Mahu2021: posts small blind 40
lynn474: posts big blind 80
*** HOLE CARDS ***
Dealt to Mahu2021 [9c 4s]
Mahu2021: folds 
Uncalled bet (40) returned to lynn474
lynn474 collected 80 from pot
*** SUMMARY ***
Total pot 80 | Rake 0 
Seat 1: lynn474 (big blind) collected (80)
Seat 3: Mahu2021 (button) (small blind) folded before Flop



PokerStars Hand #248572407950: Tournament #3708545602, $1.84+$0.16 USD Hold'em No Limit - Level V (40/80) - 2024/01/29 22:25:42 CET [2024/01/29 16:25:42 ET]
Table '3708545602 1' 3-max Seat #1 is the button
Seat 1: lynn474 (465 in chips) 
Seat 3: Mahu2021 (1035 in chips) 
lynn474: posts small blind 40
Mahu2021: posts big blind 80
*** HOLE CARDS ***
Dealt to Mahu2021 [5s Tc]
lynn474: raises 385 to 465 and is all-in
Mahu2021: folds 
Uncalled bet (385) returned to lynn474
lynn474 collected 160 from pot
*** SUMMARY ***
Total pot 160 | Rake 0 
Seat 1: lynn474 (button) (small blind) collected (160)
Seat 3: Mahu2021 (big blind) folded before Flop



PokerStars Hand #248572410637: Tournament #3708545602, $1.84+$0.16 USD Hold'em No Limit - Level V (40/80) - 2024/01/29 22:25:49 CET [2024/01/29 16:25:49 ET]
Table '3708545602 1' 3-max Seat #3 is the button
Seat 1: lynn474 (545 in chips) 
Seat 3: Mahu2021 (955 in chips) 
Mahu2021: posts small blind 40
lynn474: posts big blind 80
*** HOLE CARDS ***
Dealt to Mahu2021 [Th 3h]
Mahu2021: calls 40
lynn474: raises 465 to 545 and is all-in
Mahu2021: folds 
Uncalled bet (465) returned to lynn474
lynn474 collected 160 from pot
*** SUMMARY ***
Total pot 160 | Rake 0 
Seat 1: lynn474 (big blind) collected (160)
Seat 3: Mahu2021 (button) (small blind) folded before Flop



PokerStars Hand #248572413863: Tournament #3708545602, $1.84+$0.16 USD Hold'em No Limit - Level V (40/80) - 2024/01/29 22:25:57 CET [2024/01/29 16:25:57 ET]
Table '3708545602 1' 3-max Seat #1 is the button
Seat 1: lynn474 (625 in chips) 
Seat 3: Mahu2021 (875 in chips) 
lynn474: posts small blind 40
Mahu2021: posts big blind 80
*** HOLE CARDS ***
Dealt to Mahu2021 [Jd 2h]
lynn474: folds 
Uncalled bet (40) returned to Mahu2021
Mahu2021 collected 80 from pot
Mahu2021: doesn't show hand 
*** SUMMARY ***
Total pot 80 | Rake 0 
Seat 1: lynn474 (button) (small blind) folded before Flop
Seat 3: Mahu2021 (big blind) collected (80)



