PokerStars Hand #248876153044: Tournament #3715656512, $4.60+$0.40 USD Hold'em No Limit - Level I (10/20) - 2024/02/14 17:24:50 CET [2024/02/14 11:24:50 ET]
Table '3715656512 1' 3-max Seat #1 is the button
Seat 1: Sergejluga (500 in chips) 
Seat 2: nek12345 (500 in chips) 
Seat 3: Mahu2021 (500 in chips) 
nek12345: posts small blind 10
Mahu2021: posts big blind 20
*** HOLE CARDS ***
Dealt to Mahu2021 [8c 5d]
Sergejluga: raises 20 to 40
nek12345: raises 70 to 110
Mahu2021: folds 
Sergejluga: calls 70
*** FLOP *** [2h Tc 5s]
nek12345: bets 100
Sergejluga: folds 
Uncalled bet (100) returned to nek12345
nek12345 collected 240 from pot
nek12345: doesn't show hand 
*** SUMMARY ***
Total pot 240 | Rake 0 
Board [2h Tc 5s]
Seat 1: Sergejluga (button) folded on the Flop
Seat 2: nek12345 (small blind) collected (240)
Seat 3: Mahu2021 (big blind) folded before Flop



PokerStars Hand #248876160375: Tournament #3715656512, $4.60+$0.40 USD Hold'em No Limit - Level I (10/20) - 2024/02/14 17:25:19 CET [2024/02/14 11:25:19 ET]
Table '3715656512 1' 3-max Seat #2 is the button
Seat 1: Sergejluga (390 in chips) 
Seat 2: nek12345 (630 in chips) 
Seat 3: Mahu2021 (480 in chips) 
Mahu2021: posts small blind 10
Sergejluga: posts big blind 20
*** HOLE CARDS ***
Dealt to Mahu2021 [5d Jh]
nek12345: folds 
Mahu2021: folds 
Uncalled bet (10) returned to Sergejluga
Sergejluga collected 20 from pot
Sergejluga: doesn't show hand 
*** SUMMARY ***
Total pot 20 | Rake 0 
Seat 1: Sergejluga (big blind) collected (20)
Seat 2: nek12345 (button) folded before Flop (didn't bet)
Seat 3: Mahu2021 (small blind) folded before Flop



PokerStars Hand #248876161818: Tournament #3715656512, $4.60+$0.40 USD Hold'em No Limit - Level I (10/20) - 2024/02/14 17:25:25 CET [2024/02/14 11:25:25 ET]
Table '3715656512 1' 3-max Seat #3 is the button
Seat 1: Sergejluga (400 in chips) 
Seat 2: nek12345 (630 in chips) 
Seat 3: Mahu2021 (470 in chips) 
Sergejluga: posts small blind 10
nek12345: posts big blind 20
*** HOLE CARDS ***
Dealt to Mahu2021 [Th Ks]
Mahu2021: raises 20 to 40
Sergejluga: folds 
nek12345: calls 20
*** FLOP *** [Ac 5h 8h]
nek12345: checks 
Mahu2021: bets 40
nek12345: folds 
Uncalled bet (40) returned to Mahu2021
Mahu2021 collected 90 from pot
Mahu2021: doesn't show hand 
*** SUMMARY ***
Total pot 90 | Rake 0 
Board [Ac 5h 8h]
Seat 1: Sergejluga (small blind) folded before Flop
Seat 2: nek12345 (big blind) folded on the Flop
Seat 3: Mahu2021 (button) collected (90)



PokerStars Hand #248876167250: Tournament #3715656512, $4.60+$0.40 USD Hold'em No Limit - Level I (10/20) - 2024/02/14 17:25:47 CET [2024/02/14 11:25:47 ET]
Table '3715656512 1' 3-max Seat #1 is the button
Seat 1: Sergejluga (390 in chips) 
Seat 2: nek12345 (590 in chips) 
Seat 3: Mahu2021 (520 in chips) 
nek12345: posts small blind 10
Mahu2021: posts big blind 20
*** HOLE CARDS ***
Dealt to Mahu2021 [Qd 3c]
Sergejluga: folds 
nek12345: calls 10
Mahu2021: checks 
*** FLOP *** [8h 5s Ts]
nek12345: bets 20
Mahu2021: folds 
Uncalled bet (20) returned to nek12345
nek12345 collected 40 from pot
nek12345: doesn't show hand 
*** SUMMARY ***
Total pot 40 | Rake 0 
Board [8h 5s Ts]
Seat 1: Sergejluga (button) folded before Flop (didn't bet)
Seat 2: nek12345 (small blind) collected (40)
Seat 3: Mahu2021 (big blind) folded on the Flop



PokerStars Hand #248876170693: Tournament #3715656512, $4.60+$0.40 USD Hold'em No Limit - Level I (10/20) - 2024/02/14 17:26:00 CET [2024/02/14 11:26:00 ET]
Table '3715656512 1' 3-max Seat #2 is the button
Seat 1: Sergejluga (390 in chips) 
Seat 2: nek12345 (610 in chips) 
Seat 3: Mahu2021 (500 in chips) 
Mahu2021: posts small blind 10
Sergejluga: posts big blind 20
*** HOLE CARDS ***
Dealt to Mahu2021 [8h Th]
nek12345: raises 20 to 40
Mahu2021: calls 30
Sergejluga: raises 120 to 160
nek12345: folds 
Mahu2021: folds 
Uncalled bet (120) returned to Sergejluga
Sergejluga collected 120 from pot
Sergejluga: doesn't show hand 
*** SUMMARY ***
Total pot 120 | Rake 0 
Seat 1: Sergejluga (big blind) collected (120)
Seat 2: nek12345 (button) folded before Flop
Seat 3: Mahu2021 (small blind) folded before Flop



PokerStars Hand #248876175182: Tournament #3715656512, $4.60+$0.40 USD Hold'em No Limit - Level I (10/20) - 2024/02/14 17:26:18 CET [2024/02/14 11:26:18 ET]
Table '3715656512 1' 3-max Seat #3 is the button
Seat 1: Sergejluga (470 in chips) 
Seat 2: nek12345 (570 in chips) 
Seat 3: Mahu2021 (460 in chips) 
Sergejluga: posts small blind 10
nek12345: posts big blind 20
*** HOLE CARDS ***
Dealt to Mahu2021 [8s 9c]
Mahu2021: folds 
Sergejluga: calls 10
nek12345: raises 550 to 570 and is all-in
Sergejluga: folds 
Uncalled bet (550) returned to nek12345
nek12345 collected 40 from pot
nek12345: doesn't show hand 
*** SUMMARY ***
Total pot 40 | Rake 0 
Seat 1: Sergejluga (small blind) folded before Flop
Seat 2: nek12345 (big blind) collected (40)
Seat 3: Mahu2021 (button) folded before Flop (didn't bet)



PokerStars Hand #248876179529: Tournament #3715656512, $4.60+$0.40 USD Hold'em No Limit - Level I (10/20) - 2024/02/14 17:26:35 CET [2024/02/14 11:26:35 ET]
Table '3715656512 1' 3-max Seat #1 is the button
Seat 1: Sergejluga (450 in chips) 
Seat 2: nek12345 (590 in chips) 
Seat 3: Mahu2021 (460 in chips) 
nek12345: posts small blind 10
Mahu2021: posts big blind 20
*** HOLE CARDS ***
Dealt to Mahu2021 [6h 9s]
Sergejluga: raises 20 to 40
nek12345: folds 
Mahu2021: folds 
Uncalled bet (20) returned to Sergejluga
Sergejluga collected 50 from pot
Sergejluga: doesn't show hand 
*** SUMMARY ***
Total pot 50 | Rake 0 
Seat 1: Sergejluga (button) collected (50)
Seat 2: nek12345 (small blind) folded before Flop
Seat 3: Mahu2021 (big blind) folded before Flop



PokerStars Hand #248876181719: Tournament #3715656512, $4.60+$0.40 USD Hold'em No Limit - Level I (10/20) - 2024/02/14 17:26:43 CET [2024/02/14 11:26:43 ET]
Table '3715656512 1' 3-max Seat #2 is the button
Seat 1: Sergejluga (480 in chips) 
Seat 2: nek12345 (580 in chips) 
Seat 3: Mahu2021 (440 in chips) 
Mahu2021: posts small blind 10
Sergejluga: posts big blind 20
*** HOLE CARDS ***
Dealt to Mahu2021 [Jd 7c]
nek12345: folds 
Mahu2021: calls 10
Sergejluga: raises 40 to 60
Mahu2021: calls 40
*** FLOP *** [7s Tc Ah]
Mahu2021: checks 
Sergejluga: checks 
*** TURN *** [7s Tc Ah] [As]
Mahu2021: checks 
Sergejluga: checks 
*** RIVER *** [7s Tc Ah As] [Jh]
Mahu2021: bets 120
Sergejluga: folds 
Uncalled bet (120) returned to Mahu2021
Mahu2021 collected 120 from pot
Mahu2021: doesn't show hand 
*** SUMMARY ***
Total pot 120 | Rake 0 
Board [7s Tc Ah As Jh]
Seat 1: Sergejluga (big blind) folded on the River
Seat 2: nek12345 (button) folded before Flop (didn't bet)
Seat 3: Mahu2021 (small blind) collected (120)



PokerStars Hand #248876192041: Tournament #3715656512, $4.60+$0.40 USD Hold'em No Limit - Level II (15/30) - 2024/02/14 17:27:24 CET [2024/02/14 11:27:24 ET]
Table '3715656512 1' 3-max Seat #3 is the button
Seat 1: Sergejluga (420 in chips) 
Seat 2: nek12345 (580 in chips) 
Seat 3: Mahu2021 (500 in chips) 
Sergejluga: posts small blind 15
nek12345: posts big blind 30
*** HOLE CARDS ***
Dealt to Mahu2021 [9c 6c]
Mahu2021: folds 
Sergejluga: folds 
Uncalled bet (15) returned to nek12345
nek12345 collected 30 from pot
nek12345: doesn't show hand 
*** SUMMARY ***
Total pot 30 | Rake 0 
Seat 1: Sergejluga (small blind) folded before Flop
Seat 2: nek12345 (big blind) collected (30)
Seat 3: Mahu2021 (button) folded before Flop (didn't bet)



PokerStars Hand #248876193602: Tournament #3715656512, $4.60+$0.40 USD Hold'em No Limit - Level II (15/30) - 2024/02/14 17:27:31 CET [2024/02/14 11:27:31 ET]
Table '3715656512 1' 3-max Seat #1 is the button
Seat 1: Sergejluga (405 in chips) 
Seat 2: nek12345 (595 in chips) 
Seat 3: Mahu2021 (500 in chips) 
nek12345: posts small blind 15
Mahu2021: posts big blind 30
*** HOLE CARDS ***
Dealt to Mahu2021 [7h Ac]
Sergejluga: raises 60 to 90
nek12345: folds 
Mahu2021: calls 60
*** FLOP *** [As Js 3h]
Mahu2021: checks 
Sergejluga: bets 60
Mahu2021: raises 350 to 410 and is all-in
Sergejluga: calls 255 and is all-in
Uncalled bet (95) returned to Mahu2021
*** TURN *** [As Js 3h] [9c]
*** RIVER *** [As Js 3h 9c] [5h]
*** SHOW DOWN ***
Mahu2021: shows [7h Ac] (a pair of Aces)
Sergejluga: shows [Ad Kh] (a pair of Aces - King kicker)
Sergejluga collected 825 from pot
*** SUMMARY ***
Total pot 825 | Rake 0 
Board [As Js 3h 9c 5h]
Seat 1: Sergejluga (button) showed [Ad Kh] and won (825) with a pair of Aces
Seat 2: nek12345 (small blind) folded before Flop
Seat 3: Mahu2021 (big blind) showed [7h Ac] and lost with a pair of Aces



PokerStars Hand #248876200980: Tournament #3715656512, $4.60+$0.40 USD Hold'em No Limit - Level II (15/30) - 2024/02/14 17:28:00 CET [2024/02/14 11:28:00 ET]
Table '3715656512 1' 3-max Seat #2 is the button
Seat 1: Sergejluga (825 in chips) 
Seat 2: nek12345 (580 in chips) 
Seat 3: Mahu2021 (95 in chips) 
Mahu2021: posts small blind 15
Sergejluga: posts big blind 30
*** HOLE CARDS ***
Dealt to Mahu2021 [Ac Td]
nek12345: folds 
Mahu2021: raises 65 to 95 and is all-in
Sergejluga: folds 
Uncalled bet (65) returned to Mahu2021
Mahu2021 collected 60 from pot
Mahu2021: doesn't show hand 
*** SUMMARY ***
Total pot 60 | Rake 0 
Seat 1: Sergejluga (big blind) folded before Flop
Seat 2: nek12345 (button) folded before Flop (didn't bet)
Seat 3: Mahu2021 (small blind) collected (60)



PokerStars Hand #248876204277: Tournament #3715656512, $4.60+$0.40 USD Hold'em No Limit - Level II (15/30) - 2024/02/14 17:28:13 CET [2024/02/14 11:28:13 ET]
Table '3715656512 1' 3-max Seat #3 is the button
Seat 1: Sergejluga (795 in chips) 
Seat 2: nek12345 (580 in chips) 
Seat 3: Mahu2021 (125 in chips) 
Sergejluga: posts small blind 15
nek12345: posts big blind 30
*** HOLE CARDS ***
Dealt to Mahu2021 [6s 9h]
Mahu2021: folds 
Sergejluga: raises 30 to 60
nek12345: calls 30
*** FLOP *** [Jc Ac Qc]
Sergejluga: bets 30
nek12345: folds 
Uncalled bet (30) returned to Sergejluga
Sergejluga collected 120 from pot
Sergejluga: doesn't show hand 
*** SUMMARY ***
Total pot 120 | Rake 0 
Board [Jc Ac Qc]
Seat 1: Sergejluga (small blind) collected (120)
Seat 2: nek12345 (big blind) folded on the Flop
Seat 3: Mahu2021 (button) folded before Flop (didn't bet)



PokerStars Hand #248876207861: Tournament #3715656512, $4.60+$0.40 USD Hold'em No Limit - Level II (15/30) - 2024/02/14 17:28:28 CET [2024/02/14 11:28:28 ET]
Table '3715656512 1' 3-max Seat #1 is the button
Seat 1: Sergejluga (855 in chips) 
Seat 2: nek12345 (520 in chips) 
Seat 3: Mahu2021 (125 in chips) 
nek12345: posts small blind 15
Mahu2021: posts big blind 30
*** HOLE CARDS ***
Dealt to Mahu2021 [7d Ac]
Sergejluga: calls 30
nek12345: calls 15
Mahu2021: raises 95 to 125 and is all-in
Sergejluga: folds 
nek12345: folds 
Uncalled bet (95) returned to Mahu2021
Mahu2021 collected 90 from pot
Mahu2021: doesn't show hand 
*** SUMMARY ***
Total pot 90 | Rake 0 
Seat 1: Sergejluga (button) folded before Flop
Seat 2: nek12345 (small blind) folded before Flop
Seat 3: Mahu2021 (big blind) collected (90)



PokerStars Hand #248876211369: Tournament #3715656512, $4.60+$0.40 USD Hold'em No Limit - Level II (15/30) - 2024/02/14 17:28:42 CET [2024/02/14 11:28:42 ET]
Table '3715656512 1' 3-max Seat #2 is the button
Seat 1: Sergejluga (825 in chips) 
Seat 2: nek12345 (490 in chips) 
Seat 3: Mahu2021 (185 in chips) 
Mahu2021: posts small blind 15
Sergejluga: posts big blind 30
*** HOLE CARDS ***
Dealt to Mahu2021 [Tc 8s]
nek12345: raises 460 to 490 and is all-in
Mahu2021: folds 
Sergejluga: calls 460
*** FLOP *** [2d 5s 7d]
*** TURN *** [2d 5s 7d] [4d]
*** RIVER *** [2d 5s 7d 4d] [5c]
*** SHOW DOWN ***
Sergejluga: shows [7s As] (two pair, Sevens and Fives)
nek12345: shows [6c Ah] (a pair of Fives)
Sergejluga collected 995 from pot
nek12345 finished the tournament in 3rd place
*** SUMMARY ***
Total pot 995 | Rake 0 
Board [2d 5s 7d 4d 5c]
Seat 1: Sergejluga (big blind) showed [7s As] and won (995) with two pair, Sevens and Fives
Seat 2: nek12345 (button) showed [6c Ah] and lost with a pair of Fives
Seat 3: Mahu2021 (small blind) folded before Flop



PokerStars Hand #248876220001: Tournament #3715656512, $4.60+$0.40 USD Hold'em No Limit - Level III (20/40) - 2024/02/14 17:29:17 CET [2024/02/14 11:29:17 ET]
Table '3715656512 1' 3-max Seat #1 is the button
Seat 1: Sergejluga (1330 in chips) 
Seat 3: Mahu2021 (170 in chips) 
Sergejluga: posts small blind 20
Mahu2021: posts big blind 40
*** HOLE CARDS ***
Dealt to Mahu2021 [7c Qd]
Sergejluga: raises 40 to 80
Mahu2021: raises 90 to 170 and is all-in
Sergejluga: calls 90
*** FLOP *** [Kc 7s 8h]
*** TURN *** [Kc 7s 8h] [3s]
*** RIVER *** [Kc 7s 8h 3s] [9d]
*** SHOW DOWN ***
Mahu2021: shows [7c Qd] (a pair of Sevens)
Sergejluga: shows [6s Js] (high card King)
Mahu2021 collected 340 from pot
*** SUMMARY ***
Total pot 340 | Rake 0 
Board [Kc 7s 8h 3s 9d]
Seat 1: Sergejluga (button) (small blind) showed [6s Js] and lost with high card King
Seat 3: Mahu2021 (big blind) showed [7c Qd] and won (340) with a pair of Sevens



PokerStars Hand #248876224186: Tournament #3715656512, $4.60+$0.40 USD Hold'em No Limit - Level III (20/40) - 2024/02/14 17:29:34 CET [2024/02/14 11:29:34 ET]
Table '3715656512 1' 3-max Seat #3 is the button
Seat 1: Sergejluga (1160 in chips) 
Seat 3: Mahu2021 (340 in chips) 
Mahu2021: posts small blind 20
Sergejluga: posts big blind 40
*** HOLE CARDS ***
Dealt to Mahu2021 [4h Ac]
Mahu2021: raises 40 to 80
Sergejluga: calls 40
*** FLOP *** [7h Tc Qd]
Sergejluga: checks 
Mahu2021: bets 260 and is all-in
Sergejluga: folds 
Uncalled bet (260) returned to Mahu2021
Mahu2021 collected 160 from pot
Mahu2021: doesn't show hand 
*** SUMMARY ***
Total pot 160 | Rake 0 
Board [7h Tc Qd]
Seat 1: Sergejluga (big blind) folded on the Flop
Seat 3: Mahu2021 (button) (small blind) collected (160)



PokerStars Hand #248876228264: Tournament #3715656512, $4.60+$0.40 USD Hold'em No Limit - Level III (20/40) - 2024/02/14 17:29:50 CET [2024/02/14 11:29:50 ET]
Table '3715656512 1' 3-max Seat #1 is the button
Seat 1: Sergejluga (1080 in chips) 
Seat 3: Mahu2021 (420 in chips) 
Sergejluga: posts small blind 20
Mahu2021: posts big blind 40
*** HOLE CARDS ***
Dealt to Mahu2021 [7s 7h]
Sergejluga: folds 
Uncalled bet (20) returned to Mahu2021
Mahu2021 collected 40 from pot
Mahu2021: doesn't show hand 
*** SUMMARY ***
Total pot 40 | Rake 0 
Seat 1: Sergejluga (button) (small blind) folded before Flop
Seat 3: Mahu2021 (big blind) collected (40)



PokerStars Hand #248876229423: Tournament #3715656512, $4.60+$0.40 USD Hold'em No Limit - Level III (20/40) - 2024/02/14 17:29:55 CET [2024/02/14 11:29:55 ET]
Table '3715656512 1' 3-max Seat #3 is the button
Seat 1: Sergejluga (1060 in chips) 
Seat 3: Mahu2021 (440 in chips) 
Mahu2021: posts small blind 20
Sergejluga: posts big blind 40
*** HOLE CARDS ***
Dealt to Mahu2021 [4c 8s]
Mahu2021: folds 
Uncalled bet (20) returned to Sergejluga
Sergejluga collected 40 from pot
Sergejluga: doesn't show hand 
*** SUMMARY ***
Total pot 40 | Rake 0 
Seat 1: Sergejluga (big blind) collected (40)
Seat 3: Mahu2021 (button) (small blind) folded before Flop



PokerStars Hand #248876230516: Tournament #3715656512, $4.60+$0.40 USD Hold'em No Limit - Level III (20/40) - 2024/02/14 17:29:59 CET [2024/02/14 11:29:59 ET]
Table '3715656512 1' 3-max Seat #1 is the button
Seat 1: Sergejluga (1080 in chips) 
Seat 3: Mahu2021 (420 in chips) 
Sergejluga: posts small blind 20
Mahu2021: posts big blind 40
*** HOLE CARDS ***
Dealt to Mahu2021 [4c Jc]
Sergejluga: raises 80 to 120
Mahu2021: calls 80
*** FLOP *** [4d Tc 7c]
Mahu2021: checks 
Sergejluga: bets 240
Mahu2021: raises 60 to 300 and is all-in
Sergejluga: calls 60
*** TURN *** [4d Tc 7c] [Th]
*** RIVER *** [4d Tc 7c Th] [Ks]
*** SHOW DOWN ***
Mahu2021: shows [4c Jc] (two pair, Tens and Fours)
Sergejluga: shows [Kd 8d] (two pair, Kings and Tens)
Sergejluga collected 840 from pot
Mahu2021 finished the tournament in 2nd place
Sergejluga wins the tournament and receives $10.00 - congratulations!
*** SUMMARY ***
Total pot 840 | Rake 0 
Board [4d Tc 7c Th Ks]
Seat 1: Sergejluga (button) (small blind) showed [Kd 8d] and won (840) with two pair, Kings and Tens
Seat 3: Mahu2021 (big blind) showed [4c Jc] and lost with two pair, Tens and Fours



