PokerStars Zoom Hand #255121609964:  Hold'em No Limit ($0.05/$0.10) - 2025/03/03 17:14:04 CET [2025/03/03 11:14:04 ET]
Table 'Aludra' 6-max Seat #1 is the button
Seat 1: omon_412 ($10.52 in chips) 
Seat 2: COVEIROANCAP ($10 in chips) 
Seat 3: Mahu2021 ($10 in chips) 
Seat 4: lomini ($4.69 in chips) 
Seat 5: pougia777 ($10.06 in chips) 
Seat 6: ASENNA76 ($10.37 in chips) 
COVEIROANCAP: posts small blind $0.05
Mahu2021: posts big blind $0.10
*** HOLE CARDS ***
Dealt to Mahu2021 [5d 6h]
lomini: folds 
pougia777: folds 
ASENNA76: folds 
omon_412: raises $0.15 to $0.25
COVEIROANCAP: folds 
Mahu2021: folds 
Uncalled bet ($0.15) returned to omon_412
omon_412 collected $0.25 from pot
omon_412: doesn't show hand 
*** SUMMARY ***
Total pot $0.25 | Rake $0 
Seat 1: omon_412 (button) collected ($0.25)
Seat 2: COVEIROANCAP (small blind) folded before Flop
Seat 3: Mahu2021 (big blind) folded before Flop
Seat 4: lomini folded before Flop (didn't bet)
Seat 5: pougia777 folded before Flop (didn't bet)
Seat 6: ASENNA76 folded before Flop (didn't bet)



PokerStars Zoom Hand #255121612289:  Hold'em No Limit ($0.05/$0.10) - 2025/03/03 17:14:15 CET [2025/03/03 11:14:15 ET]
Table 'Aludra' 6-max Seat #1 is the button
Seat 1: Kris.T.S.95 ($14.65 in chips) 
Seat 2: Mahu2021 ($9.90 in chips) 
Seat 3: MG_BEAST/666 ($12.33 in chips) 
Seat 4: emo114 ($12.72 in chips) 
Seat 5: GSKG987 ($10 in chips) 
Seat 6: looser00091 ($13.79 in chips) 
Mahu2021: posts small blind $0.05
MG_BEAST/666: posts big blind $0.10
*** HOLE CARDS ***
Dealt to Mahu2021 [9s Kh]
emo114: folds 
GSKG987: folds 
looser00091: folds 
Kris.T.S.95: folds 
Mahu2021: raises $0.20 to $0.30
MG_BEAST/666: folds 
Uncalled bet ($0.20) returned to Mahu2021
Mahu2021 collected $0.20 from pot
Mahu2021: doesn't show hand 
*** SUMMARY ***
Total pot $0.20 | Rake $0 
Seat 1: Kris.T.S.95 (button) folded before Flop (didn't bet)
Seat 2: Mahu2021 (small blind) collected ($0.20)
Seat 3: MG_BEAST/666 (big blind) folded before Flop
Seat 4: emo114 folded before Flop (didn't bet)
Seat 5: GSKG987 folded before Flop (didn't bet)
Seat 6: looser00091 folded before Flop (didn't bet)



PokerStars Zoom Hand #255121615606:  Hold'em No Limit ($0.05/$0.10) - 2025/03/03 17:14:31 CET [2025/03/03 11:14:31 ET]
Table 'Aludra' 6-max Seat #1 is the button
Seat 1: Legioner89 ($17.36 in chips) 
Seat 2: MR7Z ($9.28 in chips) 
Seat 3: MazzaGR ($29.39 in chips) 
Seat 4: Gioovanni_99 ($7.49 in chips) 
Seat 5: Mahu2021 ($10 in chips) 
Seat 6: sukablyatt ($12.32 in chips) 
MR7Z: posts small blind $0.05
MazzaGR: posts big blind $0.10
*** HOLE CARDS ***
Dealt to Mahu2021 [Jc Kd]
Gioovanni_99: folds 
Mahu2021: raises $0.14 to $0.24
sukablyatt: folds 
Legioner89: folds 
MR7Z: calls $0.19
MazzaGR: folds 
*** FLOP *** [Jh 2c 2d]
MR7Z: checks 
Mahu2021: bets $0.40
MR7Z: calls $0.40
*** TURN *** [Jh 2c 2d] [4s]
MR7Z: checks 
Mahu2021: bets $1.32
MR7Z: folds 
Uncalled bet ($1.32) returned to Mahu2021
Mahu2021 collected $1.32 from pot
Mahu2021: doesn't show hand 
*** SUMMARY ***
Total pot $1.38 | Rake $0.06 
Board [Jh 2c 2d 4s]
Seat 1: Legioner89 (button) folded before Flop (didn't bet)
Seat 2: MR7Z (small blind) folded on the Turn
Seat 3: MazzaGR (big blind) folded before Flop
Seat 4: Gioovanni_99 folded before Flop (didn't bet)
Seat 5: Mahu2021 collected ($1.32)
Seat 6: sukablyatt folded before Flop (didn't bet)



PokerStars Zoom Hand #255121622225:  Hold'em No Limit ($0.05/$0.10) - 2025/03/03 17:15:03 CET [2025/03/03 11:15:03 ET]
Table 'Aludra' 6-max Seat #1 is the button
Seat 1: Last70 ($9.78 in chips) 
Seat 2: Miilla67 ($8.03 in chips) 
Seat 3: vile76 ($9.75 in chips) 
Seat 4: Strelets.UA ($10 in chips) 
Seat 5: brodieball ($7.06 in chips) 
Seat 6: Mahu2021 ($10.68 in chips) 
Miilla67: posts small blind $0.05
vile76: posts big blind $0.10
*** HOLE CARDS ***
Dealt to Mahu2021 [3d Js]
Strelets.UA: folds 
brodieball: folds 
Mahu2021: folds 
Last70: folds 
Miilla67: folds 
Uncalled bet ($0.05) returned to vile76
vile76 collected $0.10 from pot
vile76: doesn't show hand 
*** SUMMARY ***
Total pot $0.10 | Rake $0 
Seat 1: Last70 (button) folded before Flop (didn't bet)
Seat 2: Miilla67 (small blind) folded before Flop
Seat 3: vile76 (big blind) collected ($0.10)
Seat 4: Strelets.UA folded before Flop (didn't bet)
Seat 5: brodieball folded before Flop (didn't bet)
Seat 6: Mahu2021 folded before Flop (didn't bet)



