PokerStars Hand #252724081646: Tournament #3807152805, $1.84+$0.16 USD Hold'em No Limit - Level I (10/20) - 2024/10/01 20:54:48 CET [2024/10/01 14:54:48 ET]
Table '3807152805 1' 3-max Seat #1 is the button
Seat 1: coelho70 (500 in chips) 
Seat 2: Mahu2021 (500 in chips) 
Seat 3: Marvelius76 (500 in chips) 
Mahu2021: posts small blind 10
Marvelius76: posts big blind 20
*** HOLE CARDS ***
Dealt to Mahu2021 [9s Kc]
coelho70: raises 40 to 60
Mahu2021: folds 
Marvelius76: folds 
Uncalled bet (40) returned to coelho70
coelho70 collected 50 from pot
coelho70: doesn't show hand 
*** SUMMARY ***
Total pot 50 | Rake 0 
Seat 1: coelho70 (button) collected (50)
Seat 2: Mahu2021 (small blind) folded before Flop
Seat 3: Marvelius76 (big blind) folded before Flop



PokerStars Hand #252724083437: Tournament #3807152805, $1.84+$0.16 USD Hold'em No Limit - Level I (10/20) - 2024/10/01 20:54:54 CET [2024/10/01 14:54:54 ET]
Table '3807152805 1' 3-max Seat #2 is the button
Seat 1: coelho70 (530 in chips) 
Seat 2: Mahu2021 (490 in chips) 
Seat 3: Marvelius76 (480 in chips) 
Marvelius76: posts small blind 10
coelho70: posts big blind 20
*** HOLE CARDS ***
Dealt to Mahu2021 [Kd 8h]
Mahu2021: folds 
Marvelius76: raises 40 to 60
coelho70: calls 40
*** FLOP *** [2h 6d Tc]
Marvelius76: bets 120
coelho70: raises 350 to 470 and is all-in
Marvelius76: calls 300 and is all-in
Uncalled bet (50) returned to coelho70
*** TURN *** [2h 6d Tc] [Ac]
*** RIVER *** [2h 6d Tc Ac] [9h]
*** SHOW DOWN ***
Marvelius76: shows [Ah As] (three of a kind, Aces)
coelho70: shows [6s 8c] (a pair of Sixes)
Marvelius76 collected 960 from pot
*** SUMMARY ***
Total pot 960 | Rake 0 
Board [2h 6d Tc Ac 9h]
Seat 1: coelho70 (big blind) showed [6s 8c] and lost with a pair of Sixes
Seat 2: Mahu2021 (button) folded before Flop (didn't bet)
Seat 3: Marvelius76 (small blind) showed [Ah As] and won (960) with three of a kind, Aces



PokerStars Hand #252724088720: Tournament #3807152805, $1.84+$0.16 USD Hold'em No Limit - Level I (10/20) - 2024/10/01 20:55:12 CET [2024/10/01 14:55:12 ET]
Table '3807152805 1' 3-max Seat #3 is the button
Seat 1: coelho70 (50 in chips) 
Seat 2: Mahu2021 (490 in chips) 
Seat 3: Marvelius76 (960 in chips) 
coelho70: posts small blind 10
Mahu2021: posts big blind 20
*** HOLE CARDS ***
Dealt to Mahu2021 [Ts 6c]
Marvelius76: raises 20 to 40
coelho70 has timed out
coelho70: folds 
coelho70 is sitting out
Mahu2021: folds 
Uncalled bet (20) returned to Marvelius76
Marvelius76 collected 50 from pot
*** SUMMARY ***
Total pot 50 | Rake 0 
Seat 1: coelho70 (small blind) folded before Flop
Seat 2: Mahu2021 (big blind) folded before Flop
Seat 3: Marvelius76 (button) collected (50)



PokerStars Hand #252724095451: Tournament #3807152805, $1.84+$0.16 USD Hold'em No Limit - Level I (10/20) - 2024/10/01 20:55:45 CET [2024/10/01 14:55:45 ET]
Table '3807152805 1' 3-max Seat #1 is the button
Seat 1: coelho70 (40 in chips) is sitting out
Seat 2: Mahu2021 (470 in chips) 
Seat 3: Marvelius76 (990 in chips) 
Mahu2021: posts small blind 10
Marvelius76: posts big blind 20
*** HOLE CARDS ***
Dealt to Mahu2021 [8h Qd]
coelho70: folds 
Mahu2021: calls 10
Marvelius76: checks 
*** FLOP *** [Ad Ac 8s]
Mahu2021: checks 
Marvelius76: checks 
*** TURN *** [Ad Ac 8s] [8d]
Mahu2021: bets 40
Marvelius76: calls 40
*** RIVER *** [Ad Ac 8s 8d] [7c]
coelho70 has returned
Mahu2021: bets 40
Marvelius76: raises 200 to 240
Mahu2021: calls 200
*** SHOW DOWN ***
Marvelius76: shows [Ah 4c] (a full house, Aces full of Eights)
Mahu2021: mucks hand 
Marvelius76 collected 600 from pot
*** SUMMARY ***
Total pot 600 | Rake 0 
Board [Ad Ac 8s 8d 7c]
Seat 1: coelho70 (button) folded before Flop (didn't bet)
Seat 2: Mahu2021 (small blind) mucked [8h Qd]
Seat 3: Marvelius76 (big blind) showed [Ah 4c] and won (600) with a full house, Aces full of Eights



PokerStars Hand #252724102597: Tournament #3807152805, $1.84+$0.16 USD Hold'em No Limit - Level I (10/20) - 2024/10/01 20:56:20 CET [2024/10/01 14:56:20 ET]
Table '3807152805 1' 3-max Seat #2 is the button
Seat 1: coelho70 (40 in chips) 
Seat 2: Mahu2021 (170 in chips) 
Seat 3: Marvelius76 (1290 in chips) 
Marvelius76: posts small blind 10
coelho70: posts big blind 20
*** HOLE CARDS ***
Dealt to Mahu2021 [3d 5d]
Mahu2021: folds 
Marvelius76: folds 
Uncalled bet (10) returned to coelho70
coelho70 collected 20 from pot
coelho70: doesn't show hand 
*** SUMMARY ***
Total pot 20 | Rake 0 
Seat 1: coelho70 (big blind) collected (20)
Seat 2: Mahu2021 (button) folded before Flop (didn't bet)
Seat 3: Marvelius76 (small blind) folded before Flop



PokerStars Hand #252724104845: Tournament #3807152805, $1.84+$0.16 USD Hold'em No Limit - Level I (10/20) - 2024/10/01 20:56:31 CET [2024/10/01 14:56:31 ET]
Table '3807152805 1' 3-max Seat #3 is the button
Seat 1: coelho70 (50 in chips) 
Seat 2: Mahu2021 (170 in chips) 
Seat 3: Marvelius76 (1280 in chips) 
coelho70: posts small blind 10
Mahu2021: posts big blind 20
*** HOLE CARDS ***
Dealt to Mahu2021 [7h 9s]
Marvelius76: folds 
coelho70: raises 30 to 50 and is all-in
Mahu2021: folds 
Uncalled bet (30) returned to coelho70
coelho70 collected 40 from pot
coelho70: doesn't show hand 
*** SUMMARY ***
Total pot 40 | Rake 0 
Seat 1: coelho70 (small blind) collected (40)
Seat 2: Mahu2021 (big blind) folded before Flop
Seat 3: Marvelius76 (button) folded before Flop (didn't bet)



PokerStars Hand #252724106214: Tournament #3807152805, $1.84+$0.16 USD Hold'em No Limit - Level I (10/20) - 2024/10/01 20:56:38 CET [2024/10/01 14:56:38 ET]
Table '3807152805 1' 3-max Seat #1 is the button
Seat 1: coelho70 (70 in chips) 
Seat 2: Mahu2021 (150 in chips) 
Seat 3: Marvelius76 (1280 in chips) 
Mahu2021: posts small blind 10
Marvelius76: posts big blind 20
*** HOLE CARDS ***
Dealt to Mahu2021 [9s 9c]
coelho70: raises 50 to 70 and is all-in
Mahu2021: raises 80 to 150 and is all-in
Marvelius76: calls 130
*** FLOP *** [4s 7h 8h]
*** TURN *** [4s 7h 8h] [7s]
*** RIVER *** [4s 7h 8h 7s] [5d]
*** SHOW DOWN ***
Mahu2021: shows [9s 9c] (two pair, Nines and Sevens)
Marvelius76: shows [Qh 7d] (three of a kind, Sevens)
Marvelius76 collected 160 from side pot
coelho70: shows [8d Tc] (two pair, Eights and Sevens)
Marvelius76 collected 210 from main pot
Mahu2021 finished the tournament in 2nd place
coelho70 finished the tournament in 3rd place
Marvelius76 wins the tournament and receives $4.00 - congratulations!
*** SUMMARY ***
Total pot 370 Main pot 210. Side pot 160. | Rake 0 
Board [4s 7h 8h 7s 5d]
Seat 1: coelho70 (button) showed [8d Tc] and lost with two pair, Eights and Sevens
Seat 2: Mahu2021 (small blind) showed [9s 9c] and lost with two pair, Nines and Sevens
Seat 3: Marvelius76 (big blind) showed [Qh 7d] and won (370) with three of a kind, Sevens



