PokerStars Hand #255014822097: Tournament #3862410812, $0.46+$0.04 USD Hold'em No Limit - Level I (10/20) - 2025/02/24 8:30:52 CET [2025/02/24 2:30:52 ET]
Table '3862410812 1' 3-max Seat #1 is the button
Seat 1: Vulpoiu1989 (500 in chips) 
Seat 2: Mahu2021 (500 in chips) 
Seat 3: Erana83 (500 in chips) 
Mahu2021: posts small blind 10
Erana83: posts big blind 20
*** HOLE CARDS ***
Dealt to Mahu2021 [7d Kc]
Vulpoiu1989: folds 
Mahu2021: raises 20 to 40
Erana83: folds 
Uncalled bet (20) returned to Mahu2021
Mahu2021 collected 40 from pot
Mahu2021: doesn't show hand 
*** SUMMARY ***
Total pot 40 | Rake 0 
Seat 1: Vulpoiu1989 (button) folded before Flop (didn't bet)
Seat 2: Mahu2021 (small blind) collected (40)
Seat 3: Erana83 (big blind) folded before Flop



PokerStars Hand #255014822609: Tournament #3862410812, $0.46+$0.04 USD Hold'em No Limit - Level I (10/20) - 2025/02/24 8:30:59 CET [2025/02/24 2:30:59 ET]
Table '3862410812 1' 3-max Seat #2 is the button
Seat 1: Vulpoiu1989 (500 in chips) 
Seat 2: Mahu2021 (520 in chips) 
Seat 3: Erana83 (480 in chips) 
Erana83: posts small blind 10
Vulpoiu1989: posts big blind 20
*** HOLE CARDS ***
Dealt to Mahu2021 [Ac Qd]
Mahu2021: raises 20 to 40
Erana83: folds 
Vulpoiu1989: folds 
Uncalled bet (20) returned to Mahu2021
Mahu2021 collected 50 from pot
Mahu2021: doesn't show hand 
*** SUMMARY ***
Total pot 50 | Rake 0 
Seat 1: Vulpoiu1989 (big blind) folded before Flop
Seat 2: Mahu2021 (button) collected (50)
Seat 3: Erana83 (small blind) folded before Flop



PokerStars Hand #255014823077: Tournament #3862410812, $0.46+$0.04 USD Hold'em No Limit - Level I (10/20) - 2025/02/24 8:31:07 CET [2025/02/24 2:31:07 ET]
Table '3862410812 1' 3-max Seat #3 is the button
Seat 1: Vulpoiu1989 (480 in chips) 
Seat 2: Mahu2021 (550 in chips) 
Seat 3: Erana83 (470 in chips) 
Vulpoiu1989: posts small blind 10
Mahu2021: posts big blind 20
*** HOLE CARDS ***
Dealt to Mahu2021 [Tc 8h]
Erana83: calls 20
Vulpoiu1989: folds 
Mahu2021: checks 
*** FLOP *** [4h Kh Qc]
Mahu2021: checks 
Erana83: checks 
*** TURN *** [4h Kh Qc] [4d]
Mahu2021: checks 
Erana83: checks 
*** RIVER *** [4h Kh Qc 4d] [2h]
Mahu2021: checks 
Erana83: bets 40
Mahu2021: folds 
Uncalled bet (40) returned to Erana83
Erana83 collected 50 from pot
*** SUMMARY ***
Total pot 50 | Rake 0 
Board [4h Kh Qc 4d 2h]
Seat 1: Vulpoiu1989 (small blind) folded before Flop
Seat 2: Mahu2021 (big blind) folded on the River
Seat 3: Erana83 (button) collected (50)



PokerStars Hand #255014824563: Tournament #3862410812, $0.46+$0.04 USD Hold'em No Limit - Level I (10/20) - 2025/02/24 8:31:30 CET [2025/02/24 2:31:30 ET]
Table '3862410812 1' 3-max Seat #1 is the button
Seat 1: Vulpoiu1989 (470 in chips) 
Seat 2: Mahu2021 (530 in chips) 
Seat 3: Erana83 (500 in chips) 
Mahu2021: posts small blind 10
Erana83: posts big blind 20
*** HOLE CARDS ***
Dealt to Mahu2021 [7d 7c]
Vulpoiu1989: folds 
Mahu2021: raises 20 to 40
Erana83: calls 20
*** FLOP *** [Kd 5h Ad]
Mahu2021: bets 40
Erana83: calls 40
*** TURN *** [Kd 5h Ad] [Ah]
Mahu2021: checks 
Erana83: bets 40
Mahu2021: folds 
Uncalled bet (40) returned to Erana83
Erana83 collected 160 from pot
*** SUMMARY ***
Total pot 160 | Rake 0 
Board [Kd 5h Ad Ah]
Seat 1: Vulpoiu1989 (button) folded before Flop (didn't bet)
Seat 2: Mahu2021 (small blind) folded on the Turn
Seat 3: Erana83 (big blind) collected (160)



PokerStars Hand #255014825855: Tournament #3862410812, $0.46+$0.04 USD Hold'em No Limit - Level I (10/20) - 2025/02/24 8:31:51 CET [2025/02/24 2:31:51 ET]
Table '3862410812 1' 3-max Seat #2 is the button
Seat 1: Vulpoiu1989 (470 in chips) 
Seat 2: Mahu2021 (450 in chips) 
Seat 3: Erana83 (580 in chips) 
Erana83: posts small blind 10
Vulpoiu1989: posts big blind 20
*** HOLE CARDS ***
Dealt to Mahu2021 [Kc As]
Mahu2021: raises 20 to 40
Erana83: calls 30
Vulpoiu1989: raises 430 to 470 and is all-in
Mahu2021: calls 410 and is all-in
Erana83: folds 
Uncalled bet (20) returned to Vulpoiu1989
*** FLOP *** [8d 8s Th]
*** TURN *** [8d 8s Th] [3d]
*** RIVER *** [8d 8s Th 3d] [8h]
*** SHOW DOWN ***
Vulpoiu1989: shows [9c 9s] (a full house, Eights full of Nines)
Mahu2021: shows [Kc As] (three of a kind, Eights)
Vulpoiu1989 collected 940 from pot
Mahu2021 finished the tournament in 3rd place
*** SUMMARY ***
Total pot 940 | Rake 0 
Board [8d 8s Th 3d 8h]
Seat 1: Vulpoiu1989 (big blind) showed [9c 9s] and won (940) with a full house, Eights full of Nines
Seat 2: Mahu2021 (button) showed [Kc As] and lost with three of a kind, Eights
Seat 3: Erana83 (small blind) folded before Flop



