PokerStars Hand #247736419806: Tournament #3688263387, $1.84+$0.16 USD Hold'em No Limit - Level I (10/20) - 2023/12/18 21:58:19 CET [2023/12/18 15:58:19 ET]
Table '3688263387 1' 3-max Seat #1 is the button
Seat 1: Horus7018 (500 in chips) 
Seat 2: Mahu2021 (500 in chips) 
Seat 3: iwanevans137 (500 in chips) 
Mahu2021: posts small blind 10
iwanevans137: posts big blind 20
*** HOLE CARDS ***
Dealt to Mahu2021 [5d 7c]
Horus7018: folds 
Mahu2021: folds 
Uncalled bet (10) returned to iwanevans137
iwanevans137 collected 20 from pot
*** SUMMARY ***
Total pot 20 | Rake 0 
Seat 1: Horus7018 (button) folded before Flop (didn't bet)
Seat 2: Mahu2021 (small blind) folded before Flop
Seat 3: iwanevans137 (big blind) collected (20)



PokerStars Hand #247736421211: Tournament #3688263387, $1.84+$0.16 USD Hold'em No Limit - Level I (10/20) - 2023/12/18 21:58:24 CET [2023/12/18 15:58:24 ET]
Table '3688263387 1' 3-max Seat #2 is the button
Seat 1: Horus7018 (500 in chips) 
Seat 2: Mahu2021 (490 in chips) 
Seat 3: iwanevans137 (510 in chips) 
iwanevans137: posts small blind 10
Horus7018: posts big blind 20
*** HOLE CARDS ***
Dealt to Mahu2021 [8s Qc]
Mahu2021: folds 
iwanevans137: calls 10
Horus7018: raises 20 to 40
iwanevans137: calls 20
*** FLOP *** [Ts 2d 8c]
iwanevans137: bets 60
Horus7018: folds 
Uncalled bet (60) returned to iwanevans137
iwanevans137 collected 80 from pot
*** SUMMARY ***
Total pot 80 | Rake 0 
Board [Ts 2d 8c]
Seat 1: Horus7018 (big blind) folded on the Flop
Seat 2: Mahu2021 (button) folded before Flop (didn't bet)
Seat 3: iwanevans137 (small blind) collected (80)



PokerStars Hand #247736424972: Tournament #3688263387, $1.84+$0.16 USD Hold'em No Limit - Level I (10/20) - 2023/12/18 21:58:38 CET [2023/12/18 15:58:38 ET]
Table '3688263387 1' 3-max Seat #3 is the button
Seat 1: Horus7018 (460 in chips) 
Seat 2: Mahu2021 (490 in chips) 
Seat 3: iwanevans137 (550 in chips) 
Horus7018: posts small blind 10
Mahu2021: posts big blind 20
*** HOLE CARDS ***
Dealt to Mahu2021 [6s Th]
iwanevans137: calls 20
Horus7018: calls 10
Mahu2021: checks 
*** FLOP *** [3c Jh 4d]
Horus7018: checks 
Mahu2021: checks 
iwanevans137: bets 40
Horus7018: folds 
Mahu2021: folds 
Uncalled bet (40) returned to iwanevans137
iwanevans137 collected 60 from pot
*** SUMMARY ***
Total pot 60 | Rake 0 
Board [3c Jh 4d]
Seat 1: Horus7018 (small blind) folded on the Flop
Seat 2: Mahu2021 (big blind) folded on the Flop
Seat 3: iwanevans137 (button) collected (60)



PokerStars Hand #247736429584: Tournament #3688263387, $1.84+$0.16 USD Hold'em No Limit - Level I (10/20) - 2023/12/18 21:58:55 CET [2023/12/18 15:58:55 ET]
Table '3688263387 1' 3-max Seat #1 is the button
Seat 1: Horus7018 (440 in chips) 
Seat 2: Mahu2021 (470 in chips) 
Seat 3: iwanevans137 (590 in chips) 
Mahu2021: posts small blind 10
iwanevans137: posts big blind 20
*** HOLE CARDS ***
Dealt to Mahu2021 [6c 9c]
Horus7018: folds 
Mahu2021: calls 10
iwanevans137: checks 
*** FLOP *** [5s 4c Jd]
Mahu2021: checks 
iwanevans137: bets 20
Mahu2021: folds 
Uncalled bet (20) returned to iwanevans137
iwanevans137 collected 40 from pot
*** SUMMARY ***
Total pot 40 | Rake 0 
Board [5s 4c Jd]
Seat 1: Horus7018 (button) folded before Flop (didn't bet)
Seat 2: Mahu2021 (small blind) folded on the Flop
Seat 3: iwanevans137 (big blind) collected (40)



PokerStars Hand #247736433293: Tournament #3688263387, $1.84+$0.16 USD Hold'em No Limit - Level I (10/20) - 2023/12/18 21:59:09 CET [2023/12/18 15:59:09 ET]
Table '3688263387 1' 3-max Seat #2 is the button
Seat 1: Horus7018 (440 in chips) 
Seat 2: Mahu2021 (450 in chips) 
Seat 3: iwanevans137 (610 in chips) 
iwanevans137: posts small blind 10
Horus7018: posts big blind 20
*** HOLE CARDS ***
Dealt to Mahu2021 [Ks 4d]
Mahu2021: folds 
iwanevans137: calls 10
Horus7018: raises 20 to 40
iwanevans137: calls 20
*** FLOP *** [Jh 6s 6d]
iwanevans137: bets 120
Horus7018: folds 
Uncalled bet (120) returned to iwanevans137
iwanevans137 collected 80 from pot
*** SUMMARY ***
Total pot 80 | Rake 0 
Board [Jh 6s 6d]
Seat 1: Horus7018 (big blind) folded on the Flop
Seat 2: Mahu2021 (button) folded before Flop (didn't bet)
Seat 3: iwanevans137 (small blind) collected (80)



PokerStars Hand #247736437501: Tournament #3688263387, $1.84+$0.16 USD Hold'em No Limit - Level I (10/20) - 2023/12/18 21:59:24 CET [2023/12/18 15:59:24 ET]
Table '3688263387 1' 3-max Seat #3 is the button
Seat 1: Horus7018 (400 in chips) 
Seat 2: Mahu2021 (450 in chips) 
Seat 3: iwanevans137 (650 in chips) 
Horus7018: posts small blind 10
Mahu2021: posts big blind 20
*** HOLE CARDS ***
Dealt to Mahu2021 [5h 9c]
iwanevans137: calls 20
Horus7018: raises 20 to 40
Mahu2021: folds 
iwanevans137: raises 100 to 140
Horus7018: raises 260 to 400 and is all-in
iwanevans137: calls 260
*** FLOP *** [9s 2h Kh]
*** TURN *** [9s 2h Kh] [Td]
*** RIVER *** [9s 2h Kh Td] [4c]
*** SHOW DOWN ***
Horus7018: shows [6h Ad] (high card Ace)
iwanevans137: shows [Kd Ks] (three of a kind, Kings)
iwanevans137 collected 820 from pot
Horus7018 finished the tournament in 3rd place
*** SUMMARY ***
Total pot 820 | Rake 0 
Board [9s 2h Kh Td 4c]
Seat 1: Horus7018 (small blind) showed [6h Ad] and lost with high card Ace
Seat 2: Mahu2021 (big blind) folded before Flop
Seat 3: iwanevans137 (button) showed [Kd Ks] and won (820) with three of a kind, Kings



PokerStars Hand #247736444203: Tournament #3688263387, $1.84+$0.16 USD Hold'em No Limit - Level I (10/20) - 2023/12/18 21:59:49 CET [2023/12/18 15:59:49 ET]
Table '3688263387 1' 3-max Seat #2 is the button
Seat 2: Mahu2021 (430 in chips) 
Seat 3: iwanevans137 (1070 in chips) 
Mahu2021: posts small blind 10
iwanevans137: posts big blind 20
*** HOLE CARDS ***
Dealt to Mahu2021 [4c Qc]
Mahu2021: calls 10
iwanevans137: raises 40 to 60
Mahu2021: calls 40
*** FLOP *** [Tc Kh 2c]
iwanevans137: bets 40
Mahu2021: calls 40
*** TURN *** [Tc Kh 2c] [Jd]
iwanevans137: bets 160
Mahu2021: raises 170 to 330 and is all-in
iwanevans137: calls 170
*** RIVER *** [Tc Kh 2c Jd] [6h]
*** SHOW DOWN ***
iwanevans137: shows [Ks Kd] (three of a kind, Kings)
Mahu2021: shows [4c Qc] (high card King)
iwanevans137 collected 860 from pot
Mahu2021 finished the tournament in 2nd place
iwanevans137 wins the tournament and receives $4.00 - congratulations!
*** SUMMARY ***
Total pot 860 | Rake 0 
Board [Tc Kh 2c Jd 6h]
Seat 2: Mahu2021 (button) (small blind) showed [4c Qc] and lost with high card King
Seat 3: iwanevans137 (big blind) showed [Ks Kd] and won (860) with three of a kind, Kings



