PokerStars Hand #249684643674: Tournament #3735065276, $1.84+$0.16 USD Hold'em No Limit - Level I (10/20) - 2024/03/29 14:08:49 CET [2024/03/29 9:08:49 ET]
Table '3735065276 1' 3-max Seat #1 is the button
Seat 1: Kipshidze18 (500 in chips) 
Seat 2: kaths30 (500 in chips) 
Seat 3: Mahu2021 (500 in chips) 
kaths30: posts small blind 10
Mahu2021: posts big blind 20
*** HOLE CARDS ***
Dealt to Mahu2021 [8s Js]
Kipshidze18: raises 20 to 40
kaths30: calls 30
Mahu2021: calls 20
*** FLOP *** [6d 4d 8h]
kaths30: checks 
Mahu2021: bets 120
Kipshidze18: folds 
kaths30: calls 120
*** TURN *** [6d 4d 8h] [3d]
kaths30: checks 
Mahu2021: bets 340 and is all-in
kaths30: folds 
Uncalled bet (340) returned to Mahu2021
Mahu2021 collected 360 from pot
Mahu2021: doesn't show hand 
*** SUMMARY ***
Total pot 360 | Rake 0 
Board [6d 4d 8h 3d]
Seat 1: Kipshidze18 (button) folded on the Flop
Seat 2: kaths30 (small blind) folded on the Turn
Seat 3: Mahu2021 (big blind) collected (360)



PokerStars Hand #249684649240: Tournament #3735065276, $1.84+$0.16 USD Hold'em No Limit - Level I (10/20) - 2024/03/29 14:09:18 CET [2024/03/29 9:09:18 ET]
Table '3735065276 1' 3-max Seat #2 is the button
Seat 1: Kipshidze18 (460 in chips) 
Seat 2: kaths30 (340 in chips) 
Seat 3: Mahu2021 (700 in chips) 
Mahu2021: posts small blind 10
Kipshidze18: posts big blind 20
*** HOLE CARDS ***
Dealt to Mahu2021 [6c 8h]
kaths30: folds 
Mahu2021: folds 
Uncalled bet (10) returned to Kipshidze18
Kipshidze18 collected 20 from pot
Kipshidze18: doesn't show hand 
*** SUMMARY ***
Total pot 20 | Rake 0 
Seat 1: Kipshidze18 (big blind) collected (20)
Seat 2: kaths30 (button) folded before Flop (didn't bet)
Seat 3: Mahu2021 (small blind) folded before Flop



PokerStars Hand #249684650146: Tournament #3735065276, $1.84+$0.16 USD Hold'em No Limit - Level I (10/20) - 2024/03/29 14:09:23 CET [2024/03/29 9:09:23 ET]
Table '3735065276 1' 3-max Seat #3 is the button
Seat 1: Kipshidze18 (470 in chips) 
Seat 2: kaths30 (340 in chips) 
Seat 3: Mahu2021 (690 in chips) 
Kipshidze18: posts small blind 10
kaths30: posts big blind 20
*** HOLE CARDS ***
Dealt to Mahu2021 [3s Ts]
Mahu2021: folds 
Kipshidze18: calls 10
kaths30: checks 
*** FLOP *** [3d Js 8d]
Kipshidze18: bets 20
kaths30: calls 20
*** TURN *** [3d Js 8d] [5s]
Kipshidze18: bets 20
kaths30: calls 20
*** RIVER *** [3d Js 8d 5s] [2c]
Kipshidze18: bets 20
kaths30: folds 
Uncalled bet (20) returned to Kipshidze18
Kipshidze18 collected 120 from pot
Kipshidze18: doesn't show hand 
*** SUMMARY ***
Total pot 120 | Rake 0 
Board [3d Js 8d 5s 2c]
Seat 1: Kipshidze18 (small blind) collected (120)
Seat 2: kaths30 (big blind) folded on the River
Seat 3: Mahu2021 (button) folded before Flop (didn't bet)



PokerStars Hand #249684653962: Tournament #3735065276, $1.84+$0.16 USD Hold'em No Limit - Level I (10/20) - 2024/03/29 14:09:42 CET [2024/03/29 9:09:42 ET]
Table '3735065276 1' 3-max Seat #1 is the button
Seat 1: Kipshidze18 (530 in chips) 
Seat 2: kaths30 (280 in chips) 
Seat 3: Mahu2021 (690 in chips) 
kaths30: posts small blind 10
Mahu2021: posts big blind 20
*** HOLE CARDS ***
Dealt to Mahu2021 [3s 2h]
Kipshidze18: folds 
kaths30: folds 
Uncalled bet (10) returned to Mahu2021
Mahu2021 collected 20 from pot
Mahu2021: doesn't show hand 
*** SUMMARY ***
Total pot 20 | Rake 0 
Seat 1: Kipshidze18 (button) folded before Flop (didn't bet)
Seat 2: kaths30 (small blind) folded before Flop
Seat 3: Mahu2021 (big blind) collected (20)



PokerStars Hand #249684655092: Tournament #3735065276, $1.84+$0.16 USD Hold'em No Limit - Level I (10/20) - 2024/03/29 14:09:48 CET [2024/03/29 9:09:48 ET]
Table '3735065276 1' 3-max Seat #2 is the button
Seat 1: Kipshidze18 (530 in chips) 
Seat 2: kaths30 (270 in chips) 
Seat 3: Mahu2021 (700 in chips) 
Mahu2021: posts small blind 10
Kipshidze18: posts big blind 20
*** HOLE CARDS ***
Dealt to Mahu2021 [2c Qc]
kaths30: folds 
Mahu2021: raises 20 to 40
Kipshidze18: calls 20
*** FLOP *** [4d 9c 6s]
Mahu2021: checks 
Kipshidze18: bets 40
Mahu2021: folds 
Uncalled bet (40) returned to Kipshidze18
Kipshidze18 collected 80 from pot
Kipshidze18: doesn't show hand 
*** SUMMARY ***
Total pot 80 | Rake 0 
Board [4d 9c 6s]
Seat 1: Kipshidze18 (big blind) collected (80)
Seat 2: kaths30 (button) folded before Flop (didn't bet)
Seat 3: Mahu2021 (small blind) folded on the Flop



PokerStars Hand #249684658147: Tournament #3735065276, $1.84+$0.16 USD Hold'em No Limit - Level I (10/20) - 2024/03/29 14:10:04 CET [2024/03/29 9:10:04 ET]
Table '3735065276 1' 3-max Seat #3 is the button
Seat 1: Kipshidze18 (570 in chips) 
Seat 2: kaths30 (270 in chips) 
Seat 3: Mahu2021 (660 in chips) 
Kipshidze18: posts small blind 10
kaths30: posts big blind 20
*** HOLE CARDS ***
Dealt to Mahu2021 [Td 3d]
Mahu2021: folds 
Kipshidze18: calls 10
kaths30: checks 
*** FLOP *** [8s 9c 2h]
Kipshidze18: checks 
kaths30: checks 
*** TURN *** [8s 9c 2h] [9d]
Kipshidze18: bets 20
kaths30: calls 20
*** RIVER *** [8s 9c 2h 9d] [6h]
Kipshidze18: bets 20
kaths30: calls 20
*** SHOW DOWN ***
Kipshidze18: shows [6d 5s] (two pair, Nines and Sixes)
kaths30: mucks hand 
Kipshidze18 collected 120 from pot
*** SUMMARY ***
Total pot 120 | Rake 0 
Board [8s 9c 2h 9d 6h]
Seat 1: Kipshidze18 (small blind) showed [6d 5s] and won (120) with two pair, Nines and Sixes
Seat 2: kaths30 (big blind) mucked [2c Qd]
Seat 3: Mahu2021 (button) folded before Flop (didn't bet)



PokerStars Hand #249684662525: Tournament #3735065276, $1.84+$0.16 USD Hold'em No Limit - Level I (10/20) - 2024/03/29 14:10:27 CET [2024/03/29 9:10:27 ET]
Table '3735065276 1' 3-max Seat #1 is the button
Seat 1: Kipshidze18 (630 in chips) 
Seat 2: kaths30 (210 in chips) 
Seat 3: Mahu2021 (660 in chips) 
kaths30: posts small blind 10
Mahu2021: posts big blind 20
*** HOLE CARDS ***
Dealt to Mahu2021 [8d Qd]
Kipshidze18: folds 
kaths30: folds 
Uncalled bet (10) returned to Mahu2021
Mahu2021 collected 20 from pot
Mahu2021: doesn't show hand 
*** SUMMARY ***
Total pot 20 | Rake 0 
Seat 1: Kipshidze18 (button) folded before Flop (didn't bet)
Seat 2: kaths30 (small blind) folded before Flop
Seat 3: Mahu2021 (big blind) collected (20)



PokerStars Hand #249684664269: Tournament #3735065276, $1.84+$0.16 USD Hold'em No Limit - Level I (10/20) - 2024/03/29 14:10:36 CET [2024/03/29 9:10:36 ET]
Table '3735065276 1' 3-max Seat #2 is the button
Seat 1: Kipshidze18 (630 in chips) 
Seat 2: kaths30 (200 in chips) 
Seat 3: Mahu2021 (670 in chips) 
Mahu2021: posts small blind 10
Kipshidze18: posts big blind 20
*** HOLE CARDS ***
Dealt to Mahu2021 [5h 7s]
kaths30: raises 40 to 60
Mahu2021: folds 
Kipshidze18: calls 40
*** FLOP *** [3s Ad 4s]
Kipshidze18: checks 
kaths30: checks 
*** TURN *** [3s Ad 4s] [Qh]
Kipshidze18: checks 
kaths30: bets 60
Kipshidze18: calls 60
*** RIVER *** [3s Ad 4s Qh] [Qd]
Kipshidze18: checks 
kaths30: bets 80 and is all-in
Kipshidze18: calls 80
*** SHOW DOWN ***
kaths30: shows [Ac 8c] (two pair, Aces and Queens)
Kipshidze18: shows [4d 6d] (two pair, Queens and Fours)
kaths30 collected 410 from pot
*** SUMMARY ***
Total pot 410 | Rake 0 
Board [3s Ad 4s Qh Qd]
Seat 1: Kipshidze18 (big blind) showed [4d 6d] and lost with two pair, Queens and Fours
Seat 2: kaths30 (button) showed [Ac 8c] and won (410) with two pair, Aces and Queens
Seat 3: Mahu2021 (small blind) folded before Flop



PokerStars Hand #249684670703: Tournament #3735065276, $1.84+$0.16 USD Hold'em No Limit - Level I (10/20) - 2024/03/29 14:11:10 CET [2024/03/29 9:11:10 ET]
Table '3735065276 1' 3-max Seat #3 is the button
Seat 1: Kipshidze18 (430 in chips) 
Seat 2: kaths30 (410 in chips) 
Seat 3: Mahu2021 (660 in chips) 
Kipshidze18: posts small blind 10
kaths30: posts big blind 20
*** HOLE CARDS ***
Dealt to Mahu2021 [Td Tc]
Mahu2021: raises 20 to 40
Kipshidze18: calls 30
kaths30: calls 20
*** FLOP *** [9h Jd Th]
Kipshidze18: checks 
kaths30: checks 
Mahu2021: bets 120
Kipshidze18: folds 
kaths30: calls 120
*** TURN *** [9h Jd Th] [Jc]
kaths30: checks 
Mahu2021: checks 
*** RIVER *** [9h Jd Th Jc] [6h]
kaths30: checks 
Mahu2021: bets 100
kaths30: folds 
Uncalled bet (100) returned to Mahu2021
Mahu2021 collected 360 from pot
Mahu2021: doesn't show hand 
*** SUMMARY ***
Total pot 360 | Rake 0 
Board [9h Jd Th Jc 6h]
Seat 1: Kipshidze18 (small blind) folded on the Flop
Seat 2: kaths30 (big blind) folded on the River
Seat 3: Mahu2021 (button) collected (360)



PokerStars Hand #249684675926: Tournament #3735065276, $1.84+$0.16 USD Hold'em No Limit - Level I (10/20) - 2024/03/29 14:11:37 CET [2024/03/29 9:11:37 ET]
Table '3735065276 1' 3-max Seat #1 is the button
Seat 1: Kipshidze18 (390 in chips) 
Seat 2: kaths30 (250 in chips) 
Seat 3: Mahu2021 (860 in chips) 
kaths30: posts small blind 10
Mahu2021: posts big blind 20
*** HOLE CARDS ***
Dealt to Mahu2021 [4h Kd]
Kipshidze18: folds 
kaths30: raises 80 to 100
Mahu2021: folds 
Uncalled bet (80) returned to kaths30
kaths30 collected 40 from pot
*** SUMMARY ***
Total pot 40 | Rake 0 
Seat 1: Kipshidze18 (button) folded before Flop (didn't bet)
Seat 2: kaths30 (small blind) collected (40)
Seat 3: Mahu2021 (big blind) folded before Flop



PokerStars Hand #249684678353: Tournament #3735065276, $1.84+$0.16 USD Hold'em No Limit - Level I (10/20) - 2024/03/29 14:11:49 CET [2024/03/29 9:11:49 ET]
Table '3735065276 1' 3-max Seat #2 is the button
Seat 1: Kipshidze18 (390 in chips) 
Seat 2: kaths30 (270 in chips) 
Seat 3: Mahu2021 (840 in chips) 
Mahu2021: posts small blind 10
Kipshidze18: posts big blind 20
*** HOLE CARDS ***
Dealt to Mahu2021 [8c 9h]
kaths30: folds 
Mahu2021: raises 20 to 40
Kipshidze18: calls 20
*** FLOP *** [3s Qh 9d]
Mahu2021: bets 40
Kipshidze18: folds 
Uncalled bet (40) returned to Mahu2021
Mahu2021 collected 80 from pot
Mahu2021: doesn't show hand 
*** SUMMARY ***
Total pot 80 | Rake 0 
Board [3s Qh 9d]
Seat 1: Kipshidze18 (big blind) folded on the Flop
Seat 2: kaths30 (button) folded before Flop (didn't bet)
Seat 3: Mahu2021 (small blind) collected (80)



PokerStars Hand #249684681311: Tournament #3735065276, $1.84+$0.16 USD Hold'em No Limit - Level II (15/30) - 2024/03/29 14:12:05 CET [2024/03/29 9:12:05 ET]
Table '3735065276 1' 3-max Seat #3 is the button
Seat 1: Kipshidze18 (350 in chips) 
Seat 2: kaths30 (270 in chips) 
Seat 3: Mahu2021 (880 in chips) 
Kipshidze18: posts small blind 15
kaths30: posts big blind 30
*** HOLE CARDS ***
Dealt to Mahu2021 [3h Qd]
Mahu2021: folds 
Kipshidze18: folds 
Uncalled bet (15) returned to kaths30
kaths30 collected 30 from pot
*** SUMMARY ***
Total pot 30 | Rake 0 
Seat 1: Kipshidze18 (small blind) folded before Flop
Seat 2: kaths30 (big blind) collected (30)
Seat 3: Mahu2021 (button) folded before Flop (didn't bet)



PokerStars Hand #249684682590: Tournament #3735065276, $1.84+$0.16 USD Hold'em No Limit - Level II (15/30) - 2024/03/29 14:12:11 CET [2024/03/29 9:12:11 ET]
Table '3735065276 1' 3-max Seat #1 is the button
Seat 1: Kipshidze18 (335 in chips) 
Seat 2: kaths30 (285 in chips) 
Seat 3: Mahu2021 (880 in chips) 
kaths30: posts small blind 15
Mahu2021: posts big blind 30
*** HOLE CARDS ***
Dealt to Mahu2021 [4c 6s]
Kipshidze18: folds 
kaths30: folds 
Uncalled bet (15) returned to Mahu2021
Mahu2021 collected 30 from pot
Mahu2021: doesn't show hand 
*** SUMMARY ***
Total pot 30 | Rake 0 
Seat 1: Kipshidze18 (button) folded before Flop (didn't bet)
Seat 2: kaths30 (small blind) folded before Flop
Seat 3: Mahu2021 (big blind) collected (30)



PokerStars Hand #249684685418: Tournament #3735065276, $1.84+$0.16 USD Hold'em No Limit - Level II (15/30) - 2024/03/29 14:12:26 CET [2024/03/29 9:12:26 ET]
Table '3735065276 1' 3-max Seat #2 is the button
Seat 1: Kipshidze18 (335 in chips) 
Seat 2: kaths30 (270 in chips) 
Seat 3: Mahu2021 (895 in chips) 
Mahu2021: posts small blind 15
Kipshidze18: posts big blind 30
*** HOLE CARDS ***
Dealt to Mahu2021 [Jd Qc]
kaths30: folds 
Mahu2021: calls 15
Kipshidze18: checks 
*** FLOP *** [4h As 7c]
Mahu2021: checks 
Kipshidze18: bets 30
Mahu2021: folds 
Uncalled bet (30) returned to Kipshidze18
Kipshidze18 collected 60 from pot
Kipshidze18: doesn't show hand 
*** SUMMARY ***
Total pot 60 | Rake 0 
Board [4h As 7c]
Seat 1: Kipshidze18 (big blind) collected (60)
Seat 2: kaths30 (button) folded before Flop (didn't bet)
Seat 3: Mahu2021 (small blind) folded on the Flop



PokerStars Hand #249684688493: Tournament #3735065276, $1.84+$0.16 USD Hold'em No Limit - Level II (15/30) - 2024/03/29 14:12:42 CET [2024/03/29 9:12:42 ET]
Table '3735065276 1' 3-max Seat #3 is the button
Seat 1: Kipshidze18 (365 in chips) 
Seat 2: kaths30 (270 in chips) 
Seat 3: Mahu2021 (865 in chips) 
Kipshidze18: posts small blind 15
kaths30: posts big blind 30
*** HOLE CARDS ***
Dealt to Mahu2021 [Ks 4h]
Mahu2021: calls 30
Kipshidze18: folds 
kaths30: checks 
*** FLOP *** [Th Qd 8s]
kaths30: checks 
Mahu2021: bets 30
kaths30: folds 
Uncalled bet (30) returned to Mahu2021
Mahu2021 collected 75 from pot
Mahu2021: doesn't show hand 
*** SUMMARY ***
Total pot 75 | Rake 0 
Board [Th Qd 8s]
Seat 1: Kipshidze18 (small blind) folded before Flop
Seat 2: kaths30 (big blind) folded on the Flop
Seat 3: Mahu2021 (button) collected (75)



PokerStars Hand #249684690576: Tournament #3735065276, $1.84+$0.16 USD Hold'em No Limit - Level II (15/30) - 2024/03/29 14:12:53 CET [2024/03/29 9:12:53 ET]
Table '3735065276 1' 3-max Seat #1 is the button
Seat 1: Kipshidze18 (350 in chips) 
Seat 2: kaths30 (240 in chips) 
Seat 3: Mahu2021 (910 in chips) 
kaths30: posts small blind 15
Mahu2021: posts big blind 30
*** HOLE CARDS ***
Dealt to Mahu2021 [Jc 5d]
Kipshidze18: calls 30
kaths30: raises 210 to 240 and is all-in
Mahu2021: folds 
Kipshidze18: folds 
Uncalled bet (210) returned to kaths30
kaths30 collected 90 from pot
*** SUMMARY ***
Total pot 90 | Rake 0 
Seat 1: Kipshidze18 (button) folded before Flop
Seat 2: kaths30 (small blind) collected (90)
Seat 3: Mahu2021 (big blind) folded before Flop



PokerStars Hand #249684694632: Tournament #3735065276, $1.84+$0.16 USD Hold'em No Limit - Level II (15/30) - 2024/03/29 14:13:14 CET [2024/03/29 9:13:14 ET]
Table '3735065276 1' 3-max Seat #2 is the button
Seat 1: Kipshidze18 (320 in chips) 
Seat 2: kaths30 (300 in chips) 
Seat 3: Mahu2021 (880 in chips) 
Mahu2021: posts small blind 15
Kipshidze18: posts big blind 30
*** HOLE CARDS ***
Dealt to Mahu2021 [9h Ac]
kaths30: calls 30
Mahu2021: calls 15
Kipshidze18: checks 
*** FLOP *** [7c 8d 4d]
Mahu2021: checks 
Kipshidze18: bets 30
kaths30: raises 240 to 270 and is all-in
Mahu2021: folds 
Kipshidze18: calls 240
*** TURN *** [7c 8d 4d] [Ad]
*** RIVER *** [7c 8d 4d Ad] [8c]
*** SHOW DOWN ***
Kipshidze18: shows [5s 8h] (three of a kind, Eights)
kaths30: shows [7h Qh] (two pair, Eights and Sevens)
Kipshidze18 collected 630 from pot
kaths30 finished the tournament in 3rd place
*** SUMMARY ***
Total pot 630 | Rake 0 
Board [7c 8d 4d Ad 8c]
Seat 1: Kipshidze18 (big blind) showed [5s 8h] and won (630) with three of a kind, Eights
Seat 2: kaths30 (button) showed [7h Qh] and lost with two pair, Eights and Sevens
Seat 3: Mahu2021 (small blind) folded on the Flop



PokerStars Hand #249684699942: Tournament #3735065276, $1.84+$0.16 USD Hold'em No Limit - Level II (15/30) - 2024/03/29 14:13:42 CET [2024/03/29 9:13:42 ET]
Table '3735065276 1' 3-max Seat #1 is the button
Seat 1: Kipshidze18 (650 in chips) 
Seat 3: Mahu2021 (850 in chips) 
Kipshidze18: posts small blind 15
Mahu2021: posts big blind 30
*** HOLE CARDS ***
Dealt to Mahu2021 [9h 9c]
Kipshidze18: folds 
Uncalled bet (15) returned to Mahu2021
Mahu2021 collected 30 from pot
Mahu2021: doesn't show hand 
*** SUMMARY ***
Total pot 30 | Rake 0 
Seat 1: Kipshidze18 (button) (small blind) folded before Flop
Seat 3: Mahu2021 (big blind) collected (30)



PokerStars Hand #249684700810: Tournament #3735065276, $1.84+$0.16 USD Hold'em No Limit - Level II (15/30) - 2024/03/29 14:13:46 CET [2024/03/29 9:13:46 ET]
Table '3735065276 1' 3-max Seat #3 is the button
Seat 1: Kipshidze18 (635 in chips) 
Seat 3: Mahu2021 (865 in chips) 
Mahu2021: posts small blind 15
Kipshidze18: posts big blind 30
*** HOLE CARDS ***
Dealt to Mahu2021 [8h Ad]
Mahu2021: raises 30 to 60
Kipshidze18: folds 
Uncalled bet (30) returned to Mahu2021
Mahu2021 collected 60 from pot
Mahu2021: doesn't show hand 
*** SUMMARY ***
Total pot 60 | Rake 0 
Seat 1: Kipshidze18 (big blind) folded before Flop
Seat 3: Mahu2021 (button) (small blind) collected (60)



PokerStars Hand #249684702411: Tournament #3735065276, $1.84+$0.16 USD Hold'em No Limit - Level II (15/30) - 2024/03/29 14:13:55 CET [2024/03/29 9:13:55 ET]
Table '3735065276 1' 3-max Seat #1 is the button
Seat 1: Kipshidze18 (605 in chips) 
Seat 3: Mahu2021 (895 in chips) 
Kipshidze18: posts small blind 15
Mahu2021: posts big blind 30
*** HOLE CARDS ***
Dealt to Mahu2021 [Ad Th]
Kipshidze18: calls 15
Mahu2021: raises 90 to 120
Kipshidze18: folds 
Uncalled bet (90) returned to Mahu2021
Mahu2021 collected 60 from pot
Mahu2021: doesn't show hand 
*** SUMMARY ***
Total pot 60 | Rake 0 
Seat 1: Kipshidze18 (button) (small blind) folded before Flop
Seat 3: Mahu2021 (big blind) collected (60)



PokerStars Hand #249684704506: Tournament #3735065276, $1.84+$0.16 USD Hold'em No Limit - Level II (15/30) - 2024/03/29 14:14:06 CET [2024/03/29 9:14:06 ET]
Table '3735065276 1' 3-max Seat #3 is the button
Seat 1: Kipshidze18 (575 in chips) 
Seat 3: Mahu2021 (925 in chips) 
Mahu2021: posts small blind 15
Kipshidze18: posts big blind 30
*** HOLE CARDS ***
Dealt to Mahu2021 [8c 2d]
Mahu2021: folds 
Uncalled bet (15) returned to Kipshidze18
Kipshidze18 collected 30 from pot
Kipshidze18: doesn't show hand 
*** SUMMARY ***
Total pot 30 | Rake 0 
Seat 1: Kipshidze18 (big blind) collected (30)
Seat 3: Mahu2021 (button) (small blind) folded before Flop



PokerStars Hand #249684705325: Tournament #3735065276, $1.84+$0.16 USD Hold'em No Limit - Level II (15/30) - 2024/03/29 14:14:10 CET [2024/03/29 9:14:10 ET]
Table '3735065276 1' 3-max Seat #1 is the button
Seat 1: Kipshidze18 (590 in chips) 
Seat 3: Mahu2021 (910 in chips) 
Kipshidze18: posts small blind 15
Mahu2021: posts big blind 30
*** HOLE CARDS ***
Dealt to Mahu2021 [9s 9h]
Kipshidze18: raises 30 to 60
Mahu2021: raises 850 to 910 and is all-in
Kipshidze18: folds 
Uncalled bet (850) returned to Mahu2021
Mahu2021 collected 120 from pot
Mahu2021: doesn't show hand 
*** SUMMARY ***
Total pot 120 | Rake 0 
Seat 1: Kipshidze18 (button) (small blind) folded before Flop
Seat 3: Mahu2021 (big blind) collected (120)



PokerStars Hand #249684706957: Tournament #3735065276, $1.84+$0.16 USD Hold'em No Limit - Level II (15/30) - 2024/03/29 14:14:19 CET [2024/03/29 9:14:19 ET]
Table '3735065276 1' 3-max Seat #3 is the button
Seat 1: Kipshidze18 (530 in chips) 
Seat 3: Mahu2021 (970 in chips) 
Mahu2021: posts small blind 15
Kipshidze18: posts big blind 30
*** HOLE CARDS ***
Dealt to Mahu2021 [4c Kc]
Mahu2021: calls 15
Kipshidze18: checks 
*** FLOP *** [Kh Ac 6h]
Kipshidze18: bets 30
Mahu2021: calls 30
*** TURN *** [Kh Ac 6h] [5c]
Kipshidze18: bets 30
Mahu2021: calls 30
*** RIVER *** [Kh Ac 6h 5c] [Kd]
Kipshidze18: bets 30
Mahu2021: raises 120 to 150
Kipshidze18: calls 120
*** SHOW DOWN ***
Mahu2021: shows [4c Kc] (three of a kind, Kings)
Kipshidze18: mucks hand 
Mahu2021 collected 480 from pot
*** SUMMARY ***
Total pot 480 | Rake 0 
Board [Kh Ac 6h 5c Kd]
Seat 1: Kipshidze18 (big blind) mucked [6s 8d]
Seat 3: Mahu2021 (button) (small blind) showed [4c Kc] and won (480) with three of a kind, Kings



PokerStars Hand #249684710841: Tournament #3735065276, $1.84+$0.16 USD Hold'em No Limit - Level II (15/30) - 2024/03/29 14:14:39 CET [2024/03/29 9:14:39 ET]
Table '3735065276 1' 3-max Seat #1 is the button
Seat 1: Kipshidze18 (290 in chips) 
Seat 3: Mahu2021 (1210 in chips) 
Kipshidze18: posts small blind 15
Mahu2021: posts big blind 30
*** HOLE CARDS ***
Dealt to Mahu2021 [Jh 4c]
Kipshidze18: raises 260 to 290 and is all-in
Mahu2021: folds 
Uncalled bet (260) returned to Kipshidze18
Kipshidze18 collected 60 from pot
Kipshidze18: doesn't show hand 
*** SUMMARY ***
Total pot 60 | Rake 0 
Seat 1: Kipshidze18 (button) (small blind) collected (60)
Seat 3: Mahu2021 (big blind) folded before Flop



PokerStars Hand #249684712237: Tournament #3735065276, $1.84+$0.16 USD Hold'em No Limit - Level II (15/30) - 2024/03/29 14:14:46 CET [2024/03/29 9:14:46 ET]
Table '3735065276 1' 3-max Seat #3 is the button
Seat 1: Kipshidze18 (320 in chips) 
Seat 3: Mahu2021 (1180 in chips) 
Mahu2021: posts small blind 15
Kipshidze18: posts big blind 30
*** HOLE CARDS ***
Dealt to Mahu2021 [Ts 3d]
Mahu2021: folds 
Uncalled bet (15) returned to Kipshidze18
Kipshidze18 collected 30 from pot
Kipshidze18: doesn't show hand 
*** SUMMARY ***
Total pot 30 | Rake 0 
Seat 1: Kipshidze18 (big blind) collected (30)
Seat 3: Mahu2021 (button) (small blind) folded before Flop



PokerStars Hand #249684713637: Tournament #3735065276, $1.84+$0.16 USD Hold'em No Limit - Level III (20/40) - 2024/03/29 14:14:54 CET [2024/03/29 9:14:54 ET]
Table '3735065276 1' 3-max Seat #1 is the button
Seat 1: Kipshidze18 (335 in chips) 
Seat 3: Mahu2021 (1165 in chips) 
Kipshidze18: posts small blind 20
Mahu2021: posts big blind 40
*** HOLE CARDS ***
Dealt to Mahu2021 [3s 8c]
Kipshidze18: raises 295 to 335 and is all-in
Mahu2021: folds 
Uncalled bet (295) returned to Kipshidze18
Kipshidze18 collected 80 from pot
Kipshidze18: doesn't show hand 
*** SUMMARY ***
Total pot 80 | Rake 0 
Seat 1: Kipshidze18 (button) (small blind) collected (80)
Seat 3: Mahu2021 (big blind) folded before Flop



PokerStars Hand #249684714582: Tournament #3735065276, $1.84+$0.16 USD Hold'em No Limit - Level III (20/40) - 2024/03/29 14:14:59 CET [2024/03/29 9:14:59 ET]
Table '3735065276 1' 3-max Seat #3 is the button
Seat 1: Kipshidze18 (375 in chips) 
Seat 3: Mahu2021 (1125 in chips) 
Mahu2021: posts small blind 20
Kipshidze18: posts big blind 40
*** HOLE CARDS ***
Dealt to Mahu2021 [6s 8s]
Mahu2021: calls 20
Kipshidze18: checks 
*** FLOP *** [5s Tc Qc]
Kipshidze18: checks 
Mahu2021: bets 40
Kipshidze18: folds 
Uncalled bet (40) returned to Mahu2021
Mahu2021 collected 80 from pot
Mahu2021: doesn't show hand 
*** SUMMARY ***
Total pot 80 | Rake 0 
Board [5s Tc Qc]
Seat 1: Kipshidze18 (big blind) folded on the Flop
Seat 3: Mahu2021 (button) (small blind) collected (80)



PokerStars Hand #249684716927: Tournament #3735065276, $1.84+$0.16 USD Hold'em No Limit - Level III (20/40) - 2024/03/29 14:15:11 CET [2024/03/29 9:15:11 ET]
Table '3735065276 1' 3-max Seat #1 is the button
Seat 1: Kipshidze18 (335 in chips) 
Seat 3: Mahu2021 (1165 in chips) 
Kipshidze18: posts small blind 20
Mahu2021: posts big blind 40
*** HOLE CARDS ***
Dealt to Mahu2021 [5d 3s]
Kipshidze18: raises 295 to 335 and is all-in
Mahu2021: folds 
Uncalled bet (295) returned to Kipshidze18
Kipshidze18 collected 80 from pot
Kipshidze18: doesn't show hand 
*** SUMMARY ***
Total pot 80 | Rake 0 
Seat 1: Kipshidze18 (button) (small blind) collected (80)
Seat 3: Mahu2021 (big blind) folded before Flop



PokerStars Hand #249684718490: Tournament #3735065276, $1.84+$0.16 USD Hold'em No Limit - Level III (20/40) - 2024/03/29 14:15:19 CET [2024/03/29 9:15:19 ET]
Table '3735065276 1' 3-max Seat #3 is the button
Seat 1: Kipshidze18 (375 in chips) 
Seat 3: Mahu2021 (1125 in chips) 
Mahu2021: posts small blind 20
Kipshidze18: posts big blind 40
*** HOLE CARDS ***
Dealt to Mahu2021 [Js 8s]
Mahu2021: calls 20
Kipshidze18: checks 
*** FLOP *** [4d 2c 4s]
Kipshidze18: bets 335 and is all-in
Mahu2021: folds 
Uncalled bet (335) returned to Kipshidze18
Kipshidze18 collected 80 from pot
Kipshidze18: doesn't show hand 
*** SUMMARY ***
Total pot 80 | Rake 0 
Board [4d 2c 4s]
Seat 1: Kipshidze18 (big blind) collected (80)
Seat 3: Mahu2021 (button) (small blind) folded on the Flop



PokerStars Hand #249684720769: Tournament #3735065276, $1.84+$0.16 USD Hold'em No Limit - Level III (20/40) - 2024/03/29 14:15:31 CET [2024/03/29 9:15:31 ET]
Table '3735065276 1' 3-max Seat #1 is the button
Seat 1: Kipshidze18 (415 in chips) 
Seat 3: Mahu2021 (1085 in chips) 
Kipshidze18: posts small blind 20
Mahu2021: posts big blind 40
*** HOLE CARDS ***
Dealt to Mahu2021 [Tc 3c]
Kipshidze18: raises 375 to 415 and is all-in
Mahu2021: folds 
Uncalled bet (375) returned to Kipshidze18
Kipshidze18 collected 80 from pot
Kipshidze18: doesn't show hand 
*** SUMMARY ***
Total pot 80 | Rake 0 
Seat 1: Kipshidze18 (button) (small blind) collected (80)
Seat 3: Mahu2021 (big blind) folded before Flop



PokerStars Hand #249684721920: Tournament #3735065276, $1.84+$0.16 USD Hold'em No Limit - Level III (20/40) - 2024/03/29 14:15:36 CET [2024/03/29 9:15:36 ET]
Table '3735065276 1' 3-max Seat #3 is the button
Seat 1: Kipshidze18 (455 in chips) 
Seat 3: Mahu2021 (1045 in chips) 
Mahu2021: posts small blind 20
Kipshidze18: posts big blind 40
*** HOLE CARDS ***
Dealt to Mahu2021 [Qc Tc]
Mahu2021: raises 40 to 80
Kipshidze18: folds 
Uncalled bet (40) returned to Mahu2021
Mahu2021 collected 80 from pot
Mahu2021: doesn't show hand 
*** SUMMARY ***
Total pot 80 | Rake 0 
Seat 1: Kipshidze18 (big blind) folded before Flop
Seat 3: Mahu2021 (button) (small blind) collected (80)



PokerStars Hand #249684723077: Tournament #3735065276, $1.84+$0.16 USD Hold'em No Limit - Level III (20/40) - 2024/03/29 14:15:42 CET [2024/03/29 9:15:42 ET]
Table '3735065276 1' 3-max Seat #1 is the button
Seat 1: Kipshidze18 (415 in chips) 
Seat 3: Mahu2021 (1085 in chips) 
Kipshidze18: posts small blind 20
Mahu2021: posts big blind 40
*** HOLE CARDS ***
Dealt to Mahu2021 [As Kc]
Kipshidze18: calls 20
Mahu2021: raises 120 to 160
Kipshidze18: folds 
Uncalled bet (120) returned to Mahu2021
Mahu2021 collected 80 from pot
Mahu2021: doesn't show hand 
*** SUMMARY ***
Total pot 80 | Rake 0 
Seat 1: Kipshidze18 (button) (small blind) folded before Flop
Seat 3: Mahu2021 (big blind) collected (80)



PokerStars Hand #249684724662: Tournament #3735065276, $1.84+$0.16 USD Hold'em No Limit - Level III (20/40) - 2024/03/29 14:15:50 CET [2024/03/29 9:15:50 ET]
Table '3735065276 1' 3-max Seat #3 is the button
Seat 1: Kipshidze18 (375 in chips) 
Seat 3: Mahu2021 (1125 in chips) 
Mahu2021: posts small blind 20
Kipshidze18: posts big blind 40
*** HOLE CARDS ***
Dealt to Mahu2021 [Ks 2c]
Mahu2021: raises 40 to 80
Kipshidze18: raises 295 to 375 and is all-in
Mahu2021: calls 295
*** FLOP *** [Jd Qc 4d]
*** TURN *** [Jd Qc 4d] [Jc]
*** RIVER *** [Jd Qc 4d Jc] [8d]
*** SHOW DOWN ***
Kipshidze18: shows [Tc 9h] (a straight, Eight to Queen)
Mahu2021: shows [Ks 2c] (a pair of Jacks)
Kipshidze18 collected 750 from pot
*** SUMMARY ***
Total pot 750 | Rake 0 
Board [Jd Qc 4d Jc 8d]
Seat 1: Kipshidze18 (big blind) showed [Tc 9h] and won (750) with a straight, Eight to Queen
Seat 3: Mahu2021 (button) (small blind) showed [Ks 2c] and lost with a pair of Jacks



PokerStars Hand #249684727191: Tournament #3735065276, $1.84+$0.16 USD Hold'em No Limit - Level III (20/40) - 2024/03/29 14:16:04 CET [2024/03/29 9:16:04 ET]
Table '3735065276 1' 3-max Seat #1 is the button
Seat 1: Kipshidze18 (750 in chips) 
Seat 3: Mahu2021 (750 in chips) 
Kipshidze18: posts small blind 20
Mahu2021: posts big blind 40
*** HOLE CARDS ***
Dealt to Mahu2021 [Qh 9s]
Kipshidze18: folds 
Uncalled bet (20) returned to Mahu2021
Mahu2021 collected 40 from pot
Mahu2021: doesn't show hand 
*** SUMMARY ***
Total pot 40 | Rake 0 
Seat 1: Kipshidze18 (button) (small blind) folded before Flop
Seat 3: Mahu2021 (big blind) collected (40)



PokerStars Hand #249684728317: Tournament #3735065276, $1.84+$0.16 USD Hold'em No Limit - Level III (20/40) - 2024/03/29 14:16:10 CET [2024/03/29 9:16:10 ET]
Table '3735065276 1' 3-max Seat #3 is the button
Seat 1: Kipshidze18 (730 in chips) 
Seat 3: Mahu2021 (770 in chips) 
Mahu2021: posts small blind 20
Kipshidze18: posts big blind 40
*** HOLE CARDS ***
Dealt to Mahu2021 [9h 3s]
Mahu2021: folds 
Uncalled bet (20) returned to Kipshidze18
Kipshidze18 collected 40 from pot
Kipshidze18: doesn't show hand 
*** SUMMARY ***
Total pot 40 | Rake 0 
Seat 1: Kipshidze18 (big blind) collected (40)
Seat 3: Mahu2021 (button) (small blind) folded before Flop



PokerStars Hand #249684729135: Tournament #3735065276, $1.84+$0.16 USD Hold'em No Limit - Level III (20/40) - 2024/03/29 14:16:14 CET [2024/03/29 9:16:14 ET]
Table '3735065276 1' 3-max Seat #1 is the button
Seat 1: Kipshidze18 (750 in chips) 
Seat 3: Mahu2021 (750 in chips) 
Kipshidze18: posts small blind 20
Mahu2021: posts big blind 40
*** HOLE CARDS ***
Dealt to Mahu2021 [4d Qs]
Kipshidze18: raises 40 to 80
Mahu2021: calls 40
*** FLOP *** [9s Jh 2s]
Mahu2021: checks 
Kipshidze18: bets 120
Mahu2021: folds 
Uncalled bet (120) returned to Kipshidze18
Kipshidze18 collected 160 from pot
Kipshidze18: doesn't show hand 
*** SUMMARY ***
Total pot 160 | Rake 0 
Board [9s Jh 2s]
Seat 1: Kipshidze18 (button) (small blind) collected (160)
Seat 3: Mahu2021 (big blind) folded on the Flop



PokerStars Hand #249684731490: Tournament #3735065276, $1.84+$0.16 USD Hold'em No Limit - Level III (20/40) - 2024/03/29 14:16:26 CET [2024/03/29 9:16:26 ET]
Table '3735065276 1' 3-max Seat #3 is the button
Seat 1: Kipshidze18 (830 in chips) 
Seat 3: Mahu2021 (670 in chips) 
Mahu2021: posts small blind 20
Kipshidze18: posts big blind 40
*** HOLE CARDS ***
Dealt to Mahu2021 [7d Jc]
Mahu2021: raises 40 to 80
Kipshidze18: calls 40
*** FLOP *** [Qs Ac 6c]
Kipshidze18: checks 
Mahu2021: bets 80
Kipshidze18: calls 80
*** TURN *** [Qs Ac 6c] [3d]
Kipshidze18: bets 80
Mahu2021: folds 
Uncalled bet (80) returned to Kipshidze18
Kipshidze18 collected 320 from pot
Kipshidze18: doesn't show hand 
*** SUMMARY ***
Total pot 320 | Rake 0 
Board [Qs Ac 6c 3d]
Seat 1: Kipshidze18 (big blind) collected (320)
Seat 3: Mahu2021 (button) (small blind) folded on the Turn



PokerStars Hand #249684735172: Tournament #3735065276, $1.84+$0.16 USD Hold'em No Limit - Level III (20/40) - 2024/03/29 14:16:45 CET [2024/03/29 9:16:45 ET]
Table '3735065276 1' 3-max Seat #1 is the button
Seat 1: Kipshidze18 (990 in chips) 
Seat 3: Mahu2021 (510 in chips) 
Kipshidze18: posts small blind 20
Mahu2021: posts big blind 40
*** HOLE CARDS ***
Dealt to Mahu2021 [3d 2h]
Kipshidze18: folds 
Uncalled bet (20) returned to Mahu2021
Mahu2021 collected 40 from pot
Mahu2021: doesn't show hand 
*** SUMMARY ***
Total pot 40 | Rake 0 
Seat 1: Kipshidze18 (button) (small blind) folded before Flop
Seat 3: Mahu2021 (big blind) collected (40)



PokerStars Hand #249684736043: Tournament #3735065276, $1.84+$0.16 USD Hold'em No Limit - Level III (20/40) - 2024/03/29 14:16:49 CET [2024/03/29 9:16:49 ET]
Table '3735065276 1' 3-max Seat #3 is the button
Seat 1: Kipshidze18 (970 in chips) 
Seat 3: Mahu2021 (530 in chips) 
Mahu2021: posts small blind 20
Kipshidze18: posts big blind 40
*** HOLE CARDS ***
Dealt to Mahu2021 [5d Jc]
Mahu2021: calls 20
Kipshidze18: checks 
*** FLOP *** [9h Ah 3d]
Kipshidze18: bets 40
Mahu2021: folds 
Uncalled bet (40) returned to Kipshidze18
Kipshidze18 collected 80 from pot
Kipshidze18: doesn't show hand 
*** SUMMARY ***
Total pot 80 | Rake 0 
Board [9h Ah 3d]
Seat 1: Kipshidze18 (big blind) collected (80)
Seat 3: Mahu2021 (button) (small blind) folded on the Flop



PokerStars Hand #249684737830: Tournament #3735065276, $1.84+$0.16 USD Hold'em No Limit - Level III (20/40) - 2024/03/29 14:16:59 CET [2024/03/29 9:16:59 ET]
Table '3735065276 1' 3-max Seat #1 is the button
Seat 1: Kipshidze18 (1010 in chips) 
Seat 3: Mahu2021 (490 in chips) 
Kipshidze18: posts small blind 20
Mahu2021: posts big blind 40
*** HOLE CARDS ***
Dealt to Mahu2021 [Kd Qh]
Kipshidze18: folds 
Uncalled bet (20) returned to Mahu2021
Mahu2021 collected 40 from pot
Mahu2021: doesn't show hand 
*** SUMMARY ***
Total pot 40 | Rake 0 
Seat 1: Kipshidze18 (button) (small blind) folded before Flop
Seat 3: Mahu2021 (big blind) collected (40)



PokerStars Hand #249684738966: Tournament #3735065276, $1.84+$0.16 USD Hold'em No Limit - Level III (20/40) - 2024/03/29 14:17:05 CET [2024/03/29 9:17:05 ET]
Table '3735065276 1' 3-max Seat #3 is the button
Seat 1: Kipshidze18 (990 in chips) 
Seat 3: Mahu2021 (510 in chips) 
Mahu2021: posts small blind 20
Kipshidze18: posts big blind 40
*** HOLE CARDS ***
Dealt to Mahu2021 [9d 5h]
Mahu2021: calls 20
Kipshidze18: checks 
*** FLOP *** [Qh 3d 4h]
Kipshidze18: checks 
Mahu2021: checks 
*** TURN *** [Qh 3d 4h] [4s]
Kipshidze18: checks 
Mahu2021: checks 
*** RIVER *** [Qh 3d 4h 4s] [9s]
Kipshidze18: checks 
Mahu2021: bets 80
Kipshidze18: folds 
Uncalled bet (80) returned to Mahu2021
Mahu2021 collected 80 from pot
Mahu2021: doesn't show hand 
*** SUMMARY ***
Total pot 80 | Rake 0 
Board [Qh 3d 4h 4s 9s]
Seat 1: Kipshidze18 (big blind) folded on the River
Seat 3: Mahu2021 (button) (small blind) collected (80)



PokerStars Hand #249684742139: Tournament #3735065276, $1.84+$0.16 USD Hold'em No Limit - Level III (20/40) - 2024/03/29 14:17:21 CET [2024/03/29 9:17:21 ET]
Table '3735065276 1' 3-max Seat #1 is the button
Seat 1: Kipshidze18 (950 in chips) 
Seat 3: Mahu2021 (550 in chips) 
Kipshidze18: posts small blind 20
Mahu2021: posts big blind 40
*** HOLE CARDS ***
Dealt to Mahu2021 [7s 7h]
Kipshidze18: folds 
Uncalled bet (20) returned to Mahu2021
Mahu2021 collected 40 from pot
Mahu2021: doesn't show hand 
*** SUMMARY ***
Total pot 40 | Rake 0 
Seat 1: Kipshidze18 (button) (small blind) folded before Flop
Seat 3: Mahu2021 (big blind) collected (40)



PokerStars Hand #249684743021: Tournament #3735065276, $1.84+$0.16 USD Hold'em No Limit - Level III (20/40) - 2024/03/29 14:17:26 CET [2024/03/29 9:17:26 ET]
Table '3735065276 1' 3-max Seat #3 is the button
Seat 1: Kipshidze18 (930 in chips) 
Seat 3: Mahu2021 (570 in chips) 
Mahu2021: posts small blind 20
Kipshidze18: posts big blind 40
*** HOLE CARDS ***
Dealt to Mahu2021 [Th 9s]
Mahu2021: raises 40 to 80
Kipshidze18: folds 
Uncalled bet (40) returned to Mahu2021
Mahu2021 collected 80 from pot
Mahu2021: doesn't show hand 
*** SUMMARY ***
Total pot 80 | Rake 0 
Seat 1: Kipshidze18 (big blind) folded before Flop
Seat 3: Mahu2021 (button) (small blind) collected (80)



PokerStars Hand #249684744135: Tournament #3735065276, $1.84+$0.16 USD Hold'em No Limit - Level III (20/40) - 2024/03/29 14:17:31 CET [2024/03/29 9:17:31 ET]
Table '3735065276 1' 3-max Seat #1 is the button
Seat 1: Kipshidze18 (890 in chips) 
Seat 3: Mahu2021 (610 in chips) 
Kipshidze18: posts small blind 20
Mahu2021: posts big blind 40
*** HOLE CARDS ***
Dealt to Mahu2021 [2s 2c]
Kipshidze18: folds 
Uncalled bet (20) returned to Mahu2021
Mahu2021 collected 40 from pot
Mahu2021: doesn't show hand 
*** SUMMARY ***
Total pot 40 | Rake 0 
Seat 1: Kipshidze18 (button) (small blind) folded before Flop
Seat 3: Mahu2021 (big blind) collected (40)



PokerStars Hand #249684744973: Tournament #3735065276, $1.84+$0.16 USD Hold'em No Limit - Level III (20/40) - 2024/03/29 14:17:36 CET [2024/03/29 9:17:36 ET]
Table '3735065276 1' 3-max Seat #3 is the button
Seat 1: Kipshidze18 (870 in chips) 
Seat 3: Mahu2021 (630 in chips) 
Mahu2021: posts small blind 20
Kipshidze18: posts big blind 40
*** HOLE CARDS ***
Dealt to Mahu2021 [5c 4c]
Mahu2021: raises 40 to 80
Kipshidze18: folds 
Uncalled bet (40) returned to Mahu2021
Mahu2021 collected 80 from pot
Mahu2021: doesn't show hand 
*** SUMMARY ***
Total pot 80 | Rake 0 
Seat 1: Kipshidze18 (big blind) folded before Flop
Seat 3: Mahu2021 (button) (small blind) collected (80)



PokerStars Hand #249684746145: Tournament #3735065276, $1.84+$0.16 USD Hold'em No Limit - Level III (20/40) - 2024/03/29 14:17:42 CET [2024/03/29 9:17:42 ET]
Table '3735065276 1' 3-max Seat #1 is the button
Seat 1: Kipshidze18 (830 in chips) 
Seat 3: Mahu2021 (670 in chips) 
Kipshidze18: posts small blind 20
Mahu2021: posts big blind 40
*** HOLE CARDS ***
Dealt to Mahu2021 [9d Ah]
Kipshidze18: raises 40 to 80
Mahu2021: raises 590 to 670 and is all-in
Kipshidze18: calls 590
*** FLOP *** [9h 2h 3d]
*** TURN *** [9h 2h 3d] [As]
*** RIVER *** [9h 2h 3d As] [4s]
*** SHOW DOWN ***
Mahu2021: shows [9d Ah] (two pair, Aces and Nines)
Kipshidze18: shows [Qd Kh] (high card Ace)
Mahu2021 collected 1340 from pot
*** SUMMARY ***
Total pot 1340 | Rake 0 
Board [9h 2h 3d As 4s]
Seat 1: Kipshidze18 (button) (small blind) showed [Qd Kh] and lost with high card Ace
Seat 3: Mahu2021 (big blind) showed [9d Ah] and won (1340) with two pair, Aces and Nines



PokerStars Hand #249684749563: Tournament #3735065276, $1.84+$0.16 USD Hold'em No Limit - Level IV (30/60) - 2024/03/29 14:18:00 CET [2024/03/29 9:18:00 ET]
Table '3735065276 1' 3-max Seat #3 is the button
Seat 1: Kipshidze18 (160 in chips) 
Seat 3: Mahu2021 (1340 in chips) 
Mahu2021: posts small blind 30
Kipshidze18: posts big blind 60
*** HOLE CARDS ***
Dealt to Mahu2021 [8c 2s]
Mahu2021: folds 
Uncalled bet (30) returned to Kipshidze18
Kipshidze18 collected 60 from pot
Kipshidze18: doesn't show hand 
*** SUMMARY ***
Total pot 60 | Rake 0 
Seat 1: Kipshidze18 (big blind) collected (60)
Seat 3: Mahu2021 (button) (small blind) folded before Flop



PokerStars Hand #249684750419: Tournament #3735065276, $1.84+$0.16 USD Hold'em No Limit - Level IV (30/60) - 2024/03/29 14:18:04 CET [2024/03/29 9:18:04 ET]
Table '3735065276 1' 3-max Seat #1 is the button
Seat 1: Kipshidze18 (190 in chips) 
Seat 3: Mahu2021 (1310 in chips) 
Kipshidze18: posts small blind 30
Mahu2021: posts big blind 60
*** HOLE CARDS ***
Dealt to Mahu2021 [As 5d]
Kipshidze18: raises 130 to 190 and is all-in
Mahu2021: calls 130
*** FLOP *** [Td 5c 9s]
*** TURN *** [Td 5c 9s] [7s]
*** RIVER *** [Td 5c 9s 7s] [Kh]
*** SHOW DOWN ***
Mahu2021: shows [As 5d] (a pair of Fives)
Kipshidze18: shows [4s Jh] (high card King)
Mahu2021 collected 380 from pot
Kipshidze18 finished the tournament in 2nd place
Mahu2021 wins the tournament and receives $6.00 - congratulations!
*** SUMMARY ***
Total pot 380 | Rake 0 
Board [Td 5c 9s 7s Kh]
Seat 1: Kipshidze18 (button) (small blind) showed [4s Jh] and lost with high card King
Seat 3: Mahu2021 (big blind) showed [As 5d] and won (380) with a pair of Fives



