PokerStars Hand #249341762486: Tournament #3726981982, $1.84+$0.16 USD Hold'em No Limit - Level I (10/20) - 2024/03/10 14:41:02 CET [2024/03/10 9:41:02 ET]
Table '3726981982 1' 3-max Seat #1 is the button
Seat 1: Fl0ppyJall0py (500 in chips) 
Seat 2: gwwWmb (500 in chips) 
Seat 3: Mahu2021 (500 in chips) 
gwwWmb: posts small blind 10
Mahu2021: posts big blind 20
*** HOLE CARDS ***
Dealt to Mahu2021 [Ts Qh]
Fl0ppyJall0py: calls 20
gwwWmb: folds 
Mahu2021: checks 
*** FLOP *** [Qs 9s 9h]
Mahu2021: bets 40
Fl0ppyJall0py: folds 
Uncalled bet (40) returned to Mahu2021
Mahu2021 collected 50 from pot
Mahu2021: doesn't show hand 
*** SUMMARY ***
Total pot 50 | Rake 0 
Board [Qs 9s 9h]
Seat 1: Fl0ppyJall0py (button) folded on the Flop
Seat 2: gwwWmb (small blind) folded before Flop
Seat 3: Mahu2021 (big blind) collected (50)



PokerStars Hand #249341766094: Tournament #3726981982, $1.84+$0.16 USD Hold'em No Limit - Level I (10/20) - 2024/03/10 14:41:18 CET [2024/03/10 9:41:18 ET]
Table '3726981982 1' 3-max Seat #2 is the button
Seat 1: Fl0ppyJall0py (480 in chips) 
Seat 2: gwwWmb (490 in chips) 
Seat 3: Mahu2021 (530 in chips) 
Mahu2021: posts small blind 10
Fl0ppyJall0py: posts big blind 20
*** HOLE CARDS ***
Dealt to Mahu2021 [Th 4s]
gwwWmb: folds 
Mahu2021: folds 
Uncalled bet (10) returned to Fl0ppyJall0py
Fl0ppyJall0py collected 20 from pot
*** SUMMARY ***
Total pot 20 | Rake 0 
Seat 1: Fl0ppyJall0py (big blind) collected (20)
Seat 2: gwwWmb (button) folded before Flop (didn't bet)
Seat 3: Mahu2021 (small blind) folded before Flop



PokerStars Hand #249341767019: Tournament #3726981982, $1.84+$0.16 USD Hold'em No Limit - Level I (10/20) - 2024/03/10 14:41:22 CET [2024/03/10 9:41:22 ET]
Table '3726981982 1' 3-max Seat #3 is the button
Seat 1: Fl0ppyJall0py (490 in chips) 
Seat 2: gwwWmb (490 in chips) 
Seat 3: Mahu2021 (520 in chips) 
Fl0ppyJall0py: posts small blind 10
gwwWmb: posts big blind 20
*** HOLE CARDS ***
Dealt to Mahu2021 [2h 5c]
Mahu2021: folds 
Fl0ppyJall0py: calls 10
gwwWmb: checks 
*** FLOP *** [3h Jd 8d]
Fl0ppyJall0py: bets 40
gwwWmb: folds 
Uncalled bet (40) returned to Fl0ppyJall0py
Fl0ppyJall0py collected 40 from pot
*** SUMMARY ***
Total pot 40 | Rake 0 
Board [3h Jd 8d]
Seat 1: Fl0ppyJall0py (small blind) collected (40)
Seat 2: gwwWmb (big blind) folded on the Flop
Seat 3: Mahu2021 (button) folded before Flop (didn't bet)



PokerStars Hand #249341772654: Tournament #3726981982, $1.84+$0.16 USD Hold'em No Limit - Level I (10/20) - 2024/03/10 14:41:47 CET [2024/03/10 9:41:47 ET]
Table '3726981982 1' 3-max Seat #1 is the button
Seat 1: Fl0ppyJall0py (510 in chips) 
Seat 2: gwwWmb (470 in chips) 
Seat 3: Mahu2021 (520 in chips) 
gwwWmb: posts small blind 10
Mahu2021: posts big blind 20
*** HOLE CARDS ***
Dealt to Mahu2021 [Ah 5c]
Fl0ppyJall0py: folds 
gwwWmb: calls 10
Mahu2021: checks 
*** FLOP *** [Td 8c 9d]
gwwWmb: checks 
Mahu2021: checks 
*** TURN *** [Td 8c 9d] [Jh]
gwwWmb: bets 20
Mahu2021: folds 
Uncalled bet (20) returned to gwwWmb
gwwWmb collected 40 from pot
gwwWmb: doesn't show hand 
*** SUMMARY ***
Total pot 40 | Rake 0 
Board [Td 8c 9d Jh]
Seat 1: Fl0ppyJall0py (button) folded before Flop (didn't bet)
Seat 2: gwwWmb (small blind) collected (40)
Seat 3: Mahu2021 (big blind) folded on the Turn



PokerStars Hand #249341780398: Tournament #3726981982, $1.84+$0.16 USD Hold'em No Limit - Level I (10/20) - 2024/03/10 14:42:21 CET [2024/03/10 9:42:21 ET]
Table '3726981982 1' 3-max Seat #2 is the button
Seat 1: Fl0ppyJall0py (510 in chips) 
Seat 2: gwwWmb (490 in chips) 
Seat 3: Mahu2021 (500 in chips) 
Mahu2021: posts small blind 10
Fl0ppyJall0py: posts big blind 20
*** HOLE CARDS ***
Dealt to Mahu2021 [Kh 6c]
gwwWmb: raises 20 to 40
Mahu2021: folds 
Fl0ppyJall0py: folds 
Uncalled bet (20) returned to gwwWmb
gwwWmb collected 50 from pot
gwwWmb: doesn't show hand 
*** SUMMARY ***
Total pot 50 | Rake 0 
Seat 1: Fl0ppyJall0py (big blind) folded before Flop
Seat 2: gwwWmb (button) collected (50)
Seat 3: Mahu2021 (small blind) folded before Flop



PokerStars Hand #249341782853: Tournament #3726981982, $1.84+$0.16 USD Hold'em No Limit - Level I (10/20) - 2024/03/10 14:42:33 CET [2024/03/10 9:42:33 ET]
Table '3726981982 1' 3-max Seat #3 is the button
Seat 1: Fl0ppyJall0py (490 in chips) 
Seat 2: gwwWmb (520 in chips) 
Seat 3: Mahu2021 (490 in chips) 
Fl0ppyJall0py: posts small blind 10
gwwWmb: posts big blind 20
*** HOLE CARDS ***
Dealt to Mahu2021 [7c 3s]
Mahu2021: folds 
Fl0ppyJall0py: raises 60 to 80
gwwWmb: folds 
Uncalled bet (60) returned to Fl0ppyJall0py
Fl0ppyJall0py collected 40 from pot
*** SUMMARY ***
Total pot 40 | Rake 0 
Seat 1: Fl0ppyJall0py (small blind) collected (40)
Seat 2: gwwWmb (big blind) folded before Flop
Seat 3: Mahu2021 (button) folded before Flop (didn't bet)



PokerStars Hand #249341785681: Tournament #3726981982, $1.84+$0.16 USD Hold'em No Limit - Level I (10/20) - 2024/03/10 14:42:45 CET [2024/03/10 9:42:45 ET]
Table '3726981982 1' 3-max Seat #1 is the button
Seat 1: Fl0ppyJall0py (510 in chips) 
Seat 2: gwwWmb (500 in chips) 
Seat 3: Mahu2021 (490 in chips) 
gwwWmb: posts small blind 10
Mahu2021: posts big blind 20
*** HOLE CARDS ***
Dealt to Mahu2021 [Js 2c]
Fl0ppyJall0py: folds 
gwwWmb: calls 10
Mahu2021: checks 
*** FLOP *** [2h 2d Ad]
gwwWmb: checks 
Mahu2021: bets 20
gwwWmb: calls 20
*** TURN *** [2h 2d Ad] [As]
gwwWmb: checks 
Mahu2021: bets 20
gwwWmb: folds 
Uncalled bet (20) returned to Mahu2021
Mahu2021 collected 80 from pot
Mahu2021: doesn't show hand 
*** SUMMARY ***
Total pot 80 | Rake 0 
Board [2h 2d Ad As]
Seat 1: Fl0ppyJall0py (button) folded before Flop (didn't bet)
Seat 2: gwwWmb (small blind) folded on the Turn
Seat 3: Mahu2021 (big blind) collected (80)



PokerStars Hand #249341793842: Tournament #3726981982, $1.84+$0.16 USD Hold'em No Limit - Level I (10/20) - 2024/03/10 14:43:22 CET [2024/03/10 9:43:22 ET]
Table '3726981982 1' 3-max Seat #2 is the button
Seat 1: Fl0ppyJall0py (510 in chips) 
Seat 2: gwwWmb (460 in chips) 
Seat 3: Mahu2021 (530 in chips) 
Mahu2021: posts small blind 10
Fl0ppyJall0py: posts big blind 20
*** HOLE CARDS ***
Dealt to Mahu2021 [As Jh]
gwwWmb: raises 20 to 40
Mahu2021: calls 30
Fl0ppyJall0py: calls 20
*** FLOP *** [Qs 9s 2h]
Mahu2021: checks 
Fl0ppyJall0py: checks 
gwwWmb: checks 
*** TURN *** [Qs 9s 2h] [6d]
Mahu2021: checks 
Fl0ppyJall0py: checks 
gwwWmb: checks 
*** RIVER *** [Qs 9s 2h 6d] [6h]
Mahu2021: bets 40
Fl0ppyJall0py: folds 
gwwWmb: calls 40
*** SHOW DOWN ***
Mahu2021: shows [As Jh] (a pair of Sixes)
gwwWmb: shows [Tc 9h] (two pair, Nines and Sixes)
gwwWmb collected 200 from pot
*** SUMMARY ***
Total pot 200 | Rake 0 
Board [Qs 9s 2h 6d 6h]
Seat 1: Fl0ppyJall0py (big blind) folded on the River
Seat 2: gwwWmb (button) showed [Tc 9h] and won (200) with two pair, Nines and Sixes
Seat 3: Mahu2021 (small blind) showed [As Jh] and lost with a pair of Sixes



PokerStars Hand #249341804909: Tournament #3726981982, $1.84+$0.16 USD Hold'em No Limit - Level II (15/30) - 2024/03/10 14:44:11 CET [2024/03/10 9:44:11 ET]
Table '3726981982 1' 3-max Seat #3 is the button
Seat 1: Fl0ppyJall0py (470 in chips) 
Seat 2: gwwWmb (580 in chips) 
Seat 3: Mahu2021 (450 in chips) 
Fl0ppyJall0py: posts small blind 15
gwwWmb: posts big blind 30
*** HOLE CARDS ***
Dealt to Mahu2021 [Qs Ac]
Mahu2021: raises 30 to 60
Fl0ppyJall0py: calls 45
gwwWmb: folds 
*** FLOP *** [5s Qh 2h]
Fl0ppyJall0py: checks 
Mahu2021: bets 150
Fl0ppyJall0py: folds 
Uncalled bet (150) returned to Mahu2021
Mahu2021 collected 150 from pot
Mahu2021: doesn't show hand 
*** SUMMARY ***
Total pot 150 | Rake 0 
Board [5s Qh 2h]
Seat 1: Fl0ppyJall0py (small blind) folded on the Flop
Seat 2: gwwWmb (big blind) folded before Flop
Seat 3: Mahu2021 (button) collected (150)



PokerStars Hand #249341807789: Tournament #3726981982, $1.84+$0.16 USD Hold'em No Limit - Level II (15/30) - 2024/03/10 14:44:24 CET [2024/03/10 9:44:24 ET]
Table '3726981982 1' 3-max Seat #1 is the button
Seat 1: Fl0ppyJall0py (410 in chips) 
Seat 2: gwwWmb (550 in chips) 
Seat 3: Mahu2021 (540 in chips) 
gwwWmb: posts small blind 15
Mahu2021: posts big blind 30
*** HOLE CARDS ***
Dealt to Mahu2021 [Qd 8h]
Fl0ppyJall0py: folds 
gwwWmb: folds 
Uncalled bet (15) returned to Mahu2021
Mahu2021 collected 30 from pot
Mahu2021: doesn't show hand 
*** SUMMARY ***
Total pot 30 | Rake 0 
Seat 1: Fl0ppyJall0py (button) folded before Flop (didn't bet)
Seat 2: gwwWmb (small blind) folded before Flop
Seat 3: Mahu2021 (big blind) collected (30)



PokerStars Hand #249341809875: Tournament #3726981982, $1.84+$0.16 USD Hold'em No Limit - Level II (15/30) - 2024/03/10 14:44:34 CET [2024/03/10 9:44:34 ET]
Table '3726981982 1' 3-max Seat #2 is the button
Seat 1: Fl0ppyJall0py (410 in chips) 
Seat 2: gwwWmb (535 in chips) 
Seat 3: Mahu2021 (555 in chips) 
Mahu2021: posts small blind 15
Fl0ppyJall0py: posts big blind 30
*** HOLE CARDS ***
Dealt to Mahu2021 [Jd 4s]
gwwWmb: raises 30 to 60
Mahu2021: folds 
Fl0ppyJall0py: calls 30
*** FLOP *** [Qd 7s Tc]
Fl0ppyJall0py: checks 
gwwWmb: bets 34
Fl0ppyJall0py: raises 34 to 68
gwwWmb: folds 
Uncalled bet (34) returned to Fl0ppyJall0py
Fl0ppyJall0py collected 203 from pot
*** SUMMARY ***
Total pot 203 | Rake 0 
Board [Qd 7s Tc]
Seat 1: Fl0ppyJall0py (big blind) collected (203)
Seat 2: gwwWmb (button) folded on the Flop
Seat 3: Mahu2021 (small blind) folded before Flop



PokerStars Hand #249341818834: Tournament #3726981982, $1.84+$0.16 USD Hold'em No Limit - Level II (15/30) - 2024/03/10 14:45:13 CET [2024/03/10 9:45:13 ET]
Table '3726981982 1' 3-max Seat #3 is the button
Seat 1: Fl0ppyJall0py (519 in chips) 
Seat 2: gwwWmb (441 in chips) 
Seat 3: Mahu2021 (540 in chips) 
Fl0ppyJall0py: posts small blind 15
gwwWmb: posts big blind 30
*** HOLE CARDS ***
Dealt to Mahu2021 [4h Ac]
Mahu2021: calls 30
Fl0ppyJall0py: folds 
gwwWmb: checks 
*** FLOP *** [9h 7s 5s]
gwwWmb: checks 
Mahu2021: checks 
*** TURN *** [9h 7s 5s] [5c]
gwwWmb: checks 
Mahu2021: bets 30
gwwWmb: folds 
Uncalled bet (30) returned to Mahu2021
Mahu2021 collected 75 from pot
Mahu2021: doesn't show hand 
*** SUMMARY ***
Total pot 75 | Rake 0 
Board [9h 7s 5s 5c]
Seat 1: Fl0ppyJall0py (small blind) folded before Flop
Seat 2: gwwWmb (big blind) folded on the Turn
Seat 3: Mahu2021 (button) collected (75)



PokerStars Hand #249341825070: Tournament #3726981982, $1.84+$0.16 USD Hold'em No Limit - Level II (15/30) - 2024/03/10 14:45:41 CET [2024/03/10 9:45:41 ET]
Table '3726981982 1' 3-max Seat #1 is the button
Seat 1: Fl0ppyJall0py (504 in chips) 
Seat 2: gwwWmb (411 in chips) 
Seat 3: Mahu2021 (585 in chips) 
gwwWmb: posts small blind 15
Mahu2021: posts big blind 30
*** HOLE CARDS ***
Dealt to Mahu2021 [Tc 3h]
Fl0ppyJall0py: folds 
gwwWmb: raises 381 to 411 and is all-in
Mahu2021: folds 
Uncalled bet (381) returned to gwwWmb
gwwWmb collected 60 from pot
gwwWmb: doesn't show hand 
*** SUMMARY ***
Total pot 60 | Rake 0 
Seat 1: Fl0ppyJall0py (button) folded before Flop (didn't bet)
Seat 2: gwwWmb (small blind) collected (60)
Seat 3: Mahu2021 (big blind) folded before Flop



PokerStars Hand #249341826613: Tournament #3726981982, $1.84+$0.16 USD Hold'em No Limit - Level II (15/30) - 2024/03/10 14:45:48 CET [2024/03/10 9:45:48 ET]
Table '3726981982 1' 3-max Seat #2 is the button
Seat 1: Fl0ppyJall0py (504 in chips) 
Seat 2: gwwWmb (441 in chips) 
Seat 3: Mahu2021 (555 in chips) 
Mahu2021: posts small blind 15
Fl0ppyJall0py: posts big blind 30
*** HOLE CARDS ***
Dealt to Mahu2021 [Td 2s]
gwwWmb: folds 
Mahu2021: folds 
Uncalled bet (15) returned to Fl0ppyJall0py
Fl0ppyJall0py collected 30 from pot
*** SUMMARY ***
Total pot 30 | Rake 0 
Seat 1: Fl0ppyJall0py (big blind) collected (30)
Seat 2: gwwWmb (button) folded before Flop (didn't bet)
Seat 3: Mahu2021 (small blind) folded before Flop



PokerStars Hand #249341828233: Tournament #3726981982, $1.84+$0.16 USD Hold'em No Limit - Level II (15/30) - 2024/03/10 14:45:55 CET [2024/03/10 9:45:55 ET]
Table '3726981982 1' 3-max Seat #3 is the button
Seat 1: Fl0ppyJall0py (519 in chips) 
Seat 2: gwwWmb (441 in chips) 
Seat 3: Mahu2021 (540 in chips) 
Fl0ppyJall0py: posts small blind 15
gwwWmb: posts big blind 30
*** HOLE CARDS ***
Dealt to Mahu2021 [8s Jc]
Mahu2021: folds 
Fl0ppyJall0py: folds 
Uncalled bet (15) returned to gwwWmb
gwwWmb collected 30 from pot
gwwWmb: doesn't show hand 
*** SUMMARY ***
Total pot 30 | Rake 0 
Seat 1: Fl0ppyJall0py (small blind) folded before Flop
Seat 2: gwwWmb (big blind) collected (30)
Seat 3: Mahu2021 (button) folded before Flop (didn't bet)



PokerStars Hand #249341829432: Tournament #3726981982, $1.84+$0.16 USD Hold'em No Limit - Level II (15/30) - 2024/03/10 14:46:00 CET [2024/03/10 9:46:00 ET]
Table '3726981982 1' 3-max Seat #1 is the button
Seat 1: Fl0ppyJall0py (504 in chips) 
Seat 2: gwwWmb (456 in chips) 
Seat 3: Mahu2021 (540 in chips) 
gwwWmb: posts small blind 15
Mahu2021: posts big blind 30
*** HOLE CARDS ***
Dealt to Mahu2021 [8d 6c]
Fl0ppyJall0py: calls 30
gwwWmb: folds 
Mahu2021: checks 
*** FLOP *** [Kd 7c 3s]
Mahu2021: checks 
Fl0ppyJall0py: bets 75
Mahu2021: folds 
Uncalled bet (75) returned to Fl0ppyJall0py
Fl0ppyJall0py collected 75 from pot
*** SUMMARY ***
Total pot 75 | Rake 0 
Board [Kd 7c 3s]
Seat 1: Fl0ppyJall0py (button) collected (75)
Seat 2: gwwWmb (small blind) folded before Flop
Seat 3: Mahu2021 (big blind) folded on the Flop



PokerStars Hand #249341833242: Tournament #3726981982, $1.84+$0.16 USD Hold'em No Limit - Level II (15/30) - 2024/03/10 14:46:17 CET [2024/03/10 9:46:17 ET]
Table '3726981982 1' 3-max Seat #2 is the button
Seat 1: Fl0ppyJall0py (549 in chips) 
Seat 2: gwwWmb (441 in chips) 
Seat 3: Mahu2021 (510 in chips) 
Mahu2021: posts small blind 15
Fl0ppyJall0py: posts big blind 30
*** HOLE CARDS ***
Dealt to Mahu2021 [4d As]
gwwWmb: raises 30 to 60
Mahu2021: calls 45
Fl0ppyJall0py: calls 30
*** FLOP *** [6h Th 5s]
Mahu2021: checks 
Fl0ppyJall0py: bets 180
gwwWmb: folds 
Mahu2021: folds 
Uncalled bet (180) returned to Fl0ppyJall0py
Fl0ppyJall0py collected 180 from pot
*** SUMMARY ***
Total pot 180 | Rake 0 
Board [6h Th 5s]
Seat 1: Fl0ppyJall0py (big blind) collected (180)
Seat 2: gwwWmb (button) folded on the Flop
Seat 3: Mahu2021 (small blind) folded on the Flop



PokerStars Hand #249341836963: Tournament #3726981982, $1.84+$0.16 USD Hold'em No Limit - Level II (15/30) - 2024/03/10 14:46:34 CET [2024/03/10 9:46:34 ET]
Table '3726981982 1' 3-max Seat #3 is the button
Seat 1: Fl0ppyJall0py (669 in chips) 
Seat 2: gwwWmb (381 in chips) 
Seat 3: Mahu2021 (450 in chips) 
Fl0ppyJall0py: posts small blind 15
gwwWmb: posts big blind 30
*** HOLE CARDS ***
Dealt to Mahu2021 [Tc Qs]
Mahu2021: calls 30
Fl0ppyJall0py: calls 15
gwwWmb: checks 
*** FLOP *** [2h 5h 9d]
Fl0ppyJall0py: checks 
gwwWmb: checks 
Mahu2021: checks 
*** TURN *** [2h 5h 9d] [6s]
Fl0ppyJall0py: bets 30
gwwWmb: calls 30
Mahu2021: folds 
*** RIVER *** [2h 5h 9d 6s] [5d]
Fl0ppyJall0py: checks 
gwwWmb: checks 
*** SHOW DOWN ***
Fl0ppyJall0py: shows [As 8h] (a pair of Fives)
gwwWmb: shows [3c 2c] (two pair, Fives and Deuces)
gwwWmb collected 150 from pot
*** SUMMARY ***
Total pot 150 | Rake 0 
Board [2h 5h 9d 6s 5d]
Seat 1: Fl0ppyJall0py (small blind) showed [As 8h] and lost with a pair of Fives
Seat 2: gwwWmb (big blind) showed [3c 2c] and won (150) with two pair, Fives and Deuces
Seat 3: Mahu2021 (button) folded on the Turn



PokerStars Hand #249341847584: Tournament #3726981982, $1.84+$0.16 USD Hold'em No Limit - Level III (20/40) - 2024/03/10 14:47:21 CET [2024/03/10 9:47:21 ET]
Table '3726981982 1' 3-max Seat #1 is the button
Seat 1: Fl0ppyJall0py (609 in chips) 
Seat 2: gwwWmb (471 in chips) 
Seat 3: Mahu2021 (420 in chips) 
gwwWmb: posts small blind 20
Mahu2021: posts big blind 40
*** HOLE CARDS ***
Dealt to Mahu2021 [Kh 6d]
Fl0ppyJall0py: folds 
gwwWmb: raises 431 to 471 and is all-in
Mahu2021: folds 
Uncalled bet (431) returned to gwwWmb
gwwWmb collected 80 from pot
gwwWmb: doesn't show hand 
*** SUMMARY ***
Total pot 80 | Rake 0 
Seat 1: Fl0ppyJall0py (button) folded before Flop (didn't bet)
Seat 2: gwwWmb (small blind) collected (80)
Seat 3: Mahu2021 (big blind) folded before Flop



PokerStars Hand #249341852368: Tournament #3726981982, $1.84+$0.16 USD Hold'em No Limit - Level III (20/40) - 2024/03/10 14:47:41 CET [2024/03/10 9:47:41 ET]
Table '3726981982 1' 3-max Seat #2 is the button
Seat 1: Fl0ppyJall0py (609 in chips) 
Seat 2: gwwWmb (511 in chips) 
Seat 3: Mahu2021 (380 in chips) 
Mahu2021: posts small blind 20
Fl0ppyJall0py: posts big blind 40
*** HOLE CARDS ***
Dealt to Mahu2021 [Td Jc]
gwwWmb: raises 471 to 511 and is all-in
Mahu2021: folds 
Fl0ppyJall0py: folds 
Uncalled bet (471) returned to gwwWmb
gwwWmb collected 100 from pot
gwwWmb: doesn't show hand 
*** SUMMARY ***
Total pot 100 | Rake 0 
Seat 1: Fl0ppyJall0py (big blind) folded before Flop
Seat 2: gwwWmb (button) collected (100)
Seat 3: Mahu2021 (small blind) folded before Flop



PokerStars Hand #249341854701: Tournament #3726981982, $1.84+$0.16 USD Hold'em No Limit - Level III (20/40) - 2024/03/10 14:47:51 CET [2024/03/10 9:47:51 ET]
Table '3726981982 1' 3-max Seat #3 is the button
Seat 1: Fl0ppyJall0py (569 in chips) 
Seat 2: gwwWmb (571 in chips) 
Seat 3: Mahu2021 (360 in chips) 
Fl0ppyJall0py: posts small blind 20
gwwWmb: posts big blind 40
*** HOLE CARDS ***
Dealt to Mahu2021 [6d Kd]
Mahu2021: calls 40
Fl0ppyJall0py: folds 
gwwWmb: raises 531 to 571 and is all-in
Mahu2021: folds 
Uncalled bet (531) returned to gwwWmb
gwwWmb collected 100 from pot
gwwWmb: doesn't show hand 
*** SUMMARY ***
Total pot 100 | Rake 0 
Seat 1: Fl0ppyJall0py (small blind) folded before Flop
Seat 2: gwwWmb (big blind) collected (100)
Seat 3: Mahu2021 (button) folded before Flop



PokerStars Hand #249341857556: Tournament #3726981982, $1.84+$0.16 USD Hold'em No Limit - Level III (20/40) - 2024/03/10 14:48:04 CET [2024/03/10 9:48:04 ET]
Table '3726981982 1' 3-max Seat #1 is the button
Seat 1: Fl0ppyJall0py (549 in chips) 
Seat 2: gwwWmb (631 in chips) 
Seat 3: Mahu2021 (320 in chips) 
gwwWmb: posts small blind 20
Mahu2021: posts big blind 40
*** HOLE CARDS ***
Dealt to Mahu2021 [Kh 8d]
Fl0ppyJall0py: folds 
gwwWmb: folds 
Uncalled bet (20) returned to Mahu2021
Mahu2021 collected 40 from pot
Mahu2021: doesn't show hand 
*** SUMMARY ***
Total pot 40 | Rake 0 
Seat 1: Fl0ppyJall0py (button) folded before Flop (didn't bet)
Seat 2: gwwWmb (small blind) folded before Flop
Seat 3: Mahu2021 (big blind) collected (40)



PokerStars Hand #249341859522: Tournament #3726981982, $1.84+$0.16 USD Hold'em No Limit - Level III (20/40) - 2024/03/10 14:48:13 CET [2024/03/10 9:48:13 ET]
Table '3726981982 1' 3-max Seat #2 is the button
Seat 1: Fl0ppyJall0py (549 in chips) 
Seat 2: gwwWmb (611 in chips) 
Seat 3: Mahu2021 (340 in chips) 
Mahu2021: posts small blind 20
Fl0ppyJall0py: posts big blind 40
*** HOLE CARDS ***
Dealt to Mahu2021 [Jd 5d]
gwwWmb: folds 
Mahu2021: calls 20
Fl0ppyJall0py: checks 
*** FLOP *** [3h 8d 9c]
Mahu2021: checks 
Fl0ppyJall0py: checks 
*** TURN *** [3h 8d 9c] [7h]
Mahu2021: checks 
Fl0ppyJall0py: checks 
*** RIVER *** [3h 8d 9c 7h] [Th]
Mahu2021: bets 300 and is all-in
Fl0ppyJall0py: folds 
Uncalled bet (300) returned to Mahu2021
Mahu2021 collected 80 from pot
Mahu2021: doesn't show hand 
*** SUMMARY ***
Total pot 80 | Rake 0 
Board [3h 8d 9c 7h Th]
Seat 1: Fl0ppyJall0py (big blind) folded on the River
Seat 2: gwwWmb (button) folded before Flop (didn't bet)
Seat 3: Mahu2021 (small blind) collected (80)



PokerStars Hand #249341864101: Tournament #3726981982, $1.84+$0.16 USD Hold'em No Limit - Level III (20/40) - 2024/03/10 14:48:33 CET [2024/03/10 9:48:33 ET]
Table '3726981982 1' 3-max Seat #3 is the button
Seat 1: Fl0ppyJall0py (509 in chips) 
Seat 2: gwwWmb (611 in chips) 
Seat 3: Mahu2021 (380 in chips) 
Fl0ppyJall0py: posts small blind 20
gwwWmb: posts big blind 40
*** HOLE CARDS ***
Dealt to Mahu2021 [7d 5s]
Mahu2021: folds 
Fl0ppyJall0py: folds 
Uncalled bet (20) returned to gwwWmb
gwwWmb collected 40 from pot
gwwWmb: doesn't show hand 
*** SUMMARY ***
Total pot 40 | Rake 0 
Seat 1: Fl0ppyJall0py (small blind) folded before Flop
Seat 2: gwwWmb (big blind) collected (40)
Seat 3: Mahu2021 (button) folded before Flop (didn't bet)



PokerStars Hand #249341865180: Tournament #3726981982, $1.84+$0.16 USD Hold'em No Limit - Level III (20/40) - 2024/03/10 14:48:38 CET [2024/03/10 9:48:38 ET]
Table '3726981982 1' 3-max Seat #1 is the button
Seat 1: Fl0ppyJall0py (489 in chips) 
Seat 2: gwwWmb (631 in chips) 
Seat 3: Mahu2021 (380 in chips) 
gwwWmb: posts small blind 20
Mahu2021: posts big blind 40
*** HOLE CARDS ***
Dealt to Mahu2021 [Js 6s]
Fl0ppyJall0py: calls 40
gwwWmb: raises 591 to 631 and is all-in
Mahu2021: folds 
Fl0ppyJall0py: calls 449 and is all-in
Uncalled bet (142) returned to gwwWmb
*** FLOP *** [3h 4s Ks]
*** TURN *** [3h 4s Ks] [4c]
*** RIVER *** [3h 4s Ks 4c] [Qs]
*** SHOW DOWN ***
gwwWmb: shows [2d Ac] (a pair of Fours)
Fl0ppyJall0py: shows [Qh 9h] (two pair, Queens and Fours)
Fl0ppyJall0py collected 1018 from pot
*** SUMMARY ***
Total pot 1018 | Rake 0 
Board [3h 4s Ks 4c Qs]
Seat 1: Fl0ppyJall0py (button) showed [Qh 9h] and won (1018) with two pair, Queens and Fours
Seat 2: gwwWmb (small blind) showed [2d Ac] and lost with a pair of Fours
Seat 3: Mahu2021 (big blind) folded before Flop



PokerStars Hand #249341869146: Tournament #3726981982, $1.84+$0.16 USD Hold'em No Limit - Level III (20/40) - 2024/03/10 14:48:56 CET [2024/03/10 9:48:56 ET]
Table '3726981982 1' 3-max Seat #2 is the button
Seat 1: Fl0ppyJall0py (1018 in chips) 
Seat 2: gwwWmb (142 in chips) 
Seat 3: Mahu2021 (340 in chips) 
Mahu2021: posts small blind 20
Fl0ppyJall0py: posts big blind 40
*** HOLE CARDS ***
Dealt to Mahu2021 [As Td]
gwwWmb: folds 
Mahu2021: raises 40 to 80
Fl0ppyJall0py: folds 
Uncalled bet (40) returned to Mahu2021
Mahu2021 collected 80 from pot
Mahu2021: doesn't show hand 
*** SUMMARY ***
Total pot 80 | Rake 0 
Seat 1: Fl0ppyJall0py (big blind) folded before Flop
Seat 2: gwwWmb (button) folded before Flop (didn't bet)
Seat 3: Mahu2021 (small blind) collected (80)



PokerStars Hand #249341870727: Tournament #3726981982, $1.84+$0.16 USD Hold'em No Limit - Level III (20/40) - 2024/03/10 14:49:03 CET [2024/03/10 9:49:03 ET]
Table '3726981982 1' 3-max Seat #3 is the button
Seat 1: Fl0ppyJall0py (978 in chips) 
Seat 2: gwwWmb (142 in chips) 
Seat 3: Mahu2021 (380 in chips) 
Fl0ppyJall0py: posts small blind 20
gwwWmb: posts big blind 40
*** HOLE CARDS ***
Dealt to Mahu2021 [Js 5d]
Mahu2021: folds 
Fl0ppyJall0py: folds 
Uncalled bet (20) returned to gwwWmb
gwwWmb collected 40 from pot
gwwWmb: doesn't show hand 
*** SUMMARY ***
Total pot 40 | Rake 0 
Seat 1: Fl0ppyJall0py (small blind) folded before Flop
Seat 2: gwwWmb (big blind) collected (40)
Seat 3: Mahu2021 (button) folded before Flop (didn't bet)



PokerStars Hand #249341871854: Tournament #3726981982, $1.84+$0.16 USD Hold'em No Limit - Level III (20/40) - 2024/03/10 14:49:07 CET [2024/03/10 9:49:07 ET]
Table '3726981982 1' 3-max Seat #1 is the button
Seat 1: Fl0ppyJall0py (958 in chips) 
Seat 2: gwwWmb (162 in chips) 
Seat 3: Mahu2021 (380 in chips) 
gwwWmb: posts small blind 20
Mahu2021: posts big blind 40
*** HOLE CARDS ***
Dealt to Mahu2021 [Jc 4c]
Fl0ppyJall0py: calls 40
gwwWmb: raises 122 to 162 and is all-in
Mahu2021: folds 
Fl0ppyJall0py: calls 122
*** FLOP *** [7h 8h Ks]
*** TURN *** [7h 8h Ks] [Qh]
*** RIVER *** [7h 8h Ks Qh] [Js]
*** SHOW DOWN ***
gwwWmb: shows [As Th] (a straight, Ten to Ace)
Fl0ppyJall0py: shows [9s 7s] (a pair of Sevens)
gwwWmb collected 364 from pot
*** SUMMARY ***
Total pot 364 | Rake 0 
Board [7h 8h Ks Qh Js]
Seat 1: Fl0ppyJall0py (button) showed [9s 7s] and lost with a pair of Sevens
Seat 2: gwwWmb (small blind) showed [As Th] and won (364) with a straight, Ten to Ace
Seat 3: Mahu2021 (big blind) folded before Flop



PokerStars Hand #249341875497: Tournament #3726981982, $1.84+$0.16 USD Hold'em No Limit - Level III (20/40) - 2024/03/10 14:49:23 CET [2024/03/10 9:49:23 ET]
Table '3726981982 1' 3-max Seat #2 is the button
Seat 1: Fl0ppyJall0py (796 in chips) 
Seat 2: gwwWmb (364 in chips) 
Seat 3: Mahu2021 (340 in chips) 
Mahu2021: posts small blind 20
Fl0ppyJall0py: posts big blind 40
*** HOLE CARDS ***
Dealt to Mahu2021 [6s 5c]
gwwWmb: raises 324 to 364 and is all-in
Mahu2021: folds 
Fl0ppyJall0py: folds 
Uncalled bet (324) returned to gwwWmb
gwwWmb collected 100 from pot
gwwWmb: doesn't show hand 
*** SUMMARY ***
Total pot 100 | Rake 0 
Seat 1: Fl0ppyJall0py (big blind) folded before Flop
Seat 2: gwwWmb (button) collected (100)
Seat 3: Mahu2021 (small blind) folded before Flop



PokerStars Hand #249341876800: Tournament #3726981982, $1.84+$0.16 USD Hold'em No Limit - Level III (20/40) - 2024/03/10 14:49:29 CET [2024/03/10 9:49:29 ET]
Table '3726981982 1' 3-max Seat #3 is the button
Seat 1: Fl0ppyJall0py (756 in chips) 
Seat 2: gwwWmb (424 in chips) 
Seat 3: Mahu2021 (320 in chips) 
Fl0ppyJall0py: posts small blind 20
gwwWmb: posts big blind 40
*** HOLE CARDS ***
Dealt to Mahu2021 [Ks Qh]
Mahu2021: raises 40 to 80
Fl0ppyJall0py: folds 
gwwWmb: folds 
Uncalled bet (40) returned to Mahu2021
Mahu2021 collected 100 from pot
Mahu2021: doesn't show hand 
*** SUMMARY ***
Total pot 100 | Rake 0 
Seat 1: Fl0ppyJall0py (small blind) folded before Flop
Seat 2: gwwWmb (big blind) folded before Flop
Seat 3: Mahu2021 (button) collected (100)



PokerStars Hand #249341879633: Tournament #3726981982, $1.84+$0.16 USD Hold'em No Limit - Level III (20/40) - 2024/03/10 14:49:42 CET [2024/03/10 9:49:42 ET]
Table '3726981982 1' 3-max Seat #1 is the button
Seat 1: Fl0ppyJall0py (736 in chips) 
Seat 2: gwwWmb (384 in chips) 
Seat 3: Mahu2021 (380 in chips) 
gwwWmb: posts small blind 20
Mahu2021: posts big blind 40
*** HOLE CARDS ***
Dealt to Mahu2021 [3d Qd]
Fl0ppyJall0py: folds 
gwwWmb: raises 344 to 384 and is all-in
Mahu2021: folds 
Uncalled bet (344) returned to gwwWmb
gwwWmb collected 80 from pot
gwwWmb: doesn't show hand 
*** SUMMARY ***
Total pot 80 | Rake 0 
Seat 1: Fl0ppyJall0py (button) folded before Flop (didn't bet)
Seat 2: gwwWmb (small blind) collected (80)
Seat 3: Mahu2021 (big blind) folded before Flop



PokerStars Hand #249341883752: Tournament #3726981982, $1.84+$0.16 USD Hold'em No Limit - Level III (20/40) - 2024/03/10 14:50:00 CET [2024/03/10 9:50:00 ET]
Table '3726981982 1' 3-max Seat #2 is the button
Seat 1: Fl0ppyJall0py (736 in chips) 
Seat 2: gwwWmb (424 in chips) 
Seat 3: Mahu2021 (340 in chips) 
Mahu2021: posts small blind 20
Fl0ppyJall0py: posts big blind 40
*** HOLE CARDS ***
Dealt to Mahu2021 [4s Ah]
gwwWmb: folds 
Mahu2021: raises 40 to 80
Fl0ppyJall0py: calls 40
*** FLOP *** [Kc 3d 4d]
Mahu2021: bets 260 and is all-in
Fl0ppyJall0py: calls 260
*** TURN *** [Kc 3d 4d] [Qs]
*** RIVER *** [Kc 3d 4d Qs] [9s]
*** SHOW DOWN ***
Mahu2021: shows [4s Ah] (a pair of Fours)
Fl0ppyJall0py: shows [Td Kd] (a pair of Kings)
Fl0ppyJall0py collected 680 from pot
Mahu2021 finished the tournament in 3rd place
*** SUMMARY ***
Total pot 680 | Rake 0 
Board [Kc 3d 4d Qs 9s]
Seat 1: Fl0ppyJall0py (big blind) showed [Td Kd] and won (680) with a pair of Kings
Seat 2: gwwWmb (button) folded before Flop (didn't bet)
Seat 3: Mahu2021 (small blind) showed [4s Ah] and lost with a pair of Fours



