PokerStars Hand #246889346923: Tournament #3667429801, $1.84+$0.16 USD Hold'em No Limit - Level I (10/20) - 2023/11/02 21:34:29 CET [2023/11/02 16:34:29 ET]
Table '3667429801 1' 3-max Seat #1 is the button
Seat 1: petike3e (500 in chips) 
Seat 2: CESKA1992 (500 in chips) 
Seat 3: Mahu2021 (500 in chips) 
CESKA1992: posts small blind 10
Mahu2021: posts big blind 20
*** HOLE CARDS ***
Dealt to Mahu2021 [Ts 5s]
petike3e: raises 40 to 60
CESKA1992: calls 50
Mahu2021: folds 
*** FLOP *** [Tc 3h 7s]
CESKA1992: checks 
petike3e: bets 70
CESKA1992: calls 70
*** TURN *** [Tc 3h 7s] [7h]
CESKA1992: checks 
petike3e: checks 
*** RIVER *** [Tc 3h 7s 7h] [7d]
CESKA1992: bets 180
petike3e: folds 
Uncalled bet (180) returned to CESKA1992
CESKA1992 collected 280 from pot
CESKA1992: doesn't show hand 
*** SUMMARY ***
Total pot 280 | Rake 0 
Board [Tc 3h 7s 7h 7d]
Seat 1: petike3e (button) folded on the River
Seat 2: CESKA1992 (small blind) collected (280)
Seat 3: Mahu2021 (big blind) folded before Flop



PokerStars Hand #246889356033: Tournament #3667429801, $1.84+$0.16 USD Hold'em No Limit - Level I (10/20) - 2023/11/02 21:34:54 CET [2023/11/02 16:34:54 ET]
Table '3667429801 1' 3-max Seat #2 is the button
Seat 1: petike3e (370 in chips) 
Seat 2: CESKA1992 (650 in chips) 
Seat 3: Mahu2021 (480 in chips) 
Mahu2021: posts small blind 10
petike3e: posts big blind 20
*** HOLE CARDS ***
Dealt to Mahu2021 [Kh Jc]
CESKA1992: raises 20 to 40
Mahu2021: calls 30
petike3e: folds 
*** FLOP *** [As 5d Qc]
Mahu2021: checks 
CESKA1992: bets 20
Mahu2021: calls 20
*** TURN *** [As 5d Qc] [Qd]
Mahu2021: checks 
CESKA1992: bets 40
Mahu2021: calls 40
*** RIVER *** [As 5d Qc Qd] [3d]
Mahu2021: checks 
CESKA1992: bets 40
Mahu2021: folds 
Uncalled bet (40) returned to CESKA1992
CESKA1992 collected 220 from pot
CESKA1992: doesn't show hand 
*** SUMMARY ***
Total pot 220 | Rake 0 
Board [As 5d Qc Qd 3d]
Seat 1: petike3e (big blind) folded before Flop
Seat 2: CESKA1992 (button) collected (220)
Seat 3: Mahu2021 (small blind) folded on the River



PokerStars Hand #246889362718: Tournament #3667429801, $1.84+$0.16 USD Hold'em No Limit - Level I (10/20) - 2023/11/02 21:35:11 CET [2023/11/02 16:35:11 ET]
Table '3667429801 1' 3-max Seat #3 is the button
Seat 1: petike3e (350 in chips) 
Seat 2: CESKA1992 (770 in chips) 
Seat 3: Mahu2021 (380 in chips) 
petike3e: posts small blind 10
CESKA1992: posts big blind 20
*** HOLE CARDS ***
Dealt to Mahu2021 [Kc 3d]
Mahu2021: folds 
petike3e: folds 
Uncalled bet (10) returned to CESKA1992
CESKA1992 collected 20 from pot
CESKA1992: doesn't show hand 
*** SUMMARY ***
Total pot 20 | Rake 0 
Seat 1: petike3e (small blind) folded before Flop
Seat 2: CESKA1992 (big blind) collected (20)
Seat 3: Mahu2021 (button) folded before Flop (didn't bet)



PokerStars Hand #246889364804: Tournament #3667429801, $1.84+$0.16 USD Hold'em No Limit - Level I (10/20) - 2023/11/02 21:35:17 CET [2023/11/02 16:35:17 ET]
Table '3667429801 1' 3-max Seat #1 is the button
Seat 1: petike3e (340 in chips) 
Seat 2: CESKA1992 (780 in chips) 
Seat 3: Mahu2021 (380 in chips) 
CESKA1992: posts small blind 10
Mahu2021: posts big blind 20
*** HOLE CARDS ***
Dealt to Mahu2021 [3s 4d]
petike3e: raises 320 to 340 and is all-in
CESKA1992: folds 
Mahu2021: folds 
Uncalled bet (320) returned to petike3e
petike3e collected 50 from pot
*** SUMMARY ***
Total pot 50 | Rake 0 
Seat 1: petike3e (button) collected (50)
Seat 2: CESKA1992 (small blind) folded before Flop
Seat 3: Mahu2021 (big blind) folded before Flop



PokerStars Hand #246889367329: Tournament #3667429801, $1.84+$0.16 USD Hold'em No Limit - Level I (10/20) - 2023/11/02 21:35:24 CET [2023/11/02 16:35:24 ET]
Table '3667429801 1' 3-max Seat #2 is the button
Seat 1: petike3e (370 in chips) 
Seat 2: CESKA1992 (770 in chips) 
Seat 3: Mahu2021 (360 in chips) 
Mahu2021: posts small blind 10
petike3e: posts big blind 20
*** HOLE CARDS ***
Dealt to Mahu2021 [7d 4h]
CESKA1992: folds 
Mahu2021: folds 
Uncalled bet (10) returned to petike3e
petike3e collected 20 from pot
*** SUMMARY ***
Total pot 20 | Rake 0 
Seat 1: petike3e (big blind) collected (20)
Seat 2: CESKA1992 (button) folded before Flop (didn't bet)
Seat 3: Mahu2021 (small blind) folded before Flop



PokerStars Hand #246889370110: Tournament #3667429801, $1.84+$0.16 USD Hold'em No Limit - Level I (10/20) - 2023/11/02 21:35:31 CET [2023/11/02 16:35:31 ET]
Table '3667429801 1' 3-max Seat #3 is the button
Seat 1: petike3e (380 in chips) 
Seat 2: CESKA1992 (770 in chips) 
Seat 3: Mahu2021 (350 in chips) 
petike3e: posts small blind 10
CESKA1992: posts big blind 20
*** HOLE CARDS ***
Dealt to Mahu2021 [Js 5c]
Mahu2021: folds 
petike3e: calls 10
CESKA1992: checks 
*** FLOP *** [As 6d 7s]
petike3e: bets 20
CESKA1992: folds 
Uncalled bet (20) returned to petike3e
petike3e collected 40 from pot
*** SUMMARY ***
Total pot 40 | Rake 0 
Board [As 6d 7s]
Seat 1: petike3e (small blind) collected (40)
Seat 2: CESKA1992 (big blind) folded on the Flop
Seat 3: Mahu2021 (button) folded before Flop (didn't bet)



PokerStars Hand #246889373859: Tournament #3667429801, $1.84+$0.16 USD Hold'em No Limit - Level I (10/20) - 2023/11/02 21:35:41 CET [2023/11/02 16:35:41 ET]
Table '3667429801 1' 3-max Seat #1 is the button
Seat 1: petike3e (400 in chips) 
Seat 2: CESKA1992 (750 in chips) 
Seat 3: Mahu2021 (350 in chips) 
CESKA1992: posts small blind 10
Mahu2021: posts big blind 20
*** HOLE CARDS ***
Dealt to Mahu2021 [4h Jc]
petike3e: raises 20 to 40
CESKA1992: folds 
Mahu2021: calls 20
*** FLOP *** [9h 2d 4d]
Mahu2021: checks 
petike3e: bets 90
Mahu2021: folds 
Uncalled bet (90) returned to petike3e
petike3e collected 90 from pot
*** SUMMARY ***
Total pot 90 | Rake 0 
Board [9h 2d 4d]
Seat 1: petike3e (button) collected (90)
Seat 2: CESKA1992 (small blind) folded before Flop
Seat 3: Mahu2021 (big blind) folded on the Flop



PokerStars Hand #246889381943: Tournament #3667429801, $1.84+$0.16 USD Hold'em No Limit - Level I (10/20) - 2023/11/02 21:36:02 CET [2023/11/02 16:36:02 ET]
Table '3667429801 1' 3-max Seat #2 is the button
Seat 1: petike3e (450 in chips) 
Seat 2: CESKA1992 (740 in chips) 
Seat 3: Mahu2021 (310 in chips) 
Mahu2021: posts small blind 10
petike3e: posts big blind 20
*** HOLE CARDS ***
Dealt to Mahu2021 [9s 7c]
CESKA1992: folds 
Mahu2021: folds 
Uncalled bet (10) returned to petike3e
petike3e collected 20 from pot
*** SUMMARY ***
Total pot 20 | Rake 0 
Seat 1: petike3e (big blind) collected (20)
Seat 2: CESKA1992 (button) folded before Flop (didn't bet)
Seat 3: Mahu2021 (small blind) folded before Flop



PokerStars Hand #246889383760: Tournament #3667429801, $1.84+$0.16 USD Hold'em No Limit - Level I (10/20) - 2023/11/02 21:36:07 CET [2023/11/02 16:36:07 ET]
Table '3667429801 1' 3-max Seat #3 is the button
Seat 1: petike3e (460 in chips) 
Seat 2: CESKA1992 (740 in chips) 
Seat 3: Mahu2021 (300 in chips) 
petike3e: posts small blind 10
CESKA1992: posts big blind 20
*** HOLE CARDS ***
Dealt to Mahu2021 [Th As]
Mahu2021: raises 40 to 60
petike3e: calls 50
CESKA1992: calls 40
*** FLOP *** [9h 7d 5s]
petike3e: checks 
CESKA1992: checks 
Mahu2021: checks 
*** TURN *** [9h 7d 5s] [6c]
petike3e: bets 20
CESKA1992: calls 20
Mahu2021: calls 20
*** RIVER *** [9h 7d 5s 6c] [4h]
petike3e: bets 40
CESKA1992: folds 
Mahu2021: folds 
Uncalled bet (40) returned to petike3e
petike3e collected 240 from pot
*** SUMMARY ***
Total pot 240 | Rake 0 
Board [9h 7d 5s 6c 4h]
Seat 1: petike3e (small blind) collected (240)
Seat 2: CESKA1992 (big blind) folded on the River
Seat 3: Mahu2021 (button) folded on the River



PokerStars Hand #246889395552: Tournament #3667429801, $1.84+$0.16 USD Hold'em No Limit - Level I (10/20) - 2023/11/02 21:36:38 CET [2023/11/02 16:36:38 ET]
Table '3667429801 1' 3-max Seat #1 is the button
Seat 1: petike3e (620 in chips) 
Seat 2: CESKA1992 (660 in chips) 
Seat 3: Mahu2021 (220 in chips) 
CESKA1992: posts small blind 10
Mahu2021: posts big blind 20
*** HOLE CARDS ***
Dealt to Mahu2021 [9h Ac]
petike3e: folds 
CESKA1992: calls 10
Mahu2021: raises 200 to 220 and is all-in
CESKA1992: folds 
Uncalled bet (200) returned to Mahu2021
Mahu2021 collected 40 from pot
Mahu2021: doesn't show hand 
*** SUMMARY ***
Total pot 40 | Rake 0 
Seat 1: petike3e (button) folded before Flop (didn't bet)
Seat 2: CESKA1992 (small blind) folded before Flop
Seat 3: Mahu2021 (big blind) collected (40)



PokerStars Hand #246889398915: Tournament #3667429801, $1.84+$0.16 USD Hold'em No Limit - Level I (10/20) - 2023/11/02 21:36:47 CET [2023/11/02 16:36:47 ET]
Table '3667429801 1' 3-max Seat #2 is the button
Seat 1: petike3e (620 in chips) 
Seat 2: CESKA1992 (640 in chips) 
Seat 3: Mahu2021 (240 in chips) 
Mahu2021: posts small blind 10
petike3e: posts big blind 20
*** HOLE CARDS ***
Dealt to Mahu2021 [Th 8d]
CESKA1992: raises 40 to 60
Mahu2021: folds 
petike3e: folds 
Uncalled bet (40) returned to CESKA1992
CESKA1992 collected 50 from pot
CESKA1992: doesn't show hand 
*** SUMMARY ***
Total pot 50 | Rake 0 
Seat 1: petike3e (big blind) folded before Flop
Seat 2: CESKA1992 (button) collected (50)
Seat 3: Mahu2021 (small blind) folded before Flop



PokerStars Hand #246889401334: Tournament #3667429801, $1.84+$0.16 USD Hold'em No Limit - Level I (10/20) - 2023/11/02 21:36:54 CET [2023/11/02 16:36:54 ET]
Table '3667429801 1' 3-max Seat #3 is the button
Seat 1: petike3e (600 in chips) 
Seat 2: CESKA1992 (670 in chips) 
Seat 3: Mahu2021 (230 in chips) 
petike3e: posts small blind 10
CESKA1992: posts big blind 20
*** HOLE CARDS ***
Dealt to Mahu2021 [4s 4d]
Mahu2021: raises 210 to 230 and is all-in
petike3e: folds 
CESKA1992: folds 
Uncalled bet (210) returned to Mahu2021
Mahu2021 collected 50 from pot
Mahu2021: doesn't show hand 
*** SUMMARY ***
Total pot 50 | Rake 0 
Seat 1: petike3e (small blind) folded before Flop
Seat 2: CESKA1992 (big blind) folded before Flop
Seat 3: Mahu2021 (button) collected (50)



PokerStars Hand #246889404013: Tournament #3667429801, $1.84+$0.16 USD Hold'em No Limit - Level I (10/20) - 2023/11/02 21:37:01 CET [2023/11/02 16:37:01 ET]
Table '3667429801 1' 3-max Seat #1 is the button
Seat 1: petike3e (590 in chips) 
Seat 2: CESKA1992 (650 in chips) 
Seat 3: Mahu2021 (260 in chips) 
CESKA1992: posts small blind 10
Mahu2021: posts big blind 20
*** HOLE CARDS ***
Dealt to Mahu2021 [3d Jc]
petike3e: calls 20
CESKA1992: calls 10
Mahu2021: checks 
*** FLOP *** [Qh Ad Qd]
CESKA1992: bets 40
Mahu2021: folds 
petike3e: folds 
Uncalled bet (40) returned to CESKA1992
CESKA1992 collected 60 from pot
CESKA1992: doesn't show hand 
*** SUMMARY ***
Total pot 60 | Rake 0 
Board [Qh Ad Qd]
Seat 1: petike3e (button) folded on the Flop
Seat 2: CESKA1992 (small blind) collected (60)
Seat 3: Mahu2021 (big blind) folded on the Flop



PokerStars Hand #246889408445: Tournament #3667429801, $1.84+$0.16 USD Hold'em No Limit - Level I (10/20) - 2023/11/02 21:37:13 CET [2023/11/02 16:37:13 ET]
Table '3667429801 1' 3-max Seat #2 is the button
Seat 1: petike3e (570 in chips) 
Seat 2: CESKA1992 (690 in chips) 
Seat 3: Mahu2021 (240 in chips) 
Mahu2021: posts small blind 10
petike3e: posts big blind 20
*** HOLE CARDS ***
Dealt to Mahu2021 [2s 8c]
CESKA1992: folds 
Mahu2021: folds 
Uncalled bet (10) returned to petike3e
petike3e collected 20 from pot
*** SUMMARY ***
Total pot 20 | Rake 0 
Seat 1: petike3e (big blind) collected (20)
Seat 2: CESKA1992 (button) folded before Flop (didn't bet)
Seat 3: Mahu2021 (small blind) folded before Flop



PokerStars Hand #246889410180: Tournament #3667429801, $1.84+$0.16 USD Hold'em No Limit - Level I (10/20) - 2023/11/02 21:37:17 CET [2023/11/02 16:37:17 ET]
Table '3667429801 1' 3-max Seat #3 is the button
Seat 1: petike3e (580 in chips) 
Seat 2: CESKA1992 (690 in chips) 
Seat 3: Mahu2021 (230 in chips) 
petike3e: posts small blind 10
CESKA1992: posts big blind 20
*** HOLE CARDS ***
Dealt to Mahu2021 [Kd 5s]
Mahu2021: folds 
petike3e: folds 
Uncalled bet (10) returned to CESKA1992
CESKA1992 collected 20 from pot
CESKA1992: doesn't show hand 
*** SUMMARY ***
Total pot 20 | Rake 0 
Seat 1: petike3e (small blind) folded before Flop
Seat 2: CESKA1992 (big blind) collected (20)
Seat 3: Mahu2021 (button) folded before Flop (didn't bet)



PokerStars Hand #246889411858: Tournament #3667429801, $1.84+$0.16 USD Hold'em No Limit - Level I (10/20) - 2023/11/02 21:37:22 CET [2023/11/02 16:37:22 ET]
Table '3667429801 1' 3-max Seat #1 is the button
Seat 1: petike3e (570 in chips) 
Seat 2: CESKA1992 (700 in chips) 
Seat 3: Mahu2021 (230 in chips) 
CESKA1992: posts small blind 10
Mahu2021: posts big blind 20
*** HOLE CARDS ***
Dealt to Mahu2021 [Ac Qd]
petike3e: raises 20 to 40
CESKA1992: folds 
Mahu2021: raises 190 to 230 and is all-in
petike3e: folds 
Uncalled bet (190) returned to Mahu2021
Mahu2021 collected 90 from pot
Mahu2021: doesn't show hand 
*** SUMMARY ***
Total pot 90 | Rake 0 
Seat 1: petike3e (button) folded before Flop
Seat 2: CESKA1992 (small blind) folded before Flop
Seat 3: Mahu2021 (big blind) collected (90)



PokerStars Hand #246889414903: Tournament #3667429801, $1.84+$0.16 USD Hold'em No Limit - Level I (10/20) - 2023/11/02 21:37:30 CET [2023/11/02 16:37:30 ET]
Table '3667429801 1' 3-max Seat #2 is the button
Seat 1: petike3e (530 in chips) 
Seat 2: CESKA1992 (690 in chips) 
Seat 3: Mahu2021 (280 in chips) 
Mahu2021: posts small blind 10
petike3e: posts big blind 20
*** HOLE CARDS ***
Dealt to Mahu2021 [Jh 3c]
CESKA1992: calls 20
Mahu2021: folds 
petike3e: checks 
*** FLOP *** [Qs Ks Js]
petike3e: checks 
CESKA1992: bets 40
petike3e: folds 
Uncalled bet (40) returned to CESKA1992
CESKA1992 collected 50 from pot
CESKA1992: doesn't show hand 
*** SUMMARY ***
Total pot 50 | Rake 0 
Board [Qs Ks Js]
Seat 1: petike3e (big blind) folded on the Flop
Seat 2: CESKA1992 (button) collected (50)
Seat 3: Mahu2021 (small blind) folded before Flop



PokerStars Hand #246889423685: Tournament #3667429801, $1.84+$0.16 USD Hold'em No Limit - Level II (15/30) - 2023/11/02 21:37:54 CET [2023/11/02 16:37:54 ET]
Table '3667429801 1' 3-max Seat #3 is the button
Seat 1: petike3e (510 in chips) 
Seat 2: CESKA1992 (720 in chips) 
Seat 3: Mahu2021 (270 in chips) 
petike3e: posts small blind 15
CESKA1992: posts big blind 30
*** HOLE CARDS ***
Dealt to Mahu2021 [Th 4d]
Mahu2021: folds 
petike3e: raises 60 to 90
CESKA1992: folds 
Uncalled bet (60) returned to petike3e
petike3e collected 60 from pot
*** SUMMARY ***
Total pot 60 | Rake 0 
Seat 1: petike3e (small blind) collected (60)
Seat 2: CESKA1992 (big blind) folded before Flop
Seat 3: Mahu2021 (button) folded before Flop (didn't bet)



PokerStars Hand #246889426910: Tournament #3667429801, $1.84+$0.16 USD Hold'em No Limit - Level II (15/30) - 2023/11/02 21:38:02 CET [2023/11/02 16:38:02 ET]
Table '3667429801 1' 3-max Seat #1 is the button
Seat 1: petike3e (540 in chips) 
Seat 2: CESKA1992 (690 in chips) 
Seat 3: Mahu2021 (270 in chips) 
CESKA1992: posts small blind 15
Mahu2021: posts big blind 30
*** HOLE CARDS ***
Dealt to Mahu2021 [9c Ah]
petike3e: folds 
CESKA1992: folds 
Uncalled bet (15) returned to Mahu2021
Mahu2021 collected 30 from pot
Mahu2021: doesn't show hand 
*** SUMMARY ***
Total pot 30 | Rake 0 
Seat 1: petike3e (button) folded before Flop (didn't bet)
Seat 2: CESKA1992 (small blind) folded before Flop
Seat 3: Mahu2021 (big blind) collected (30)



PokerStars Hand #246889428757: Tournament #3667429801, $1.84+$0.16 USD Hold'em No Limit - Level II (15/30) - 2023/11/02 21:38:07 CET [2023/11/02 16:38:07 ET]
Table '3667429801 1' 3-max Seat #2 is the button
Seat 1: petike3e (540 in chips) 
Seat 2: CESKA1992 (675 in chips) 
Seat 3: Mahu2021 (285 in chips) 
Mahu2021: posts small blind 15
petike3e: posts big blind 30
*** HOLE CARDS ***
Dealt to Mahu2021 [Ks 6s]
CESKA1992: folds 
Mahu2021: raises 30 to 60
petike3e: calls 30
*** FLOP *** [6h 8s 4s]
Mahu2021: bets 60
petike3e: calls 60
*** TURN *** [6h 8s 4s] [Ah]
Mahu2021: bets 165 and is all-in
petike3e: folds 
Uncalled bet (165) returned to Mahu2021
Mahu2021 collected 240 from pot
Mahu2021: doesn't show hand 
*** SUMMARY ***
Total pot 240 | Rake 0 
Board [6h 8s 4s Ah]
Seat 1: petike3e (big blind) folded on the Turn
Seat 2: CESKA1992 (button) folded before Flop (didn't bet)
Seat 3: Mahu2021 (small blind) collected (240)



PokerStars Hand #246889433809: Tournament #3667429801, $1.84+$0.16 USD Hold'em No Limit - Level II (15/30) - 2023/11/02 21:38:21 CET [2023/11/02 16:38:21 ET]
Table '3667429801 1' 3-max Seat #3 is the button
Seat 1: petike3e (420 in chips) 
Seat 2: CESKA1992 (675 in chips) 
Seat 3: Mahu2021 (405 in chips) 
petike3e: posts small blind 15
CESKA1992: posts big blind 30
*** HOLE CARDS ***
Dealt to Mahu2021 [4s 8s]
Mahu2021: folds 
petike3e: folds 
Uncalled bet (15) returned to CESKA1992
CESKA1992 collected 30 from pot
CESKA1992: doesn't show hand 
*** SUMMARY ***
Total pot 30 | Rake 0 
Seat 1: petike3e (small blind) folded before Flop
Seat 2: CESKA1992 (big blind) collected (30)
Seat 3: Mahu2021 (button) folded before Flop (didn't bet)



PokerStars Hand #246889435586: Tournament #3667429801, $1.84+$0.16 USD Hold'em No Limit - Level II (15/30) - 2023/11/02 21:38:26 CET [2023/11/02 16:38:26 ET]
Table '3667429801 1' 3-max Seat #1 is the button
Seat 1: petike3e (405 in chips) 
Seat 2: CESKA1992 (690 in chips) 
Seat 3: Mahu2021 (405 in chips) 
CESKA1992: posts small blind 15
Mahu2021: posts big blind 30
*** HOLE CARDS ***
Dealt to Mahu2021 [6s 4h]
petike3e: raises 375 to 405 and is all-in
CESKA1992: folds 
Mahu2021: folds 
Uncalled bet (375) returned to petike3e
petike3e collected 75 from pot
*** SUMMARY ***
Total pot 75 | Rake 0 
Seat 1: petike3e (button) collected (75)
Seat 2: CESKA1992 (small blind) folded before Flop
Seat 3: Mahu2021 (big blind) folded before Flop



PokerStars Hand #246889437770: Tournament #3667429801, $1.84+$0.16 USD Hold'em No Limit - Level II (15/30) - 2023/11/02 21:38:32 CET [2023/11/02 16:38:32 ET]
Table '3667429801 1' 3-max Seat #2 is the button
Seat 1: petike3e (450 in chips) 
Seat 2: CESKA1992 (675 in chips) 
Seat 3: Mahu2021 (375 in chips) 
Mahu2021: posts small blind 15
petike3e: posts big blind 30
*** HOLE CARDS ***
Dealt to Mahu2021 [5d Kh]
CESKA1992: folds 
Mahu2021: folds 
Uncalled bet (15) returned to petike3e
petike3e collected 30 from pot
*** SUMMARY ***
Total pot 30 | Rake 0 
Seat 1: petike3e (big blind) collected (30)
Seat 2: CESKA1992 (button) folded before Flop (didn't bet)
Seat 3: Mahu2021 (small blind) folded before Flop



PokerStars Hand #246889439424: Tournament #3667429801, $1.84+$0.16 USD Hold'em No Limit - Level II (15/30) - 2023/11/02 21:38:36 CET [2023/11/02 16:38:36 ET]
Table '3667429801 1' 3-max Seat #3 is the button
Seat 1: petike3e (465 in chips) 
Seat 2: CESKA1992 (675 in chips) 
Seat 3: Mahu2021 (360 in chips) 
petike3e: posts small blind 15
CESKA1992: posts big blind 30
*** HOLE CARDS ***
Dealt to Mahu2021 [6s 2s]
Mahu2021: folds 
petike3e: folds 
Uncalled bet (15) returned to CESKA1992
CESKA1992 collected 30 from pot
CESKA1992: doesn't show hand 
*** SUMMARY ***
Total pot 30 | Rake 0 
Seat 1: petike3e (small blind) folded before Flop
Seat 2: CESKA1992 (big blind) collected (30)
Seat 3: Mahu2021 (button) folded before Flop (didn't bet)



PokerStars Hand #246889441913: Tournament #3667429801, $1.84+$0.16 USD Hold'em No Limit - Level II (15/30) - 2023/11/02 21:38:43 CET [2023/11/02 16:38:43 ET]
Table '3667429801 1' 3-max Seat #1 is the button
Seat 1: petike3e (450 in chips) 
Seat 2: CESKA1992 (690 in chips) 
Seat 3: Mahu2021 (360 in chips) 
CESKA1992: posts small blind 15
Mahu2021: posts big blind 30
*** HOLE CARDS ***
Dealt to Mahu2021 [Js 6s]
petike3e: raises 75 to 105
CESKA1992: folds 
Mahu2021: folds 
Uncalled bet (75) returned to petike3e
petike3e collected 75 from pot
*** SUMMARY ***
Total pot 75 | Rake 0 
Seat 1: petike3e (button) collected (75)
Seat 2: CESKA1992 (small blind) folded before Flop
Seat 3: Mahu2021 (big blind) folded before Flop



PokerStars Hand #246889445276: Tournament #3667429801, $1.84+$0.16 USD Hold'em No Limit - Level II (15/30) - 2023/11/02 21:38:52 CET [2023/11/02 16:38:52 ET]
Table '3667429801 1' 3-max Seat #2 is the button
Seat 1: petike3e (495 in chips) 
Seat 2: CESKA1992 (675 in chips) 
Seat 3: Mahu2021 (330 in chips) 
Mahu2021: posts small blind 15
petike3e: posts big blind 30
*** HOLE CARDS ***
Dealt to Mahu2021 [Kh Qd]
CESKA1992: folds 
Mahu2021: raises 30 to 60
petike3e: calls 30
*** FLOP *** [6c Th 8d]
Mahu2021: checks 
petike3e: checks 
*** TURN *** [6c Th 8d] [Td]
Mahu2021: checks 
petike3e: checks 
*** RIVER *** [6c Th 8d Td] [Ts]
Mahu2021: bets 120
petike3e: folds 
Uncalled bet (120) returned to Mahu2021
Mahu2021 collected 120 from pot
Mahu2021: doesn't show hand 
*** SUMMARY ***
Total pot 120 | Rake 0 
Board [6c Th 8d Td Ts]
Seat 1: petike3e (big blind) folded on the River
Seat 2: CESKA1992 (button) folded before Flop (didn't bet)
Seat 3: Mahu2021 (small blind) collected (120)



PokerStars Hand #246889454300: Tournament #3667429801, $1.84+$0.16 USD Hold'em No Limit - Level II (15/30) - 2023/11/02 21:39:16 CET [2023/11/02 16:39:16 ET]
Table '3667429801 1' 3-max Seat #3 is the button
Seat 1: petike3e (435 in chips) 
Seat 2: CESKA1992 (675 in chips) 
Seat 3: Mahu2021 (390 in chips) 
petike3e: posts small blind 15
CESKA1992: posts big blind 30
*** HOLE CARDS ***
Dealt to Mahu2021 [Qc 3s]
Mahu2021: folds 
petike3e: folds 
Uncalled bet (15) returned to CESKA1992
CESKA1992 collected 30 from pot
CESKA1992: doesn't show hand 
*** SUMMARY ***
Total pot 30 | Rake 0 
Seat 1: petike3e (small blind) folded before Flop
Seat 2: CESKA1992 (big blind) collected (30)
Seat 3: Mahu2021 (button) folded before Flop (didn't bet)



PokerStars Hand #246889456408: Tournament #3667429801, $1.84+$0.16 USD Hold'em No Limit - Level II (15/30) - 2023/11/02 21:39:22 CET [2023/11/02 16:39:22 ET]
Table '3667429801 1' 3-max Seat #1 is the button
Seat 1: petike3e (420 in chips) 
Seat 2: CESKA1992 (690 in chips) 
Seat 3: Mahu2021 (390 in chips) 
CESKA1992: posts small blind 15
Mahu2021: posts big blind 30
*** HOLE CARDS ***
Dealt to Mahu2021 [4h Th]
petike3e: raises 75 to 105
CESKA1992: folds 
Mahu2021: folds 
Uncalled bet (75) returned to petike3e
petike3e collected 75 from pot
*** SUMMARY ***
Total pot 75 | Rake 0 
Seat 1: petike3e (button) collected (75)
Seat 2: CESKA1992 (small blind) folded before Flop
Seat 3: Mahu2021 (big blind) folded before Flop



PokerStars Hand #246889458829: Tournament #3667429801, $1.84+$0.16 USD Hold'em No Limit - Level II (15/30) - 2023/11/02 21:39:28 CET [2023/11/02 16:39:28 ET]
Table '3667429801 1' 3-max Seat #2 is the button
Seat 1: petike3e (465 in chips) 
Seat 2: CESKA1992 (675 in chips) 
Seat 3: Mahu2021 (360 in chips) 
Mahu2021: posts small blind 15
petike3e: posts big blind 30
*** HOLE CARDS ***
Dealt to Mahu2021 [6s 7h]
CESKA1992: calls 30
Mahu2021: calls 15
petike3e: checks 
*** FLOP *** [Kh Jh 6c]
Mahu2021: checks 
petike3e: checks 
CESKA1992: bets 60
Mahu2021: folds 
petike3e: folds 
Uncalled bet (60) returned to CESKA1992
CESKA1992 collected 90 from pot
CESKA1992: doesn't show hand 
*** SUMMARY ***
Total pot 90 | Rake 0 
Board [Kh Jh 6c]
Seat 1: petike3e (big blind) folded on the Flop
Seat 2: CESKA1992 (button) collected (90)
Seat 3: Mahu2021 (small blind) folded on the Flop



PokerStars Hand #246889465388: Tournament #3667429801, $1.84+$0.16 USD Hold'em No Limit - Level II (15/30) - 2023/11/02 21:39:46 CET [2023/11/02 16:39:46 ET]
Table '3667429801 1' 3-max Seat #3 is the button
Seat 1: petike3e (435 in chips) 
Seat 2: CESKA1992 (735 in chips) 
Seat 3: Mahu2021 (330 in chips) 
petike3e: posts small blind 15
CESKA1992: posts big blind 30
*** HOLE CARDS ***
Dealt to Mahu2021 [2d Ah]
Mahu2021: calls 30
petike3e: calls 15
CESKA1992: checks 
*** FLOP *** [Tc Qh 6c]
petike3e: bets 30
CESKA1992: raises 60 to 90
Mahu2021: folds 
petike3e: calls 60
*** TURN *** [Tc Qh 6c] [3s]
petike3e: checks 
CESKA1992: bets 60
petike3e: calls 60
*** RIVER *** [Tc Qh 6c 3s] [Ad]
petike3e: checks 
CESKA1992: bets 90
petike3e: folds 
Uncalled bet (90) returned to CESKA1992
CESKA1992 collected 390 from pot
CESKA1992: doesn't show hand 
*** SUMMARY ***
Total pot 390 | Rake 0 
Board [Tc Qh 6c 3s Ad]
Seat 1: petike3e (small blind) folded on the River
Seat 2: CESKA1992 (big blind) collected (390)
Seat 3: Mahu2021 (button) folded on the Flop



PokerStars Hand #246889474375: Tournament #3667429801, $1.84+$0.16 USD Hold'em No Limit - Level II (15/30) - 2023/11/02 21:40:10 CET [2023/11/02 16:40:10 ET]
Table '3667429801 1' 3-max Seat #1 is the button
Seat 1: petike3e (255 in chips) 
Seat 2: CESKA1992 (945 in chips) 
Seat 3: Mahu2021 (300 in chips) 
CESKA1992: posts small blind 15
Mahu2021: posts big blind 30
*** HOLE CARDS ***
Dealt to Mahu2021 [9h 2c]
petike3e: folds 
CESKA1992: folds 
Uncalled bet (15) returned to Mahu2021
Mahu2021 collected 30 from pot
Mahu2021: doesn't show hand 
*** SUMMARY ***
Total pot 30 | Rake 0 
Seat 1: petike3e (button) folded before Flop (didn't bet)
Seat 2: CESKA1992 (small blind) folded before Flop
Seat 3: Mahu2021 (big blind) collected (30)



PokerStars Hand #246889476151: Tournament #3667429801, $1.84+$0.16 USD Hold'em No Limit - Level II (15/30) - 2023/11/02 21:40:15 CET [2023/11/02 16:40:15 ET]
Table '3667429801 1' 3-max Seat #2 is the button
Seat 1: petike3e (255 in chips) 
Seat 2: CESKA1992 (930 in chips) 
Seat 3: Mahu2021 (315 in chips) 
Mahu2021: posts small blind 15
petike3e: posts big blind 30
*** HOLE CARDS ***
Dealt to Mahu2021 [3c 9s]
CESKA1992: folds 
Mahu2021: folds 
Uncalled bet (15) returned to petike3e
petike3e collected 30 from pot
*** SUMMARY ***
Total pot 30 | Rake 0 
Seat 1: petike3e (big blind) collected (30)
Seat 2: CESKA1992 (button) folded before Flop (didn't bet)
Seat 3: Mahu2021 (small blind) folded before Flop



PokerStars Hand #246889478114: Tournament #3667429801, $1.84+$0.16 USD Hold'em No Limit - Level II (15/30) - 2023/11/02 21:40:20 CET [2023/11/02 16:40:20 ET]
Table '3667429801 1' 3-max Seat #3 is the button
Seat 1: petike3e (270 in chips) 
Seat 2: CESKA1992 (930 in chips) 
Seat 3: Mahu2021 (300 in chips) 
petike3e: posts small blind 15
CESKA1992: posts big blind 30
*** HOLE CARDS ***
Dealt to Mahu2021 [Qh As]
Mahu2021: raises 30 to 60
petike3e: folds 
CESKA1992: calls 30
*** FLOP *** [5d 2h 3c]
CESKA1992: checks 
Mahu2021: bets 135
CESKA1992: calls 135
*** TURN *** [5d 2h 3c] [Jh]
CESKA1992: checks 
Mahu2021: bets 105 and is all-in
CESKA1992: calls 105
*** RIVER *** [5d 2h 3c Jh] [8d]
*** SHOW DOWN ***
CESKA1992: shows [Ac 4h] (a straight, Ace to Five)
Mahu2021: shows [Qh As] (high card Ace)
CESKA1992 collected 615 from pot
Mahu2021 finished the tournament in 3rd place
*** SUMMARY ***
Total pot 615 | Rake 0 
Board [5d 2h 3c Jh 8d]
Seat 1: petike3e (small blind) folded before Flop
Seat 2: CESKA1992 (big blind) showed [Ac 4h] and won (615) with a straight, Ace to Five
Seat 3: Mahu2021 (button) showed [Qh As] and lost with high card Ace



