PokerStars Zoom Hand #255150929700:  Hold'em No Limit ($0.05/$0.10) - 2025/03/05 17:04:24 CET [2025/03/05 11:04:24 ET]
Table 'Aludra' 6-max Seat #1 is the button
Seat 1: milleke1979 ($6.38 in chips) 
Seat 2: N|ghtm@r3 94 ($24.42 in chips) 
Seat 3: Mahu2021 ($10 in chips) 
Seat 4: W1ffle ($16.01 in chips) 
Seat 5: gini777gini ($9.57 in chips) 
Seat 6: KGralu ($10 in chips) 
N|ghtm@r3 94: posts small blind $0.05
Mahu2021: posts big blind $0.10
*** HOLE CARDS ***
Dealt to Mahu2021 [5h 6h]
W1ffle: folds 
gini777gini: folds 
KGralu: folds 
milleke1979: folds 
N|ghtm@r3 94: folds 
Uncalled bet ($0.05) returned to Mahu2021
Mahu2021 collected $0.10 from pot
Mahu2021: doesn't show hand 
*** SUMMARY ***
Total pot $0.10 | Rake $0 
Seat 1: milleke1979 (button) folded before Flop (didn't bet)
Seat 2: N|ghtm@r3 94 (small blind) folded before Flop
Seat 3: Mahu2021 (big blind) collected ($0.10)
Seat 4: W1ffle folded before Flop (didn't bet)
Seat 5: gini777gini folded before Flop (didn't bet)
Seat 6: KGralu folded before Flop (didn't bet)



PokerStars Zoom Hand #255150933553:  Hold'em No Limit ($0.05/$0.10) - 2025/03/05 17:04:43 CET [2025/03/05 11:04:43 ET]
Table 'Aludra' 6-max Seat #1 is the button
Seat 1: Pirkko1962 ($7.24 in chips) 
Seat 2: Mahu2021 ($10.05 in chips) 
Seat 3: DanC996 ($10.83 in chips) 
Seat 4: Daramarr ($11.69 in chips) 
Seat 5: tryanother66 ($9.99 in chips) 
Seat 6: kjmrc ($36.41 in chips) 
Mahu2021: posts small blind $0.05
DanC996: posts big blind $0.10
*** HOLE CARDS ***
Dealt to Mahu2021 [As 8h]
Daramarr: folds 
tryanother66: folds 
kjmrc: folds 
Pirkko1962: folds 
Mahu2021: raises $0.20 to $0.30
DanC996: folds 
Uncalled bet ($0.20) returned to Mahu2021
Mahu2021 collected $0.20 from pot
Mahu2021: doesn't show hand 
*** SUMMARY ***
Total pot $0.20 | Rake $0 
Seat 1: Pirkko1962 (button) folded before Flop (didn't bet)
Seat 2: Mahu2021 (small blind) collected ($0.20)
Seat 3: DanC996 (big blind) folded before Flop
Seat 4: Daramarr folded before Flop (didn't bet)
Seat 5: tryanother66 folded before Flop (didn't bet)
Seat 6: kjmrc folded before Flop (didn't bet)



PokerStars Zoom Hand #255150936766:  Hold'em No Limit ($0.05/$0.10) - 2025/03/05 17:04:59 CET [2025/03/05 11:04:59 ET]
Table 'Aludra' 6-max Seat #1 is the button
Seat 1: W1ffle ($17.73 in chips) 
Seat 2: egoor199 ($5.16 in chips) 
Seat 3: frogz69 ($21.77 in chips) 
Seat 4: D_Kwal ($17.22 in chips) 
Seat 5: reaffiliate ($20.90 in chips) 
Seat 6: Mahu2021 ($10.15 in chips) 
egoor199: posts small blind $0.05
frogz69: posts big blind $0.10
*** HOLE CARDS ***
Dealt to Mahu2021 [9h Jc]
D_Kwal: folds 
reaffiliate: folds 
Mahu2021: folds 
W1ffle: folds 
egoor199: folds 
Uncalled bet ($0.05) returned to frogz69
frogz69 collected $0.10 from pot
frogz69: doesn't show hand 
*** SUMMARY ***
Total pot $0.10 | Rake $0 
Seat 1: W1ffle (button) folded before Flop (didn't bet)
Seat 2: egoor199 (small blind) folded before Flop
Seat 3: frogz69 (big blind) collected ($0.10)
Seat 4: D_Kwal folded before Flop (didn't bet)
Seat 5: reaffiliate folded before Flop (didn't bet)
Seat 6: Mahu2021 folded before Flop (didn't bet)



PokerStars Zoom Hand #255150937966:  Hold'em No Limit ($0.05/$0.10) - 2025/03/05 17:05:05 CET [2025/03/05 11:05:05 ET]
Table 'Aludra' 6-max Seat #1 is the button
Seat 1: Mahu2021 ($10.15 in chips) 
Seat 2: pls4betme_now ($11.45 in chips) 
Seat 3: rafaelboito ($10.28 in chips) 
Seat 4: qj444 ($10.54 in chips) 
Seat 5: Daramarr ($9.65 in chips) 
Seat 6: czaja99 ($10.50 in chips) 
pls4betme_now: posts small blind $0.05
rafaelboito: posts big blind $0.10
*** HOLE CARDS ***
Dealt to Mahu2021 [9c Jh]
qj444: raises $0.10 to $0.20
Daramarr: folds 
czaja99: folds 
Mahu2021: folds 
pls4betme_now: folds 
rafaelboito: folds 
Uncalled bet ($0.10) returned to qj444
qj444 collected $0.25 from pot
qj444: doesn't show hand 
*** SUMMARY ***
Total pot $0.25 | Rake $0 
Seat 1: Mahu2021 (button) folded before Flop (didn't bet)
Seat 2: pls4betme_now (small blind) folded before Flop
Seat 3: rafaelboito (big blind) folded before Flop
Seat 4: qj444 collected ($0.25)
Seat 5: Daramarr folded before Flop (didn't bet)
Seat 6: czaja99 folded before Flop (didn't bet)



PokerStars Zoom Hand #255150938695:  Hold'em No Limit ($0.05/$0.10) - 2025/03/05 17:05:09 CET [2025/03/05 11:05:09 ET]
Table 'Aludra' 6-max Seat #1 is the button
Seat 1: LL77764 ($2.77 in chips) 
Seat 2: Bamblbi2G ($9.24 in chips) 
Seat 3: calum101 ($25.56 in chips) 
Seat 4: kendrid_phil ($17.06 in chips) 
Seat 5: Mahu2021 ($10.15 in chips) 
Seat 6: ukcarlos ($12.29 in chips) 
Bamblbi2G: posts small blind $0.05
calum101: posts big blind $0.10
*** HOLE CARDS ***
Dealt to Mahu2021 [7c Jh]
kendrid_phil: folds 
Mahu2021: folds 
ukcarlos: folds 
LL77764: folds 
Bamblbi2G: folds 
Uncalled bet ($0.05) returned to calum101
calum101 collected $0.10 from pot
calum101: doesn't show hand 
*** SUMMARY ***
Total pot $0.10 | Rake $0 
Seat 1: LL77764 (button) folded before Flop (didn't bet)
Seat 2: Bamblbi2G (small blind) folded before Flop
Seat 3: calum101 (big blind) collected ($0.10)
Seat 4: kendrid_phil folded before Flop (didn't bet)
Seat 5: Mahu2021 folded before Flop (didn't bet)
Seat 6: ukcarlos folded before Flop (didn't bet)



PokerStars Zoom Hand #255150940147:  Hold'em No Limit ($0.05/$0.10) - 2025/03/05 17:05:16 CET [2025/03/05 11:05:16 ET]
Table 'Aludra' 6-max Seat #1 is the button
Seat 1: kendrid_phil ($17.06 in chips) 
Seat 2: Mahu2021 ($10.15 in chips) 
Seat 3: D_Kwal ($17.17 in chips) 
Seat 4: Boobslap ($8.81 in chips) 
Seat 5: kSam44 ($10.39 in chips) 
Seat 6: Windows 21xp ($40.25 in chips) 
Mahu2021: posts small blind $0.05
D_Kwal: posts big blind $0.10
*** HOLE CARDS ***
Dealt to Mahu2021 [Ac 6c]
Boobslap: folds 
kSam44: folds 
Windows 21xp: folds 
kendrid_phil: folds 
Mahu2021: raises $0.20 to $0.30
D_Kwal: raises $0.70 to $1
Mahu2021: folds 
Uncalled bet ($0.70) returned to D_Kwal
D_Kwal collected $0.60 from pot
D_Kwal: doesn't show hand 
*** SUMMARY ***
Total pot $0.60 | Rake $0 
Seat 1: kendrid_phil (button) folded before Flop (didn't bet)
Seat 2: Mahu2021 (small blind) folded before Flop
Seat 3: D_Kwal (big blind) collected ($0.60)
Seat 4: Boobslap folded before Flop (didn't bet)
Seat 5: kSam44 folded before Flop (didn't bet)
Seat 6: Windows 21xp folded before Flop (didn't bet)



PokerStars Zoom Hand #255150939374:  Hold'em No Limit ($0.05/$0.10) - 2025/03/05 17:05:12 CET [2025/03/05 11:05:12 ET]
Table 'Aludra' 6-max Seat #1 is the button
Seat 1: Mahu2021 ($10.15 in chips) 
Seat 2: wc3ard ($5.96 in chips) 
Seat 3: kjmrc ($21.35 in chips) 
Seat 4: Britniysosni ($26.20 in chips) 
Seat 5: ukcarlos ($12.29 in chips) 
Seat 6: Yash1ch ($7.49 in chips) 
wc3ard: posts small blind $0.05
kjmrc: posts big blind $0.10
*** HOLE CARDS ***
Dealt to Mahu2021 [Qs 8h]
Britniysosni: folds 
ukcarlos: folds 
Yash1ch: folds 
Mahu2021: folds 
wc3ard: raises $0.15 to $0.25
kjmrc: calls $0.15
*** FLOP *** [2h 4c Kd]
wc3ard: checks 
kjmrc: checks 
*** TURN *** [2h 4c Kd] [Jc]
wc3ard: bets $0.15
kjmrc: raises $0.30 to $0.45
wc3ard: calls $0.30
*** RIVER *** [2h 4c Kd Jc] [6d]
wc3ard: checks 
kjmrc: checks 
*** SHOW DOWN ***
wc3ard: shows [Jd 5h] (a pair of Jacks)
kjmrc: shows [Tc Ks] (a pair of Kings)
kjmrc collected $1.34 from pot
*** SUMMARY ***
Total pot $1.40 | Rake $0.06 
Board [2h 4c Kd Jc 6d]
Seat 1: Mahu2021 (button) folded before Flop (didn't bet)
Seat 2: wc3ard (small blind) showed [Jd 5h] and lost with a pair of Jacks
Seat 3: kjmrc (big blind) showed [Tc Ks] and won ($1.34) with a pair of Kings
Seat 4: Britniysosni folded before Flop (didn't bet)
Seat 5: ukcarlos folded before Flop (didn't bet)
Seat 6: Yash1ch folded before Flop (didn't bet)



PokerStars Zoom Hand #255150946258:  Hold'em No Limit ($0.05/$0.10) - 2025/03/05 17:05:45 CET [2025/03/05 11:05:45 ET]
Table 'Aludra' 6-max Seat #1 is the button
Seat 1: acd_045 ($14.80 in chips) 
Seat 2: reaffiliate ($21.15 in chips) 
Seat 3: Mahu2021 ($9.85 in chips) 
Seat 4: Thunder155 ($10.35 in chips) 
Seat 5: iudicus ($10 in chips) 
Seat 6: calum101 ($22.79 in chips) 
reaffiliate: posts small blind $0.05
Mahu2021: posts big blind $0.10
*** HOLE CARDS ***
Dealt to Mahu2021 [8d 7c]
Thunder155: folds 
iudicus: raises $0.30 to $0.40
calum101: folds 
acd_045: folds 
reaffiliate: folds 
Mahu2021: folds 
Uncalled bet ($0.30) returned to iudicus
iudicus collected $0.25 from pot
iudicus: doesn't show hand 
*** SUMMARY ***
Total pot $0.25 | Rake $0 
Seat 1: acd_045 (button) folded before Flop (didn't bet)
Seat 2: reaffiliate (small blind) folded before Flop
Seat 3: Mahu2021 (big blind) folded before Flop
Seat 4: Thunder155 folded before Flop (didn't bet)
Seat 5: iudicus collected ($0.25)
Seat 6: calum101 folded before Flop (didn't bet)



PokerStars Zoom Hand #255150949581:  Hold'em No Limit ($0.05/$0.10) - 2025/03/05 17:06:02 CET [2025/03/05 11:06:02 ET]
Table 'Aludra' 6-max Seat #1 is the button
Seat 1: LL77764 ($2.92 in chips) 
Seat 2: Yash1ch ($7.92 in chips) 
Seat 3: Britniysosni ($15.34 in chips) 
Seat 4: iudicus ($10.15 in chips) 
Seat 5: pls4betme_now ($11.40 in chips) 
Seat 6: Mahu2021 ($9.75 in chips) 
Yash1ch: posts small blind $0.05
Britniysosni: posts big blind $0.10
*** HOLE CARDS ***
Dealt to Mahu2021 [9s 6d]
iudicus: folds 
pls4betme_now: folds 
Mahu2021: folds 
LL77764: folds 
Yash1ch: raises $0.15 to $0.25
Britniysosni: folds 
Uncalled bet ($0.15) returned to Yash1ch
Yash1ch collected $0.20 from pot
Yash1ch: doesn't show hand 
*** SUMMARY ***
Total pot $0.20 | Rake $0 
Seat 1: LL77764 (button) folded before Flop (didn't bet)
Seat 2: Yash1ch (small blind) collected ($0.20)
Seat 3: Britniysosni (big blind) folded before Flop
Seat 4: iudicus folded before Flop (didn't bet)
Seat 5: pls4betme_now folded before Flop (didn't bet)
Seat 6: Mahu2021 folded before Flop (didn't bet)



PokerStars Zoom Hand #255150952162:  Hold'em No Limit ($0.05/$0.10) - 2025/03/05 17:06:15 CET [2025/03/05 11:06:15 ET]
Table 'Aludra' 6-max Seat #1 is the button
Seat 1: kolosuke ($13.39 in chips) 
Seat 2: niukissimitro_k ($13.56 in chips) 
Seat 3: Mahu2021 ($9.75 in chips) 
Seat 4: 39REDMAN ($11.21 in chips) 
Seat 5: GSKG987 ($12.99 in chips) 
Seat 6: LL77764 ($2.92 in chips) 
niukissimitro_k: posts small blind $0.05
Mahu2021: posts big blind $0.10
*** HOLE CARDS ***
Dealt to Mahu2021 [Ts 7c]
39REDMAN: folds 
GSKG987: folds 
LL77764: folds 
kolosuke: folds 
niukissimitro_k: folds 
Uncalled bet ($0.05) returned to Mahu2021
Mahu2021 collected $0.10 from pot
Mahu2021: doesn't show hand 
*** SUMMARY ***
Total pot $0.10 | Rake $0 
Seat 1: kolosuke (button) folded before Flop (didn't bet)
Seat 2: niukissimitro_k (small blind) folded before Flop
Seat 3: Mahu2021 (big blind) collected ($0.10)
Seat 4: 39REDMAN folded before Flop (didn't bet)
Seat 5: GSKG987 folded before Flop (didn't bet)
Seat 6: LL77764 folded before Flop (didn't bet)



PokerStars Zoom Hand #255150951363:  Hold'em No Limit ($0.05/$0.10) - 2025/03/05 17:06:11 CET [2025/03/05 11:06:11 ET]
Table 'Aludra' 6-max Seat #1 is the button
Seat 1: GSKG987 ($12.99 in chips) 
Seat 2: Britniysosni ($18.32 in chips) 
Seat 3: czaja99 ($11.03 in chips) 
Seat 4: Mahu2021 ($9.75 in chips) 
Seat 5: isieisli ($17.49 in chips) 
Seat 6: Thunder155 ($10.38 in chips) 
Britniysosni: posts small blind $0.05
czaja99: posts big blind $0.10
*** HOLE CARDS ***
Dealt to Mahu2021 [4h Td]
Mahu2021: folds 
isieisli: folds 
Thunder155: raises $0.20 to $0.30
GSKG987: folds 
Britniysosni: folds 
czaja99: folds 
Uncalled bet ($0.20) returned to Thunder155
Thunder155 collected $0.25 from pot
Thunder155: doesn't show hand 
*** SUMMARY ***
Total pot $0.25 | Rake $0 
Seat 1: GSKG987 (button) folded before Flop (didn't bet)
Seat 2: Britniysosni (small blind) folded before Flop
Seat 3: czaja99 (big blind) folded before Flop
Seat 4: Mahu2021 folded before Flop (didn't bet)
Seat 5: isieisli folded before Flop (didn't bet)
Seat 6: Thunder155 collected ($0.25)



PokerStars Zoom Hand #255150950553:  Hold'em No Limit ($0.05/$0.10) - 2025/03/05 17:06:07 CET [2025/03/05 11:06:07 ET]
Table 'Aludra' 6-max Seat #1 is the button
Seat 1: vasi0908 ($2.12 in chips) 
Seat 2: Bur1k ($5.71 in chips) 
Seat 3: Always Thx ($11.21 in chips) 
Seat 4: Thunder155 ($10.38 in chips) 
Seat 5: Mahu2021 ($9.75 in chips) 
Seat 6: Magoya8 ($11.33 in chips) 
Bur1k: posts small blind $0.05
Always Thx: posts big blind $0.10
*** HOLE CARDS ***
Dealt to Mahu2021 [Kh 5h]
Thunder155: folds 
Mahu2021: folds 
Magoya8: raises $0.15 to $0.25
vasi0908: calls $0.25
Bur1k: folds 
Always Thx: folds 
*** FLOP *** [7s 6d 4d]
Magoya8: checks 
vasi0908: bets $1.87 and is all-in
Magoya8: folds 
Uncalled bet ($1.87) returned to vasi0908
vasi0908 collected $0.62 from pot
vasi0908: doesn't show hand 
*** SUMMARY ***
Total pot $0.65 | Rake $0.03 
Board [7s 6d 4d]
Seat 1: vasi0908 (button) collected ($0.62)
Seat 2: Bur1k (small blind) folded before Flop
Seat 3: Always Thx (big blind) folded before Flop
Seat 4: Thunder155 folded before Flop (didn't bet)
Seat 5: Mahu2021 folded before Flop (didn't bet)
Seat 6: Magoya8 folded on the Flop



PokerStars Zoom Hand #255150953818:  Hold'em No Limit ($0.05/$0.10) - 2025/03/05 17:06:23 CET [2025/03/05 11:06:23 ET]
Table 'Aludra' 6-max Seat #1 is the button
Seat 1: Mahu2021 ($9.80 in chips) 
Seat 2: Windows 21xp ($40.05 in chips) 
Seat 3: N|ghtm@r3 94 ($11.57 in chips) 
Seat 4: wc3ard ($5.41 in chips) 
Seat 5: pougia777 ($10 in chips) 
Seat 6: Always Thx ($13.12 in chips) 
Windows 21xp: posts small blind $0.05
N|ghtm@r3 94: posts big blind $0.10
*** HOLE CARDS ***
Dealt to Mahu2021 [3h Kd]
wc3ard: folds 
pougia777: raises $0.15 to $0.25
Always Thx: folds 
Mahu2021: folds 
Windows 21xp: folds 
N|ghtm@r3 94: folds 
Uncalled bet ($0.15) returned to pougia777
pougia777 collected $0.25 from pot
pougia777: doesn't show hand 
*** SUMMARY ***
Total pot $0.25 | Rake $0 
Seat 1: Mahu2021 (button) folded before Flop (didn't bet)
Seat 2: Windows 21xp (small blind) folded before Flop
Seat 3: N|ghtm@r3 94 (big blind) folded before Flop
Seat 4: wc3ard folded before Flop (didn't bet)
Seat 5: pougia777 collected ($0.25)
Seat 6: Always Thx folded before Flop (didn't bet)



PokerStars Zoom Hand #255150954643:  Hold'em No Limit ($0.05/$0.10) - 2025/03/05 17:06:27 CET [2025/03/05 11:06:27 ET]
Table 'Aludra' 6-max Seat #1 is the button
Seat 1: Britniysosni ($25.97 in chips) 
Seat 2: Mahu2021 ($9.80 in chips) 
Seat 3: Malvaro99 ($13.81 in chips) 
Seat 4: looser00091 ($10.10 in chips) 
Seat 5: pls4betme_now ($9.81 in chips) 
Seat 6: JWRm8 ($10 in chips) 
Mahu2021: posts small blind $0.05
Malvaro99: posts big blind $0.10
*** HOLE CARDS ***
Dealt to Mahu2021 [8c 7d]
looser00091: folds 
pls4betme_now: folds 
JWRm8: folds 
Britniysosni: folds 
Mahu2021: raises $0.20 to $0.30
Malvaro99: folds 
Uncalled bet ($0.20) returned to Mahu2021
Mahu2021 collected $0.20 from pot
Mahu2021: doesn't show hand 
*** SUMMARY ***
Total pot $0.20 | Rake $0 
Seat 1: Britniysosni (button) folded before Flop (didn't bet)
Seat 2: Mahu2021 (small blind) collected ($0.20)
Seat 3: Malvaro99 (big blind) folded before Flop
Seat 4: looser00091 folded before Flop (didn't bet)
Seat 5: pls4betme_now folded before Flop (didn't bet)
Seat 6: JWRm8 folded before Flop (didn't bet)



PokerStars Zoom Hand #255150956863:  Hold'em No Limit ($0.05/$0.10) - 2025/03/05 17:06:38 CET [2025/03/05 11:06:38 ET]
Table 'Aludra' 6-max Seat #1 is the button
Seat 1: DanC996 ($11.08 in chips) 
Seat 2: siba1975 ($22.47 in chips) 
Seat 3: Marcelitolin ($10 in chips) 
Seat 4: Britniysosni ($18.27 in chips) 
Seat 5: Bur1k ($5.02 in chips) 
Seat 6: Mahu2021 ($9.90 in chips) 
siba1975: posts small blind $0.05
Marcelitolin: posts big blind $0.10
*** HOLE CARDS ***
Dealt to Mahu2021 [Ts Ah]
Britniysosni: folds 
Bur1k: folds 
Mahu2021: raises $0.14 to $0.24
DanC996: folds 
siba1975: folds 
Marcelitolin: calls $0.14
*** FLOP *** [3s 7h 4s]
Marcelitolin: checks 
Mahu2021: checks 
*** TURN *** [3s 7h 4s] [Js]
Marcelitolin: checks 
Mahu2021: bets $0.51
Marcelitolin: calls $0.51
*** RIVER *** [3s 7h 4s Js] [8s]
Marcelitolin: checks 
Mahu2021: checks 
*** SHOW DOWN ***
Marcelitolin: shows [4d 5d] (a pair of Fours)
Mahu2021: shows [Ts Ah] (a flush, Jack high)
Mahu2021 collected $1.48 from pot
*** SUMMARY ***
Total pot $1.55 | Rake $0.07 
Board [3s 7h 4s Js 8s]
Seat 1: DanC996 (button) folded before Flop (didn't bet)
Seat 2: siba1975 (small blind) folded before Flop
Seat 3: Marcelitolin (big blind) showed [4d 5d] and lost with a pair of Fours
Seat 4: Britniysosni folded before Flop (didn't bet)
Seat 5: Bur1k folded before Flop (didn't bet)
Seat 6: Mahu2021 showed [Ts Ah] and won ($1.48) with a flush, Jack high



