PokerStars Zoom Hand #254876410067:  Hold'em No Limit ($0.05/$0.10) - 2025/02/15 14:36:05 CET [2025/02/15 8:36:05 ET]
Table 'Aludra' 6-max Seat #1 is the button
Seat 1: franz Z750 ($13.63 in chips) 
Seat 2: Mahu2021 ($9.90 in chips) 
Seat 3: imnotamaniac ($10 in chips) 
Seat 4: wiking ($13.26 in chips) 
Seat 5: sonyks2007 ($10 in chips) 
Seat 6: Danger22bigs ($24.22 in chips) 
Mahu2021: posts small blind $0.05
imnotamaniac: posts big blind $0.10
*** HOLE CARDS ***
Dealt to Mahu2021 [Jd Ks]
wiking: folds 
sonyks2007: folds 
Danger22bigs: folds 
franz Z750: folds 
Mahu2021: raises $0.20 to $0.30
imnotamaniac: folds 
Uncalled bet ($0.20) returned to Mahu2021
Mahu2021 collected $0.20 from pot
Mahu2021: doesn't show hand 
*** SUMMARY ***
Total pot $0.20 | Rake $0 
Seat 1: franz Z750 (button) folded before Flop (didn't bet)
Seat 2: Mahu2021 (small blind) collected ($0.20)
Seat 3: imnotamaniac (big blind) folded before Flop
Seat 4: wiking folded before Flop (didn't bet)
Seat 5: sonyks2007 folded before Flop (didn't bet)
Seat 6: Danger22bigs folded before Flop (didn't bet)



PokerStars Zoom Hand #254876407078:  Hold'em No Limit ($0.05/$0.10) - 2025/02/15 14:35:48 CET [2025/02/15 8:35:48 ET]
Table 'Aludra' 6-max Seat #1 is the button
Seat 1: Danger22bigs ($13.08 in chips) 
Seat 2: mboyes67 ($10.32 in chips) 
Seat 3: Mahu2021 ($10 in chips) 
Seat 4: klette87 ($6.89 in chips) 
Seat 5: fixgear ($16.18 in chips) 
Seat 6: 15lawrencea ($36.38 in chips) 
mboyes67: posts small blind $0.05
Mahu2021: posts big blind $0.10
*** HOLE CARDS ***
Dealt to Mahu2021 [7c 3s]
klette87: folds 
fixgear: folds 
15lawrencea: raises $0.13 to $0.23
Danger22bigs: folds 
mboyes67: calls $0.18
Mahu2021: folds 
*** FLOP *** [Qs 4s Ah]
mboyes67: checks 
15lawrencea: bets $0.60
mboyes67: raises $1.40 to $2
15lawrencea: folds 
Uncalled bet ($1.40) returned to mboyes67
mboyes67 collected $1.68 from pot
mboyes67: doesn't show hand 
*** SUMMARY ***
Total pot $1.76 | Rake $0.08 
Board [Qs 4s Ah]
Seat 1: Danger22bigs (button) folded before Flop (didn't bet)
Seat 2: mboyes67 (small blind) collected ($1.68)
Seat 3: Mahu2021 (big blind) folded before Flop
Seat 4: klette87 folded before Flop (didn't bet)
Seat 5: fixgear folded before Flop (didn't bet)
Seat 6: 15lawrencea folded on the Flop



PokerStars Zoom Hand #254876412957:  Hold'em No Limit ($0.05/$0.10) - 2025/02/15 14:36:20 CET [2025/02/15 8:36:20 ET]
Table 'Aludra' 6-max Seat #1 is the button
Seat 1: Mahu2021 ($10 in chips) 
Seat 2: matlys ($12.78 in chips) 
Seat 3: Bur1k ($5.10 in chips) 
Seat 4: tomerna2012 ($8.17 in chips) 
Seat 5: 8ujn ($19.05 in chips) 
Seat 6: putzkedudu ($13.90 in chips) 
matlys: posts small blind $0.05
Bur1k: posts big blind $0.10
*** HOLE CARDS ***
Dealt to Mahu2021 [2s Kh]
tomerna2012: folds 
8ujn: folds 
putzkedudu: folds 
Mahu2021: folds 
matlys: folds 
Uncalled bet ($0.05) returned to Bur1k
Bur1k collected $0.10 from pot
Bur1k: doesn't show hand 
*** SUMMARY ***
Total pot $0.10 | Rake $0 
Seat 1: Mahu2021 (button) folded before Flop (didn't bet)
Seat 2: matlys (small blind) folded before Flop
Seat 3: Bur1k (big blind) collected ($0.10)
Seat 4: tomerna2012 folded before Flop (didn't bet)
Seat 5: 8ujn folded before Flop (didn't bet)
Seat 6: putzkedudu folded before Flop (didn't bet)



PokerStars Zoom Hand #254876415438:  Hold'em No Limit ($0.05/$0.10) - 2025/02/15 14:36:33 CET [2025/02/15 8:36:33 ET]
Table 'Aludra' 6-max Seat #1 is the button
Seat 1: babiloniaxxx ($14.84 in chips) 
Seat 2: tommi327 ($5.75 in chips) 
Seat 3: mboyes67 ($11.17 in chips) 
Seat 4: Szczyp1orek ($28.67 in chips) 
Seat 5: Mahu2021 ($9.85 in chips) 
Seat 6: ChuruBDO ($6.32 in chips) 
tommi327: posts small blind $0.05
mboyes67: posts big blind $0.10
*** HOLE CARDS ***
Dealt to Mahu2021 [Kc 6d]
Szczyp1orek: folds 
Mahu2021: folds 
ChuruBDO: folds 
babiloniaxxx: folds 
tommi327: raises $0.10 to $0.20
mboyes67: folds 
Uncalled bet ($0.10) returned to tommi327
tommi327 collected $0.20 from pot
tommi327: doesn't show hand 
*** SUMMARY ***
Total pot $0.20 | Rake $0 
Seat 1: babiloniaxxx (button) folded before Flop (didn't bet)
Seat 2: tommi327 (small blind) collected ($0.20)
Seat 3: mboyes67 (big blind) folded before Flop
Seat 4: Szczyp1orek folded before Flop (didn't bet)
Seat 5: Mahu2021 folded before Flop (didn't bet)
Seat 6: ChuruBDO folded before Flop (didn't bet)



PokerStars Zoom Hand #254876414150:  Hold'em No Limit ($0.05/$0.10) - 2025/02/15 14:36:27 CET [2025/02/15 8:36:27 ET]
Table 'Aludra' 6-max Seat #1 is the button
Seat 1: wiking ($13.11 in chips) 
Seat 2: Mahu2021 ($9.90 in chips) 
Seat 3: kilechka ($28.48 in chips) 
Seat 4: AAvsxD ($11.58 in chips) 
Seat 5: chessismorefun ($10.58 in chips) 
Seat 6: CaJe94 ($10.15 in chips) 
Mahu2021: posts small blind $0.05
kilechka: posts big blind $0.10
*** HOLE CARDS ***
Dealt to Mahu2021 [3s Ac]
AAvsxD: folds 
chessismorefun: raises $0.10 to $0.20
CaJe94: folds 
wiking: folds 
Mahu2021: folds 
kilechka: calls $0.10
*** FLOP *** [Jh 6d 5c]
kilechka: checks 
chessismorefun: checks 
*** TURN *** [Jh 6d 5c] [As]
kilechka: checks 
chessismorefun: checks 
*** RIVER *** [Jh 6d 5c As] [7d]
kilechka: checks 
chessismorefun: bets $0.32
kilechka: folds 
Uncalled bet ($0.32) returned to chessismorefun
chessismorefun collected $0.43 from pot
chessismorefun: doesn't show hand 
*** SUMMARY ***
Total pot $0.45 | Rake $0.02 
Board [Jh 6d 5c As 7d]
Seat 1: wiking (button) folded before Flop (didn't bet)
Seat 2: Mahu2021 (small blind) folded before Flop
Seat 3: kilechka (big blind) folded on the River
Seat 4: AAvsxD folded before Flop (didn't bet)
Seat 5: chessismorefun collected ($0.43)
Seat 6: CaJe94 folded before Flop (didn't bet)



PokerStars Zoom Hand #254876416887:  Hold'em No Limit ($0.05/$0.10) - 2025/02/15 14:36:42 CET [2025/02/15 8:36:42 ET]
Table 'Aludra' 6-max Seat #1 is the button
Seat 1: Mahu2021 ($9.85 in chips) 
Seat 2: joee84 ($14.83 in chips) 
Seat 3: wiking ($13.11 in chips) 
Seat 4: im570rm ($12.43 in chips) 
Seat 5: KE,0808 ($11.79 in chips) 
Seat 6: Jajje7 ($16.80 in chips) 
joee84: posts small blind $0.05
wiking: posts big blind $0.10
*** HOLE CARDS ***
Dealt to Mahu2021 [Qh Qd]
im570rm: folds 
KE,0808: raises $0.12 to $0.22
Jajje7: folds 
Mahu2021: raises $0.88 to $1.10
joee84: folds 
wiking: folds 
KE,0808: folds 
Uncalled bet ($0.88) returned to Mahu2021
Mahu2021 collected $0.59 from pot
Mahu2021: doesn't show hand 
*** SUMMARY ***
Total pot $0.59 | Rake $0 
Seat 1: Mahu2021 (button) collected ($0.59)
Seat 2: joee84 (small blind) folded before Flop
Seat 3: wiking (big blind) folded before Flop
Seat 4: im570rm folded before Flop (didn't bet)
Seat 5: KE,0808 folded before Flop
Seat 6: Jajje7 folded before Flop (didn't bet)



PokerStars Zoom Hand #254876415983:  Hold'em No Limit ($0.05/$0.10) - 2025/02/15 14:36:37 CET [2025/02/15 8:36:37 ET]
Table 'Aludra' 6-max Seat #1 is the button
Seat 1: megaloshara ($11.16 in chips) 
Seat 2: Danger22bigs ($12.98 in chips) 
Seat 3: Jajje7 ($10.90 in chips) 
Seat 4: pokersenis ($14.61 in chips) 
Seat 5: im570rm ($12.43 in chips) 
Seat 6: Mahu2021 ($9.85 in chips) 
Danger22bigs: posts small blind $0.05
Jajje7: posts big blind $0.10
*** HOLE CARDS ***
Dealt to Mahu2021 [8d 6h]
pokersenis: raises $0.12 to $0.22
im570rm: folds 
Mahu2021: folds 
megaloshara: raises $0.59 to $0.81
Danger22bigs: folds 
Jajje7: folds 
pokersenis: calls $0.59
*** FLOP *** [2c 6c Jd]
pokersenis: checks 
megaloshara: bets $1
pokersenis: folds 
Uncalled bet ($1) returned to megaloshara
megaloshara collected $1.69 from pot
megaloshara: doesn't show hand 
*** SUMMARY ***
Total pot $1.77 | Rake $0.08 
Board [2c 6c Jd]
Seat 1: megaloshara (button) collected ($1.69)
Seat 2: Danger22bigs (small blind) folded before Flop
Seat 3: Jajje7 (big blind) folded before Flop
Seat 4: pokersenis folded on the Flop
Seat 5: im570rm folded before Flop (didn't bet)
Seat 6: Mahu2021 folded before Flop (didn't bet)



PokerStars Zoom Hand #254876413578:  Hold'em No Limit ($0.05/$0.10) - 2025/02/15 14:36:23 CET [2025/02/15 8:36:23 ET]
Table 'Aludra' 6-max Seat #1 is the button
Seat 1: CaJe94 ($10.15 in chips) 
Seat 2: Tisoon ($10.78 in chips) 
Seat 3: Mahu2021 ($10 in chips) 
Seat 4: kesaDasdas ($9.42 in chips) 
Seat 5: iagoNTC ($13.99 in chips) 
Seat 6: ArtemSnapkouski ($10.27 in chips) 
Tisoon: posts small blind $0.05
Mahu2021: posts big blind $0.10
*** HOLE CARDS ***
Dealt to Mahu2021 [9s 6d]
kesaDasdas: raises $0.10 to $0.20
iagoNTC: folds 
ArtemSnapkouski: raises $0.10 to $0.30
CaJe94: folds 
Tisoon: folds 
Mahu2021: folds 
kesaDasdas: calls $0.10
*** FLOP *** [Qh 2c Kd]
kesaDasdas: checks 
ArtemSnapkouski: bets $0.36
kesaDasdas: calls $0.36
*** TURN *** [Qh 2c Kd] [Ad]
kesaDasdas: checks 
ArtemSnapkouski: bets $1.68
kesaDasdas: calls $1.68
*** RIVER *** [Qh 2c Kd Ad] [Ah]
kesaDasdas: bets $2.20
ArtemSnapkouski: folds 
Uncalled bet ($2.20) returned to kesaDasdas
kesaDasdas collected $4.61 from pot
kesaDasdas: doesn't show hand 
*** SUMMARY ***
Total pot $4.83 | Rake $0.22 
Board [Qh 2c Kd Ad Ah]
Seat 1: CaJe94 (button) folded before Flop (didn't bet)
Seat 2: Tisoon (small blind) folded before Flop
Seat 3: Mahu2021 (big blind) folded before Flop
Seat 4: kesaDasdas collected ($4.61)
Seat 5: iagoNTC folded before Flop (didn't bet)
Seat 6: ArtemSnapkouski folded on the River



PokerStars Zoom Hand #254876420583:  Hold'em No Limit ($0.05/$0.10) - 2025/02/15 14:37:02 CET [2025/02/15 8:37:02 ET]
Table 'Aludra' 6-max Seat #1 is the button
Seat 1: HENRYPREMIUM ($10 in chips) 
Seat 2: trikjy ($12.97 in chips) 
Seat 3: Mahu2021 ($10.22 in chips) 
Seat 4: megaloshara ($12.04 in chips) 
Seat 5: Danger22bigs ($11.68 in chips) 
Seat 6: Smdpair77 ($9.49 in chips) 
trikjy: posts small blind $0.05
Mahu2021: posts big blind $0.10
*** HOLE CARDS ***
Dealt to Mahu2021 [9d Ts]
megaloshara: raises $0.15 to $0.25
Danger22bigs: folds 
Smdpair77: folds 
HENRYPREMIUM: folds 
trikjy: folds 
Mahu2021: calls $0.15
*** FLOP *** [6h 3s 5c]
Mahu2021: checks 
megaloshara: checks 
*** TURN *** [6h 3s 5c] [Td]
Mahu2021: checks 
megaloshara: checks 
*** RIVER *** [6h 3s 5c Td] [Jc]
Mahu2021: checks 
megaloshara: checks 
*** SHOW DOWN ***
Mahu2021: shows [9d Ts] (a pair of Tens)
megaloshara: mucks hand 
Mahu2021 collected $0.53 from pot
*** SUMMARY ***
Total pot $0.55 | Rake $0.02 
Board [6h 3s 5c Td Jc]
Seat 1: HENRYPREMIUM (button) folded before Flop (didn't bet)
Seat 2: trikjy (small blind) folded before Flop
Seat 3: Mahu2021 (big blind) showed [9d Ts] and won ($0.53) with a pair of Tens
Seat 4: megaloshara mucked [Qc Ad]
Seat 5: Danger22bigs folded before Flop (didn't bet)
Seat 6: Smdpair77 folded before Flop (didn't bet)



PokerStars Zoom Hand #254876412147:  Hold'em No Limit ($0.05/$0.10) - 2025/02/15 14:36:16 CET [2025/02/15 8:36:16 ET]
Table 'Aludra' 6-max Seat #1 is the button
Seat 1: Danger22bigs ($24.17 in chips) 
Seat 2: tamsi1 ($10.30 in chips) 
Seat 3: CaJe94 ($14.87 in chips) 
Seat 4: Mahu2021 ($10 in chips) 
Seat 5: Baratrum777 ($10 in chips) 
Seat 6: Clicker89 ($9.95 in chips) 
tamsi1: posts small blind $0.05
CaJe94: posts big blind $0.10
*** HOLE CARDS ***
Dealt to Mahu2021 [Qh 2d]
Mahu2021: folds 
Baratrum777: folds 
Clicker89: folds 
Danger22bigs: raises $0.15 to $0.25
tamsi1: folds 
CaJe94: calls $0.15
*** FLOP *** [6c 8d 6h]
CaJe94: checks 
Danger22bigs: bets $0.17
CaJe94: raises $0.57 to $0.74
Danger22bigs: calls $0.57
*** TURN *** [6c 8d 6h] [Qs]
CaJe94: bets $0.97
Danger22bigs: calls $0.97
*** RIVER *** [6c 8d 6h Qs] [Ad]
CaJe94: checks 
Danger22bigs: checks 
*** SHOW DOWN ***
CaJe94: shows [4h 7h] (a pair of Sixes)
Danger22bigs: shows [Tc 8c] (two pair, Eights and Sixes)
Danger22bigs collected $3.79 from pot
*** SUMMARY ***
Total pot $3.97 | Rake $0.18 
Board [6c 8d 6h Qs Ad]
Seat 1: Danger22bigs (button) showed [Tc 8c] and won ($3.79) with two pair, Eights and Sixes
Seat 2: tamsi1 (small blind) folded before Flop
Seat 3: CaJe94 (big blind) showed [4h 7h] and lost with a pair of Sixes
Seat 4: Mahu2021 folded before Flop (didn't bet)
Seat 5: Baratrum777 folded before Flop (didn't bet)
Seat 6: Clicker89 folded before Flop (didn't bet)



PokerStars Zoom Hand #254876419823:  Hold'em No Limit ($0.05/$0.10) - 2025/02/15 14:36:57 CET [2025/02/15 8:36:57 ET]
Table 'Aludra' 6-max Seat #1 is the button
Seat 1: tommi327 ($5.85 in chips) 
Seat 2: kilechka ($28.28 in chips) 
Seat 3: Chamann_Jeff ($19.50 in chips) 
Seat 4: Denis0699199 ($12.43 in chips) 
Seat 5: Mahu2021 ($10.22 in chips) 
Seat 6: iceballantyne ($24.09 in chips) 
kilechka: posts small blind $0.05
Chamann_Jeff: posts big blind $0.10
*** HOLE CARDS ***
Dealt to Mahu2021 [3s 5s]
Denis0699199: raises $0.15 to $0.25
Mahu2021: folds 
iceballantyne: raises $0.50 to $0.75
tommi327: calls $0.75
kilechka: folds 
Chamann_Jeff: folds 
Denis0699199: calls $0.50
*** FLOP *** [Js 6c 3c]
Denis0699199: checks 
iceballantyne: checks 
tommi327: checks 
*** TURN *** [Js 6c 3c] [7c]
Denis0699199: checks 
iceballantyne: checks 
tommi327: checks 
*** RIVER *** [Js 6c 3c 7c] [9s]
Denis0699199: checks 
iceballantyne: bets $1.60
tommi327: folds 
Denis0699199: folds 
Uncalled bet ($1.60) returned to iceballantyne
iceballantyne collected $2.29 from pot
iceballantyne: doesn't show hand 
*** SUMMARY ***
Total pot $2.40 | Rake $0.11 
Board [Js 6c 3c 7c 9s]
Seat 1: tommi327 (button) folded on the River
Seat 2: kilechka (small blind) folded before Flop
Seat 3: Chamann_Jeff (big blind) folded before Flop
Seat 4: Denis0699199 folded on the River
Seat 5: Mahu2021 folded before Flop (didn't bet)
Seat 6: iceballantyne collected ($2.29)



PokerStars Zoom Hand #254876426713:  Hold'em No Limit ($0.05/$0.10) - 2025/02/15 14:37:35 CET [2025/02/15 8:37:35 ET]
Table 'Aludra' 6-max Seat #1 is the button
Seat 1: ArtemSnapkouski ($10.05 in chips) 
Seat 2: Danger22bigs ($11.58 in chips) 
Seat 3: nDoelAidFme ($11.81 in chips) 
Seat 4: Vicktorio ($16.59 in chips) 
Seat 5: Mahu2021 ($10.45 in chips) 
Seat 6: mboyes67 ($11.02 in chips) 
Danger22bigs: posts small blind $0.05
nDoelAidFme: posts big blind $0.10
*** HOLE CARDS ***
Dealt to Mahu2021 [Qc 9d]
Vicktorio: folds 
Mahu2021: folds 
mboyes67: raises $0.20 to $0.30
ArtemSnapkouski: folds 
Danger22bigs: folds 
nDoelAidFme: folds 
Uncalled bet ($0.20) returned to mboyes67
mboyes67 collected $0.25 from pot
mboyes67: doesn't show hand 
*** SUMMARY ***
Total pot $0.25 | Rake $0 
Seat 1: ArtemSnapkouski (button) folded before Flop (didn't bet)
Seat 2: Danger22bigs (small blind) folded before Flop
Seat 3: nDoelAidFme (big blind) folded before Flop
Seat 4: Vicktorio folded before Flop (didn't bet)
Seat 5: Mahu2021 folded before Flop (didn't bet)
Seat 6: mboyes67 collected ($0.25)



PokerStars Zoom Hand #254876427370:  Hold'em No Limit ($0.05/$0.10) - 2025/02/15 14:37:39 CET [2025/02/15 8:37:39 ET]
Table 'Aludra' 6-max Seat #1 is the button
Seat 1: chessismorefun ($10.66 in chips) 
Seat 2: tamsi1 ($11.65 in chips) 
Seat 3: carstoiu1987 ($16.28 in chips) 
Seat 4: Mahu2021 ($10.45 in chips) 
Seat 5: zALEXKAYz ($14.77 in chips) 
Seat 6: SlipperySealion ($20.03 in chips) 
tamsi1: posts small blind $0.05
carstoiu1987: posts big blind $0.10
*** HOLE CARDS ***
Dealt to Mahu2021 [2s Ts]
Mahu2021: folds 
zALEXKAYz: folds 
SlipperySealion: folds 
chessismorefun: folds 
tamsi1: folds 
Uncalled bet ($0.05) returned to carstoiu1987
carstoiu1987 collected $0.10 from pot
carstoiu1987: doesn't show hand 
*** SUMMARY ***
Total pot $0.10 | Rake $0 
Seat 1: chessismorefun (button) folded before Flop (didn't bet)
Seat 2: tamsi1 (small blind) folded before Flop
Seat 3: carstoiu1987 (big blind) collected ($0.10)
Seat 4: Mahu2021 folded before Flop (didn't bet)
Seat 5: zALEXKAYz folded before Flop (didn't bet)
Seat 6: SlipperySealion folded before Flop (didn't bet)



PokerStars Zoom Hand #254876428770:  Hold'em No Limit ($0.05/$0.10) - 2025/02/15 14:37:47 CET [2025/02/15 8:37:47 ET]
Table 'Aludra' 6-max Seat #1 is the button
Seat 1: iagoNTC ($12.93 in chips) 
Seat 2: Mahu2021 ($10.45 in chips) 
Seat 3: HENRYPREMIUM ($12.72 in chips) 
Seat 4: bogata111 ($5.28 in chips) 
Seat 5: SlipperySealion ($20.03 in chips) 
Seat 6: vasi0908 ($6.04 in chips) 
Mahu2021: posts small blind $0.05
HENRYPREMIUM: posts big blind $0.10
*** HOLE CARDS ***
Dealt to Mahu2021 [7h 4c]
bogata111: raises $0.10 to $0.20
SlipperySealion: folds 
vasi0908: folds 
iagoNTC: folds 
Mahu2021: folds 
HENRYPREMIUM: folds 
Uncalled bet ($0.10) returned to bogata111
bogata111 collected $0.25 from pot
bogata111: doesn't show hand 
*** SUMMARY ***
Total pot $0.25 | Rake $0 
Seat 1: iagoNTC (button) folded before Flop (didn't bet)
Seat 2: Mahu2021 (small blind) folded before Flop
Seat 3: HENRYPREMIUM (big blind) folded before Flop
Seat 4: bogata111 collected ($0.25)
Seat 5: SlipperySealion folded before Flop (didn't bet)
Seat 6: vasi0908 folded before Flop (didn't bet)



PokerStars Zoom Hand #254876424351:  Hold'em No Limit ($0.05/$0.10) - 2025/02/15 14:37:23 CET [2025/02/15 8:37:23 ET]
Table 'Aludra' 6-max Seat #1 is the button
Seat 1: lesantos0111 ($15.17 in chips) 
Seat 2: Mahu2021 ($10.50 in chips) 
Seat 3: putzkedudu ($20.30 in chips) 
Seat 4: wiking ($12.96 in chips) 
Seat 5: franz Z750 ($13.63 in chips) 
Seat 6: ChuruBDO ($12.39 in chips) 
Mahu2021: posts small blind $0.05
putzkedudu: posts big blind $0.10
*** HOLE CARDS ***
Dealt to Mahu2021 [Th Td]
wiking: folds 
franz Z750: folds 
ChuruBDO: raises $0.10 to $0.20
lesantos0111: raises $0.65 to $0.85
Mahu2021: folds 
putzkedudu: folds 
ChuruBDO: calls $0.65
*** FLOP *** [Tc 8s 3d]
ChuruBDO: checks 
lesantos0111: bets $0.65
ChuruBDO: calls $0.65
*** TURN *** [Tc 8s 3d] [Ts]
ChuruBDO: checks 
lesantos0111: bets $1.72
ChuruBDO: calls $1.72
*** RIVER *** [Tc 8s 3d Ts] [7d]
ChuruBDO: checks 
lesantos0111: checks 
*** SHOW DOWN ***
ChuruBDO: shows [9h 9d] (two pair, Tens and Nines)
lesantos0111: mucks hand 
ChuruBDO collected $6.29 from pot
*** SUMMARY ***
Total pot $6.59 | Rake $0.30 
Board [Tc 8s 3d Ts 7d]
Seat 1: lesantos0111 (button) mucked [Js Qh]
Seat 2: Mahu2021 (small blind) folded before Flop
Seat 3: putzkedudu (big blind) folded before Flop
Seat 4: wiking folded before Flop (didn't bet)
Seat 5: franz Z750 folded before Flop (didn't bet)
Seat 6: ChuruBDO showed [9h 9d] and won ($6.29) with two pair, Tens and Nines



PokerStars Zoom Hand #254876414727:  Hold'em No Limit ($0.05/$0.10) - 2025/02/15 14:36:30 CET [2025/02/15 8:36:30 ET]
Table 'Aludra' 6-max Seat #1 is the button
Seat 1: tamsi1 ($10.25 in chips) 
Seat 2: popparin420 ($0.76 in chips) 
Seat 3: CaJe94 ($10.15 in chips) 
Seat 4: Clicker89 ($10.10 in chips) 
Seat 5: joee84 ($17.16 in chips) 
Seat 6: Mahu2021 ($9.85 in chips) 
popparin420: posts small blind $0.05
CaJe94: posts big blind $0.10
*** HOLE CARDS ***
Dealt to Mahu2021 [8c 3h]
Clicker89: folds 
joee84: folds 
Mahu2021: folds 
tamsi1: folds 
popparin420: calls $0.05
CaJe94: checks 
*** FLOP *** [7s Kc 6d]
popparin420: checks 
CaJe94: bets $0.20
popparin420: calls $0.20
*** TURN *** [7s Kc 6d] [2s]
popparin420: checks 
CaJe94: checks 
*** RIVER *** [7s Kc 6d 2s] [Ts]
popparin420: bets $0.29
CaJe94: folds 
Uncalled bet ($0.29) returned to popparin420
popparin420 collected $0.57 from pot
popparin420: doesn't show hand 
*** SUMMARY ***
Total pot $0.60 | Rake $0.03 
Board [7s Kc 6d 2s Ts]
Seat 1: tamsi1 (button) folded before Flop (didn't bet)
Seat 2: popparin420 (small blind) collected ($0.57)
Seat 3: CaJe94 (big blind) folded on the River
Seat 4: Clicker89 folded before Flop (didn't bet)
Seat 5: joee84 folded before Flop (didn't bet)
Seat 6: Mahu2021 folded before Flop (didn't bet)



PokerStars Zoom Hand #254876427986:  Hold'em No Limit ($0.05/$0.10) - 2025/02/15 14:37:42 CET [2025/02/15 8:37:42 ET]
Table 'Aludra' 6-max Seat #1 is the button
Seat 1: Mahu2021 ($10.45 in chips) 
Seat 2: zALEXKAYz ($14.77 in chips) 
Seat 3: corape ($8.72 in chips) 
Seat 4: fixgear ($1.69 in chips) 
Seat 5: SKAlmaty_86 ($5.73 in chips) 
Seat 6: iceballantyne ($15.55 in chips) 
zALEXKAYz: posts small blind $0.05
corape: posts big blind $0.10
*** HOLE CARDS ***
Dealt to Mahu2021 [5c 9s]
fixgear: folds 
SKAlmaty_86: raises $0.10 to $0.20
iceballantyne: raises $0.45 to $0.65
Mahu2021: folds 
zALEXKAYz: folds 
corape: folds 
SKAlmaty_86: calls $0.45
*** FLOP *** [5h Ac 4d]
SKAlmaty_86: checks 
iceballantyne: bets $0.41
SKAlmaty_86: folds 
Uncalled bet ($0.41) returned to iceballantyne
iceballantyne collected $1.38 from pot
iceballantyne: doesn't show hand 
*** SUMMARY ***
Total pot $1.45 | Rake $0.07 
Board [5h Ac 4d]
Seat 1: Mahu2021 (button) folded before Flop (didn't bet)
Seat 2: zALEXKAYz (small blind) folded before Flop
Seat 3: corape (big blind) folded before Flop
Seat 4: fixgear folded before Flop (didn't bet)
Seat 5: SKAlmaty_86 folded on the Flop
Seat 6: iceballantyne collected ($1.38)



PokerStars Zoom Hand #254876429541:  Hold'em No Limit ($0.05/$0.10) - 2025/02/15 14:37:51 CET [2025/02/15 8:37:51 ET]
Table 'Aludra' 6-max Seat #1 is the button
Seat 1: Ramster44 ($13.10 in chips) 
Seat 2: Baratrum777 ($10 in chips) 
Seat 3: Mahu2021 ($10.40 in chips) 
Seat 4: c0pp0ck ($11.85 in chips) 
Seat 5: yeojiha24 ($19.12 in chips) 
Seat 6: Szczyp1orek ($11.80 in chips) 
Baratrum777: posts small blind $0.05
Mahu2021: posts big blind $0.10
*** HOLE CARDS ***
Dealt to Mahu2021 [Jd Qd]
c0pp0ck: folds 
yeojiha24: folds 
Szczyp1orek: raises $0.12 to $0.22
Ramster44: folds 
Baratrum777: raises $0.92 to $1.14
Mahu2021: folds 
Szczyp1orek: folds 
Uncalled bet ($0.92) returned to Baratrum777
Baratrum777 collected $0.54 from pot
Baratrum777: doesn't show hand 
*** SUMMARY ***
Total pot $0.54 | Rake $0 
Seat 1: Ramster44 (button) folded before Flop (didn't bet)
Seat 2: Baratrum777 (small blind) collected ($0.54)
Seat 3: Mahu2021 (big blind) folded before Flop
Seat 4: c0pp0ck folded before Flop (didn't bet)
Seat 5: yeojiha24 folded before Flop (didn't bet)
Seat 6: Szczyp1orek folded before Flop



PokerStars Zoom Hand #254876434047:  Hold'em No Limit ($0.05/$0.10) - 2025/02/15 14:38:16 CET [2025/02/15 8:38:16 ET]
Table 'Aludra' 6-max Seat #1 is the button
Seat 1: im570rm ($13.52 in chips) 
Seat 2: Zwenni24 ($10 in chips) 
Seat 3: AAvsxD ($10 in chips) 
Seat 4: HENRYPREMIUM ($9.65 in chips) 
Seat 5: Smdpair77 ($9.46 in chips) 
Seat 6: Mahu2021 ($10.30 in chips) 
Zwenni24: posts small blind $0.05
AAvsxD: posts big blind $0.10
*** HOLE CARDS ***
Dealt to Mahu2021 [Tc 2d]
HENRYPREMIUM: folds 
Smdpair77: folds 
Mahu2021: folds 
im570rm: raises $0.12 to $0.22
Zwenni24: folds 
AAvsxD: folds 
Uncalled bet ($0.12) returned to im570rm
im570rm collected $0.25 from pot
im570rm: doesn't show hand 
*** SUMMARY ***
Total pot $0.25 | Rake $0 
Seat 1: im570rm (button) collected ($0.25)
Seat 2: Zwenni24 (small blind) folded before Flop
Seat 3: AAvsxD (big blind) folded before Flop
Seat 4: HENRYPREMIUM folded before Flop (didn't bet)
Seat 5: Smdpair77 folded before Flop (didn't bet)
Seat 6: Mahu2021 folded before Flop (didn't bet)



PokerStars Zoom Hand #254876434697:  Hold'em No Limit ($0.05/$0.10) - 2025/02/15 14:38:19 CET [2025/02/15 8:38:19 ET]
Table 'Aludra' 6-max Seat #1 is the button
Seat 1: Smdpair77 ($9.46 in chips) 
Seat 2: pokersenis ($10 in chips) 
Seat 3: Ramster44 ($19.53 in chips) 
Seat 4: Mahu2021 ($10.30 in chips) 
Seat 5: underpressure28 ($9.90 in chips) 
Seat 6: joee84 ($10.15 in chips) 
pokersenis: posts small blind $0.05
Ramster44: posts big blind $0.10
*** HOLE CARDS ***
Dealt to Mahu2021 [4h 4c]
Mahu2021: folds 
underpressure28: raises $0.10 to $0.20
joee84: folds 
Smdpair77: folds 
pokersenis: folds 
Ramster44: calls $0.10
*** FLOP *** [5c Kd As]
Ramster44: checks 
underpressure28: bets $0.23
Ramster44: folds 
Uncalled bet ($0.23) returned to underpressure28
underpressure28 collected $0.43 from pot
underpressure28: doesn't show hand 
*** SUMMARY ***
Total pot $0.45 | Rake $0.02 
Board [5c Kd As]
Seat 1: Smdpair77 (button) folded before Flop (didn't bet)
Seat 2: pokersenis (small blind) folded before Flop
Seat 3: Ramster44 (big blind) folded on the Flop
Seat 4: Mahu2021 folded before Flop (didn't bet)
Seat 5: underpressure28 collected ($0.43)
Seat 6: joee84 folded before Flop (didn't bet)



PokerStars Zoom Hand #254876435599:  Hold'em No Limit ($0.05/$0.10) - 2025/02/15 14:38:24 CET [2025/02/15 8:38:24 ET]
Table 'Aludra' 6-max Seat #1 is the button
Seat 1: putzkedudu ($14.45 in chips) 
Seat 2: ChuruBDO ($5.87 in chips) 
Seat 3: Tisoon ($11.66 in chips) 
Seat 4: babiloniaxxx ($3.71 in chips) 
Seat 5: Mahu2021 ($10.30 in chips) 
Seat 6: ArtemSnapkouski ($9.90 in chips) 
ChuruBDO: posts small blind $0.05
Tisoon: posts big blind $0.10
*** HOLE CARDS ***
Dealt to Mahu2021 [Tc Td]
babiloniaxxx: raises $0.15 to $0.25
Mahu2021: calls $0.25
ArtemSnapkouski: folds 
putzkedudu: folds 
ChuruBDO: folds 
Tisoon: calls $0.15
*** FLOP *** [2h Qs 2d]
Tisoon: checks 
babiloniaxxx: checks 
Mahu2021: bets $0.76
Tisoon: folds 
babiloniaxxx: folds 
Uncalled bet ($0.76) returned to Mahu2021
Mahu2021 collected $0.76 from pot
Mahu2021: doesn't show hand 
*** SUMMARY ***
Total pot $0.80 | Rake $0.04 
Board [2h Qs 2d]
Seat 1: putzkedudu (button) folded before Flop (didn't bet)
Seat 2: ChuruBDO (small blind) folded before Flop
Seat 3: Tisoon (big blind) folded on the Flop
Seat 4: babiloniaxxx folded on the Flop
Seat 5: Mahu2021 collected ($0.76)
Seat 6: ArtemSnapkouski folded before Flop (didn't bet)



PokerStars Zoom Hand #254876440861:  Hold'em No Limit ($0.05/$0.10) - 2025/02/15 14:38:53 CET [2025/02/15 8:38:53 ET]
Table 'Aludra' 6-max Seat #1 is the button
Seat 1: CaJe94 ($10.23 in chips) 
Seat 2: putzkedudu ($14.50 in chips) 
Seat 3: Mahu2021 ($10.81 in chips) 
Seat 4: chueko148 ($23.63 in chips) 
Seat 5: Ramster44 ($19.28 in chips) 
Seat 6: 15lawrencea ($18.84 in chips) 
putzkedudu: posts small blind $0.05
Mahu2021: posts big blind $0.10
*** HOLE CARDS ***
Dealt to Mahu2021 [6c 2s]
chueko148: folds 
Ramster44: folds 
15lawrencea: raises $0.13 to $0.23
CaJe94: folds 
putzkedudu: folds 
Mahu2021: folds 
Uncalled bet ($0.13) returned to 15lawrencea
15lawrencea collected $0.25 from pot
15lawrencea: doesn't show hand 
*** SUMMARY ***
Total pot $0.25 | Rake $0 
Seat 1: CaJe94 (button) folded before Flop (didn't bet)
Seat 2: putzkedudu (small blind) folded before Flop
Seat 3: Mahu2021 (big blind) folded before Flop
Seat 4: chueko148 folded before Flop (didn't bet)
Seat 5: Ramster44 folded before Flop (didn't bet)
Seat 6: 15lawrencea collected ($0.25)



PokerStars Zoom Hand #254876442474:  Hold'em No Limit ($0.05/$0.10) - 2025/02/15 14:39:02 CET [2025/02/15 8:39:02 ET]
Table 'Aludra' 6-max Seat #1 is the button
Seat 1: sonyks2007 ($12.23 in chips) 
Seat 2: Mahu2021 ($10.71 in chips) 
Seat 3: Jabrita1988 ($14.20 in chips) 
Seat 4: tamsi1 ($10 in chips) 
Seat 5: fixgear ($31.30 in chips) 
Seat 6: AAvsxD ($11.43 in chips) 
Mahu2021: posts small blind $0.05
Jabrita1988: posts big blind $0.10
*** HOLE CARDS ***
Dealt to Mahu2021 [2h 7d]
tamsi1: folds 
fixgear: folds 
AAvsxD: folds 
sonyks2007: folds 
Mahu2021: folds 
Uncalled bet ($0.05) returned to Jabrita1988
Jabrita1988 collected $0.10 from pot
Jabrita1988: doesn't show hand 
*** SUMMARY ***
Total pot $0.10 | Rake $0 
Seat 1: sonyks2007 (button) folded before Flop (didn't bet)
Seat 2: Mahu2021 (small blind) folded before Flop
Seat 3: Jabrita1988 (big blind) collected ($0.10)
Seat 4: tamsi1 folded before Flop (didn't bet)
Seat 5: fixgear folded before Flop (didn't bet)
Seat 6: AAvsxD folded before Flop (didn't bet)



PokerStars Zoom Hand #254876439880:  Hold'em No Limit ($0.05/$0.10) - 2025/02/15 14:38:48 CET [2025/02/15 8:38:48 ET]
Table 'Aludra' 6-max Seat #1 is the button
Seat 1: Mahu2021 ($10.81 in chips) 
Seat 2: tamsi1 ($21.04 in chips) 
Seat 3: nDoelAidFme ($11.42 in chips) 
Seat 4: HENRYPREMIUM ($12.42 in chips) 
Seat 5: bogata111 ($5.85 in chips) 
Seat 6: Tisoon ($11.36 in chips) 
tamsi1: posts small blind $0.05
nDoelAidFme: posts big blind $0.10
*** HOLE CARDS ***
Dealt to Mahu2021 [9s 5c]
HENRYPREMIUM: folds 
bogata111: folds 
Tisoon: raises $0.25 to $0.35
Mahu2021: folds 
tamsi1: folds 
nDoelAidFme: folds 
Uncalled bet ($0.25) returned to Tisoon
Tisoon collected $0.25 from pot
Tisoon: doesn't show hand 
*** SUMMARY ***
Total pot $0.25 | Rake $0 
Seat 1: Mahu2021 (button) folded before Flop (didn't bet)
Seat 2: tamsi1 (small blind) folded before Flop
Seat 3: nDoelAidFme (big blind) folded before Flop
Seat 4: HENRYPREMIUM folded before Flop (didn't bet)
Seat 5: bogata111 folded before Flop (didn't bet)
Seat 6: Tisoon collected ($0.25)



PokerStars Zoom Hand #254876446215:  Hold'em No Limit ($0.05/$0.10) - 2025/02/15 14:39:22 CET [2025/02/15 8:39:22 ET]
Table 'Aludra' 6-max Seat #1 is the button
Seat 1: Ramster44 ($10 in chips) 
Seat 2: fixgear ($2.99 in chips) 
Seat 3: Mahu2021 ($10.66 in chips) 
Seat 4: wiking ($12.06 in chips) 
Seat 5: Smdpair77 ($10.51 in chips) 
Seat 6: AAvsxD ($12.51 in chips) 
fixgear: posts small blind $0.05
Mahu2021: posts big blind $0.10
*** HOLE CARDS ***
Dealt to Mahu2021 [Jd 8h]
wiking: folds 
Smdpair77: folds 
AAvsxD: folds 
Ramster44: folds 
fixgear: raises $0.10 to $0.20
Mahu2021: folds 
Uncalled bet ($0.10) returned to fixgear
fixgear collected $0.20 from pot
fixgear: doesn't show hand 
*** SUMMARY ***
Total pot $0.20 | Rake $0 
Seat 1: Ramster44 (button) folded before Flop (didn't bet)
Seat 2: fixgear (small blind) collected ($0.20)
Seat 3: Mahu2021 (big blind) folded before Flop
Seat 4: wiking folded before Flop (didn't bet)
Seat 5: Smdpair77 folded before Flop (didn't bet)
Seat 6: AAvsxD folded before Flop (didn't bet)



PokerStars Zoom Hand #254876443894:  Hold'em No Limit ($0.05/$0.10) - 2025/02/15 14:39:10 CET [2025/02/15 8:39:10 ET]
Table 'Aludra' 6-max Seat #1 is the button
Seat 1: Smdpair77 ($9.43 in chips) 
Seat 2: PICCOLI0803 ($5 in chips) 
Seat 3: putzkedudu ($10 in chips) 
Seat 4: Mahu2021 ($10.66 in chips) 
Seat 5: Szczyp1orek ($26.37 in chips) 
Seat 6: tamsi1 ($21.14 in chips) 
PICCOLI0803: posts small blind $0.05
putzkedudu: posts big blind $0.10
*** HOLE CARDS ***
Dealt to Mahu2021 [9s 6c]
Mahu2021: folds 
Szczyp1orek: raises $0.12 to $0.22
tamsi1: folds 
Smdpair77: raises $0.59 to $0.81
PICCOLI0803: folds 
putzkedudu: folds 
Szczyp1orek: calls $0.59
*** FLOP *** [5c 7h As]
Szczyp1orek: checks 
Smdpair77: bets $0.91
Szczyp1orek: folds 
Uncalled bet ($0.91) returned to Smdpair77
Smdpair77 collected $1.69 from pot
Smdpair77: doesn't show hand 
*** SUMMARY ***
Total pot $1.77 | Rake $0.08 
Board [5c 7h As]
Seat 1: Smdpair77 (button) collected ($1.69)
Seat 2: PICCOLI0803 (small blind) folded before Flop
Seat 3: putzkedudu (big blind) folded before Flop
Seat 4: Mahu2021 folded before Flop (didn't bet)
Seat 5: Szczyp1orek folded on the Flop
Seat 6: tamsi1 folded before Flop (didn't bet)



PokerStars Zoom Hand #254876443347:  Hold'em No Limit ($0.05/$0.10) - 2025/02/15 14:39:07 CET [2025/02/15 8:39:07 ET]
Table 'Aludra' 6-max Seat #1 is the button
Seat 1: Peter 091964 ($16.05 in chips) 
Seat 2: ArtemSnapkouski ($11.14 in chips) 
Seat 3: im570rm ($13.77 in chips) 
Seat 4: Baratrum777 ($10 in chips) 
Seat 5: Tisoon ($19.01 in chips) 
Seat 6: Mahu2021 ($10.66 in chips) 
ArtemSnapkouski: posts small blind $0.05
im570rm: posts big blind $0.10
*** HOLE CARDS ***
Dealt to Mahu2021 [8c 2s]
Baratrum777: folds 
Tisoon: folds 
Mahu2021: folds 
Peter 091964: raises $0.20 to $0.30
ArtemSnapkouski: folds 
im570rm: raises $0.90 to $1.20
Peter 091964: calls $0.90
*** FLOP *** [Tc Jc 7d]
im570rm: checks 
Peter 091964: bets $1.50
im570rm: folds 
Uncalled bet ($1.50) returned to Peter 091964
Peter 091964 collected $2.31 from pot
Peter 091964: doesn't show hand 
*** SUMMARY ***
Total pot $2.45 | Rake $0.14 
Board [Tc Jc 7d]
Seat 1: Peter 091964 (button) collected ($2.31)
Seat 2: ArtemSnapkouski (small blind) folded before Flop
Seat 3: im570rm (big blind) folded on the Flop
Seat 4: Baratrum777 folded before Flop (didn't bet)
Seat 5: Tisoon folded before Flop (didn't bet)
Seat 6: Mahu2021 folded before Flop (didn't bet)



PokerStars Zoom Hand #254876444895:  Hold'em No Limit ($0.05/$0.10) - 2025/02/15 14:39:15 CET [2025/02/15 8:39:15 ET]
Table 'Aludra' 6-max Seat #1 is the button
Seat 1: Mahu2021 ($10.66 in chips) 
Seat 2: babiloniaxxx ($15.12 in chips) 
Seat 3: JonnyGabes ($10.27 in chips) 
Seat 4: ArtemSnapkouski ($10.77 in chips) 
Seat 5: pokersenis ($14.75 in chips) 
Seat 6: zALEXKAYz ($14.27 in chips) 
babiloniaxxx: posts small blind $0.05
JonnyGabes: posts big blind $0.10
*** HOLE CARDS ***
Dealt to Mahu2021 [4c 9s]
ArtemSnapkouski: folds 
pokersenis: folds 
zALEXKAYz: folds 
Mahu2021: folds 
babiloniaxxx: raises $0.20 to $0.30
JonnyGabes: calls $0.20
*** FLOP *** [8h 2d 6d]
babiloniaxxx: checks 
JonnyGabes: bets $0.31
babiloniaxxx: folds 
Uncalled bet ($0.31) returned to JonnyGabes
JonnyGabes collected $0.57 from pot
JonnyGabes: doesn't show hand 
*** SUMMARY ***
Total pot $0.60 | Rake $0.03 
Board [8h 2d 6d]
Seat 1: Mahu2021 (button) folded before Flop (didn't bet)
Seat 2: babiloniaxxx (small blind) folded on the Flop
Seat 3: JonnyGabes (big blind) collected ($0.57)
Seat 4: ArtemSnapkouski folded before Flop (didn't bet)
Seat 5: pokersenis folded before Flop (didn't bet)
Seat 6: zALEXKAYz folded before Flop (didn't bet)



PokerStars Zoom Hand #254876445422:  Hold'em No Limit ($0.05/$0.10) - 2025/02/15 14:39:18 CET [2025/02/15 8:39:18 ET]
Table 'Aludra' 6-max Seat #1 is the button
Seat 1: Baratrum777 ($10.17 in chips) 
Seat 2: HENRYPREMIUM ($9.63 in chips) 
Seat 3: Tisoon ($19.01 in chips) 
Seat 4: ArtemSnapkouski ($10.77 in chips) 
Seat 5: yeojiha24 ($15.31 in chips) 
Seat 6: Mahu2021 ($10.66 in chips) 
HENRYPREMIUM: posts small blind $0.05
Tisoon: posts big blind $0.10
*** HOLE CARDS ***
Dealt to Mahu2021 [4c 6h]
ArtemSnapkouski: raises $0.20 to $0.30
yeojiha24: folds 
Mahu2021: folds 
Baratrum777: folds 
HENRYPREMIUM: folds 
Tisoon: calls $0.20
*** FLOP *** [Js 7d 3s]
Tisoon: checks 
ArtemSnapkouski: bets $0.47
Tisoon: folds 
Uncalled bet ($0.47) returned to ArtemSnapkouski
ArtemSnapkouski collected $0.62 from pot
ArtemSnapkouski: doesn't show hand 
*** SUMMARY ***
Total pot $0.65 | Rake $0.03 
Board [Js 7d 3s]
Seat 1: Baratrum777 (button) folded before Flop (didn't bet)
Seat 2: HENRYPREMIUM (small blind) folded before Flop
Seat 3: Tisoon (big blind) folded on the Flop
Seat 4: ArtemSnapkouski collected ($0.62)
Seat 5: yeojiha24 folded before Flop (didn't bet)
Seat 6: Mahu2021 folded before Flop (didn't bet)



PokerStars Zoom Hand #254876448768:  Hold'em No Limit ($0.05/$0.10) - 2025/02/15 14:39:36 CET [2025/02/15 8:39:36 ET]
Table 'Aludra' 6-max Seat #1 is the button
Seat 1: putzkedudu ($25.36 in chips) 
Seat 2: Baratrum777 ($10.20 in chips) 
Seat 3: Tominou BE ($10 in chips) 
Seat 4: Ramster44 ($10 in chips) 
Seat 5: Mahu2021 ($10.56 in chips) 
Seat 6: f12022 ($10.94 in chips) 
Baratrum777: posts small blind $0.05
Tominou BE: posts big blind $0.10
*** HOLE CARDS ***
Dealt to Mahu2021 [Kh 7d]
Ramster44: folds 
Mahu2021: folds 
f12022: folds 
putzkedudu: folds 
Baratrum777: folds 
Uncalled bet ($0.05) returned to Tominou BE
Tominou BE collected $0.10 from pot
Tominou BE: doesn't show hand 
*** SUMMARY ***
Total pot $0.10 | Rake $0 
Seat 1: putzkedudu (button) folded before Flop (didn't bet)
Seat 2: Baratrum777 (small blind) folded before Flop
Seat 3: Tominou BE (big blind) collected ($0.10)
Seat 4: Ramster44 folded before Flop (didn't bet)
Seat 5: Mahu2021 folded before Flop (didn't bet)
Seat 6: f12022 folded before Flop (didn't bet)



PokerStars Zoom Hand #254876449704:  Hold'em No Limit ($0.05/$0.10) - 2025/02/15 14:39:41 CET [2025/02/15 8:39:41 ET]
Table 'Aludra' 6-max Seat #1 is the button
Seat 1: im570rm ($12.57 in chips) 
Seat 2: Mahu2021 ($10.56 in chips) 
Seat 3: keirin459 ($10 in chips) 
Seat 4: Zwenni24 ($10 in chips) 
Seat 5: Danger22bigs ($12.67 in chips) 
Seat 6: PocketDebs ($14.83 in chips) 
Mahu2021: posts small blind $0.05
keirin459: posts big blind $0.10
*** HOLE CARDS ***
Dealt to Mahu2021 [Ah Td]
Zwenni24: folds 
Danger22bigs: folds 
PocketDebs: raises $0.12 to $0.22
im570rm: folds 
Mahu2021: calls $0.17
keirin459: folds 
*** FLOP *** [5h 5c Js]
Mahu2021: checks 
PocketDebs: bets $0.17
Mahu2021: folds 
Uncalled bet ($0.17) returned to PocketDebs
PocketDebs collected $0.52 from pot
PocketDebs: doesn't show hand 
*** SUMMARY ***
Total pot $0.54 | Rake $0.02 
Board [5h 5c Js]
Seat 1: im570rm (button) folded before Flop (didn't bet)
Seat 2: Mahu2021 (small blind) folded on the Flop
Seat 3: keirin459 (big blind) folded before Flop
Seat 4: Zwenni24 folded before Flop (didn't bet)
Seat 5: Danger22bigs folded before Flop (didn't bet)
Seat 6: PocketDebs collected ($0.52)



PokerStars Zoom Hand #254876455887:  Hold'em No Limit ($0.05/$0.10) - 2025/02/15 14:40:15 CET [2025/02/15 8:40:15 ET]
Table 'Aludra' 6-max Seat #1 is the button
Seat 1: wdb124036 ($11.15 in chips) 
Seat 2: CaJe94 ($20.16 in chips) 
Seat 3: megaloshara ($11.77 in chips) 
Seat 4: ArtemSnapkouski ($9.31 in chips) 
Seat 5: PocketDebs ($15.13 in chips) 
Seat 6: Mahu2021 ($10.34 in chips) 
CaJe94: posts small blind $0.05
megaloshara: posts big blind $0.10
*** HOLE CARDS ***
Dealt to Mahu2021 [Js 4c]
ArtemSnapkouski: folds 
PocketDebs: raises $0.12 to $0.22
Mahu2021: folds 
wdb124036: folds 
CaJe94: folds 
megaloshara: folds 
Uncalled bet ($0.12) returned to PocketDebs
PocketDebs collected $0.25 from pot
PocketDebs: doesn't show hand 
*** SUMMARY ***
Total pot $0.25 | Rake $0 
Seat 1: wdb124036 (button) folded before Flop (didn't bet)
Seat 2: CaJe94 (small blind) folded before Flop
Seat 3: megaloshara (big blind) folded before Flop
Seat 4: ArtemSnapkouski folded before Flop (didn't bet)
Seat 5: PocketDebs collected ($0.25)
Seat 6: Mahu2021 folded before Flop (didn't bet)



PokerStars Zoom Hand #254876456405:  Hold'em No Limit ($0.05/$0.10) - 2025/02/15 14:40:17 CET [2025/02/15 8:40:17 ET]
Table 'Aludra' 6-max Seat #1 is the button
Seat 1: emo114 ($10 in chips) 
Seat 2: joee84 ($17.21 in chips) 
Seat 3: Tominou BE ($10.15 in chips) 
Seat 4: tamsi1 ($12.68 in chips) 
Seat 5: Mahu2021 ($10.34 in chips) 
Seat 6: im570rm ($14.84 in chips) 
joee84: posts small blind $0.05
Tominou BE: posts big blind $0.10
*** HOLE CARDS ***
Dealt to Mahu2021 [4c Jh]
tamsi1: raises $0.10 to $0.20
Mahu2021: folds 
im570rm: folds 
emo114: folds 
joee84: folds 
Tominou BE: folds 
Uncalled bet ($0.10) returned to tamsi1
tamsi1 collected $0.25 from pot
tamsi1: doesn't show hand 
*** SUMMARY ***
Total pot $0.25 | Rake $0 
Seat 1: emo114 (button) folded before Flop (didn't bet)
Seat 2: joee84 (small blind) folded before Flop
Seat 3: Tominou BE (big blind) folded before Flop
Seat 4: tamsi1 collected ($0.25)
Seat 5: Mahu2021 folded before Flop (didn't bet)
Seat 6: im570rm folded before Flop (didn't bet)



PokerStars Zoom Hand #254876458430:  Hold'em No Limit ($0.05/$0.10) - 2025/02/15 14:40:28 CET [2025/02/15 8:40:28 ET]
Table 'Aludra' 6-max Seat #1 is the button
Seat 1: edi.svr22 ($12.65 in chips) 
Seat 2: ArtemSnapkouski ($9.21 in chips) 
Seat 3: Mahu2021 ($10.34 in chips) 
Seat 4: tamsi1 ($20.64 in chips) 
Seat 5: ronny2106 ($13.48 in chips) 
Seat 6: Smdpair77 ($16.03 in chips) 
ArtemSnapkouski: posts small blind $0.05
Mahu2021: posts big blind $0.10
*** HOLE CARDS ***
Dealt to Mahu2021 [3s Tc]
tamsi1: folds 
ronny2106: folds 
Smdpair77: folds 
edi.svr22: folds 
ArtemSnapkouski: raises $0.20 to $0.30
Mahu2021: folds 
Uncalled bet ($0.20) returned to ArtemSnapkouski
ArtemSnapkouski collected $0.20 from pot
ArtemSnapkouski: doesn't show hand 
*** SUMMARY ***
Total pot $0.20 | Rake $0 
Seat 1: edi.svr22 (button) folded before Flop (didn't bet)
Seat 2: ArtemSnapkouski (small blind) collected ($0.20)
Seat 3: Mahu2021 (big blind) folded before Flop
Seat 4: tamsi1 folded before Flop (didn't bet)
Seat 5: ronny2106 folded before Flop (didn't bet)
Seat 6: Smdpair77 folded before Flop (didn't bet)



PokerStars Zoom Hand #254876457834:  Hold'em No Limit ($0.05/$0.10) - 2025/02/15 14:40:25 CET [2025/02/15 8:40:25 ET]
Table 'Aludra' 6-max Seat #1 is the button
Seat 1: ArtemSnapkouski ($10.84 in chips) 
Seat 2: CaJe94 ($19.29 in chips) 
Seat 3: Tominou BE ($10 in chips) 
Seat 4: Mahu2021 ($10.34 in chips) 
Seat 5: kloniss ($10.65 in chips) 
Seat 6: Clicker89 ($10.88 in chips) 
CaJe94: posts small blind $0.05
Tominou BE: posts big blind $0.10
*** HOLE CARDS ***
Dealt to Mahu2021 [4c Kh]
Mahu2021: folds 
kloniss: folds 
Clicker89: folds 
ArtemSnapkouski: raises $0.20 to $0.30
CaJe94: folds 
Tominou BE: calls $0.20
*** FLOP *** [9d 8c 8d]
Tominou BE: checks 
ArtemSnapkouski: bets $0.31
Tominou BE: raises $0.99 to $1.30
ArtemSnapkouski: folds 
Uncalled bet ($0.99) returned to Tominou BE
Tominou BE collected $1.21 from pot
Tominou BE: doesn't show hand 
*** SUMMARY ***
Total pot $1.27 | Rake $0.06 
Board [9d 8c 8d]
Seat 1: ArtemSnapkouski (button) folded on the Flop
Seat 2: CaJe94 (small blind) folded before Flop
Seat 3: Tominou BE (big blind) collected ($1.21)
Seat 4: Mahu2021 folded before Flop (didn't bet)
Seat 5: kloniss folded before Flop (didn't bet)
Seat 6: Clicker89 folded before Flop (didn't bet)



PokerStars Zoom Hand #254876460641:  Hold'em No Limit ($0.05/$0.10) - 2025/02/15 14:40:40 CET [2025/02/15 8:40:40 ET]
Table 'Aludra' 6-max Seat #1 is the button
Seat 1: keirin459 ($9.85 in chips) 
Seat 2: Mahu2021 ($10.24 in chips) 
Seat 3: tamsi1 ($13.89 in chips) 
Seat 4: babiloniaxxx ($8.56 in chips) 
Seat 5: Zwenni24 ($10 in chips) 
Seat 6: Baratrum777 ($10.02 in chips) 
Mahu2021: posts small blind $0.05
tamsi1: posts big blind $0.10
*** HOLE CARDS ***
Dealt to Mahu2021 [Qd 8h]
babiloniaxxx: raises $0.15 to $0.25
Zwenni24: raises $0.45 to $0.70
Baratrum777: folds 
keirin459: folds 
Mahu2021: folds 
tamsi1: folds 
babiloniaxxx: folds 
Uncalled bet ($0.45) returned to Zwenni24
Zwenni24 collected $0.65 from pot
Zwenni24: doesn't show hand 
*** SUMMARY ***
Total pot $0.65 | Rake $0 
Seat 1: keirin459 (button) folded before Flop (didn't bet)
Seat 2: Mahu2021 (small blind) folded before Flop
Seat 3: tamsi1 (big blind) folded before Flop
Seat 4: babiloniaxxx folded before Flop
Seat 5: Zwenni24 collected ($0.65)
Seat 6: Baratrum777 folded before Flop (didn't bet)



PokerStars Zoom Hand #254876457133:  Hold'em No Limit ($0.05/$0.10) - 2025/02/15 14:40:21 CET [2025/02/15 8:40:21 ET]
Table 'Aludra' 6-max Seat #1 is the button
Seat 1: Vicktorio ($15.34 in chips) 
Seat 2: EL AS BS AS ($11.35 in chips) 
Seat 3: 50´s Ghost ($16.23 in chips) 
Seat 4: Mahu2021 ($10.34 in chips) 
Seat 5: Smdpair77 ($10.31 in chips) 
Seat 6: ArtemSnapkouski ($10.84 in chips) 
EL AS BS AS: posts small blind $0.05
50´s Ghost: posts big blind $0.10
*** HOLE CARDS ***
Dealt to Mahu2021 [4d Kd]
Mahu2021: folds 
Smdpair77: raises $0.15 to $0.25
ArtemSnapkouski: folds 
Vicktorio: folds 
EL AS BS AS: calls $0.20
50´s Ghost: folds 
*** FLOP *** [3h 6h 5d]
EL AS BS AS: checks 
Smdpair77: checks 
*** TURN *** [3h 6h 5d] [7d]
EL AS BS AS: checks 
Smdpair77: checks 
*** RIVER *** [3h 6h 5d 7d] [2s]
EL AS BS AS: checks 
Smdpair77: checks 
*** SHOW DOWN ***
EL AS BS AS: shows [Qs Js] (high card Queen)
Smdpair77: shows [Ks Th] (high card King)
Smdpair77 collected $0.57 from pot
*** SUMMARY ***
Total pot $0.60 | Rake $0.03 
Board [3h 6h 5d 7d 2s]
Seat 1: Vicktorio (button) folded before Flop (didn't bet)
Seat 2: EL AS BS AS (small blind) showed [Qs Js] and lost with high card Queen
Seat 3: 50´s Ghost (big blind) folded before Flop
Seat 4: Mahu2021 folded before Flop (didn't bet)
Seat 5: Smdpair77 showed [Ks Th] and won ($0.57) with high card King
Seat 6: ArtemSnapkouski folded before Flop (didn't bet)



PokerStars Zoom Hand #254876455278:  Hold'em No Limit ($0.05/$0.10) - 2025/02/15 14:40:11 CET [2025/02/15 8:40:11 ET]
Table 'Aludra' 6-max Seat #1 is the button
Seat 1: Mahu2021 ($10.34 in chips) 
Seat 2: Ramster44 ($10 in chips) 
Seat 3: Smdpair77 ($16.13 in chips) 
Seat 4: dakatabr ($10.27 in chips) 
Seat 5: emo114 ($10 in chips) 
Seat 6: 15lawrencea ($18.09 in chips) 
Ramster44: posts small blind $0.05
Smdpair77: posts big blind $0.10
*** HOLE CARDS ***
Dealt to Mahu2021 [4s 9c]
dakatabr: raises $0.10 to $0.20
emo114: folds 
15lawrencea: folds 
Mahu2021: folds 
Ramster44: calls $0.15
Smdpair77: folds 
*** FLOP *** [Td 6d 7s]
Ramster44: checks 
dakatabr: checks 
*** TURN *** [Td 6d 7s] [2s]
Ramster44: bets $0.24
dakatabr: raises $0.48 to $0.72
Ramster44: calls $0.48
*** RIVER *** [Td 6d 7s 2s] [8h]
Ramster44: checks 
dakatabr: bets $1.85
Ramster44: folds 
Uncalled bet ($1.85) returned to dakatabr
dakatabr collected $1.85 from pot
dakatabr: doesn't show hand 
*** SUMMARY ***
Total pot $1.94 | Rake $0.09 
Board [Td 6d 7s 2s 8h]
Seat 1: Mahu2021 (button) folded before Flop (didn't bet)
Seat 2: Ramster44 (small blind) folded on the River
Seat 3: Smdpair77 (big blind) folded before Flop
Seat 4: dakatabr collected ($1.85)
Seat 5: emo114 folded before Flop (didn't bet)
Seat 6: 15lawrencea folded before Flop (didn't bet)



PokerStars Zoom Hand #254876463485:  Hold'em No Limit ($0.05/$0.10) - 2025/02/15 14:40:56 CET [2025/02/15 8:40:56 ET]
Table 'Aludra' 6-max Seat #1 is the button
Seat 1: 15lawrencea ($17.94 in chips) 
Seat 2: joee84 ($17.16 in chips) 
Seat 3: Mahu2021 ($10.19 in chips) 
Seat 4: fluckyfleian ($10.70 in chips) 
Seat 5: EL AS BS AS ($11.10 in chips) 
Seat 6: Baratrum777 ($10 in chips) 
joee84: posts small blind $0.05
Mahu2021: posts big blind $0.10
*** HOLE CARDS ***
Dealt to Mahu2021 [9h 3c]
fluckyfleian: folds 
EL AS BS AS: folds 
Baratrum777: folds 
15lawrencea: folds 
joee84: folds 
Uncalled bet ($0.05) returned to Mahu2021
Mahu2021 collected $0.10 from pot
Mahu2021: doesn't show hand 
*** SUMMARY ***
Total pot $0.10 | Rake $0 
Seat 1: 15lawrencea (button) folded before Flop (didn't bet)
Seat 2: joee84 (small blind) folded before Flop
Seat 3: Mahu2021 (big blind) collected ($0.10)
Seat 4: fluckyfleian folded before Flop (didn't bet)
Seat 5: EL AS BS AS folded before Flop (didn't bet)
Seat 6: Baratrum777 folded before Flop (didn't bet)



PokerStars Zoom Hand #254876466304:  Hold'em No Limit ($0.05/$0.10) - 2025/02/15 14:41:11 CET [2025/02/15 8:41:11 ET]
Table 'Aludra' 6-max Seat #1 is the button
Seat 1: pokersenis ($15.41 in chips) 
Seat 2: babiloniaxxx ($8.21 in chips) 
Seat 3: zALEXKAYz ($17.21 in chips) 
Seat 4: _abuss0s_ ($9.17 in chips) 
Seat 5: andrew.startup4 ($17.01 in chips) 
Seat 6: Mahu2021 ($10.24 in chips) 
babiloniaxxx: posts small blind $0.05
zALEXKAYz: posts big blind $0.10
*** HOLE CARDS ***
Dealt to Mahu2021 [7c 2h]
_abuss0s_: folds 
andrew.startup4: folds 
Mahu2021: folds 
pokersenis: folds 
babiloniaxxx: folds 
Uncalled bet ($0.05) returned to zALEXKAYz
zALEXKAYz collected $0.10 from pot
zALEXKAYz: doesn't show hand 
*** SUMMARY ***
Total pot $0.10 | Rake $0 
Seat 1: pokersenis (button) folded before Flop (didn't bet)
Seat 2: babiloniaxxx (small blind) folded before Flop
Seat 3: zALEXKAYz (big blind) collected ($0.10)
Seat 4: _abuss0s_ folded before Flop (didn't bet)
Seat 5: andrew.startup4 folded before Flop (didn't bet)
Seat 6: Mahu2021 folded before Flop (didn't bet)



PokerStars Zoom Hand #254876462669:  Hold'em No Limit ($0.05/$0.10) - 2025/02/15 14:40:51 CET [2025/02/15 8:40:51 ET]
Table 'Aludra' 6-max Seat #1 is the button
Seat 1: Mahu2021 ($10.19 in chips) 
Seat 2: Tominou BE ($10.60 in chips) 
Seat 3: hiding.by ($12.74 in chips) 
Seat 4: CaJe94 ($20.16 in chips) 
Seat 5: babiloniaxxx ($9.69 in chips) 
Seat 6: pokersenis ($15.56 in chips) 
Tominou BE: posts small blind $0.05
hiding.by: posts big blind $0.10
*** HOLE CARDS ***
Dealt to Mahu2021 [3h 8h]
CaJe94: folds 
babiloniaxxx: folds 
pokersenis: folds 
Mahu2021: folds 
Tominou BE: calls $0.05
hiding.by: checks 
*** FLOP *** [Ks 6c 9h]
Tominou BE: bets $0.10
hiding.by: calls $0.10
*** TURN *** [Ks 6c 9h] [6d]
Tominou BE: checks 
hiding.by: checks 
*** RIVER *** [Ks 6c 9h 6d] [Jd]
Tominou BE: checks 
hiding.by: checks 
*** SHOW DOWN ***
Tominou BE: shows [9c Qs] (two pair, Nines and Sixes)
hiding.by: shows [3s Kd] (two pair, Kings and Sixes)
hiding.by collected $0.38 from pot
*** SUMMARY ***
Total pot $0.40 | Rake $0.02 
Board [Ks 6c 9h 6d Jd]
Seat 1: Mahu2021 (button) folded before Flop (didn't bet)
Seat 2: Tominou BE (small blind) showed [9c Qs] and lost with two pair, Nines and Sixes
Seat 3: hiding.by (big blind) showed [3s Kd] and won ($0.38) with two pair, Kings and Sixes
Seat 4: CaJe94 folded before Flop (didn't bet)
Seat 5: babiloniaxxx folded before Flop (didn't bet)
Seat 6: pokersenis folded before Flop (didn't bet)



PokerStars Zoom Hand #254876461389:  Hold'em No Limit ($0.05/$0.10) - 2025/02/15 14:40:44 CET [2025/02/15 8:40:44 ET]
Table 'Aludra' 6-max Seat #1 is the button
Seat 1: Tyuksam ($11.85 in chips) 
Seat 2: Clicker89 ($10.78 in chips) 
Seat 3: kmosbr ($16.83 in chips) 
Seat 4: im570rm ($12.82 in chips) 
Seat 5: Mahu2021 ($10.19 in chips) 
Seat 6: carstoiu1987 ($15.88 in chips) 
Clicker89: posts small blind $0.05
kmosbr: posts big blind $0.10
*** HOLE CARDS ***
Dealt to Mahu2021 [4c Qd]
im570rm: folds 
Mahu2021: folds 
carstoiu1987: folds 
Tyuksam: calls $0.10
Clicker89: folds 
kmosbr: checks 
*** FLOP *** [Ah Th 9d]
kmosbr: checks 
Tyuksam: checks 
*** TURN *** [Ah Th 9d] [3c]
kmosbr: checks 
Tyuksam: checks 
*** RIVER *** [Ah Th 9d 3c] [7h]
kmosbr: checks 
Tyuksam: checks 
*** SHOW DOWN ***
kmosbr: shows [3d 2s] (a pair of Threes)
Tyuksam: mucks hand 
kmosbr collected $0.24 from pot
*** SUMMARY ***
Total pot $0.25 | Rake $0.01 
Board [Ah Th 9d 3c 7h]
Seat 1: Tyuksam (button) mucked [Jc 5c]
Seat 2: Clicker89 (small blind) folded before Flop
Seat 3: kmosbr (big blind) showed [3d 2s] and won ($0.24) with a pair of Threes
Seat 4: im570rm folded before Flop (didn't bet)
Seat 5: Mahu2021 folded before Flop (didn't bet)
Seat 6: carstoiu1987 folded before Flop (didn't bet)



PokerStars Zoom Hand #254876467072:  Hold'em No Limit ($0.05/$0.10) - 2025/02/15 14:41:15 CET [2025/02/15 8:41:15 ET]
Table 'Aludra' 6-max Seat #1 is the button
Seat 1: iceballantyne ($16.63 in chips) 
Seat 2: doctornicola ($10.05 in chips) 
Seat 3: joee84 ($10.34 in chips) 
Seat 4: Baratrum777 ($10.02 in chips) 
Seat 5: Mahu2021 ($10.24 in chips) 
Seat 6: babiloniaxxx ($8.16 in chips) 
doctornicola: posts small blind $0.05
joee84: posts big blind $0.10
*** HOLE CARDS ***
Dealt to Mahu2021 [Qh Td]
Baratrum777: folds 
Mahu2021: raises $0.13 to $0.23
babiloniaxxx: folds 
iceballantyne: calls $0.23
doctornicola: folds 
joee84: folds 
*** FLOP *** [Ks 9s 6h]
Mahu2021: checks 
iceballantyne: bets $0.19
Mahu2021: calls $0.19
*** TURN *** [Ks 9s 6h] [6s]
Mahu2021: checks 
iceballantyne: checks 
*** RIVER *** [Ks 9s 6h 6s] [Ah]
Mahu2021: bets $0.95
iceballantyne: folds 
Uncalled bet ($0.95) returned to Mahu2021
Mahu2021 collected $0.95 from pot
Mahu2021: doesn't show hand 
*** SUMMARY ***
Total pot $0.99 | Rake $0.04 
Board [Ks 9s 6h 6s Ah]
Seat 1: iceballantyne (button) folded on the River
Seat 2: doctornicola (small blind) folded before Flop
Seat 3: joee84 (big blind) folded before Flop
Seat 4: Baratrum777 folded before Flop (didn't bet)
Seat 5: Mahu2021 collected ($0.95)
Seat 6: babiloniaxxx folded before Flop (didn't bet)



PokerStars Zoom Hand #254876476744:  Hold'em No Limit ($0.05/$0.10) - 2025/02/15 14:42:07 CET [2025/02/15 8:42:07 ET]
Table 'Aludra' 6-max Seat #1 is the button
Seat 1: Mahu2021 ($10.72 in chips) 
Seat 2: Sao77 ($11.28 in chips) 
Seat 3: tamsi1 ($19.99 in chips) 
Seat 4: pokersenis ($15.09 in chips) 
Seat 5: ChuruBDO ($12.57 in chips) 
Seat 6: im570rm ($10 in chips) 
Sao77: posts small blind $0.05
tamsi1: posts big blind $0.10
*** HOLE CARDS ***
Dealt to Mahu2021 [6d 6s]
pokersenis: folds 
ChuruBDO: folds 
im570rm: folds 
Mahu2021: raises $0.20 to $0.30
Sao77: raises $0.80 to $1.10
tamsi1: folds 
Mahu2021: folds 
Uncalled bet ($0.80) returned to Sao77
Sao77 collected $0.70 from pot
Sao77: doesn't show hand 
*** SUMMARY ***
Total pot $0.70 | Rake $0 
Seat 1: Mahu2021 (button) folded before Flop
Seat 2: Sao77 (small blind) collected ($0.70)
Seat 3: tamsi1 (big blind) folded before Flop
Seat 4: pokersenis folded before Flop (didn't bet)
Seat 5: ChuruBDO folded before Flop (didn't bet)
Seat 6: im570rm folded before Flop (didn't bet)



PokerStars Zoom Hand #254876480286:  Hold'em No Limit ($0.05/$0.10) - 2025/02/15 14:42:27 CET [2025/02/15 8:42:27 ET]
Table 'Aludra' 6-max Seat #1 is the button
Seat 1: iceballantyne ($15.96 in chips) 
Seat 2: Piller83 ($9.55 in chips) 
Seat 3: emo114 ($10 in chips) 
Seat 4: Mahu2021 ($10.42 in chips) 
Seat 5: Ramster44 ($18.45 in chips) 
Seat 6: fixgear ($9.55 in chips) 
Piller83: posts small blind $0.05
emo114: posts big blind $0.10
*** HOLE CARDS ***
Dealt to Mahu2021 [6s Qc]
Mahu2021: folds 
Ramster44: folds 
fixgear: folds 
iceballantyne: folds 
Piller83: folds 
Uncalled bet ($0.05) returned to emo114
emo114 collected $0.10 from pot
emo114: doesn't show hand 
*** SUMMARY ***
Total pot $0.10 | Rake $0 
Seat 1: iceballantyne (button) folded before Flop (didn't bet)
Seat 2: Piller83 (small blind) folded before Flop
Seat 3: emo114 (big blind) collected ($0.10)
Seat 4: Mahu2021 folded before Flop (didn't bet)
Seat 5: Ramster44 folded before Flop (didn't bet)
Seat 6: fixgear folded before Flop (didn't bet)



PokerStars Zoom Hand #254876475457:  Hold'em No Limit ($0.05/$0.10) - 2025/02/15 14:42:00 CET [2025/02/15 8:42:00 ET]
Table 'Aludra' 6-max Seat #1 is the button
Seat 1: emo114 ($10.05 in chips) 
Seat 2: Mahu2021 ($10.77 in chips) 
Seat 3: Piller83 ($9.85 in chips) 
Seat 4: CaJe94 ($18.99 in chips) 
Seat 5: c0pp0ck ($10 in chips) 
Seat 6: Tyuksam ($11.75 in chips) 
Mahu2021: posts small blind $0.05
Piller83: posts big blind $0.10
*** HOLE CARDS ***
Dealt to Mahu2021 [Th Qc]
CaJe94: raises $0.20 to $0.30
c0pp0ck: folds 
Tyuksam: calls $0.30
emo114: folds 
Mahu2021: folds 
Piller83: calls $0.20
*** FLOP *** [Tc Qd Ad]
Piller83: checks 
CaJe94: checks 
Tyuksam: bets $0.10
Piller83: folds 
CaJe94: calls $0.10
*** TURN *** [Tc Qd Ad] [7c]
CaJe94: checks 
Tyuksam: checks 
*** RIVER *** [Tc Qd Ad 7c] [Ks]
CaJe94: bets $0.10
Tyuksam: calls $0.10
*** SHOW DOWN ***
CaJe94: shows [Ah Kh] (two pair, Aces and Kings)
Tyuksam: mucks hand 
CaJe94 collected $1.29 from pot
*** SUMMARY ***
Total pot $1.35 | Rake $0.06 
Board [Tc Qd Ad 7c Ks]
Seat 1: emo114 (button) folded before Flop (didn't bet)
Seat 2: Mahu2021 (small blind) folded before Flop
Seat 3: Piller83 (big blind) folded on the Flop
Seat 4: CaJe94 showed [Ah Kh] and won ($1.29) with two pair, Aces and Kings
Seat 5: c0pp0ck folded before Flop (didn't bet)
Seat 6: Tyuksam mucked [Kc 8c]



PokerStars Zoom Hand #254876481125:  Hold'em No Limit ($0.05/$0.10) - 2025/02/15 14:42:31 CET [2025/02/15 8:42:31 ET]
Table 'Aludra' 6-max Seat #1 is the button
Seat 1: capitalista ($11.36 in chips) 
Seat 2: Smdpair77 ($11.57 in chips) 
Seat 3: fixgear ($9.55 in chips) 
Seat 4: Mahu2021 ($10.42 in chips) 
Seat 5: wiking ($12.14 in chips) 
Seat 6: ChuruBDO ($14.71 in chips) 
Smdpair77: posts small blind $0.05
fixgear: posts big blind $0.10
*** HOLE CARDS ***
Dealt to Mahu2021 [6h Jd]
Mahu2021: folds 
wiking: folds 
ChuruBDO: raises $0.10 to $0.20
capitalista: folds 
Smdpair77: folds 
fixgear: folds 
Uncalled bet ($0.10) returned to ChuruBDO
ChuruBDO collected $0.25 from pot
ChuruBDO: doesn't show hand 
*** SUMMARY ***
Total pot $0.25 | Rake $0 
Seat 1: capitalista (button) folded before Flop (didn't bet)
Seat 2: Smdpair77 (small blind) folded before Flop
Seat 3: fixgear (big blind) folded before Flop
Seat 4: Mahu2021 folded before Flop (didn't bet)
Seat 5: wiking folded before Flop (didn't bet)
Seat 6: ChuruBDO collected ($0.25)



PokerStars Zoom Hand #254876483936:  Hold'em No Limit ($0.05/$0.10) - 2025/02/15 14:42:47 CET [2025/02/15 8:42:47 ET]
Table 'Aludra' 6-max Seat #1 is the button
Seat 1: Szczyp1orek ($11.13 in chips) 
Seat 2: Mahu2021 ($10.32 in chips) 
Seat 3: andrew.startup4 ($17.59 in chips) 
Seat 4: KE,0808 ($10.58 in chips) 
Seat 5: capitalista ($10.15 in chips) 
Seat 6: piroshiki777 ($10 in chips) 
Mahu2021: posts small blind $0.05
andrew.startup4: posts big blind $0.10
*** HOLE CARDS ***
Dealt to Mahu2021 [Kc 2d]
KE,0808: raises $0.12 to $0.22
capitalista: folds 
piroshiki777: folds 
Szczyp1orek: folds 
Mahu2021: folds 
andrew.startup4: folds 
Uncalled bet ($0.12) returned to KE,0808
KE,0808 collected $0.25 from pot
KE,0808: doesn't show hand 
*** SUMMARY ***
Total pot $0.25 | Rake $0 
Seat 1: Szczyp1orek (button) folded before Flop (didn't bet)
Seat 2: Mahu2021 (small blind) folded before Flop
Seat 3: andrew.startup4 (big blind) folded before Flop
Seat 4: KE,0808 collected ($0.25)
Seat 5: capitalista folded before Flop (didn't bet)
Seat 6: piroshiki777 folded before Flop (didn't bet)



PokerStars Zoom Hand #254876484916:  Hold'em No Limit ($0.05/$0.10) - 2025/02/15 14:42:52 CET [2025/02/15 8:42:52 ET]
Table 'Aludra' 6-max Seat #1 is the button
Seat 1: Mahu2021 ($10.27 in chips) 
Seat 2: joee84 ($15.43 in chips) 
Seat 3: carstoiu1987 ($24.72 in chips) 
Seat 4: popparin420 ($0.49 in chips) 
Seat 5: Denis0699199 ($10.53 in chips) 
Seat 6: hiding.by ($13.22 in chips) 
joee84: posts small blind $0.05
carstoiu1987: posts big blind $0.10
*** HOLE CARDS ***
Dealt to Mahu2021 [Ah Tc]
popparin420: folds 
Denis0699199: folds 
hiding.by: folds 
Mahu2021: raises $0.20 to $0.30
joee84: raises $0.90 to $1.20
carstoiu1987: folds 
Mahu2021: folds 
Uncalled bet ($0.90) returned to joee84
joee84 collected $0.70 from pot
joee84: doesn't show hand 
*** SUMMARY ***
Total pot $0.70 | Rake $0 
Seat 1: Mahu2021 (button) folded before Flop
Seat 2: joee84 (small blind) collected ($0.70)
Seat 3: carstoiu1987 (big blind) folded before Flop
Seat 4: popparin420 folded before Flop (didn't bet)
Seat 5: Denis0699199 folded before Flop (didn't bet)
Seat 6: hiding.by folded before Flop (didn't bet)



PokerStars Zoom Hand #254876481719:  Hold'em No Limit ($0.05/$0.10) - 2025/02/15 14:42:34 CET [2025/02/15 8:42:34 ET]
Table 'Aludra' 6-max Seat #1 is the button
Seat 1: ArtemSnapkouski ($12.41 in chips) 
Seat 2: FECM27 ($13.26 in chips) 
Seat 3: Mahu2021 ($10.42 in chips) 
Seat 4: hoursss ($14.92 in chips) 
Seat 5: Rhymer82 ($10.62 in chips) 
Seat 6: andrew.startup4 ($17.64 in chips) 
FECM27: posts small blind $0.05
Mahu2021: posts big blind $0.10
*** HOLE CARDS ***
Dealt to Mahu2021 [8h 5s]
hoursss: folds 
Rhymer82: folds 
andrew.startup4: folds 
ArtemSnapkouski: raises $0.20 to $0.30
FECM27: calls $0.25
Mahu2021: folds 
*** FLOP *** [Ks 3s 9h]
FECM27: checks 
ArtemSnapkouski: bets $0.34
FECM27: raises $0.34 to $0.68
ArtemSnapkouski: calls $0.34
*** TURN *** [Ks 3s 9h] [4c]
FECM27: bets $0.40
ArtemSnapkouski: calls $0.40
*** RIVER *** [Ks 3s 9h 4c] [6h]
FECM27: bets $0.70
ArtemSnapkouski: calls $0.70
*** SHOW DOWN ***
FECM27: shows [Jc Kd] (a pair of Kings)
ArtemSnapkouski: mucks hand 
FECM27 collected $4.07 from pot
*** SUMMARY ***
Total pot $4.26 | Rake $0.19 
Board [Ks 3s 9h 4c 6h]
Seat 1: ArtemSnapkouski (button) mucked [As 9c]
Seat 2: FECM27 (small blind) showed [Jc Kd] and won ($4.07) with a pair of Kings
Seat 3: Mahu2021 (big blind) folded before Flop
Seat 4: hoursss folded before Flop (didn't bet)
Seat 5: Rhymer82 folded before Flop (didn't bet)
Seat 6: andrew.startup4 folded before Flop (didn't bet)



PokerStars Zoom Hand #254876487679:  Hold'em No Limit ($0.05/$0.10) - 2025/02/15 14:43:07 CET [2025/02/15 8:43:07 ET]
Table 'Aludra' 6-max Seat #1 is the button
Seat 1: carstoiu1987 ($24.62 in chips) 
Seat 2: kilechka ($28.92 in chips) 
Seat 3: zlizard ($10 in chips) 
Seat 4: Ramster44 ($10.74 in chips) 
Seat 5: Sao77 ($10.73 in chips) 
Seat 6: Mahu2021 ($9.97 in chips) 
kilechka: posts small blind $0.05
zlizard: posts big blind $0.10
*** HOLE CARDS ***
Dealt to Mahu2021 [6h 7h]
Ramster44 has timed out
Ramster44: folds 
Sao77: folds 
Mahu2021: raises $0.14 to $0.24
carstoiu1987: folds 
kilechka: folds 
zlizard: calls $0.14
*** FLOP *** [8d 2h Td]
zlizard: checks 
Mahu2021: checks 
*** TURN *** [8d 2h Td] [6s]
zlizard: checks 
Mahu2021: bets $0.30
zlizard: calls $0.30
*** RIVER *** [8d 2h Td 6s] [Jh]
zlizard: checks 
Mahu2021: checks 
*** SHOW DOWN ***
zlizard: shows [Jc Qc] (a pair of Jacks)
Mahu2021: mucks hand 
zlizard collected $1.08 from pot
*** SUMMARY ***
Total pot $1.13 | Rake $0.05 
Board [8d 2h Td 6s Jh]
Seat 1: carstoiu1987 (button) folded before Flop (didn't bet)
Seat 2: kilechka (small blind) folded before Flop
Seat 3: zlizard (big blind) showed [Jc Qc] and won ($1.08) with a pair of Jacks
Seat 4: Ramster44 folded before Flop (didn't bet)
Seat 5: Sao77 folded before Flop (didn't bet)
Seat 6: Mahu2021 mucked [6h 7h]



PokerStars Zoom Hand #254876493444:  Hold'em No Limit ($0.05/$0.10) - 2025/02/15 14:43:39 CET [2025/02/15 8:43:39 ET]
Table 'Aludra' 6-max Seat #1 is the button
Seat 1: zlizard ($10.54 in chips) 
Seat 2: HENRYPREMIUM ($8.99 in chips) 
Seat 3: Peter 091964 ($7.91 in chips) 
Seat 4: Chamann_Jeff ($16.40 in chips) 
Seat 5: Mahu2021 ($9.43 in chips) 
Seat 6: chueko148 ($0.38 in chips) 
HENRYPREMIUM: posts small blind $0.05
Peter 091964: posts big blind $0.10
*** HOLE CARDS ***
Dealt to Mahu2021 [Qc Qd]
Chamann_Jeff: folds 
Mahu2021: raises $0.20 to $0.30
chueko148: folds 
zlizard: folds 
HENRYPREMIUM: folds 
Peter 091964: calls $0.20
*** FLOP *** [Qh Jc Th]
Peter 091964: checks 
Mahu2021: checks 
*** TURN *** [Qh Jc Th] [As]
Peter 091964: checks 
Mahu2021: checks 
*** RIVER *** [Qh Jc Th As] [Kd]
Peter 091964: checks 
Mahu2021: checks 
*** SHOW DOWN ***
Peter 091964: shows [3h 5s] (a straight, Ten to Ace)
Mahu2021: shows [Qc Qd] (a straight, Ten to Ace)
Peter 091964 collected $0.31 from pot
Mahu2021 collected $0.31 from pot
*** SUMMARY ***
Total pot $0.65 | Rake $0.03 
Board [Qh Jc Th As Kd]
Seat 1: zlizard (button) folded before Flop (didn't bet)
Seat 2: HENRYPREMIUM (small blind) folded before Flop
Seat 3: Peter 091964 (big blind) showed [3h 5s] and won ($0.31) with a straight, Ten to Ace
Seat 4: Chamann_Jeff folded before Flop (didn't bet)
Seat 5: Mahu2021 showed [Qc Qd] and won ($0.31) with a straight, Ten to Ace
Seat 6: chueko148 folded before Flop (didn't bet)



PokerStars Zoom Hand #254876500953:  Hold'em No Limit ($0.05/$0.10) - 2025/02/15 14:44:20 CET [2025/02/15 8:44:20 ET]
Table 'Aludra' 6-max Seat #1 is the button
Seat 1: Sao77 ($10.58 in chips) 
Seat 2: Peter 091964 ($7.92 in chips) 
Seat 3: Mahu2021 ($9.44 in chips) 
Seat 4: kloniss ($10.07 in chips) 
Seat 5: Baratrum777 ($10.25 in chips) 
Seat 6: Vicktorio ($17.10 in chips) 
Peter 091964: posts small blind $0.05
Mahu2021: posts big blind $0.10
*** HOLE CARDS ***
Dealt to Mahu2021 [2d 3c]
kloniss: folds 
Baratrum777: folds 
Vicktorio: raises $0.15 to $0.25
Sao77: raises $0.55 to $0.80
Peter 091964: folds 
Mahu2021: folds 
Vicktorio: folds 
Uncalled bet ($0.55) returned to Sao77
Sao77 collected $0.65 from pot
Sao77: doesn't show hand 
*** SUMMARY ***
Total pot $0.65 | Rake $0 
Seat 1: Sao77 (button) collected ($0.65)
Seat 2: Peter 091964 (small blind) folded before Flop
Seat 3: Mahu2021 (big blind) folded before Flop
Seat 4: kloniss folded before Flop (didn't bet)
Seat 5: Baratrum777 folded before Flop (didn't bet)
Seat 6: Vicktorio folded before Flop



PokerStars Zoom Hand #254876502353:  Hold'em No Limit ($0.05/$0.10) - 2025/02/15 14:44:27 CET [2025/02/15 8:44:27 ET]
Table 'Aludra' 6-max Seat #1 is the button
Seat 1: ArtemSnapkouski ($10.33 in chips) 
Seat 2: emo114 ($10 in chips) 
Seat 3: HENRYPREMIUM ($8.94 in chips) 
Seat 4: Mahu2021 ($9.34 in chips) 
Seat 5: babiloniaxxx ($14.51 in chips) 
Seat 6: Baratrum777 ($10.25 in chips) 
emo114: posts small blind $0.05
HENRYPREMIUM: posts big blind $0.10
*** HOLE CARDS ***
Dealt to Mahu2021 [5h 7h]
Mahu2021: folds 
babiloniaxxx: folds 
Baratrum777: folds 
ArtemSnapkouski: folds 
emo114: raises $0.15 to $0.25
HENRYPREMIUM: folds 
Uncalled bet ($0.15) returned to emo114
emo114 collected $0.20 from pot
emo114: doesn't show hand 
*** SUMMARY ***
Total pot $0.20 | Rake $0 
Seat 1: ArtemSnapkouski (button) folded before Flop (didn't bet)
Seat 2: emo114 (small blind) collected ($0.20)
Seat 3: HENRYPREMIUM (big blind) folded before Flop
Seat 4: Mahu2021 folded before Flop (didn't bet)
Seat 5: babiloniaxxx folded before Flop (didn't bet)
Seat 6: Baratrum777 folded before Flop (didn't bet)



PokerStars Zoom Hand #254876504244:  Hold'em No Limit ($0.05/$0.10) - 2025/02/15 14:44:38 CET [2025/02/15 8:44:38 ET]
Table 'Aludra' 6-max Seat #1 is the button
Seat 1: Wizarddude ($10.75 in chips) 
Seat 2: Mahu2021 ($9.34 in chips) 
Seat 3: BALLAonTILT ($10 in chips) 
Seat 4: zALEXKAYz ($15.76 in chips) 
Seat 5: tamsi1 ($13.64 in chips) 
Seat 6: Rhymer82 ($11.90 in chips) 
Mahu2021: posts small blind $0.05
BALLAonTILT: posts big blind $0.10
*** HOLE CARDS ***
Dealt to Mahu2021 [Qc 4c]
zALEXKAYz: folds 
tamsi1: folds 
Rhymer82: folds 
Wizarddude: folds 
Mahu2021: folds 
Uncalled bet ($0.05) returned to BALLAonTILT
BALLAonTILT collected $0.10 from pot
BALLAonTILT: doesn't show hand 
*** SUMMARY ***
Total pot $0.10 | Rake $0 
Seat 1: Wizarddude (button) folded before Flop (didn't bet)
Seat 2: Mahu2021 (small blind) folded before Flop
Seat 3: BALLAonTILT (big blind) collected ($0.10)
Seat 4: zALEXKAYz folded before Flop (didn't bet)
Seat 5: tamsi1 folded before Flop (didn't bet)
Seat 6: Rhymer82 folded before Flop (didn't bet)



PokerStars Zoom Hand #254876504890:  Hold'em No Limit ($0.05/$0.10) - 2025/02/15 14:44:41 CET [2025/02/15 8:44:41 ET]
Table 'Aludra' 6-max Seat #1 is the button
Seat 1: Mahu2021 ($9.29 in chips) 
Seat 2: Vaka89 ($9.80 in chips) 
Seat 3: sonyks2007 ($12.46 in chips) 
Seat 4: imnotamaniac ($17.79 in chips) 
Seat 5: Jajje7 ($10.83 in chips) 
Seat 6: aspatyh72 ($6.92 in chips) 
Vaka89: posts small blind $0.05
sonyks2007: posts big blind $0.10
*** HOLE CARDS ***
Dealt to Mahu2021 [2c 5s]
imnotamaniac: folds 
Jajje7: raises $0.10 to $0.20
aspatyh72: raises $0.75 to $0.95
Mahu2021: folds 
Vaka89: folds 
sonyks2007: folds 
Jajje7: folds 
Uncalled bet ($0.75) returned to aspatyh72
aspatyh72 collected $0.55 from pot
aspatyh72: doesn't show hand 
*** SUMMARY ***
Total pot $0.55 | Rake $0 
Seat 1: Mahu2021 (button) folded before Flop (didn't bet)
Seat 2: Vaka89 (small blind) folded before Flop
Seat 3: sonyks2007 (big blind) folded before Flop
Seat 4: imnotamaniac folded before Flop (didn't bet)
Seat 5: Jajje7 folded before Flop
Seat 6: aspatyh72 collected ($0.55)



PokerStars Zoom Hand #254876505548:  Hold'em No Limit ($0.05/$0.10) - 2025/02/15 14:44:45 CET [2025/02/15 8:44:45 ET]
Table 'Aludra' 6-max Seat #1 is the button
Seat 1: piroshiki777 ($10 in chips) 
Seat 2: Vicktorio ($16.85 in chips) 
Seat 3: ArtemSnapkouski ($4.17 in chips) 
Seat 4: emo114 ($11.81 in chips) 
Seat 5: Mahu2021 ($9.29 in chips) 
Seat 6: Zwenni24 ($15.52 in chips) 
Vicktorio: posts small blind $0.05
ArtemSnapkouski: posts big blind $0.10
*** HOLE CARDS ***
Dealt to Mahu2021 [4s Kd]
emo114: raises $0.25 to $0.35
Mahu2021: folds 
Zwenni24: raises $0.85 to $1.20
piroshiki777: folds 
Vicktorio: folds 
ArtemSnapkouski: folds 
emo114: folds 
Uncalled bet ($0.85) returned to Zwenni24
Zwenni24 collected $0.85 from pot
Zwenni24: doesn't show hand 
*** SUMMARY ***
Total pot $0.85 | Rake $0 
Seat 1: piroshiki777 (button) folded before Flop (didn't bet)
Seat 2: Vicktorio (small blind) folded before Flop
Seat 3: ArtemSnapkouski (big blind) folded before Flop
Seat 4: emo114 folded before Flop
Seat 5: Mahu2021 folded before Flop (didn't bet)
Seat 6: Zwenni24 collected ($0.85)



PokerStars Zoom Hand #254876506407:  Hold'em No Limit ($0.05/$0.10) - 2025/02/15 14:44:49 CET [2025/02/15 8:44:49 ET]
Table 'Aludra' 6-max Seat #1 is the button
Seat 1: Smdpair77 ($13.51 in chips) 
Seat 2: SlipperySealion ($26.63 in chips) 
Seat 3: tamsi1 ($13.07 in chips) 
Seat 4: zALEXKAYz ($18.26 in chips) 
Seat 5: 8ujn ($10.38 in chips) 
Seat 6: Mahu2021 ($9.29 in chips) 
SlipperySealion: posts small blind $0.05
tamsi1: posts big blind $0.10
*** HOLE CARDS ***
Dealt to Mahu2021 [8s 4d]
zALEXKAYz: folds 
8ujn: raises $0.20 to $0.30
Mahu2021: folds 
Smdpair77: folds 
SlipperySealion: folds 
tamsi1: folds 
Uncalled bet ($0.20) returned to 8ujn
8ujn collected $0.25 from pot
8ujn: doesn't show hand 
*** SUMMARY ***
Total pot $0.25 | Rake $0 
Seat 1: Smdpair77 (button) folded before Flop (didn't bet)
Seat 2: SlipperySealion (small blind) folded before Flop
Seat 3: tamsi1 (big blind) folded before Flop
Seat 4: zALEXKAYz folded before Flop (didn't bet)
Seat 5: 8ujn collected ($0.25)
Seat 6: Mahu2021 folded before Flop (didn't bet)



PokerStars Zoom Hand #254876507024:  Hold'em No Limit ($0.05/$0.10) - 2025/02/15 14:44:52 CET [2025/02/15 8:44:52 ET]
Table 'Aludra' 6-max Seat #1 is the button
Seat 1: SlipperySealion ($26.58 in chips) 
Seat 2: matlys ($12.77 in chips) 
Seat 3: Mahu2021 ($9.29 in chips) 
Seat 4: babiloniaxxx ($7.22 in chips) 
Seat 5: HENRYPREMIUM ($12.36 in chips) 
Seat 6: fixgear ($30.25 in chips) 
matlys: posts small blind $0.05
Mahu2021: posts big blind $0.10
*** HOLE CARDS ***
Dealt to Mahu2021 [2s 4h]
babiloniaxxx: folds 
HENRYPREMIUM: folds 
fixgear: folds 
SlipperySealion: folds 
matlys: folds 
Uncalled bet ($0.05) returned to Mahu2021
Mahu2021 collected $0.10 from pot
Mahu2021: doesn't show hand 
*** SUMMARY ***
Total pot $0.10 | Rake $0 
Seat 1: SlipperySealion (button) folded before Flop (didn't bet)
Seat 2: matlys (small blind) folded before Flop
Seat 3: Mahu2021 (big blind) collected ($0.10)
Seat 4: babiloniaxxx folded before Flop (didn't bet)
Seat 5: HENRYPREMIUM folded before Flop (didn't bet)
Seat 6: fixgear folded before Flop (didn't bet)



PokerStars Zoom Hand #254876503092:  Hold'em No Limit ($0.05/$0.10) - 2025/02/15 14:44:31 CET [2025/02/15 8:44:31 ET]
Table 'Aludra' 6-max Seat #1 is the button
Seat 1: HENRYPREMIUM ($6.88 in chips) 
Seat 2: fixgear ($3.70 in chips) 
Seat 3: lesantos0111 ($12.25 in chips) 
Seat 4: Smdpair77 ($8.37 in chips) 
Seat 5: kilechka ($27.13 in chips) 
Seat 6: Mahu2021 ($9.34 in chips) 
fixgear: posts small blind $0.05
lesantos0111: posts big blind $0.10
*** HOLE CARDS ***
Dealt to Mahu2021 [Qc 7c]
Smdpair77: folds 
kilechka: folds 
Mahu2021: folds 
HENRYPREMIUM: raises $0.10 to $0.20
fixgear: folds 
lesantos0111: calls $0.10
*** FLOP *** [7h Ad 8s]
lesantos0111: checks 
HENRYPREMIUM: checks 
*** TURN *** [7h Ad 8s] [3s]
lesantos0111: bets $0.25
HENRYPREMIUM: calls $0.25
*** RIVER *** [7h Ad 8s 3s] [Jd]
lesantos0111: checks 
HENRYPREMIUM: bets $0.91
lesantos0111: calls $0.91
*** SHOW DOWN ***
HENRYPREMIUM: shows [Jc Jh] (three of a kind, Jacks)
lesantos0111: mucks hand 
HENRYPREMIUM collected $2.65 from pot
*** SUMMARY ***
Total pot $2.77 | Rake $0.12 
Board [7h Ad 8s 3s Jd]
Seat 1: HENRYPREMIUM (button) showed [Jc Jh] and won ($2.65) with three of a kind, Jacks
Seat 2: fixgear (small blind) folded before Flop
Seat 3: lesantos0111 (big blind) mucked [Td Th]
Seat 4: Smdpair77 folded before Flop (didn't bet)
Seat 5: kilechka folded before Flop (didn't bet)
Seat 6: Mahu2021 folded before Flop (didn't bet)



PokerStars Zoom Hand #254876510647:  Hold'em No Limit ($0.05/$0.10) - 2025/02/15 14:45:12 CET [2025/02/15 8:45:12 ET]
Table 'Aludra' 6-max Seat #1 is the button
Seat 1: carstoiu1987 ($17.07 in chips) 
Seat 2: 8ujn ($7.52 in chips) 
Seat 3: Darth Nihi1us ($10.50 in chips) 
Seat 4: Mahu2021 ($9.34 in chips) 
Seat 5: klette87 ($6.29 in chips) 
Seat 6: Jabrita1988 ($16.35 in chips) 
8ujn: posts small blind $0.05
Darth Nihi1us: posts big blind $0.10
*** HOLE CARDS ***
Dealt to Mahu2021 [Ad 2s]
Mahu2021: folds 
klette87: folds 
Jabrita1988: folds 
carstoiu1987: folds 
8ujn: folds 
Uncalled bet ($0.05) returned to Darth Nihi1us
Darth Nihi1us collected $0.10 from pot
Darth Nihi1us: doesn't show hand 
*** SUMMARY ***
Total pot $0.10 | Rake $0 
Seat 1: carstoiu1987 (button) folded before Flop (didn't bet)
Seat 2: 8ujn (small blind) folded before Flop
Seat 3: Darth Nihi1us (big blind) collected ($0.10)
Seat 4: Mahu2021 folded before Flop (didn't bet)
Seat 5: klette87 folded before Flop (didn't bet)
Seat 6: Jabrita1988 folded before Flop (didn't bet)



PokerStars Zoom Hand #254876511391:  Hold'em No Limit ($0.05/$0.10) - 2025/02/15 14:45:16 CET [2025/02/15 8:45:16 ET]
Table 'Aludra' 6-max Seat #1 is the button
Seat 1: 15lawrencea ($28.58 in chips) 
Seat 2: Mahu2021 ($9.34 in chips) 
Seat 3: Baratrum777 ($10 in chips) 
Seat 4: tommi327 ($3.89 in chips) 
Seat 5: lesantos0111 ($10.84 in chips) 
Seat 6: vimre24 ($10.78 in chips) 
Mahu2021: posts small blind $0.05
Baratrum777: posts big blind $0.10
*** HOLE CARDS ***
Dealt to Mahu2021 [6d Tc]
tommi327: folds 
lesantos0111: folds 
vimre24: raises $0.20 to $0.30
15lawrencea: folds 
Mahu2021: folds 
Baratrum777: folds 
Uncalled bet ($0.20) returned to vimre24
vimre24 collected $0.25 from pot
vimre24: doesn't show hand 
*** SUMMARY ***
Total pot $0.25 | Rake $0 
Seat 1: 15lawrencea (button) folded before Flop (didn't bet)
Seat 2: Mahu2021 (small blind) folded before Flop
Seat 3: Baratrum777 (big blind) folded before Flop
Seat 4: tommi327 folded before Flop (didn't bet)
Seat 5: lesantos0111 folded before Flop (didn't bet)
Seat 6: vimre24 collected ($0.25)



PokerStars Zoom Hand #254876511909:  Hold'em No Limit ($0.05/$0.10) - 2025/02/15 14:45:18 CET [2025/02/15 8:45:18 ET]
Table 'Aludra' 6-max Seat #1 is the button
Seat 1: le bab1 ($5.32 in chips) 
Seat 2: Chamann_Jeff ($16.13 in chips) 
Seat 3: CaJe94 ($21.86 in chips) 
Seat 4: emo114 ($11.41 in chips) 
Seat 5: Mahu2021 ($9.29 in chips) 
Seat 6: hoursss ($14.37 in chips) 
Chamann_Jeff: posts small blind $0.05
CaJe94: posts big blind $0.10
*** HOLE CARDS ***
Dealt to Mahu2021 [9h 2c]
emo114: folds 
Mahu2021: folds 
hoursss: folds 
le bab1: folds 
Chamann_Jeff: folds 
Uncalled bet ($0.05) returned to CaJe94
CaJe94 collected $0.10 from pot
CaJe94: doesn't show hand 
*** SUMMARY ***
Total pot $0.10 | Rake $0 
Seat 1: le bab1 (button) folded before Flop (didn't bet)
Seat 2: Chamann_Jeff (small blind) folded before Flop
Seat 3: CaJe94 (big blind) collected ($0.10)
Seat 4: emo114 folded before Flop (didn't bet)
Seat 5: Mahu2021 folded before Flop (didn't bet)
Seat 6: hoursss folded before Flop (didn't bet)



PokerStars Zoom Hand #254876512490:  Hold'em No Limit ($0.05/$0.10) - 2025/02/15 14:45:21 CET [2025/02/15 8:45:21 ET]
Table 'Aludra' 6-max Seat #1 is the button
Seat 1: Mahu2021 ($9.29 in chips) 
Seat 2: Darth Nihi1us ($10.55 in chips) 
Seat 3: capitalista ($11.42 in chips) 
Seat 4: Zwenni24 ($10.24 in chips) 
Seat 5: tamsi1 ($13.49 in chips) 
Seat 6: HENRYPREMIUM ($19.80 in chips) 
Darth Nihi1us: posts small blind $0.05
capitalista: posts big blind $0.10
*** HOLE CARDS ***
Dealt to Mahu2021 [3s 5d]
Zwenni24: folds 
tamsi1: folds 
HENRYPREMIUM: folds 
Mahu2021: folds 
Darth Nihi1us: folds 
Uncalled bet ($0.05) returned to capitalista
capitalista collected $0.10 from pot
capitalista: doesn't show hand 
*** SUMMARY ***
Total pot $0.10 | Rake $0 
Seat 1: Mahu2021 (button) folded before Flop (didn't bet)
Seat 2: Darth Nihi1us (small blind) folded before Flop
Seat 3: capitalista (big blind) collected ($0.10)
Seat 4: Zwenni24 folded before Flop (didn't bet)
Seat 5: tamsi1 folded before Flop (didn't bet)
Seat 6: HENRYPREMIUM folded before Flop (didn't bet)



PokerStars Zoom Hand #254876513045:  Hold'em No Limit ($0.05/$0.10) - 2025/02/15 14:45:25 CET [2025/02/15 8:45:25 ET]
Table 'Aludra' 6-max Seat #1 is the button
Seat 1: 8ujn ($9.85 in chips) 
Seat 2: 50´s Ghost ($14.14 in chips) 
Seat 3: piroshiki777 ($10 in chips) 
Seat 4: Mahu2021 ($9.29 in chips) 
Seat 5: hoursss ($14.37 in chips) 
Seat 6: FunkiManki ($10.87 in chips) 
50´s Ghost: posts small blind $0.05
piroshiki777: posts big blind $0.10
*** HOLE CARDS ***
Dealt to Mahu2021 [4h 8d]
Mahu2021: folds 
hoursss: folds 
FunkiManki: folds 
8ujn: folds 
50´s Ghost: folds 
Uncalled bet ($0.05) returned to piroshiki777
piroshiki777 collected $0.10 from pot
piroshiki777: doesn't show hand 
*** SUMMARY ***
Total pot $0.10 | Rake $0 
Seat 1: 8ujn (button) folded before Flop (didn't bet)
Seat 2: 50´s Ghost (small blind) folded before Flop
Seat 3: piroshiki777 (big blind) collected ($0.10)
Seat 4: Mahu2021 folded before Flop (didn't bet)
Seat 5: hoursss folded before Flop (didn't bet)
Seat 6: FunkiManki folded before Flop (didn't bet)



PokerStars Zoom Hand #254876513612:  Hold'em No Limit ($0.05/$0.10) - 2025/02/15 14:45:28 CET [2025/02/15 8:45:28 ET]
Table 'Aludra' 6-max Seat #1 is the button
Seat 1: emo114 ($10 in chips) 
Seat 2: SANTINQN ($12.54 in chips) 
Seat 3: Mahu2021 ($9.29 in chips) 
Seat 4: imnotamaniac ($14.71 in chips) 
Seat 5: capitalista ($10.91 in chips) 
Seat 6: _abuss0s_ ($6.80 in chips) 
SANTINQN: posts small blind $0.05
Mahu2021: posts big blind $0.10
*** HOLE CARDS ***
Dealt to Mahu2021 [8s 2s]
imnotamaniac: folds 
capitalista: folds 
_abuss0s_: folds 
emo114: raises $0.15 to $0.25
SANTINQN: folds 
Mahu2021: folds 
Uncalled bet ($0.15) returned to emo114
emo114 collected $0.25 from pot
emo114: doesn't show hand 
*** SUMMARY ***
Total pot $0.25 | Rake $0 
Seat 1: emo114 (button) collected ($0.25)
Seat 2: SANTINQN (small blind) folded before Flop
Seat 3: Mahu2021 (big blind) folded before Flop
Seat 4: imnotamaniac folded before Flop (didn't bet)
Seat 5: capitalista folded before Flop (didn't bet)
Seat 6: _abuss0s_ folded before Flop (didn't bet)



PokerStars Zoom Hand #254876516283:  Hold'em No Limit ($0.05/$0.10) - 2025/02/15 14:45:42 CET [2025/02/15 8:45:42 ET]
Table 'Aludra' 6-max Seat #1 is the button
Seat 1: Sao77 ($10.83 in chips) 
Seat 2: putzkedudu ($10.27 in chips) 
Seat 3: emo114 ($10.15 in chips) 
Seat 4: pokersenis ($12.78 in chips) 
Seat 5: Mahu2021 ($9.19 in chips) 
Seat 6: sonyks2007 ($12.36 in chips) 
putzkedudu: posts small blind $0.05
emo114: posts big blind $0.10
*** HOLE CARDS ***
Dealt to Mahu2021 [8c As]
pokersenis: folds 
Mahu2021: folds 
sonyks2007: folds 
Sao77: raises $0.15 to $0.25
putzkedudu: folds 
emo114: folds 
Uncalled bet ($0.15) returned to Sao77
Sao77 collected $0.25 from pot
Sao77: doesn't show hand 
*** SUMMARY ***
Total pot $0.25 | Rake $0 
Seat 1: Sao77 (button) collected ($0.25)
Seat 2: putzkedudu (small blind) folded before Flop
Seat 3: emo114 (big blind) folded before Flop
Seat 4: pokersenis folded before Flop (didn't bet)
Seat 5: Mahu2021 folded before Flop (didn't bet)
Seat 6: sonyks2007 folded before Flop (didn't bet)



PokerStars Zoom Hand #254876515677:  Hold'em No Limit ($0.05/$0.10) - 2025/02/15 14:45:39 CET [2025/02/15 8:45:39 ET]
Table 'Aludra' 6-max Seat #1 is the button
Seat 1: aaasss422 ($7.92 in chips) 
Seat 2: ArtemSnapkouski ($4.22 in chips) 
Seat 3: SKAlmaty_86 ($4.98 in chips) 
Seat 4: carstoiu1987 ($24.07 in chips) 
Seat 5: capitalista ($11.47 in chips) 
Seat 6: Mahu2021 ($9.19 in chips) 
ArtemSnapkouski: posts small blind $0.05
SKAlmaty_86: posts big blind $0.10
*** HOLE CARDS ***
Dealt to Mahu2021 [4h 2d]
carstoiu1987 has timed out
carstoiu1987: folds 
capitalista: folds 
Mahu2021: folds 
aaasss422: raises $0.25 to $0.35
ArtemSnapkouski: folds 
SKAlmaty_86: folds 
Uncalled bet ($0.25) returned to aaasss422
aaasss422 collected $0.25 from pot
aaasss422: doesn't show hand 
*** SUMMARY ***
Total pot $0.25 | Rake $0 
Seat 1: aaasss422 (button) collected ($0.25)
Seat 2: ArtemSnapkouski (small blind) folded before Flop
Seat 3: SKAlmaty_86 (big blind) folded before Flop
Seat 4: carstoiu1987 folded before Flop (didn't bet)
Seat 5: capitalista folded before Flop (didn't bet)
Seat 6: Mahu2021 folded before Flop (didn't bet)



PokerStars Zoom Hand #254876517047:  Hold'em No Limit ($0.05/$0.10) - 2025/02/15 14:45:46 CET [2025/02/15 8:45:46 ET]
Table 'Aludra' 6-max Seat #1 is the button
Seat 1: METJ83 ($10 in chips) 
Seat 2: Mahu2021 ($9.19 in chips) 
Seat 3: Baratrum777 ($10 in chips) 
Seat 4: babiloniaxxx ($8.69 in chips) 
Seat 5: Ramster44 ($15.26 in chips) 
Seat 6: Vaka89 ($13.47 in chips) 
Mahu2021: posts small blind $0.05
Baratrum777: posts big blind $0.10
*** HOLE CARDS ***
Dealt to Mahu2021 [Qc 9c]
babiloniaxxx: folds 
Ramster44: raises $0.20 to $0.30
Vaka89: folds 
METJ83: folds 
Mahu2021: calls $0.25
Baratrum777: calls $0.20
*** FLOP *** [7d Kh Qd]
Mahu2021: checks 
Baratrum777: checks 
Ramster44: checks 
*** TURN *** [7d Kh Qd] [Js]
Mahu2021: checks 
Baratrum777: checks 
Ramster44: checks 
*** RIVER *** [7d Kh Qd Js] [2s]
Mahu2021: checks 
Baratrum777: checks 
Ramster44: checks 
*** SHOW DOWN ***
Mahu2021: shows [Qc 9c] (a pair of Queens)
Baratrum777: mucks hand 
Ramster44: mucks hand 
Mahu2021 collected $0.86 from pot
*** SUMMARY ***
Total pot $0.90 | Rake $0.04 
Board [7d Kh Qd Js 2s]
Seat 1: METJ83 (button) folded before Flop (didn't bet)
Seat 2: Mahu2021 (small blind) showed [Qc 9c] and won ($0.86) with a pair of Queens
Seat 3: Baratrum777 (big blind) mucked [Jh Th]
Seat 4: babiloniaxxx folded before Flop (didn't bet)
Seat 5: Ramster44 mucked [3d 3s]
Seat 6: Vaka89 folded before Flop (didn't bet)



PokerStars Zoom Hand #254876526257:  Hold'em No Limit ($0.05/$0.10) - 2025/02/15 14:46:35 CET [2025/02/15 8:46:35 ET]
Table 'Aludra' 6-max Seat #1 is the button
Seat 1: 1VolkodavVDV ($10.28 in chips) 
Seat 2: CaJe94 ($12.16 in chips) 
Seat 3: Mahu2021 ($9.75 in chips) 
Seat 4: ChuruBDO ($17.99 in chips) 
Seat 5: ArtemSnapkouski ($3.12 in chips) 
Seat 6: HENRYPREMIUM ($19.65 in chips) 
CaJe94: posts small blind $0.05
Mahu2021: posts big blind $0.10
*** HOLE CARDS ***
Dealt to Mahu2021 [8s Kc]
ChuruBDO: raises $0.10 to $0.20
ArtemSnapkouski: folds 
HENRYPREMIUM: folds 
1VolkodavVDV: folds 
CaJe94: folds 
Mahu2021: folds 
Uncalled bet ($0.10) returned to ChuruBDO
ChuruBDO collected $0.25 from pot
ChuruBDO: doesn't show hand 
*** SUMMARY ***
Total pot $0.25 | Rake $0 
Seat 1: 1VolkodavVDV (button) folded before Flop (didn't bet)
Seat 2: CaJe94 (small blind) folded before Flop
Seat 3: Mahu2021 (big blind) folded before Flop
Seat 4: ChuruBDO collected ($0.25)
Seat 5: ArtemSnapkouski folded before Flop (didn't bet)
Seat 6: HENRYPREMIUM folded before Flop (didn't bet)



PokerStars Zoom Hand #254876525456:  Hold'em No Limit ($0.05/$0.10) - 2025/02/15 14:46:31 CET [2025/02/15 8:46:31 ET]
Table 'Aludra' 6-max Seat #1 is the button
Seat 1: Mahu2021 ($9.75 in chips) 
Seat 2: Baratrum777 ($10 in chips) 
Seat 3: tamsi1 ($22.39 in chips) 
Seat 4: Chamann_Jeff ($15.51 in chips) 
Seat 5: bogata111 ($0.51 in chips) 
Seat 6: Ramster44 ($14.96 in chips) 
Baratrum777: posts small blind $0.05
tamsi1: posts big blind $0.10
*** HOLE CARDS ***
Dealt to Mahu2021 [5c Td]
Chamann_Jeff: folds 
bogata111: folds 
Ramster44: folds 
Mahu2021: folds 
Baratrum777: raises $0.20 to $0.30
tamsi1: folds 
Uncalled bet ($0.20) returned to Baratrum777
Baratrum777 collected $0.20 from pot
Baratrum777: doesn't show hand 
*** SUMMARY ***
Total pot $0.20 | Rake $0 
Seat 1: Mahu2021 (button) folded before Flop (didn't bet)
Seat 2: Baratrum777 (small blind) collected ($0.20)
Seat 3: tamsi1 (big blind) folded before Flop
Seat 4: Chamann_Jeff folded before Flop (didn't bet)
Seat 5: bogata111 folded before Flop (didn't bet)
Seat 6: Ramster44 folded before Flop (didn't bet)



PokerStars Zoom Hand #254876528125:  Hold'em No Limit ($0.05/$0.10) - 2025/02/15 14:46:45 CET [2025/02/15 8:46:45 ET]
Table 'Aludra' 6-max Seat #1 is the button
Seat 1: Mahu2021 ($9.65 in chips) 
Seat 2: Vaka89 ($13.32 in chips) 
Seat 3: joee84 ($12.83 in chips) 
Seat 4: babiloniaxxx ($7.27 in chips) 
Seat 5: fixgear ($3.10 in chips) 
Seat 6: 8ujn ($10.78 in chips) 
Vaka89: posts small blind $0.05
joee84: posts big blind $0.10
*** HOLE CARDS ***
Dealt to Mahu2021 [Ah 2d]
babiloniaxxx: raises $0.15 to $0.25
fixgear: calls $0.25
8ujn: folds 
Mahu2021: folds 
Vaka89: folds 
joee84: folds 
*** FLOP *** [Ac 5d 6d]
babiloniaxxx: bets $0.41
fixgear: folds 
Uncalled bet ($0.41) returned to babiloniaxxx
babiloniaxxx collected $0.62 from pot
babiloniaxxx: doesn't show hand 
*** SUMMARY ***
Total pot $0.65 | Rake $0.03 
Board [Ac 5d 6d]
Seat 1: Mahu2021 (button) folded before Flop (didn't bet)
Seat 2: Vaka89 (small blind) folded before Flop
Seat 3: joee84 (big blind) folded before Flop
Seat 4: babiloniaxxx collected ($0.62)
Seat 5: fixgear folded on the Flop
Seat 6: 8ujn folded before Flop (didn't bet)



PokerStars Zoom Hand #254876527566:  Hold'em No Limit ($0.05/$0.10) - 2025/02/15 14:46:42 CET [2025/02/15 8:46:42 ET]
Table 'Aludra' 6-max Seat #1 is the button
Seat 1: emo114 ($10.30 in chips) 
Seat 2: Danger22bigs ($13.82 in chips) 
Seat 3: sonyks2007 ($12.26 in chips) 
Seat 4: Mahu2021 ($9.65 in chips) 
Seat 5: SANTINQN ($12.79 in chips) 
Seat 6: carstoiu1987 ($9.83 in chips) 
Danger22bigs: posts small blind $0.05
sonyks2007: posts big blind $0.10
*** HOLE CARDS ***
Dealt to Mahu2021 [3d Tc]
Mahu2021: folds 
SANTINQN: folds 
carstoiu1987: folds 
emo114: folds 
Danger22bigs: folds 
Uncalled bet ($0.05) returned to sonyks2007
sonyks2007 collected $0.10 from pot
sonyks2007: doesn't show hand 
*** SUMMARY ***
Total pot $0.10 | Rake $0 
Seat 1: emo114 (button) folded before Flop (didn't bet)
Seat 2: Danger22bigs (small blind) folded before Flop
Seat 3: sonyks2007 (big blind) collected ($0.10)
Seat 4: Mahu2021 folded before Flop (didn't bet)
Seat 5: SANTINQN folded before Flop (didn't bet)
Seat 6: carstoiu1987 folded before Flop (didn't bet)



PokerStars Zoom Hand #254876530069:  Hold'em No Limit ($0.05/$0.10) - 2025/02/15 14:46:56 CET [2025/02/15 8:46:56 ET]
Table 'Aludra' 6-max Seat #1 is the button
Seat 1: piroshiki777 ($10.15 in chips) 
Seat 2: joee84 ($12.73 in chips) 
Seat 3: Mahu2021 ($9.60 in chips) 
Seat 4: Jajje7 ($10.41 in chips) 
Seat 5: kilechka ($30.28 in chips) 
Seat 6: 50´s Ghost ($13.94 in chips) 
joee84: posts small blind $0.05
Mahu2021: posts big blind $0.10
*** HOLE CARDS ***
Dealt to Mahu2021 [8d 2h]
Jajje7: raises $0.10 to $0.20
kilechka: folds 
50´s Ghost: folds 
piroshiki777: folds 
joee84: folds 
Mahu2021: folds 
Uncalled bet ($0.10) returned to Jajje7
Jajje7 collected $0.25 from pot
Jajje7: doesn't show hand 
*** SUMMARY ***
Total pot $0.25 | Rake $0 
Seat 1: piroshiki777 (button) folded before Flop (didn't bet)
Seat 2: joee84 (small blind) folded before Flop
Seat 3: Mahu2021 (big blind) folded before Flop
Seat 4: Jajje7 collected ($0.25)
Seat 5: kilechka folded before Flop (didn't bet)
Seat 6: 50´s Ghost folded before Flop (didn't bet)



PokerStars Zoom Hand #254876532472:  Hold'em No Limit ($0.05/$0.10) - 2025/02/15 14:47:08 CET [2025/02/15 8:47:08 ET]
Table 'Aludra' 6-max Seat #1 is the button
Seat 1: kadcar ($9.24 in chips) 
Seat 2: Ramster44 ($14.86 in chips) 
Seat 3: kilechka ($30.23 in chips) 
Seat 4: joee84 ($10 in chips) 
Seat 5: Mahu2021 ($9.50 in chips) 
Seat 6: ronny2106 ($13.48 in chips) 
Ramster44: posts small blind $0.05
kilechka: posts big blind $0.10
*** HOLE CARDS ***
Dealt to Mahu2021 [9s Qh]
joee84: folds 
Mahu2021: folds 
ronny2106: folds 
kadcar: folds 
Ramster44: folds 
Uncalled bet ($0.05) returned to kilechka
kilechka collected $0.10 from pot
kilechka: doesn't show hand 
*** SUMMARY ***
Total pot $0.10 | Rake $0 
Seat 1: kadcar (button) folded before Flop (didn't bet)
Seat 2: Ramster44 (small blind) folded before Flop
Seat 3: kilechka (big blind) collected ($0.10)
Seat 4: joee84 folded before Flop (didn't bet)
Seat 5: Mahu2021 folded before Flop (didn't bet)
Seat 6: ronny2106 folded before Flop (didn't bet)



PokerStars Zoom Hand #254876529414:  Hold'em No Limit ($0.05/$0.10) - 2025/02/15 14:46:52 CET [2025/02/15 8:46:52 ET]
Table 'Aludra' 6-max Seat #1 is the button
Seat 1: Danger22bigs ($13.77 in chips) 
Seat 2: Mahu2021 ($9.65 in chips) 
Seat 3: kesaDasdas ($9.91 in chips) 
Seat 4: emo114 ($10 in chips) 
Seat 5: Tisoon ($19.92 in chips) 
Seat 6: JonnyGabes ($10.10 in chips) 
Mahu2021: posts small blind $0.05
kesaDasdas: posts big blind $0.10
*** HOLE CARDS ***
Dealt to Mahu2021 [Ah 7d]
emo114: folds 
Tisoon: folds 
JonnyGabes: raises $0.15 to $0.25
Danger22bigs: folds 
Mahu2021: folds 
kesaDasdas: calls $0.15
*** FLOP *** [Qc 6c 4s]
kesaDasdas: checks 
JonnyGabes: bets $0.29
kesaDasdas: calls $0.29
*** TURN *** [Qc 6c 4s] [Ac]
kesaDasdas: checks 
JonnyGabes: checks 
*** RIVER *** [Qc 6c 4s Ac] [Qs]
kesaDasdas: bets $0.54
JonnyGabes: calls $0.54
*** SHOW DOWN ***
kesaDasdas: shows [5s 7s] (a pair of Queens)
JonnyGabes: shows [Kh Ad] (two pair, Aces and Queens)
JonnyGabes collected $2.11 from pot
*** SUMMARY ***
Total pot $2.21 | Rake $0.10 
Board [Qc 6c 4s Ac Qs]
Seat 1: Danger22bigs (button) folded before Flop (didn't bet)
Seat 2: Mahu2021 (small blind) folded before Flop
Seat 3: kesaDasdas (big blind) showed [5s 7s] and lost with a pair of Queens
Seat 4: emo114 folded before Flop (didn't bet)
Seat 5: Tisoon folded before Flop (didn't bet)
Seat 6: JonnyGabes showed [Kh Ad] and won ($2.11) with two pair, Aces and Queens



PokerStars Zoom Hand #254876528965:  Hold'em No Limit ($0.05/$0.10) - 2025/02/15 14:46:50 CET [2025/02/15 8:46:50 ET]
Table 'Aludra' 6-max Seat #1 is the button
Seat 1: HENRYPREMIUM ($11.81 in chips) 
Seat 2: tamsi1 ($12.44 in chips) 
Seat 3: FunkiManki ($11.01 in chips) 
Seat 4: Szczyp1orek ($23.67 in chips) 
Seat 5: corape ($8.12 in chips) 
Seat 6: Mahu2021 ($9.65 in chips) 
tamsi1: posts small blind $0.05
FunkiManki: posts big blind $0.10
*** HOLE CARDS ***
Dealt to Mahu2021 [2c 6d]
Szczyp1orek: folds 
corape: raises $0.20 to $0.30
Mahu2021: folds 
HENRYPREMIUM: folds 
tamsi1: calls $0.25
FunkiManki: folds 
*** FLOP *** [6h Jc 6c]
tamsi1: checks 
corape: bets $0.34
tamsi1: folds 
Uncalled bet ($0.34) returned to corape
corape collected $0.67 from pot
corape: doesn't show hand 
*** SUMMARY ***
Total pot $0.70 | Rake $0.03 
Board [6h Jc 6c]
Seat 1: HENRYPREMIUM (button) folded before Flop (didn't bet)
Seat 2: tamsi1 (small blind) folded on the Flop
Seat 3: FunkiManki (big blind) folded before Flop
Seat 4: Szczyp1orek folded before Flop (didn't bet)
Seat 5: corape collected ($0.67)
Seat 6: Mahu2021 folded before Flop (didn't bet)



PokerStars Zoom Hand #254876533601:  Hold'em No Limit ($0.05/$0.10) - 2025/02/15 14:47:14 CET [2025/02/15 8:47:14 ET]
Table 'Aludra' 6-max Seat #1 is the button
Seat 1: yeojiha24 ($24.67 in chips) 
Seat 2: Baratrum777 ($10.79 in chips) 
Seat 3: vasi0908 ($4.09 in chips) 
Seat 4: cunny118 ($7.36 in chips) 
Seat 5: sonyks2007 ($9.80 in chips) 
Seat 6: Mahu2021 ($9.50 in chips) 
Baratrum777: posts small blind $0.05
vasi0908: posts big blind $0.10
*** HOLE CARDS ***
Dealt to Mahu2021 [Kh 3c]
cunny118: folds 
sonyks2007: folds 
Mahu2021: folds 
yeojiha24: raises $0.20 to $0.30
Baratrum777: folds 
vasi0908: folds 
Uncalled bet ($0.20) returned to yeojiha24
yeojiha24 collected $0.25 from pot
yeojiha24: doesn't show hand 
*** SUMMARY ***
Total pot $0.25 | Rake $0 
Seat 1: yeojiha24 (button) collected ($0.25)
Seat 2: Baratrum777 (small blind) folded before Flop
Seat 3: vasi0908 (big blind) folded before Flop
Seat 4: cunny118 folded before Flop (didn't bet)
Seat 5: sonyks2007 folded before Flop (didn't bet)
Seat 6: Mahu2021 folded before Flop (didn't bet)



PokerStars Zoom Hand #254876534320:  Hold'em No Limit ($0.05/$0.10) - 2025/02/15 14:47:18 CET [2025/02/15 8:47:18 ET]
Table 'Aludra' 6-max Seat #1 is the button
Seat 1: fixgear ($30.41 in chips) 
Seat 2: cunny118 ($7.36 in chips) 
Seat 3: dakatabr ($15.13 in chips) 
Seat 4: HENRYPREMIUM ($11.66 in chips) 
Seat 5: Mahu2021 ($9.50 in chips) 
Seat 6: Chamann_Jeff ($15.69 in chips) 
cunny118: posts small blind $0.05
dakatabr: posts big blind $0.10
*** HOLE CARDS ***
Dealt to Mahu2021 [Ad Kd]
HENRYPREMIUM: folds 
Mahu2021: raises $0.14 to $0.24
Chamann_Jeff: calls $0.24
fixgear: folds 
cunny118: folds 
dakatabr: folds 
*** FLOP *** [4d 8s 5h]
Mahu2021: checks 
Chamann_Jeff: bets $0.36
Mahu2021: calls $0.36
*** TURN *** [4d 8s 5h] [Kh]
Mahu2021: checks 
Chamann_Jeff: bets $0.77
Mahu2021: calls $0.77
*** RIVER *** [4d 8s 5h Kh] [Td]
Mahu2021: checks 
Chamann_Jeff: checks 
*** SHOW DOWN ***
Mahu2021: shows [Ad Kd] (a pair of Kings)
Chamann_Jeff: mucks hand 
Mahu2021 collected $2.76 from pot
*** SUMMARY ***
Total pot $2.89 | Rake $0.13 
Board [4d 8s 5h Kh Td]
Seat 1: fixgear (button) folded before Flop (didn't bet)
Seat 2: cunny118 (small blind) folded before Flop
Seat 3: dakatabr (big blind) folded before Flop
Seat 4: HENRYPREMIUM folded before Flop (didn't bet)
Seat 5: Mahu2021 showed [Ad Kd] and won ($2.76) with a pair of Kings
Seat 6: Chamann_Jeff mucked [7c Ac]



PokerStars Zoom Hand #254876542247:  Hold'em No Limit ($0.05/$0.10) - 2025/02/15 14:48:00 CET [2025/02/15 8:48:00 ET]
Table 'Aludra' 6-max Seat #1 is the button
Seat 1: Mahu2021 ($10.84 in chips) 
Seat 2: BALLAonTILT ($10.99 in chips) 
Seat 3: imnotamaniac ($14.21 in chips) 
Seat 4: aaasss422 ($6.86 in chips) 
Seat 5: hiding.by ($12.40 in chips) 
Seat 6: chogg1 ($12.55 in chips) 
BALLAonTILT: posts small blind $0.05
imnotamaniac: posts big blind $0.10
*** HOLE CARDS ***
Dealt to Mahu2021 [Tc Ts]
aaasss422: folds 
hiding.by: folds 
chogg1: folds 
Mahu2021: raises $0.20 to $0.30
BALLAonTILT: folds 
imnotamaniac: folds 
Uncalled bet ($0.20) returned to Mahu2021
Mahu2021 collected $0.25 from pot
Mahu2021: doesn't show hand 
*** SUMMARY ***
Total pot $0.25 | Rake $0 
Seat 1: Mahu2021 (button) collected ($0.25)
Seat 2: BALLAonTILT (small blind) folded before Flop
Seat 3: imnotamaniac (big blind) folded before Flop
Seat 4: aaasss422 folded before Flop (didn't bet)
Seat 5: hiding.by folded before Flop (didn't bet)
Seat 6: chogg1 folded before Flop (didn't bet)



PokerStars Zoom Hand #254876540820:  Hold'em No Limit ($0.05/$0.10) - 2025/02/15 14:47:52 CET [2025/02/15 8:47:52 ET]
Table 'Aludra' 6-max Seat #1 is the button
Seat 1: 15lawrencea ($30.08 in chips) 
Seat 2: Mahu2021 ($10.89 in chips) 
Seat 3: aspatyh72 ($6.67 in chips) 
Seat 4: Chamann_Jeff ($14.32 in chips) 
Seat 5: PokeroCopero ($14.18 in chips) 
Seat 6: tamsi1 ($12.84 in chips) 
Mahu2021: posts small blind $0.05
aspatyh72: posts big blind $0.10
*** HOLE CARDS ***
Dealt to Mahu2021 [3h Kd]
Chamann_Jeff: folds 
PokeroCopero: raises $0.10 to $0.20
tamsi1: calls $0.20
15lawrencea: folds 
Mahu2021: folds 
aspatyh72: folds 
*** FLOP *** [2d 4c 9c]
PokeroCopero: checks 
tamsi1: checks 
*** TURN *** [2d 4c 9c] [Qh]
PokeroCopero: bets $0.27
tamsi1: folds 
Uncalled bet ($0.27) returned to PokeroCopero
PokeroCopero collected $0.53 from pot
PokeroCopero: doesn't show hand 
*** SUMMARY ***
Total pot $0.55 | Rake $0.02 
Board [2d 4c 9c Qh]
Seat 1: 15lawrencea (button) folded before Flop (didn't bet)
Seat 2: Mahu2021 (small blind) folded before Flop
Seat 3: aspatyh72 (big blind) folded before Flop
Seat 4: Chamann_Jeff folded before Flop (didn't bet)
Seat 5: PokeroCopero collected ($0.53)
Seat 6: tamsi1 folded on the Turn



PokerStars Zoom Hand #254876548908:  Hold'em No Limit ($0.05/$0.10) - 2025/02/15 14:48:35 CET [2025/02/15 8:48:35 ET]
Table 'Aludra' 6-max Seat #1 is the button
Seat 1: vimre24 ($10.65 in chips) 
Seat 2: tamsi1 ($12.64 in chips) 
Seat 3: METJ83 ($10.84 in chips) 
Seat 4: Mahu2021 ($10.89 in chips) 
Seat 5: putzkedudu ($13.95 in chips) 
Seat 6: pokersenis ($10.15 in chips) 
tamsi1: posts small blind $0.05
METJ83: posts big blind $0.10
*** HOLE CARDS ***
Dealt to Mahu2021 [Ac 4d]
Mahu2021: folds 
putzkedudu: folds 
pokersenis: folds 
vimre24: folds 
tamsi1: folds 
Uncalled bet ($0.05) returned to METJ83
METJ83 collected $0.10 from pot
METJ83: doesn't show hand 
*** SUMMARY ***
Total pot $0.10 | Rake $0 
Seat 1: vimre24 (button) folded before Flop (didn't bet)
Seat 2: tamsi1 (small blind) folded before Flop
Seat 3: METJ83 (big blind) collected ($0.10)
Seat 4: Mahu2021 folded before Flop (didn't bet)
Seat 5: putzkedudu folded before Flop (didn't bet)
Seat 6: pokersenis folded before Flop (didn't bet)



PokerStars Zoom Hand #254876545808:  Hold'em No Limit ($0.05/$0.10) - 2025/02/15 14:48:19 CET [2025/02/15 8:48:19 ET]
Table 'Aludra' 6-max Seat #1 is the button
Seat 1: joee84 ($10.30 in chips) 
Seat 2: CaJe94 ($10.05 in chips) 
Seat 3: Mahu2021 ($10.99 in chips) 
Seat 4: yeojiha24 ($15.10 in chips) 
Seat 5: fixgear ($8.44 in chips) 
Seat 6: vimre24 ($13.06 in chips) 
CaJe94: posts small blind $0.05
Mahu2021: posts big blind $0.10
*** HOLE CARDS ***
Dealt to Mahu2021 [4s 3s]
yeojiha24: folds 
fixgear: raises $0.15 to $0.25
vimre24: folds 
joee84: folds 
CaJe94: raises $0.80 to $1.05
Mahu2021: folds 
fixgear: calls $0.80
*** FLOP *** [Kc 9c 2s]
CaJe94: bets $0.69
fixgear: folds 
Uncalled bet ($0.69) returned to CaJe94
CaJe94 collected $2.10 from pot
CaJe94: doesn't show hand 
*** SUMMARY ***
Total pot $2.20 | Rake $0.10 
Board [Kc 9c 2s]
Seat 1: joee84 (button) folded before Flop (didn't bet)
Seat 2: CaJe94 (small blind) collected ($2.10)
Seat 3: Mahu2021 (big blind) folded before Flop
Seat 4: yeojiha24 folded before Flop (didn't bet)
Seat 5: fixgear folded on the Flop
Seat 6: vimre24 folded before Flop (didn't bet)



PokerStars Zoom Hand #254876545323:  Hold'em No Limit ($0.05/$0.10) - 2025/02/15 14:48:16 CET [2025/02/15 8:48:16 ET]
Table 'Aludra' 6-max Seat #1 is the button
Seat 1: Smdpair77 ($8.94 in chips) 
Seat 2: tomerna2012 ($10.40 in chips) 
Seat 3: f12022 ($12.59 in chips) 
Seat 4: Mahu2021 ($10.99 in chips) 
Seat 5: aspatyh72 ($6.57 in chips) 
Seat 6: Gertus100 ($12.73 in chips) 
tomerna2012: posts small blind $0.05
f12022: posts big blind $0.10
*** HOLE CARDS ***
Dealt to Mahu2021 [Qh 3h]
Mahu2021: folds 
aspatyh72: folds 
Gertus100: calls $0.10
Smdpair77: calls $0.10
tomerna2012: calls $0.05
f12022: checks 
*** FLOP *** [6d As Qs]
tomerna2012: checks 
f12022: checks 
Gertus100: checks 
Smdpair77: bets $0.28
tomerna2012: folds 
f12022: folds 
Gertus100: calls $0.28
*** TURN *** [6d As Qs] [9s]
Gertus100: checks 
Smdpair77: checks 
*** RIVER *** [6d As Qs 9s] [9h]
Gertus100: checks 
Smdpair77: bets $0.67
Gertus100: folds 
Uncalled bet ($0.67) returned to Smdpair77
Smdpair77 collected $0.92 from pot
Smdpair77: doesn't show hand 
*** SUMMARY ***
Total pot $0.96 | Rake $0.04 
Board [6d As Qs 9s 9h]
Seat 1: Smdpair77 (button) collected ($0.92)
Seat 2: tomerna2012 (small blind) folded on the Flop
Seat 3: f12022 (big blind) folded on the Flop
Seat 4: Mahu2021 folded before Flop (didn't bet)
Seat 5: aspatyh72 folded before Flop (didn't bet)
Seat 6: Gertus100 folded on the River



PokerStars Zoom Hand #254876549478:  Hold'em No Limit ($0.05/$0.10) - 2025/02/15 14:48:38 CET [2025/02/15 8:48:38 ET]
Table 'Aludra' 6-max Seat #1 is the button
Seat 1: Szczyp1orek ($26.20 in chips) 
Seat 2: Mahu2021 ($10.89 in chips) 
Seat 3: Zwenni24 ($20.86 in chips) 
Seat 4: piroshiki777 ($10 in chips) 
Seat 5: f12022 ($12.44 in chips) 
Seat 6: 15lawrencea ($23.93 in chips) 
Mahu2021: posts small blind $0.05
Zwenni24: posts big blind $0.10
*** HOLE CARDS ***
Dealt to Mahu2021 [Tc 9c]
piroshiki777: folds 
f12022: folds 
15lawrencea: folds 
Szczyp1orek: folds 
Mahu2021: raises $0.20 to $0.30
Zwenni24: raises $0.40 to $0.70
Mahu2021: calls $0.40
*** FLOP *** [Qh Td Qc]
Mahu2021: checks 
Zwenni24: bets $0.44
Mahu2021: calls $0.44
*** TURN *** [Qh Td Qc] [Kd]
Mahu2021: checks 
Zwenni24: checks 
*** RIVER *** [Qh Td Qc Kd] [4h]
Mahu2021: checks 
Zwenni24: checks 
*** SHOW DOWN ***
Mahu2021: shows [Tc 9c] (two pair, Queens and Tens)
Zwenni24: mucks hand 
Mahu2021 collected $2.18 from pot
*** SUMMARY ***
Total pot $2.28 | Rake $0.10 
Board [Qh Td Qc Kd 4h]
Seat 1: Szczyp1orek (button) folded before Flop (didn't bet)
Seat 2: Mahu2021 (small blind) showed [Tc 9c] and won ($2.18) with two pair, Queens and Tens
Seat 3: Zwenni24 (big blind) mucked [9h 9s]
Seat 4: piroshiki777 folded before Flop (didn't bet)
Seat 5: f12022 folded before Flop (didn't bet)
Seat 6: 15lawrencea folded before Flop (didn't bet)



PokerStars Zoom Hand #254876544444:  Hold'em No Limit ($0.05/$0.10) - 2025/02/15 14:48:12 CET [2025/02/15 8:48:12 ET]
Table 'Aludra' 6-max Seat #1 is the button
Seat 1: Jajje7 ($10.51 in chips) 
Seat 2: ronny2106 ($12 in chips) 
Seat 3: Smdpair77 ($21.16 in chips) 
Seat 4: Mahu2021 ($10.99 in chips) 
Seat 5: vimre24 ($13.06 in chips) 
Seat 6: joee84 ($10.30 in chips) 
ronny2106: posts small blind $0.05
Smdpair77: posts big blind $0.10
*** HOLE CARDS ***
Dealt to Mahu2021 [Qc 2c]
Mahu2021: folds 
vimre24: folds 
joee84: folds 
Jajje7: raises $0.10 to $0.20
ronny2106: calls $0.15
Smdpair77: calls $0.10
*** FLOP *** [Ah Ks 7h]
ronny2106: checks 
Smdpair77: checks 
Jajje7: bets $0.29
ronny2106: calls $0.29
Smdpair77: folds 
*** TURN *** [Ah Ks 7h] [6h]
ronny2106: checks 
Jajje7: checks 
*** RIVER *** [Ah Ks 7h 6h] [5s]
ronny2106: checks 
Jajje7: bets $0.57
ronny2106: folds 
Uncalled bet ($0.57) returned to Jajje7
Jajje7 collected $1.13 from pot
Jajje7: doesn't show hand 
*** SUMMARY ***
Total pot $1.18 | Rake $0.05 
Board [Ah Ks 7h 6h 5s]
Seat 1: Jajje7 (button) collected ($1.13)
Seat 2: ronny2106 (small blind) folded on the River
Seat 3: Smdpair77 (big blind) folded on the Flop
Seat 4: Mahu2021 folded before Flop (didn't bet)
Seat 5: vimre24 folded before Flop (didn't bet)
Seat 6: joee84 folded before Flop (didn't bet)



PokerStars Zoom Hand #254876554352:  Hold'em No Limit ($0.05/$0.10) - 2025/02/15 14:49:05 CET [2025/02/15 8:49:05 ET]
Table 'Aludra' 6-max Seat #1 is the button
Seat 1: Mahu2021 ($11.93 in chips) 
Seat 2: carstoiu1987 ($23.72 in chips) 
Seat 3: Wizarddude ($10.02 in chips) 
Seat 4: joee84 ($20.16 in chips) 
Seat 5: Smdpair77 ($8.53 in chips) 
Seat 6: capitalista ($11.01 in chips) 
carstoiu1987: posts small blind $0.05
Wizarddude: posts big blind $0.10
*** HOLE CARDS ***
Dealt to Mahu2021 [Th 5s]
joee84: folds 
Smdpair77: raises $0.15 to $0.25
capitalista: folds 
Mahu2021: folds 
carstoiu1987: folds 
Wizarddude: folds 
Uncalled bet ($0.15) returned to Smdpair77
Smdpair77 collected $0.25 from pot
Smdpair77: doesn't show hand 
*** SUMMARY ***
Total pot $0.25 | Rake $0 
Seat 1: Mahu2021 (button) folded before Flop (didn't bet)
Seat 2: carstoiu1987 (small blind) folded before Flop
Seat 3: Wizarddude (big blind) folded before Flop
Seat 4: joee84 folded before Flop (didn't bet)
Seat 5: Smdpair77 collected ($0.25)
Seat 6: capitalista folded before Flop (didn't bet)



PokerStars Zoom Hand #254876555917:  Hold'em No Limit ($0.05/$0.10) - 2025/02/15 14:49:13 CET [2025/02/15 8:49:13 ET]
Table 'Aludra' 6-max Seat #1 is the button
Seat 1: grek_goodfella ($3.55 in chips) 
Seat 2: sonyks2007 ($9.19 in chips) 
Seat 3: Jabrita1988 ($15.18 in chips) 
Seat 4: hoursss ($11.48 in chips) 
Seat 5: Ramster44 ($18.97 in chips) 
Seat 6: Mahu2021 ($11.93 in chips) 
sonyks2007: posts small blind $0.05
Jabrita1988: posts big blind $0.10
*** HOLE CARDS ***
Dealt to Mahu2021 [6d 2d]
hoursss: raises $0.10 to $0.20
Ramster44: folds 
Mahu2021: folds 
grek_goodfella: raises $3.35 to $3.55 and is all-in
sonyks2007: folds 
Jabrita1988: folds 
hoursss: calls $3.35
hoursss has timed out
*** FLOP *** [7d 5d Tc]
*** TURN *** [7d 5d Tc] [Jc]
*** RIVER *** [7d 5d Tc Jc] [9s]
*** SHOW DOWN ***
hoursss: shows [Kc As] (high card Ace)
grek_goodfella: shows [Qh Ah] (high card Ace - lower kicker)
hoursss collected $6.92 from pot
*** SUMMARY ***
Total pot $7.25 | Rake $0.33 
Board [7d 5d Tc Jc 9s]
Seat 1: grek_goodfella (button) showed [Qh Ah] and lost with high card Ace
Seat 2: sonyks2007 (small blind) folded before Flop
Seat 3: Jabrita1988 (big blind) folded before Flop
Seat 4: hoursss showed [Kc As] and won ($6.92) with high card Ace
Seat 5: Ramster44 folded before Flop (didn't bet)
Seat 6: Mahu2021 folded before Flop (didn't bet)



PokerStars Zoom Hand #254876556669:  Hold'em No Limit ($0.05/$0.10) - 2025/02/15 14:49:17 CET [2025/02/15 8:49:17 ET]
Table 'Aludra' 6-max Seat #1 is the button
Seat 1: zlizard ($11.40 in chips) 
Seat 2: supakingex ($9.83 in chips) 
Seat 3: chogg1 ($13.37 in chips) 
Seat 4: Niculee1221 ($7.29 in chips) 
Seat 5: Mahu2021 ($11.93 in chips) 
Seat 6: babiloniaxxx ($20.47 in chips) 
supakingex: posts small blind $0.05
chogg1: posts big blind $0.10
*** HOLE CARDS ***
Dealt to Mahu2021 [Ah Th]
Niculee1221: calls $0.10
Mahu2021: calls $0.10
babiloniaxxx: folds 
zlizard: calls $0.10
supakingex: raises $0.20 to $0.30
chogg1: folds 
Niculee1221: calls $0.20
Mahu2021: calls $0.20
zlizard: calls $0.20
*** FLOP *** [5d 9s Ts]
supakingex: checks 
Niculee1221: checks 
Mahu2021: bets $0.30
zlizard: folds 
supakingex: calls $0.30
Niculee1221: calls $0.30
*** TURN *** [5d 9s Ts] [Ks]
supakingex: checks 
Niculee1221: checks 
Mahu2021: checks 
*** RIVER *** [5d 9s Ts Ks] [7s]
supakingex: bets $2.10
Niculee1221: calls $2.10
Mahu2021: folds 
*** SHOW DOWN ***
supakingex: shows [Ac 4h] (high card Ace)
Niculee1221: shows [Js Ad] (a flush, King high)
Niculee1221 collected $6.11 from pot
*** SUMMARY ***
Total pot $6.40 | Rake $0.29 
Board [5d 9s Ts Ks 7s]
Seat 1: zlizard (button) folded on the Flop
Seat 2: supakingex (small blind) showed [Ac 4h] and lost with high card Ace
Seat 3: chogg1 (big blind) folded before Flop
Seat 4: Niculee1221 showed [Js Ad] and won ($6.11) with a flush, King high
Seat 5: Mahu2021 folded on the River
Seat 6: babiloniaxxx folded before Flop (didn't bet)



PokerStars Zoom Hand #254876566263:  Hold'em No Limit ($0.05/$0.10) - 2025/02/15 14:50:09 CET [2025/02/15 8:50:09 ET]
Table 'Aludra' 6-max Seat #1 is the button
Seat 1: 8ujn ($9.53 in chips) 
Seat 2: ChuruBDO ($13.25 in chips) 
Seat 3: Mahu2021 ($11.33 in chips) 
Seat 4: kloniss ($9.50 in chips) 
Seat 5: fixgear ($10.41 in chips) 
Seat 6: Clicker89 ($9.90 in chips) 
ChuruBDO: posts small blind $0.05
Mahu2021: posts big blind $0.10
*** HOLE CARDS ***
Dealt to Mahu2021 [7c 3s]
kloniss: folds 
fixgear: raises $0.16 to $0.26
Clicker89: folds 
8ujn: folds 
ChuruBDO: folds 
Mahu2021: folds 
Uncalled bet ($0.16) returned to fixgear
fixgear collected $0.25 from pot
fixgear: doesn't show hand 
*** SUMMARY ***
Total pot $0.25 | Rake $0 
Seat 1: 8ujn (button) folded before Flop (didn't bet)
Seat 2: ChuruBDO (small blind) folded before Flop
Seat 3: Mahu2021 (big blind) folded before Flop
Seat 4: kloniss folded before Flop (didn't bet)
Seat 5: fixgear collected ($0.25)
Seat 6: Clicker89 folded before Flop (didn't bet)



PokerStars Zoom Hand #254876568940:  Hold'em No Limit ($0.05/$0.10) - 2025/02/15 14:50:23 CET [2025/02/15 8:50:23 ET]
Table 'Aludra' 6-max Seat #1 is the button
Seat 1: Smdpair77 ($16.48 in chips) 
Seat 2: CaJe94 ($10.65 in chips) 
Seat 3: imnotamaniac ($23.05 in chips) 
Seat 4: vimre24 ($13.02 in chips) 
Seat 5: METJ83 ($14.05 in chips) 
Seat 6: Mahu2021 ($11.23 in chips) 
CaJe94: posts small blind $0.05
imnotamaniac: posts big blind $0.10
*** HOLE CARDS ***
Dealt to Mahu2021 [Js Th]
vimre24: folds 
METJ83: folds 
Mahu2021: raises $0.14 to $0.24
Smdpair77: folds 
CaJe94: folds 
imnotamaniac: folds 
Uncalled bet ($0.14) returned to Mahu2021
Mahu2021 collected $0.25 from pot
Mahu2021: doesn't show hand 
*** SUMMARY ***
Total pot $0.25 | Rake $0 
Seat 1: Smdpair77 (button) folded before Flop (didn't bet)
Seat 2: CaJe94 (small blind) folded before Flop
Seat 3: imnotamaniac (big blind) folded before Flop
Seat 4: vimre24 folded before Flop (didn't bet)
Seat 5: METJ83 folded before Flop (didn't bet)
Seat 6: Mahu2021 collected ($0.25)



PokerStars Zoom Hand #254876571138:  Hold'em No Limit ($0.05/$0.10) - 2025/02/15 14:50:35 CET [2025/02/15 8:50:35 ET]
Table 'Aludra' 6-max Seat #1 is the button
Seat 1: Mahu2021 ($11.38 in chips) 
Seat 2: HENRYPREMIUM ($14 in chips) 
Seat 3: Peter 091964 ($18.38 in chips) 
Seat 4: fixgear ($10.56 in chips) 
Seat 5: SANTINQN ($17.25 in chips) 
Seat 6: imnotamaniac ($22.95 in chips) 
HENRYPREMIUM: posts small blind $0.05
Peter 091964: posts big blind $0.10
*** HOLE CARDS ***
Dealt to Mahu2021 [6c Qd]
fixgear: folds 
SANTINQN: folds 
imnotamaniac: folds 
Mahu2021: folds 
HENRYPREMIUM: folds 
Uncalled bet ($0.05) returned to Peter 091964
Peter 091964 collected $0.10 from pot
Peter 091964: doesn't show hand 
*** SUMMARY ***
Total pot $0.10 | Rake $0 
Seat 1: Mahu2021 (button) folded before Flop (didn't bet)
Seat 2: HENRYPREMIUM (small blind) folded before Flop
Seat 3: Peter 091964 (big blind) collected ($0.10)
Seat 4: fixgear folded before Flop (didn't bet)
Seat 5: SANTINQN folded before Flop (didn't bet)
Seat 6: imnotamaniac folded before Flop (didn't bet)



PokerStars Zoom Hand #254876572089:  Hold'em No Limit ($0.05/$0.10) - 2025/02/15 14:50:40 CET [2025/02/15 8:50:40 ET]
Table 'Aludra' 6-max Seat #1 is the button
Seat 1: Niculee1221 ($10.70 in chips) 
Seat 2: CaJe94 ($12.05 in chips) 
Seat 3: ArtemSnapkouski ($5.17 in chips) 
Seat 4: MarkDontTrust ($14.16 in chips) 
Seat 5: Mahu2021 ($11.38 in chips) 
Seat 6: hiding.by ($11.70 in chips) 
CaJe94: posts small blind $0.05
ArtemSnapkouski: posts big blind $0.10
*** HOLE CARDS ***
Dealt to Mahu2021 [3s 8h]
MarkDontTrust: raises $0.12 to $0.22
Mahu2021: folds 
hiding.by: folds 
Niculee1221: folds 
CaJe94: folds 
ArtemSnapkouski: calls $0.12
*** FLOP *** [5c Jc 4c]
ArtemSnapkouski: checks 
MarkDontTrust: bets $0.21
ArtemSnapkouski: raises $0.67 to $0.88
MarkDontTrust: folds 
Uncalled bet ($0.67) returned to ArtemSnapkouski
ArtemSnapkouski collected $0.87 from pot
ArtemSnapkouski: doesn't show hand 
*** SUMMARY ***
Total pot $0.91 | Rake $0.04 
Board [5c Jc 4c]
Seat 1: Niculee1221 (button) folded before Flop (didn't bet)
Seat 2: CaJe94 (small blind) folded before Flop
Seat 3: ArtemSnapkouski (big blind) collected ($0.87)
Seat 4: MarkDontTrust folded on the Flop
Seat 5: Mahu2021 folded before Flop (didn't bet)
Seat 6: hiding.by folded before Flop (didn't bet)



PokerStars Zoom Hand #254876575793:  Hold'em No Limit ($0.05/$0.10) - 2025/02/15 14:51:00 CET [2025/02/15 8:51:00 ET]
Table 'Aludra' 6-max Seat #1 is the button
Seat 1: Mumbeer1978 ($12.23 in chips) 
Seat 2: Bradder69 ($4 in chips) 
Seat 3: Mahu2021 ($11.33 in chips) 
Seat 4: vasi0908 ($3.95 in chips) 
Seat 5: tamsi1 ($10.82 in chips) 
Seat 6: cheddarman24 ($10 in chips) 
Bradder69: posts small blind $0.05
Mahu2021: posts big blind $0.10
*** HOLE CARDS ***
Dealt to Mahu2021 [6s Qh]
vasi0908: folds 
tamsi1: folds 
cheddarman24: folds 
Mumbeer1978: folds 
Bradder69: folds 
Uncalled bet ($0.05) returned to Mahu2021
Mahu2021 collected $0.10 from pot
Mahu2021: doesn't show hand 
*** SUMMARY ***
Total pot $0.10 | Rake $0 
Seat 1: Mumbeer1978 (button) folded before Flop (didn't bet)
Seat 2: Bradder69 (small blind) folded before Flop
Seat 3: Mahu2021 (big blind) collected ($0.10)
Seat 4: vasi0908 folded before Flop (didn't bet)
Seat 5: tamsi1 folded before Flop (didn't bet)
Seat 6: cheddarman24 folded before Flop (didn't bet)



PokerStars Zoom Hand #254876574283:  Hold'em No Limit ($0.05/$0.10) - 2025/02/15 14:50:52 CET [2025/02/15 8:50:52 ET]
Table 'Aludra' 6-max Seat #1 is the button
Seat 1: SKAlmaty_86 ($6.49 in chips) 
Seat 2: 15lawrencea ($29.78 in chips) 
Seat 3: tamsi1 ($25.71 in chips) 
Seat 4: Mahu2021 ($11.33 in chips) 
Seat 5: keirin459 ($9.75 in chips) 
Seat 6: yeojiha24 ($15.30 in chips) 
15lawrencea: posts small blind $0.05
tamsi1: posts big blind $0.10
*** HOLE CARDS ***
Dealt to Mahu2021 [9d 7h]
Mahu2021: folds 
keirin459: folds 
yeojiha24: folds 
SKAlmaty_86: raises $0.10 to $0.20
15lawrencea: folds 
tamsi1: folds 
Uncalled bet ($0.10) returned to SKAlmaty_86
SKAlmaty_86 collected $0.25 from pot
SKAlmaty_86: doesn't show hand 
*** SUMMARY ***
Total pot $0.25 | Rake $0 
Seat 1: SKAlmaty_86 (button) collected ($0.25)
Seat 2: 15lawrencea (small blind) folded before Flop
Seat 3: tamsi1 (big blind) folded before Flop
Seat 4: Mahu2021 folded before Flop (didn't bet)
Seat 5: keirin459 folded before Flop (didn't bet)
Seat 6: yeojiha24 folded before Flop (didn't bet)



PokerStars Zoom Hand #254876578163:  Hold'em No Limit ($0.05/$0.10) - 2025/02/15 14:51:12 CET [2025/02/15 8:51:12 ET]
Table 'Aludra' 6-max Seat #1 is the button
Seat 1: emo114 ($19.09 in chips) 
Seat 2: Mahu2021 ($11.38 in chips) 
Seat 3: Mumbeer1978 ($12.23 in chips) 
Seat 4: xafaki13 ($10.45 in chips) 
Seat 5: 8ujn ($9.08 in chips) 
Seat 6: vasi0908 ($4 in chips) 
Mahu2021: posts small blind $0.05
Mumbeer1978: posts big blind $0.10
*** HOLE CARDS ***
Dealt to Mahu2021 [Ts 5h]
xafaki13: folds 
8ujn: folds 
vasi0908: folds 
emo114: folds 
Mahu2021: folds 
Uncalled bet ($0.05) returned to Mumbeer1978
Mumbeer1978 collected $0.10 from pot
Mumbeer1978: doesn't show hand 
*** SUMMARY ***
Total pot $0.10 | Rake $0 
Seat 1: emo114 (button) folded before Flop (didn't bet)
Seat 2: Mahu2021 (small blind) folded before Flop
Seat 3: Mumbeer1978 (big blind) collected ($0.10)
Seat 4: xafaki13 folded before Flop (didn't bet)
Seat 5: 8ujn folded before Flop (didn't bet)
Seat 6: vasi0908 folded before Flop (didn't bet)



PokerStars Zoom Hand #254876578813:  Hold'em No Limit ($0.05/$0.10) - 2025/02/15 14:51:16 CET [2025/02/15 8:51:16 ET]
Table 'Aludra' 6-max Seat #1 is the button
Seat 1: Mahu2021 ($11.33 in chips) 
Seat 2: putzkedudu ($10 in chips) 
Seat 3: Danger22bigs ($10.37 in chips) 
Seat 4: 15lawrencea ($29.63 in chips) 
Seat 5: yeojiha24 ($28.17 in chips) 
Seat 6: vimre24 ($12.43 in chips) 
putzkedudu: posts small blind $0.05
Danger22bigs: posts big blind $0.10
*** HOLE CARDS ***
Dealt to Mahu2021 [Ac Ks]
15lawrencea: folds 
yeojiha24: folds 
vimre24: folds 
Mahu2021: raises $0.20 to $0.30
putzkedudu: folds 
Danger22bigs: folds 
Uncalled bet ($0.20) returned to Mahu2021
Mahu2021 collected $0.25 from pot
Mahu2021: doesn't show hand 
*** SUMMARY ***
Total pot $0.25 | Rake $0 
Seat 1: Mahu2021 (button) collected ($0.25)
Seat 2: putzkedudu (small blind) folded before Flop
Seat 3: Danger22bigs (big blind) folded before Flop
Seat 4: 15lawrencea folded before Flop (didn't bet)
Seat 5: yeojiha24 folded before Flop (didn't bet)
Seat 6: vimre24 folded before Flop (didn't bet)



PokerStars Zoom Hand #254876574894:  Hold'em No Limit ($0.05/$0.10) - 2025/02/15 14:50:55 CET [2025/02/15 8:50:55 ET]
Table 'Aludra' 6-max Seat #1 is the button
Seat 1: xafaki13 ($12.40 in chips) 
Seat 2: vimre24 ($12.64 in chips) 
Seat 3: kloniss ($21.35 in chips) 
Seat 4: joee84 ($12.53 in chips) 
Seat 5: Mahu2021 ($11.33 in chips) 
Seat 6: Mumbeer1978 ($12.23 in chips) 
vimre24: posts small blind $0.05
kloniss: posts big blind $0.10
*** HOLE CARDS ***
Dealt to Mahu2021 [6h 6d]
joee84: raises $0.10 to $0.20
Mahu2021: folds 
Mumbeer1978: folds 
xafaki13: folds 
vimre24: raises $0.66 to $0.86
kloniss: folds 
joee84: calls $0.66
*** FLOP *** [Jc Kh 3d]
vimre24: bets $1.17
joee84: folds 
Uncalled bet ($1.17) returned to vimre24
vimre24 collected $1.74 from pot
vimre24: doesn't show hand 
*** SUMMARY ***
Total pot $1.82 | Rake $0.08 
Board [Jc Kh 3d]
Seat 1: xafaki13 (button) folded before Flop (didn't bet)
Seat 2: vimre24 (small blind) collected ($1.74)
Seat 3: kloniss (big blind) folded before Flop
Seat 4: joee84 folded on the Flop
Seat 5: Mahu2021 folded before Flop (didn't bet)
Seat 6: Mumbeer1978 folded before Flop (didn't bet)



PokerStars Zoom Hand #254876577458:  Hold'em No Limit ($0.05/$0.10) - 2025/02/15 14:51:09 CET [2025/02/15 8:51:09 ET]
Table 'Aludra' 6-max Seat #1 is the button
Seat 1: CaJe94 ($10.60 in chips) 
Seat 2: c0pp0ck ($12.05 in chips) 
Seat 3: cheddarman24 ($10 in chips) 
Seat 4: Mahu2021 ($11.38 in chips) 
Seat 5: zlizard ($10.89 in chips) 
Seat 6: Zwenni24 ($20.46 in chips) 
c0pp0ck: posts small blind $0.05
cheddarman24: posts big blind $0.10
*** HOLE CARDS ***
Dealt to Mahu2021 [2s 4s]
Mahu2021: folds 
zlizard: folds 
Zwenni24: folds 
CaJe94: raises $0.10 to $0.20
c0pp0ck: folds 
cheddarman24: calls $0.10
*** FLOP *** [7c Th Qc]
cheddarman24: checks 
CaJe94: bets $0.20
cheddarman24: raises $0.50 to $0.70
CaJe94: folds 
Uncalled bet ($0.50) returned to cheddarman24
cheddarman24 collected $0.81 from pot
cheddarman24: doesn't show hand 
*** SUMMARY ***
Total pot $0.85 | Rake $0.04 
Board [7c Th Qc]
Seat 1: CaJe94 (button) folded on the Flop
Seat 2: c0pp0ck (small blind) folded before Flop
Seat 3: cheddarman24 (big blind) collected ($0.81)
Seat 4: Mahu2021 folded before Flop (didn't bet)
Seat 5: zlizard folded before Flop (didn't bet)
Seat 6: Zwenni24 folded before Flop (didn't bet)



PokerStars Zoom Hand #254876572612:  Hold'em No Limit ($0.05/$0.10) - 2025/02/15 14:50:42 CET [2025/02/15 8:50:42 ET]
Table 'Aludra' 6-max Seat #1 is the button
Seat 1: HENRYPREMIUM ($22.75 in chips) 
Seat 2: Mahu2021 ($11.38 in chips) 
Seat 3: fixgear ($10.56 in chips) 
Seat 4: Jajje7 ($18.28 in chips) 
Seat 5: Clicker89 ($9.90 in chips) 
Seat 6: kloniss ($21.35 in chips) 
Mahu2021: posts small blind $0.05
fixgear: posts big blind $0.10
*** HOLE CARDS ***
Dealt to Mahu2021 [4h 7h]
Jajje7: folds 
Clicker89: raises $0.12 to $0.22
kloniss: folds 
HENRYPREMIUM: folds 
Mahu2021: folds 
fixgear: calls $0.12
*** FLOP *** [5c 4c Qc]
fixgear: checks 
Clicker89: bets $0.12
fixgear: calls $0.12
*** TURN *** [5c 4c Qc] [Ah]
fixgear: bets $0.35
Clicker89: folds 
Uncalled bet ($0.35) returned to fixgear
fixgear collected $0.70 from pot
fixgear: doesn't show hand 
*** SUMMARY ***
Total pot $0.73 | Rake $0.03 
Board [5c 4c Qc Ah]
Seat 1: HENRYPREMIUM (button) folded before Flop (didn't bet)
Seat 2: Mahu2021 (small blind) folded before Flop
Seat 3: fixgear (big blind) collected ($0.70)
Seat 4: Jajje7 folded before Flop (didn't bet)
Seat 5: Clicker89 folded on the Turn
Seat 6: kloniss folded before Flop (didn't bet)



PokerStars Zoom Hand #254876581617:  Hold'em No Limit ($0.05/$0.10) - 2025/02/15 14:51:31 CET [2025/02/15 8:51:31 ET]
Table 'Aludra' 6-max Seat #1 is the button
Seat 1: babiloniaxxx ($10 in chips) 
Seat 2: f12022 ($12.61 in chips) 
Seat 3: fixgear ($6.79 in chips) 
Seat 4: emo114 ($10.60 in chips) 
Seat 5: ronny2106 ($1.71 in chips) 
Seat 6: Mahu2021 ($11.48 in chips) 
f12022: posts small blind $0.05
fixgear: posts big blind $0.10
*** HOLE CARDS ***
Dealt to Mahu2021 [5d Ad]
emo114: folds 
ronny2106: folds 
Mahu2021: raises $0.14 to $0.24
babiloniaxxx: calls $0.24
f12022: folds 
fixgear: calls $0.14
*** FLOP *** [4h 4c Qd]
fixgear: checks 
Mahu2021: checks 
babiloniaxxx: checks 
*** TURN *** [4h 4c Qd] [5s]
fixgear: checks 
Mahu2021: bets $0.30
babiloniaxxx: folds 
fixgear: folds 
Uncalled bet ($0.30) returned to Mahu2021
Mahu2021 collected $0.74 from pot
Mahu2021: doesn't show hand 
*** SUMMARY ***
Total pot $0.77 | Rake $0.03 
Board [4h 4c Qd 5s]
Seat 1: babiloniaxxx (button) folded on the Turn
Seat 2: f12022 (small blind) folded before Flop
Seat 3: fixgear (big blind) folded on the Turn
Seat 4: emo114 folded before Flop (didn't bet)
Seat 5: ronny2106 folded before Flop (didn't bet)
Seat 6: Mahu2021 collected ($0.74)



PokerStars Zoom Hand #254876592241:  Hold'em No Limit ($0.05/$0.10) - 2025/02/15 14:52:28 CET [2025/02/15 8:52:28 ET]
Table 'Aludra' 6-max Seat #1 is the button
Seat 1: keirin459 ($10.32 in chips) 
Seat 2: Chakman1990 ($15.79 in chips) 
Seat 3: Mahu2021 ($11.98 in chips) 
Seat 4: aspatyh72 ($7.87 in chips) 
Seat 5: Ramster44 ($18.02 in chips) 
Seat 6: emo114 ($10.74 in chips) 
Chakman1990: posts small blind $0.05
Mahu2021: posts big blind $0.10
*** HOLE CARDS ***
Dealt to Mahu2021 [5d 6c]
aspatyh72: folds 
Ramster44: folds 
emo114: folds 
keirin459: raises $0.15 to $0.25
Chakman1990: folds 
Mahu2021: calls $0.15
*** FLOP *** [Qc 3d 2h]
Mahu2021: checks 
keirin459: checks 
*** TURN *** [Qc 3d 2h] [8c]
Mahu2021: checks 
keirin459: bets $0.37
Mahu2021: folds 
Uncalled bet ($0.37) returned to keirin459
keirin459 collected $0.53 from pot
keirin459: doesn't show hand 
*** SUMMARY ***
Total pot $0.55 | Rake $0.02 
Board [Qc 3d 2h 8c]
Seat 1: keirin459 (button) collected ($0.53)
Seat 2: Chakman1990 (small blind) folded before Flop
Seat 3: Mahu2021 (big blind) folded on the Turn
Seat 4: aspatyh72 folded before Flop (didn't bet)
Seat 5: Ramster44 folded before Flop (didn't bet)
Seat 6: emo114 folded before Flop (didn't bet)



PokerStars Zoom Hand #254876591513:  Hold'em No Limit ($0.05/$0.10) - 2025/02/15 14:52:24 CET [2025/02/15 8:52:24 ET]
Table 'Aludra' 6-max Seat #1 is the button
Seat 1: babiloniaxxx ($20.21 in chips) 
Seat 2: Baratrum777 ($10 in chips) 
Seat 3: megaloshara ($10 in chips) 
Seat 4: emo114 ($10.74 in chips) 
Seat 5: putzkedudu ($24.90 in chips) 
Seat 6: Mahu2021 ($11.98 in chips) 
Baratrum777: posts small blind $0.05
megaloshara: posts big blind $0.10
*** HOLE CARDS ***
Dealt to Mahu2021 [4s 7d]
emo114: folds 
putzkedudu: folds 
Mahu2021: folds 
babiloniaxxx: raises $0.15 to $0.25
Baratrum777: folds 
megaloshara: calls $0.15
*** FLOP *** [Qs 6s Qd]
megaloshara: checks 
babiloniaxxx: bets $0.27
megaloshara: folds 
Uncalled bet ($0.27) returned to babiloniaxxx
babiloniaxxx collected $0.53 from pot
babiloniaxxx: doesn't show hand 
*** SUMMARY ***
Total pot $0.55 | Rake $0.02 
Board [Qs 6s Qd]
Seat 1: babiloniaxxx (button) collected ($0.53)
Seat 2: Baratrum777 (small blind) folded before Flop
Seat 3: megaloshara (big blind) folded on the Flop
Seat 4: emo114 folded before Flop (didn't bet)
Seat 5: putzkedudu folded before Flop (didn't bet)
Seat 6: Mahu2021 folded before Flop (didn't bet)



PokerStars Zoom Hand #254876598429:  Hold'em No Limit ($0.05/$0.10) - 2025/02/15 14:53:01 CET [2025/02/15 8:53:01 ET]
Table 'Aludra' 6-max Seat #1 is the button
Seat 1: Fuchs225 ($9.85 in chips) 
Seat 2: Mahu2021 ($11.73 in chips) 
Seat 3: Danger22bigs ($10.65 in chips) 
Seat 4: keirin459 ($10.26 in chips) 
Seat 5: SANTINQN ($17.18 in chips) 
Seat 6: emo114 ($11.26 in chips) 
Mahu2021: posts small blind $0.05
Danger22bigs: posts big blind $0.10
*** HOLE CARDS ***
Dealt to Mahu2021 [Td Th]
keirin459: folds 
SANTINQN: folds 
emo114: raises $0.20 to $0.30
Fuchs225: folds 
Mahu2021: calls $0.25
Danger22bigs: calls $0.20
*** FLOP *** [Tc 3s Qs]
Mahu2021: checks 
Danger22bigs: checks 
emo114: checks 
*** TURN *** [Tc 3s Qs] [7c]
Mahu2021: bets $0.86
Danger22bigs: calls $0.86
emo114: folds 
*** RIVER *** [Tc 3s Qs 7c] [2c]
Mahu2021: checks 
Danger22bigs: bets $1.65
Mahu2021: calls $1.65
*** SHOW DOWN ***
Danger22bigs: shows [7h 7d] (three of a kind, Sevens)
Mahu2021: shows [Td Th] (three of a kind, Tens)
Mahu2021 collected $5.65 from pot
*** SUMMARY ***
Total pot $5.92 | Rake $0.27 
Board [Tc 3s Qs 7c 2c]
Seat 1: Fuchs225 (button) folded before Flop (didn't bet)
Seat 2: Mahu2021 (small blind) showed [Td Th] and won ($5.65) with three of a kind, Tens
Seat 3: Danger22bigs (big blind) showed [7h 7d] and lost with three of a kind, Sevens
Seat 4: keirin459 folded before Flop (didn't bet)
Seat 5: SANTINQN folded before Flop (didn't bet)
Seat 6: emo114 folded on the Turn



