PokerStars Hand #246791544672: Tournament #3665116782, $1.84+$0.16 USD Hold'em No Limit - Level I (10/20) - 2023/10/28 18:49:08 CET [2023/10/28 12:49:08 ET]
Table '3665116782 1' 3-max Seat #1 is the button
Seat 1: Mahu2021 (500 in chips) 
Seat 2: evertonisrael92 (500 in chips) 
Seat 3: Bycull (500 in chips) 
evertonisrael92: posts small blind 10
Bycull: posts big blind 20
*** HOLE CARDS ***
Dealt to Mahu2021 [4d Kh]
Mahu2021: folds 
evertonisrael92: calls 10
Bycull: checks 
*** FLOP *** [6d 2h 5c]
evertonisrael92: checks 
Bycull: checks 
*** TURN *** [6d 2h 5c] [Th]
evertonisrael92: checks 
Bycull: checks 
*** RIVER *** [6d 2h 5c Th] [2s]
evertonisrael92: checks 
Bycull: checks 
*** SHOW DOWN ***
evertonisrael92: shows [9d 7h] (a pair of Deuces)
Bycull: mucks hand 
evertonisrael92 collected 40 from pot
*** SUMMARY ***
Total pot 40 | Rake 0 
Board [6d 2h 5c Th 2s]
Seat 1: Mahu2021 (button) folded before Flop (didn't bet)
Seat 2: evertonisrael92 (small blind) showed [9d 7h] and won (40) with a pair of Deuces
Seat 3: Bycull (big blind) mucked [3h 8c]



PokerStars Hand #246791549206: Tournament #3665116782, $1.84+$0.16 USD Hold'em No Limit - Level I (10/20) - 2023/10/28 18:49:24 CET [2023/10/28 12:49:24 ET]
Table '3665116782 1' 3-max Seat #2 is the button
Seat 1: Mahu2021 (500 in chips) 
Seat 2: evertonisrael92 (520 in chips) 
Seat 3: Bycull (480 in chips) 
Bycull: posts small blind 10
Mahu2021: posts big blind 20
*** HOLE CARDS ***
Dealt to Mahu2021 [9d 3d]
evertonisrael92: calls 20
Bycull: calls 10
Mahu2021: checks 
*** FLOP *** [6d 5d Kh]
Bycull: checks 
Mahu2021: bets 20
evertonisrael92: calls 20
Bycull: folds 
*** TURN *** [6d 5d Kh] [8h]
Mahu2021: checks 
evertonisrael92: checks 
*** RIVER *** [6d 5d Kh 8h] [4c]
Mahu2021: checks 
evertonisrael92: bets 50
Mahu2021: folds 
Uncalled bet (50) returned to evertonisrael92
evertonisrael92 collected 100 from pot
*** SUMMARY ***
Total pot 100 | Rake 0 
Board [6d 5d Kh 8h 4c]
Seat 1: Mahu2021 (big blind) folded on the River
Seat 2: evertonisrael92 (button) collected (100)
Seat 3: Bycull (small blind) folded on the Flop



PokerStars Hand #246791555264: Tournament #3665116782, $1.84+$0.16 USD Hold'em No Limit - Level I (10/20) - 2023/10/28 18:49:45 CET [2023/10/28 12:49:45 ET]
Table '3665116782 1' 3-max Seat #3 is the button
Seat 1: Mahu2021 (460 in chips) 
Seat 2: evertonisrael92 (580 in chips) 
Seat 3: Bycull (460 in chips) 
Mahu2021: posts small blind 10
evertonisrael92: posts big blind 20
*** HOLE CARDS ***
Dealt to Mahu2021 [8s 6d]
Bycull: calls 20
Mahu2021: folds 
evertonisrael92: checks 
*** FLOP *** [8h 2s 4s]
evertonisrael92: checks 
Bycull: checks 
*** TURN *** [8h 2s 4s] [Kh]
evertonisrael92: checks 
Bycull: checks 
*** RIVER *** [8h 2s 4s Kh] [Jh]
evertonisrael92: checks 
Bycull: checks 
*** SHOW DOWN ***
evertonisrael92: shows [9c Ts] (high card King)
Bycull: shows [Ac 3s] (high card Ace)
Bycull collected 50 from pot
*** SUMMARY ***
Total pot 50 | Rake 0 
Board [8h 2s 4s Kh Jh]
Seat 1: Mahu2021 (small blind) folded before Flop
Seat 2: evertonisrael92 (big blind) showed [9c Ts] and lost with high card King
Seat 3: Bycull (button) showed [Ac 3s] and won (50) with high card Ace



PokerStars Hand #246791559199: Tournament #3665116782, $1.84+$0.16 USD Hold'em No Limit - Level I (10/20) - 2023/10/28 18:49:58 CET [2023/10/28 12:49:58 ET]
Table '3665116782 1' 3-max Seat #1 is the button
Seat 1: Mahu2021 (450 in chips) 
Seat 2: evertonisrael92 (560 in chips) 
Seat 3: Bycull (490 in chips) 
evertonisrael92: posts small blind 10
Bycull: posts big blind 20
*** HOLE CARDS ***
Dealt to Mahu2021 [5d 6s]
Mahu2021: folds 
evertonisrael92: calls 10
Bycull: checks 
*** FLOP *** [Ac 7c 3s]
evertonisrael92: bets 20
Bycull: folds 
Uncalled bet (20) returned to evertonisrael92
evertonisrael92 collected 40 from pot
*** SUMMARY ***
Total pot 40 | Rake 0 
Board [Ac 7c 3s]
Seat 1: Mahu2021 (button) folded before Flop (didn't bet)
Seat 2: evertonisrael92 (small blind) collected (40)
Seat 3: Bycull (big blind) folded on the Flop



PokerStars Hand #246791562154: Tournament #3665116782, $1.84+$0.16 USD Hold'em No Limit - Level I (10/20) - 2023/10/28 18:50:08 CET [2023/10/28 12:50:08 ET]
Table '3665116782 1' 3-max Seat #2 is the button
Seat 1: Mahu2021 (450 in chips) 
Seat 2: evertonisrael92 (580 in chips) 
Seat 3: Bycull (470 in chips) 
Bycull: posts small blind 10
Mahu2021: posts big blind 20
*** HOLE CARDS ***
Dealt to Mahu2021 [4h Td]
evertonisrael92: calls 20
Bycull: calls 10
Mahu2021: checks 
*** FLOP *** [9s 3h 6c]
Bycull: checks 
Mahu2021: checks 
evertonisrael92: checks 
*** TURN *** [9s 3h 6c] [2h]
Bycull: checks 
Mahu2021: checks 
evertonisrael92: checks 
*** RIVER *** [9s 3h 6c 2h] [8d]
Bycull: checks 
Mahu2021: checks 
evertonisrael92: checks 
*** SHOW DOWN ***
Bycull: shows [4c 7h] (high card Nine)
Mahu2021: shows [4h Td] (high card Ten)
evertonisrael92: shows [Qh As] (high card Ace)
evertonisrael92 collected 60 from pot
*** SUMMARY ***
Total pot 60 | Rake 0 
Board [9s 3h 6c 2h 8d]
Seat 1: Mahu2021 (big blind) showed [4h Td] and lost with high card Ten
Seat 2: evertonisrael92 (button) showed [Qh As] and won (60) with high card Ace
Seat 3: Bycull (small blind) showed [4c 7h] and lost with high card Nine



PokerStars Hand #246791566211: Tournament #3665116782, $1.84+$0.16 USD Hold'em No Limit - Level I (10/20) - 2023/10/28 18:50:22 CET [2023/10/28 12:50:22 ET]
Table '3665116782 1' 3-max Seat #3 is the button
Seat 1: Mahu2021 (430 in chips) 
Seat 2: evertonisrael92 (620 in chips) 
Seat 3: Bycull (450 in chips) 
Mahu2021: posts small blind 10
evertonisrael92: posts big blind 20
*** HOLE CARDS ***
Dealt to Mahu2021 [8h Tc]
Bycull: folds 
Mahu2021: folds 
Uncalled bet (10) returned to evertonisrael92
evertonisrael92 collected 20 from pot
*** SUMMARY ***
Total pot 20 | Rake 0 
Seat 1: Mahu2021 (small blind) folded before Flop
Seat 2: evertonisrael92 (big blind) collected (20)
Seat 3: Bycull (button) folded before Flop (didn't bet)



PokerStars Hand #246791567703: Tournament #3665116782, $1.84+$0.16 USD Hold'em No Limit - Level I (10/20) - 2023/10/28 18:50:27 CET [2023/10/28 12:50:27 ET]
Table '3665116782 1' 3-max Seat #1 is the button
Seat 1: Mahu2021 (420 in chips) 
Seat 2: evertonisrael92 (630 in chips) 
Seat 3: Bycull (450 in chips) 
evertonisrael92: posts small blind 10
Bycull: posts big blind 20
*** HOLE CARDS ***
Dealt to Mahu2021 [6h Th]
Mahu2021: folds 
evertonisrael92: calls 10
Bycull: checks 
*** FLOP *** [9s 4s Jd]
evertonisrael92: bets 20
Bycull: folds 
Uncalled bet (20) returned to evertonisrael92
evertonisrael92 collected 40 from pot
*** SUMMARY ***
Total pot 40 | Rake 0 
Board [9s 4s Jd]
Seat 1: Mahu2021 (button) folded before Flop (didn't bet)
Seat 2: evertonisrael92 (small blind) collected (40)
Seat 3: Bycull (big blind) folded on the Flop



PokerStars Hand #246791570496: Tournament #3665116782, $1.84+$0.16 USD Hold'em No Limit - Level I (10/20) - 2023/10/28 18:50:37 CET [2023/10/28 12:50:37 ET]
Table '3665116782 1' 3-max Seat #2 is the button
Seat 1: Mahu2021 (420 in chips) 
Seat 2: evertonisrael92 (650 in chips) 
Seat 3: Bycull (430 in chips) 
Bycull: posts small blind 10
Mahu2021: posts big blind 20
*** HOLE CARDS ***
Dealt to Mahu2021 [2s 5d]
evertonisrael92: calls 20
Bycull: calls 10
Mahu2021: checks 
*** FLOP *** [Ts Ah Qh]
Bycull: checks 
Mahu2021: checks 
evertonisrael92: checks 
*** TURN *** [Ts Ah Qh] [Qs]
Bycull: bets 20
Mahu2021: folds 
evertonisrael92: calls 20
*** RIVER *** [Ts Ah Qh Qs] [Td]
Bycull: bets 50
evertonisrael92: calls 50
*** SHOW DOWN ***
Bycull: shows [7h Qc] (a full house, Queens full of Tens)
evertonisrael92: mucks hand 
Bycull collected 200 from pot
*** SUMMARY ***
Total pot 200 | Rake 0 
Board [Ts Ah Qh Qs Td]
Seat 1: Mahu2021 (big blind) folded on the Turn
Seat 2: evertonisrael92 (button) mucked [Kc 3s]
Seat 3: Bycull (small blind) showed [7h Qc] and won (200) with a full house, Queens full of Tens



PokerStars Hand #246791576028: Tournament #3665116782, $1.84+$0.16 USD Hold'em No Limit - Level I (10/20) - 2023/10/28 18:50:56 CET [2023/10/28 12:50:56 ET]
Table '3665116782 1' 3-max Seat #3 is the button
Seat 1: Mahu2021 (400 in chips) 
Seat 2: evertonisrael92 (560 in chips) 
Seat 3: Bycull (540 in chips) 
Mahu2021: posts small blind 10
evertonisrael92: posts big blind 20
*** HOLE CARDS ***
Dealt to Mahu2021 [Qs 8c]
Bycull: raises 50 to 70
Mahu2021: folds 
evertonisrael92: calls 50
*** FLOP *** [3h 4h 2s]
evertonisrael92: checks 
Bycull: bets 75
evertonisrael92: folds 
Uncalled bet (75) returned to Bycull
Bycull collected 150 from pot
Bycull: doesn't show hand 
*** SUMMARY ***
Total pot 150 | Rake 0 
Board [3h 4h 2s]
Seat 1: Mahu2021 (small blind) folded before Flop
Seat 2: evertonisrael92 (big blind) folded on the Flop
Seat 3: Bycull (button) collected (150)



PokerStars Hand #246791579781: Tournament #3665116782, $1.84+$0.16 USD Hold'em No Limit - Level I (10/20) - 2023/10/28 18:51:09 CET [2023/10/28 12:51:09 ET]
Table '3665116782 1' 3-max Seat #1 is the button
Seat 1: Mahu2021 (390 in chips) 
Seat 2: evertonisrael92 (490 in chips) 
Seat 3: Bycull (620 in chips) 
evertonisrael92: posts small blind 10
Bycull: posts big blind 20
*** HOLE CARDS ***
Dealt to Mahu2021 [2d 3h]
Mahu2021: folds 
evertonisrael92: raises 20 to 40
Bycull: calls 20
*** FLOP *** [Qd 7s Ac]
evertonisrael92: bets 20
Bycull: calls 20
*** TURN *** [Qd 7s Ac] [Ks]
evertonisrael92: bets 20
Bycull: calls 20
*** RIVER *** [Qd 7s Ac Ks] [9h]
evertonisrael92: bets 80
Bycull: calls 80
*** SHOW DOWN ***
evertonisrael92: shows [Ad 4h] (a pair of Aces)
Bycull: mucks hand 
evertonisrael92 collected 320 from pot
*** SUMMARY ***
Total pot 320 | Rake 0 
Board [Qd 7s Ac Ks 9h]
Seat 1: Mahu2021 (button) folded before Flop (didn't bet)
Seat 2: evertonisrael92 (small blind) showed [Ad 4h] and won (320) with a pair of Aces
Seat 3: Bycull (big blind) mucked [Td Qh]



PokerStars Hand #246791584292: Tournament #3665116782, $1.84+$0.16 USD Hold'em No Limit - Level I (10/20) - 2023/10/28 18:51:24 CET [2023/10/28 12:51:24 ET]
Table '3665116782 1' 3-max Seat #2 is the button
Seat 1: Mahu2021 (390 in chips) 
Seat 2: evertonisrael92 (650 in chips) 
Seat 3: Bycull (460 in chips) 
Bycull: posts small blind 10
Mahu2021: posts big blind 20
*** HOLE CARDS ***
Dealt to Mahu2021 [3c Ac]
evertonisrael92: calls 20
Bycull: calls 10
Mahu2021: raises 60 to 80
evertonisrael92: folds 
Bycull: folds 
Uncalled bet (60) returned to Mahu2021
Mahu2021 collected 60 from pot
Mahu2021: doesn't show hand 
*** SUMMARY ***
Total pot 60 | Rake 0 
Seat 1: Mahu2021 (big blind) collected (60)
Seat 2: evertonisrael92 (button) folded before Flop
Seat 3: Bycull (small blind) folded before Flop



PokerStars Hand #246791586882: Tournament #3665116782, $1.84+$0.16 USD Hold'em No Limit - Level I (10/20) - 2023/10/28 18:51:33 CET [2023/10/28 12:51:33 ET]
Table '3665116782 1' 3-max Seat #3 is the button
Seat 1: Mahu2021 (430 in chips) 
Seat 2: evertonisrael92 (630 in chips) 
Seat 3: Bycull (440 in chips) 
Mahu2021: posts small blind 10
evertonisrael92: posts big blind 20
*** HOLE CARDS ***
Dealt to Mahu2021 [7c 3d]
Bycull: folds 
Mahu2021: folds 
Uncalled bet (10) returned to evertonisrael92
evertonisrael92 collected 20 from pot
*** SUMMARY ***
Total pot 20 | Rake 0 
Seat 1: Mahu2021 (small blind) folded before Flop
Seat 2: evertonisrael92 (big blind) collected (20)
Seat 3: Bycull (button) folded before Flop (didn't bet)



PokerStars Hand #246791588400: Tournament #3665116782, $1.84+$0.16 USD Hold'em No Limit - Level I (10/20) - 2023/10/28 18:51:39 CET [2023/10/28 12:51:39 ET]
Table '3665116782 1' 3-max Seat #1 is the button
Seat 1: Mahu2021 (420 in chips) 
Seat 2: evertonisrael92 (640 in chips) 
Seat 3: Bycull (440 in chips) 
evertonisrael92: posts small blind 10
Bycull: posts big blind 20
*** HOLE CARDS ***
Dealt to Mahu2021 [7s 4c]
Mahu2021: folds 
evertonisrael92: calls 10
Bycull: checks 
*** FLOP *** [6h 3s Ks]
evertonisrael92: checks 
Bycull: checks 
*** TURN *** [6h 3s Ks] [8h]
evertonisrael92: checks 
Bycull: checks 
*** RIVER *** [6h 3s Ks 8h] [7d]
evertonisrael92: checks 
Bycull: checks 
*** SHOW DOWN ***
evertonisrael92: shows [2h 4h] (high card King)
Bycull: shows [Tc 5s] (high card King - Ten kicker)
Bycull collected 40 from pot
*** SUMMARY ***
Total pot 40 | Rake 0 
Board [6h 3s Ks 8h 7d]
Seat 1: Mahu2021 (button) folded before Flop (didn't bet)
Seat 2: evertonisrael92 (small blind) showed [2h 4h] and lost with high card King
Seat 3: Bycull (big blind) showed [Tc 5s] and won (40) with high card King



PokerStars Hand #246791592892: Tournament #3665116782, $1.84+$0.16 USD Hold'em No Limit - Level I (10/20) - 2023/10/28 18:51:54 CET [2023/10/28 12:51:54 ET]
Table '3665116782 1' 3-max Seat #2 is the button
Seat 1: Mahu2021 (420 in chips) 
Seat 2: evertonisrael92 (620 in chips) 
Seat 3: Bycull (460 in chips) 
Bycull: posts small blind 10
Mahu2021: posts big blind 20
*** HOLE CARDS ***
Dealt to Mahu2021 [2d 4s]
evertonisrael92: calls 20
Bycull: calls 10
Mahu2021: checks 
*** FLOP *** [4d 9h 3d]
Bycull: checks 
Mahu2021: bets 20
evertonisrael92: folds 
Bycull: folds 
Uncalled bet (20) returned to Mahu2021
Mahu2021 collected 60 from pot
Mahu2021: doesn't show hand 
*** SUMMARY ***
Total pot 60 | Rake 0 
Board [4d 9h 3d]
Seat 1: Mahu2021 (big blind) collected (60)
Seat 2: evertonisrael92 (button) folded on the Flop
Seat 3: Bycull (small blind) folded on the Flop



PokerStars Hand #246791596523: Tournament #3665116782, $1.84+$0.16 USD Hold'em No Limit - Level I (10/20) - 2023/10/28 18:52:06 CET [2023/10/28 12:52:06 ET]
Table '3665116782 1' 3-max Seat #3 is the button
Seat 1: Mahu2021 (460 in chips) 
Seat 2: evertonisrael92 (600 in chips) 
Seat 3: Bycull (440 in chips) 
Mahu2021: posts small blind 10
evertonisrael92: posts big blind 20
*** HOLE CARDS ***
Dealt to Mahu2021 [Th Qh]
Bycull: raises 20 to 40
Mahu2021: calls 30
evertonisrael92: calls 20
*** FLOP *** [Ts Js 5s]
Mahu2021: checks 
evertonisrael92: bets 20
Bycull: calls 20
Mahu2021: folds 
*** TURN *** [Ts Js 5s] [7d]
evertonisrael92: bets 20
Bycull: calls 20
*** RIVER *** [Ts Js 5s 7d] [Qs]
evertonisrael92: bets 20
Bycull: calls 20
*** SHOW DOWN ***
evertonisrael92: shows [8h 9c] (a straight, Eight to Queen)
Bycull: shows [Ah Kh] (a straight, Ten to Ace)
Bycull collected 240 from pot
*** SUMMARY ***
Total pot 240 | Rake 0 
Board [Ts Js 5s 7d Qs]
Seat 1: Mahu2021 (small blind) folded on the Flop
Seat 2: evertonisrael92 (big blind) showed [8h 9c] and lost with a straight, Eight to Queen
Seat 3: Bycull (button) showed [Ah Kh] and won (240) with a straight, Ten to Ace



PokerStars Hand #246791602503: Tournament #3665116782, $1.84+$0.16 USD Hold'em No Limit - Level II (15/30) - 2023/10/28 18:52:27 CET [2023/10/28 12:52:27 ET]
Table '3665116782 1' 3-max Seat #1 is the button
Seat 1: Mahu2021 (420 in chips) 
Seat 2: evertonisrael92 (500 in chips) 
Seat 3: Bycull (580 in chips) 
evertonisrael92: posts small blind 15
Bycull: posts big blind 30
*** HOLE CARDS ***
Dealt to Mahu2021 [Kd 7s]
Mahu2021: folds 
evertonisrael92: calls 15
Bycull: checks 
*** FLOP *** [6d 4c 8h]
evertonisrael92: bets 30
Bycull: folds 
Uncalled bet (30) returned to evertonisrael92
evertonisrael92 collected 60 from pot
*** SUMMARY ***
Total pot 60 | Rake 0 
Board [6d 4c 8h]
Seat 1: Mahu2021 (button) folded before Flop (didn't bet)
Seat 2: evertonisrael92 (small blind) collected (60)
Seat 3: Bycull (big blind) folded on the Flop



PokerStars Hand #246791605397: Tournament #3665116782, $1.84+$0.16 USD Hold'em No Limit - Level II (15/30) - 2023/10/28 18:52:37 CET [2023/10/28 12:52:37 ET]
Table '3665116782 1' 3-max Seat #2 is the button
Seat 1: Mahu2021 (420 in chips) 
Seat 2: evertonisrael92 (530 in chips) 
Seat 3: Bycull (550 in chips) 
Bycull: posts small blind 15
Mahu2021: posts big blind 30
*** HOLE CARDS ***
Dealt to Mahu2021 [9c Kc]
evertonisrael92: calls 30
Bycull: calls 15
Mahu2021: raises 90 to 120
evertonisrael92: calls 90
Bycull: calls 90
*** FLOP *** [Ts 8s 5c]
Bycull: bets 360
Mahu2021: folds 
evertonisrael92: folds [2s 2c]
Uncalled bet (360) returned to Bycull
Bycull collected 360 from pot
Bycull: doesn't show hand 
*** SUMMARY ***
Total pot 360 | Rake 0 
Board [Ts 8s 5c]
Seat 1: Mahu2021 (big blind) folded on the Flop
Seat 2: evertonisrael92 (button) folded on the Flop
Seat 3: Bycull (small blind) collected (360)



PokerStars Hand #246791610334: Tournament #3665116782, $1.84+$0.16 USD Hold'em No Limit - Level II (15/30) - 2023/10/28 18:52:54 CET [2023/10/28 12:52:54 ET]
Table '3665116782 1' 3-max Seat #3 is the button
Seat 1: Mahu2021 (300 in chips) 
Seat 2: evertonisrael92 (410 in chips) 
Seat 3: Bycull (790 in chips) 
Mahu2021: posts small blind 15
evertonisrael92: posts big blind 30
*** HOLE CARDS ***
Dealt to Mahu2021 [8h Ks]
Bycull: folds 
Mahu2021: raises 30 to 60
evertonisrael92: calls 30
*** FLOP *** [7h 9s 2s]
Mahu2021: bets 60
evertonisrael92: calls 60
*** TURN *** [7h 9s 2s] [2d]
Mahu2021: bets 180 and is all-in
evertonisrael92: calls 180
*** RIVER *** [7h 9s 2s 2d] [7d]
*** SHOW DOWN ***
Mahu2021: shows [8h Ks] (two pair, Sevens and Deuces)
evertonisrael92: shows [2h 8c] (a full house, Deuces full of Sevens)
evertonisrael92 collected 600 from pot
Mahu2021 finished the tournament in 3rd place
*** SUMMARY ***
Total pot 600 | Rake 0 
Board [7h 9s 2s 2d 7d]
Seat 1: Mahu2021 (small blind) showed [8h Ks] and lost with two pair, Sevens and Deuces
Seat 2: evertonisrael92 (big blind) showed [2h 8c] and won (600) with a full house, Deuces full of Sevens
Seat 3: Bycull (button) folded before Flop (didn't bet)



