PokerStars Hand #246175327069: Tournament #3649941800, $0.92+$0.08 USD Hold'em No Limit - Level I (10/20) - 2023/09/25 20:09:59 CET [2023/09/25 14:09:59 ET]
Table '3649941800 1' 3-max Seat #1 is the button
Seat 1: Mahu2021 (500 in chips) 
Seat 2: gogutu1077 (500 in chips) 
Seat 3: Morro108 (500 in chips) 
gogutu1077: posts small blind 10
Morro108: posts big blind 20
*** HOLE CARDS ***
Dealt to Mahu2021 [Js 2h]
Mahu2021: folds 
gogutu1077: raises 20 to 40
Morro108: calls 20
*** FLOP *** [4h 9h 8d]
gogutu1077: bets 40
Morro108: calls 40
*** TURN *** [4h 9h 8d] [8h]
gogutu1077: bets 40
Morro108: calls 40
*** RIVER *** [4h 9h 8d 8h] [7s]
gogutu1077: bets 380 and is all-in
Morro108: folds 
Uncalled bet (380) returned to gogutu1077
gogutu1077 collected 240 from pot
gogutu1077: doesn't show hand 
*** SUMMARY ***
Total pot 240 | Rake 0 
Board [4h 9h 8d 8h 7s]
Seat 1: Mahu2021 (button) folded before Flop (didn't bet)
Seat 2: gogutu1077 (small blind) collected (240)
Seat 3: Morro108 (big blind) folded on the River



PokerStars Hand #246175336871: Tournament #3649941800, $0.92+$0.08 USD Hold'em No Limit - Level I (10/20) - 2023/09/25 20:10:28 CET [2023/09/25 14:10:28 ET]
Table '3649941800 1' 3-max Seat #2 is the button
Seat 1: Mahu2021 (500 in chips) 
Seat 2: gogutu1077 (620 in chips) 
Seat 3: Morro108 (380 in chips) 
Morro108: posts small blind 10
Mahu2021: posts big blind 20
*** HOLE CARDS ***
Dealt to Mahu2021 [4d 4c]
gogutu1077: raises 600 to 620 and is all-in
Morro108: calls 370 and is all-in
Mahu2021: calls 480 and is all-in
Uncalled bet (120) returned to gogutu1077
*** FLOP *** [Kh Js 7d]
*** TURN *** [Kh Js 7d] [Th]
*** RIVER *** [Kh Js 7d Th] [2d]
*** SHOW DOWN ***
Mahu2021: shows [4d 4c] (a pair of Fours)
gogutu1077: shows [Ac 9h] (high card Ace)
Mahu2021 collected 240 from side pot
Morro108: shows [Ks Qs] (a pair of Kings)
Morro108 collected 1140 from main pot
*** SUMMARY ***
Total pot 1380 Main pot 1140. Side pot 240. | Rake 0 
Board [Kh Js 7d Th 2d]
Seat 1: Mahu2021 (big blind) showed [4d 4c] and won (240) with a pair of Fours
Seat 2: gogutu1077 (button) showed [Ac 9h] and lost with high card Ace
Seat 3: Morro108 (small blind) showed [Ks Qs] and won (1140) with a pair of Kings



PokerStars Hand #246175343676: Tournament #3649941800, $0.92+$0.08 USD Hold'em No Limit - Level I (10/20) - 2023/09/25 20:10:47 CET [2023/09/25 14:10:47 ET]
Table '3649941800 1' 3-max Seat #3 is the button
Seat 1: Mahu2021 (240 in chips) 
Seat 2: gogutu1077 (120 in chips) 
Seat 3: Morro108 (1140 in chips) 
Mahu2021: posts small blind 10
gogutu1077: posts big blind 20
*** HOLE CARDS ***
Dealt to Mahu2021 [8d 5h]
Morro108: folds 
Mahu2021: folds 
Uncalled bet (10) returned to gogutu1077
gogutu1077 collected 20 from pot
gogutu1077: doesn't show hand 
*** SUMMARY ***
Total pot 20 | Rake 0 
Seat 1: Mahu2021 (small blind) folded before Flop
Seat 2: gogutu1077 (big blind) collected (20)
Seat 3: Morro108 (button) folded before Flop (didn't bet)



PokerStars Hand #246175346108: Tournament #3649941800, $0.92+$0.08 USD Hold'em No Limit - Level I (10/20) - 2023/09/25 20:10:54 CET [2023/09/25 14:10:54 ET]
Table '3649941800 1' 3-max Seat #1 is the button
Seat 1: Mahu2021 (230 in chips) 
Seat 2: gogutu1077 (130 in chips) 
Seat 3: Morro108 (1140 in chips) 
gogutu1077: posts small blind 10
Morro108: posts big blind 20
*** HOLE CARDS ***
Dealt to Mahu2021 [3s 4c]
Mahu2021: folds 
gogutu1077: raises 110 to 130 and is all-in
Morro108: calls 110
*** FLOP *** [8d Ts 5d]
*** TURN *** [8d Ts 5d] [Ad]
*** RIVER *** [8d Ts 5d Ad] [Th]
*** SHOW DOWN ***
gogutu1077: shows [Kc 6h] (a pair of Tens)
Morro108: shows [6c Qh] (a pair of Tens - lower kicker)
gogutu1077 collected 260 from pot
*** SUMMARY ***
Total pot 260 | Rake 0 
Board [8d Ts 5d Ad Th]
Seat 1: Mahu2021 (button) folded before Flop (didn't bet)
Seat 2: gogutu1077 (small blind) showed [Kc 6h] and won (260) with a pair of Tens
Seat 3: Morro108 (big blind) showed [6c Qh] and lost with a pair of Tens



PokerStars Hand #246175351095: Tournament #3649941800, $0.92+$0.08 USD Hold'em No Limit - Level I (10/20) - 2023/09/25 20:11:09 CET [2023/09/25 14:11:09 ET]
Table '3649941800 1' 3-max Seat #2 is the button
Seat 1: Mahu2021 (230 in chips) 
Seat 2: gogutu1077 (260 in chips) 
Seat 3: Morro108 (1010 in chips) 
Morro108: posts small blind 10
Mahu2021: posts big blind 20
*** HOLE CARDS ***
Dealt to Mahu2021 [6h Kd]
gogutu1077: folds 
Morro108: raises 40 to 60
Mahu2021: raises 170 to 230 and is all-in
Morro108: calls 170
*** FLOP *** [2h 3h 2c]
*** TURN *** [2h 3h 2c] [3c]
*** RIVER *** [2h 3h 2c 3c] [Ks]
*** SHOW DOWN ***
Morro108: shows [5s 5d] (two pair, Fives and Threes)
Mahu2021: shows [6h Kd] (two pair, Kings and Threes)
Mahu2021 collected 460 from pot
*** SUMMARY ***
Total pot 460 | Rake 0 
Board [2h 3h 2c 3c Ks]
Seat 1: Mahu2021 (big blind) showed [6h Kd] and won (460) with two pair, Kings and Threes
Seat 2: gogutu1077 (button) folded before Flop (didn't bet)
Seat 3: Morro108 (small blind) showed [5s 5d] and lost with two pair, Fives and Threes



PokerStars Hand #246175356755: Tournament #3649941800, $0.92+$0.08 USD Hold'em No Limit - Level I (10/20) - 2023/09/25 20:11:25 CET [2023/09/25 14:11:25 ET]
Table '3649941800 1' 3-max Seat #3 is the button
Seat 1: Mahu2021 (460 in chips) 
Seat 2: gogutu1077 (260 in chips) 
Seat 3: Morro108 (780 in chips) 
Mahu2021: posts small blind 10
gogutu1077: posts big blind 20
*** HOLE CARDS ***
Dealt to Mahu2021 [5h 4h]
Morro108: raises 40 to 60
Mahu2021: folds 
gogutu1077: calls 40
*** FLOP *** [2c Ac 5d]
gogutu1077: checks 
Morro108: checks 
*** TURN *** [2c Ac 5d] [3d]
gogutu1077: checks 
Morro108: checks 
*** RIVER *** [2c Ac 5d 3d] [6d]
gogutu1077: bets 200 and is all-in
Morro108: folds 
Uncalled bet (200) returned to gogutu1077
gogutu1077 collected 130 from pot
gogutu1077: doesn't show hand 
*** SUMMARY ***
Total pot 130 | Rake 0 
Board [2c Ac 5d 3d 6d]
Seat 1: Mahu2021 (small blind) folded before Flop
Seat 2: gogutu1077 (big blind) collected (130)
Seat 3: Morro108 (button) folded on the River



PokerStars Hand #246175366470: Tournament #3649941800, $0.92+$0.08 USD Hold'em No Limit - Level I (10/20) - 2023/09/25 20:11:53 CET [2023/09/25 14:11:53 ET]
Table '3649941800 1' 3-max Seat #1 is the button
Seat 1: Mahu2021 (450 in chips) 
Seat 2: gogutu1077 (330 in chips) 
Seat 3: Morro108 (720 in chips) 
gogutu1077: posts small blind 10
Morro108: posts big blind 20
*** HOLE CARDS ***
Dealt to Mahu2021 [Kh Qh]
Mahu2021: raises 20 to 40
gogutu1077: raises 290 to 330 and is all-in
Morro108: folds 
Mahu2021: calls 290
*** FLOP *** [Ks 4h 2c]
*** TURN *** [Ks 4h 2c] [Ah]
*** RIVER *** [Ks 4h 2c Ah] [8c]
*** SHOW DOWN ***
gogutu1077: shows [Th Ts] (a pair of Tens)
Mahu2021: shows [Kh Qh] (a pair of Kings)
Mahu2021 collected 680 from pot
gogutu1077 finished the tournament in 3rd place
*** SUMMARY ***
Total pot 680 | Rake 0 
Board [Ks 4h 2c Ah 8c]
Seat 1: Mahu2021 (button) showed [Kh Qh] and won (680) with a pair of Kings
Seat 2: gogutu1077 (small blind) showed [Th Ts] and lost with a pair of Tens
Seat 3: Morro108 (big blind) folded before Flop



PokerStars Hand #246175373771: Tournament #3649941800, $0.92+$0.08 USD Hold'em No Limit - Level I (10/20) - 2023/09/25 20:12:14 CET [2023/09/25 14:12:14 ET]
Table '3649941800 1' 3-max Seat #3 is the button
Seat 1: Mahu2021 (800 in chips) 
Seat 3: Morro108 (700 in chips) 
Morro108: posts small blind 10
Mahu2021: posts big blind 20
*** HOLE CARDS ***
Dealt to Mahu2021 [Qs Th]
Morro108: raises 40 to 60
Mahu2021: calls 40
*** FLOP *** [5c 9d 4c]
Mahu2021: checks 
Morro108: bets 100
Mahu2021: folds 
Uncalled bet (100) returned to Morro108
Morro108 collected 120 from pot
Morro108: doesn't show hand 
*** SUMMARY ***
Total pot 120 | Rake 0 
Board [5c 9d 4c]
Seat 1: Mahu2021 (big blind) folded on the Flop
Seat 3: Morro108 (button) (small blind) collected (120)



PokerStars Hand #246175378453: Tournament #3649941800, $0.92+$0.08 USD Hold'em No Limit - Level I (10/20) - 2023/09/25 20:12:27 CET [2023/09/25 14:12:27 ET]
Table '3649941800 1' 3-max Seat #1 is the button
Seat 1: Mahu2021 (740 in chips) 
Seat 3: Morro108 (760 in chips) 
Mahu2021: posts small blind 10
Morro108: posts big blind 20
*** HOLE CARDS ***
Dealt to Mahu2021 [Js Ks]
Mahu2021: raises 40 to 60
Morro108: folds 
Uncalled bet (40) returned to Mahu2021
Mahu2021 collected 40 from pot
Mahu2021: doesn't show hand 
*** SUMMARY ***
Total pot 40 | Rake 0 
Seat 1: Mahu2021 (button) (small blind) collected (40)
Seat 3: Morro108 (big blind) folded before Flop



PokerStars Hand #246175381138: Tournament #3649941800, $0.92+$0.08 USD Hold'em No Limit - Level I (10/20) - 2023/09/25 20:12:35 CET [2023/09/25 14:12:35 ET]
Table '3649941800 1' 3-max Seat #3 is the button
Seat 1: Mahu2021 (760 in chips) 
Seat 3: Morro108 (740 in chips) 
Morro108: posts small blind 10
Mahu2021: posts big blind 20
*** HOLE CARDS ***
Dealt to Mahu2021 [7d 6c]
Morro108: raises 40 to 60
Mahu2021: calls 40
*** FLOP *** [9c 4c Kc]
Mahu2021: checks 
Morro108: bets 120
Mahu2021: folds 
Uncalled bet (120) returned to Morro108
Morro108 collected 120 from pot
Morro108: doesn't show hand 
*** SUMMARY ***
Total pot 120 | Rake 0 
Board [9c 4c Kc]
Seat 1: Mahu2021 (big blind) folded on the Flop
Seat 3: Morro108 (button) (small blind) collected (120)



PokerStars Hand #246175385432: Tournament #3649941800, $0.92+$0.08 USD Hold'em No Limit - Level I (10/20) - 2023/09/25 20:12:47 CET [2023/09/25 14:12:47 ET]
Table '3649941800 1' 3-max Seat #1 is the button
Seat 1: Mahu2021 (700 in chips) 
Seat 3: Morro108 (800 in chips) 
Mahu2021: posts small blind 10
Morro108: posts big blind 20
*** HOLE CARDS ***
Dealt to Mahu2021 [5c 2s]
Mahu2021: folds 
Uncalled bet (10) returned to Morro108
Morro108 collected 20 from pot
Morro108: doesn't show hand 
*** SUMMARY ***
Total pot 20 | Rake 0 
Seat 1: Mahu2021 (button) (small blind) folded before Flop
Seat 3: Morro108 (big blind) collected (20)



PokerStars Hand #246175386850: Tournament #3649941800, $0.92+$0.08 USD Hold'em No Limit - Level I (10/20) - 2023/09/25 20:12:52 CET [2023/09/25 14:12:52 ET]
Table '3649941800 1' 3-max Seat #3 is the button
Seat 1: Mahu2021 (690 in chips) 
Seat 3: Morro108 (810 in chips) 
Morro108: posts small blind 10
Mahu2021: posts big blind 20
*** HOLE CARDS ***
Dealt to Mahu2021 [8h 4h]
Morro108: calls 10
Mahu2021: checks 
*** FLOP *** [Kh Ts 2d]
Mahu2021: checks 
Morro108: checks 
*** TURN *** [Kh Ts 2d] [Jd]
Mahu2021: checks 
Morro108: bets 60
Mahu2021: folds 
Uncalled bet (60) returned to Morro108
Morro108 collected 40 from pot
Morro108: doesn't show hand 
*** SUMMARY ***
Total pot 40 | Rake 0 
Board [Kh Ts 2d Jd]
Seat 1: Mahu2021 (big blind) folded on the Turn
Seat 3: Morro108 (button) (small blind) collected (40)



PokerStars Hand #246175392506: Tournament #3649941800, $0.92+$0.08 USD Hold'em No Limit - Level II (15/30) - 2023/09/25 20:13:08 CET [2023/09/25 14:13:08 ET]
Table '3649941800 1' 3-max Seat #1 is the button
Seat 1: Mahu2021 (670 in chips) 
Seat 3: Morro108 (830 in chips) 
Mahu2021: posts small blind 15
Morro108: posts big blind 30
*** HOLE CARDS ***
Dealt to Mahu2021 [Ts Jd]
Mahu2021: raises 60 to 90
Morro108: calls 60
*** FLOP *** [Qh Qd 2s]
Morro108: bets 60
Mahu2021: raises 520 to 580 and is all-in
Morro108: calls 520
*** TURN *** [Qh Qd 2s] [Ks]
*** RIVER *** [Qh Qd 2s Ks] [9s]
*** SHOW DOWN ***
Morro108: shows [Td Qc] (three of a kind, Queens)
Mahu2021: shows [Ts Jd] (a straight, Nine to King)
Mahu2021 collected 1340 from pot
*** SUMMARY ***
Total pot 1340 | Rake 0 
Board [Qh Qd 2s Ks 9s]
Seat 1: Mahu2021 (button) (small blind) showed [Ts Jd] and won (1340) with a straight, Nine to King
Seat 3: Morro108 (big blind) showed [Td Qc] and lost with three of a kind, Queens



PokerStars Hand #246175403196: Tournament #3649941800, $0.92+$0.08 USD Hold'em No Limit - Level II (15/30) - 2023/09/25 20:13:39 CET [2023/09/25 14:13:39 ET]
Table '3649941800 1' 3-max Seat #3 is the button
Seat 1: Mahu2021 (1340 in chips) 
Seat 3: Morro108 (160 in chips) 
Morro108: posts small blind 15
Mahu2021: posts big blind 30
*** HOLE CARDS ***
Dealt to Mahu2021 [6h Jd]
Morro108: calls 15
Mahu2021: checks 
*** FLOP *** [Tc Qh 9s]
Mahu2021: checks 
Morro108: checks 
*** TURN *** [Tc Qh 9s] [2s]
Mahu2021: checks 
Morro108: checks 
*** RIVER *** [Tc Qh 9s 2s] [Jc]
Mahu2021: bets 30
Morro108: folds 
Uncalled bet (30) returned to Mahu2021
Mahu2021 collected 60 from pot
Mahu2021: doesn't show hand 
*** SUMMARY ***
Total pot 60 | Rake 0 
Board [Tc Qh 9s 2s Jc]
Seat 1: Mahu2021 (big blind) collected (60)
Seat 3: Morro108 (button) (small blind) folded on the River



PokerStars Hand #246175410237: Tournament #3649941800, $0.92+$0.08 USD Hold'em No Limit - Level II (15/30) - 2023/09/25 20:13:59 CET [2023/09/25 14:13:59 ET]
Table '3649941800 1' 3-max Seat #1 is the button
Seat 1: Mahu2021 (1370 in chips) 
Seat 3: Morro108 (130 in chips) 
Mahu2021: posts small blind 15
Morro108: posts big blind 30
*** HOLE CARDS ***
Dealt to Mahu2021 [Td 9d]
Mahu2021: raises 120 to 150
Morro108: folds 
Uncalled bet (120) returned to Mahu2021
Mahu2021 collected 60 from pot
Mahu2021: doesn't show hand 
*** SUMMARY ***
Total pot 60 | Rake 0 
Seat 1: Mahu2021 (button) (small blind) collected (60)
Seat 3: Morro108 (big blind) folded before Flop



PokerStars Hand #246175413043: Tournament #3649941800, $0.92+$0.08 USD Hold'em No Limit - Level II (15/30) - 2023/09/25 20:14:08 CET [2023/09/25 14:14:08 ET]
Table '3649941800 1' 3-max Seat #3 is the button
Seat 1: Mahu2021 (1400 in chips) 
Seat 3: Morro108 (100 in chips) 
Morro108: posts small blind 15
Mahu2021: posts big blind 30
*** HOLE CARDS ***
Dealt to Mahu2021 [2c 2h]
Morro108: folds 
Uncalled bet (15) returned to Mahu2021
Mahu2021 collected 30 from pot
Mahu2021: doesn't show hand 
*** SUMMARY ***
Total pot 30 | Rake 0 
Seat 1: Mahu2021 (big blind) collected (30)
Seat 3: Morro108 (button) (small blind) folded before Flop



PokerStars Hand #246175415013: Tournament #3649941800, $0.92+$0.08 USD Hold'em No Limit - Level II (15/30) - 2023/09/25 20:14:13 CET [2023/09/25 14:14:13 ET]
Table '3649941800 1' 3-max Seat #1 is the button
Seat 1: Mahu2021 (1415 in chips) 
Seat 3: Morro108 (85 in chips) 
Mahu2021: posts small blind 15
Morro108: posts big blind 30
*** HOLE CARDS ***
Dealt to Mahu2021 [2d Qh]
Mahu2021: raises 60 to 90
Morro108: folds 
Uncalled bet (60) returned to Mahu2021
Mahu2021 collected 60 from pot
Mahu2021: doesn't show hand 
*** SUMMARY ***
Total pot 60 | Rake 0 
Seat 1: Mahu2021 (button) (small blind) collected (60)
Seat 3: Morro108 (big blind) folded before Flop



PokerStars Hand #246175417173: Tournament #3649941800, $0.92+$0.08 USD Hold'em No Limit - Level II (15/30) - 2023/09/25 20:14:19 CET [2023/09/25 14:14:19 ET]
Table '3649941800 1' 3-max Seat #3 is the button
Seat 1: Mahu2021 (1445 in chips) 
Seat 3: Morro108 (55 in chips) 
Morro108: posts small blind 15
Mahu2021: posts big blind 30
*** HOLE CARDS ***
Dealt to Mahu2021 [9c Jh]
Morro108: calls 15
Mahu2021: raises 30 to 60
Morro108: calls 25 and is all-in
Uncalled bet (5) returned to Mahu2021
*** FLOP *** [7s Qs 8h]
*** TURN *** [7s Qs 8h] [8s]
*** RIVER *** [7s Qs 8h 8s] [9d]
*** SHOW DOWN ***
Mahu2021: shows [9c Jh] (two pair, Nines and Eights)
Morro108: shows [7c 7d] (a full house, Sevens full of Eights)
Morro108 collected 110 from pot
*** SUMMARY ***
Total pot 110 | Rake 0 
Board [7s Qs 8h 8s 9d]
Seat 1: Mahu2021 (big blind) showed [9c Jh] and lost with two pair, Nines and Eights
Seat 3: Morro108 (button) (small blind) showed [7c 7d] and won (110) with a full house, Sevens full of Eights



PokerStars Hand #246175422824: Tournament #3649941800, $0.92+$0.08 USD Hold'em No Limit - Level II (15/30) - 2023/09/25 20:14:35 CET [2023/09/25 14:14:35 ET]
Table '3649941800 1' 3-max Seat #1 is the button
Seat 1: Mahu2021 (1390 in chips) 
Seat 3: Morro108 (110 in chips) 
Mahu2021: posts small blind 15
Morro108: posts big blind 30
*** HOLE CARDS ***
Dealt to Mahu2021 [Jc 6d]
Mahu2021: calls 15
Morro108: checks 
*** FLOP *** [2h 4c 9s]
Morro108: bets 80 and is all-in
Mahu2021: folds 
Uncalled bet (80) returned to Morro108
Morro108 collected 60 from pot
Morro108: doesn't show hand 
*** SUMMARY ***
Total pot 60 | Rake 0 
Board [2h 4c 9s]
Seat 1: Mahu2021 (button) (small blind) folded on the Flop
Seat 3: Morro108 (big blind) collected (60)



PokerStars Hand #246175426004: Tournament #3649941800, $0.92+$0.08 USD Hold'em No Limit - Level II (15/30) - 2023/09/25 20:14:45 CET [2023/09/25 14:14:45 ET]
Table '3649941800 1' 3-max Seat #3 is the button
Seat 1: Mahu2021 (1360 in chips) 
Seat 3: Morro108 (140 in chips) 
Morro108: posts small blind 15
Mahu2021: posts big blind 30
*** HOLE CARDS ***
Dealt to Mahu2021 [8h 5s]
Morro108: calls 15
Mahu2021: checks 
*** FLOP *** [8c 2s 6s]
Mahu2021: checks 
Morro108: bets 110 and is all-in
Mahu2021: calls 110
*** TURN *** [8c 2s 6s] [Qh]
*** RIVER *** [8c 2s 6s Qh] [9h]
*** SHOW DOWN ***
Mahu2021: shows [8h 5s] (a pair of Eights)
Morro108: shows [9c 7s] (a pair of Nines)
Morro108 collected 280 from pot
*** SUMMARY ***
Total pot 280 | Rake 0 
Board [8c 2s 6s Qh 9h]
Seat 1: Mahu2021 (big blind) showed [8h 5s] and lost with a pair of Eights
Seat 3: Morro108 (button) (small blind) showed [9c 7s] and won (280) with a pair of Nines



PokerStars Hand #246175431984: Tournament #3649941800, $0.92+$0.08 USD Hold'em No Limit - Level II (15/30) - 2023/09/25 20:15:02 CET [2023/09/25 14:15:02 ET]
Table '3649941800 1' 3-max Seat #1 is the button
Seat 1: Mahu2021 (1220 in chips) 
Seat 3: Morro108 (280 in chips) 
Mahu2021: posts small blind 15
Morro108: posts big blind 30
*** HOLE CARDS ***
Dealt to Mahu2021 [4c Ks]
Mahu2021: calls 15
Morro108: checks 
*** FLOP *** [Kc 3h 3d]
Morro108: checks 
Mahu2021: bets 30
Morro108: calls 30
*** TURN *** [Kc 3h 3d] [6s]
Morro108: checks 
Mahu2021: bets 30
Morro108: calls 30
*** RIVER *** [Kc 3h 3d 6s] [7h]
Morro108: bets 190 and is all-in
Mahu2021: calls 190
*** SHOW DOWN ***
Morro108: shows [Ac 7d] (two pair, Sevens and Threes)
Mahu2021: shows [4c Ks] (two pair, Kings and Threes)
Mahu2021 collected 560 from pot
Morro108 finished the tournament in 2nd place
Mahu2021 wins the tournament and receives $3.00 - congratulations!
*** SUMMARY ***
Total pot 560 | Rake 0 
Board [Kc 3h 3d 6s 7h]
Seat 1: Mahu2021 (button) (small blind) showed [4c Ks] and won (560) with two pair, Kings and Threes
Seat 3: Morro108 (big blind) showed [Ac 7d] and lost with two pair, Sevens and Threes



