PokerStars Hand #243467316046: Tournament #3586096994, $0.92+$0.08 USD Hold'em No Limit - Level I (10/20) - 2023/05/03 20:02:40 CET [2023/05/03 14:02:40 ET]
Table '3586096994 1' 3-max Seat #1 is the button
Seat 1: ron2580 (500 in chips) 
Seat 2: miltonaquino (500 in chips) 
Seat 3: Mahu2021 (500 in chips) 
miltonaquino: posts small blind 10
Mahu2021: posts big blind 20
*** HOLE CARDS ***
Dealt to Mahu2021 [Kh 8d]
ron2580: calls 20
miltonaquino: calls 10
Mahu2021: checks 
*** FLOP *** [Ac Th 3s]
miltonaquino: checks 
Mahu2021: checks 
ron2580: checks 
*** TURN *** [Ac Th 3s] [3d]
miltonaquino: checks 
Mahu2021: checks 
ron2580: checks 
*** RIVER *** [Ac Th 3s 3d] [7s]
miltonaquino: checks 
Mahu2021: checks 
ron2580: checks 
*** SHOW DOWN ***
miltonaquino: shows [2h 9h] (a pair of Threes)
Mahu2021: shows [Kh 8d] (a pair of Threes - Ace+King kicker)
ron2580: mucks hand 
Mahu2021 collected 60 from pot
*** SUMMARY ***
Total pot 60 | Rake 0 
Board [Ac Th 3s 3d 7s]
Seat 1: ron2580 (button) mucked [9c 4d]
Seat 2: miltonaquino (small blind) showed [2h 9h] and lost with a pair of Threes
Seat 3: Mahu2021 (big blind) showed [Kh 8d] and won (60) with a pair of Threes



PokerStars Hand #243467324954: Tournament #3586096994, $0.92+$0.08 USD Hold'em No Limit - Level I (10/20) - 2023/05/03 20:03:05 CET [2023/05/03 14:03:05 ET]
Table '3586096994 1' 3-max Seat #2 is the button
Seat 1: ron2580 (480 in chips) 
Seat 2: miltonaquino (480 in chips) 
Seat 3: Mahu2021 (540 in chips) 
Mahu2021: posts small blind 10
ron2580: posts big blind 20
*** HOLE CARDS ***
Dealt to Mahu2021 [7s 5c]
miltonaquino: calls 20
Mahu2021: calls 10
ron2580: checks 
*** FLOP *** [8d 4d Qd]
Mahu2021: checks 
ron2580: checks 
miltonaquino: checks 
*** TURN *** [8d 4d Qd] [7h]
Mahu2021: checks 
ron2580: checks 
miltonaquino: bets 20
Mahu2021: calls 20
ron2580: calls 20
*** RIVER *** [8d 4d Qd 7h] [Qs]
Mahu2021: checks 
ron2580: checks 
miltonaquino: bets 20
Mahu2021: folds 
ron2580: calls 20
*** SHOW DOWN ***
miltonaquino: shows [9h Qh] (three of a kind, Queens)
ron2580: mucks hand 
miltonaquino collected 160 from pot
*** SUMMARY ***
Total pot 160 | Rake 0 
Board [8d 4d Qd 7h Qs]
Seat 1: ron2580 (big blind) mucked [3h Ac]
Seat 2: miltonaquino (button) showed [9h Qh] and won (160) with three of a kind, Queens
Seat 3: Mahu2021 (small blind) folded on the River



PokerStars Hand #243467339813: Tournament #3586096994, $0.92+$0.08 USD Hold'em No Limit - Level I (10/20) - 2023/05/03 20:03:46 CET [2023/05/03 14:03:46 ET]
Table '3586096994 1' 3-max Seat #3 is the button
Seat 1: ron2580 (420 in chips) 
Seat 2: miltonaquino (580 in chips) 
Seat 3: Mahu2021 (500 in chips) 
ron2580: posts small blind 10
miltonaquino: posts big blind 20
*** HOLE CARDS ***
Dealt to Mahu2021 [Jc Ad]
Mahu2021: raises 20 to 40
ron2580: calls 30
miltonaquino: calls 20
*** FLOP *** [Qs Jd Ks]
ron2580: checks 
miltonaquino: bets 20
Mahu2021: calls 20
ron2580: calls 20
*** TURN *** [Qs Jd Ks] [7d]
ron2580: checks 
miltonaquino: bets 20
Mahu2021: calls 20
ron2580: calls 20
*** RIVER *** [Qs Jd Ks 7d] [8d]
ron2580: checks 
miltonaquino: checks 
Mahu2021: bets 80
ron2580: folds 
miltonaquino: calls 80
*** SHOW DOWN ***
Mahu2021: shows [Jc Ad] (a pair of Jacks)
miltonaquino: mucks hand 
Mahu2021 collected 400 from pot
*** SUMMARY ***
Total pot 400 | Rake 0 
Board [Qs Jd Ks 7d 8d]
Seat 1: ron2580 (small blind) folded on the River
Seat 2: miltonaquino (big blind) mucked [Ts Js]
Seat 3: Mahu2021 (button) showed [Jc Ad] and won (400) with a pair of Jacks



PokerStars Hand #243467353777: Tournament #3586096994, $0.92+$0.08 USD Hold'em No Limit - Level I (10/20) - 2023/05/03 20:04:25 CET [2023/05/03 14:04:25 ET]
Table '3586096994 1' 3-max Seat #1 is the button
Seat 1: ron2580 (340 in chips) 
Seat 2: miltonaquino (420 in chips) 
Seat 3: Mahu2021 (740 in chips) 
miltonaquino: posts small blind 10
Mahu2021: posts big blind 20
*** HOLE CARDS ***
Dealt to Mahu2021 [3h 2s]
ron2580: calls 20
miltonaquino: calls 10
Mahu2021: checks 
*** FLOP *** [Td 4c Ah]
miltonaquino: checks 
Mahu2021: checks 
ron2580: checks 
*** TURN *** [Td 4c Ah] [Jc]
miltonaquino: checks 
Mahu2021: checks 
ron2580: bets 60
miltonaquino: folds 
Mahu2021: folds 
Uncalled bet (60) returned to ron2580
ron2580 collected 60 from pot
*** SUMMARY ***
Total pot 60 | Rake 0 
Board [Td 4c Ah Jc]
Seat 1: ron2580 (button) collected (60)
Seat 2: miltonaquino (small blind) folded on the Turn
Seat 3: Mahu2021 (big blind) folded on the Turn



PokerStars Hand #243467360861: Tournament #3586096994, $0.92+$0.08 USD Hold'em No Limit - Level I (10/20) - 2023/05/03 20:04:45 CET [2023/05/03 14:04:45 ET]
Table '3586096994 1' 3-max Seat #2 is the button
Seat 1: ron2580 (380 in chips) 
Seat 2: miltonaquino (400 in chips) 
Seat 3: Mahu2021 (720 in chips) 
Mahu2021: posts small blind 10
ron2580: posts big blind 20
*** HOLE CARDS ***
Dealt to Mahu2021 [Jh Jc]
miltonaquino: folds 
Mahu2021: raises 40 to 60
ron2580: calls 40
*** FLOP *** [Qd 5c 4c]
Mahu2021: bets 60
ron2580: calls 60
*** TURN *** [Qd 5c 4c] [7h]
Mahu2021: bets 60
ron2580: calls 60
*** RIVER *** [Qd 5c 4c 7h] [6s]
Mahu2021: bets 60
ron2580: calls 60
*** SHOW DOWN ***
Mahu2021: shows [Jh Jc] (a pair of Jacks)
ron2580: mucks hand 
Mahu2021 collected 480 from pot
*** SUMMARY ***
Total pot 480 | Rake 0 
Board [Qd 5c 4c 7h 6s]
Seat 1: ron2580 (big blind) mucked [5h Ts]
Seat 2: miltonaquino (button) folded before Flop (didn't bet)
Seat 3: Mahu2021 (small blind) showed [Jh Jc] and won (480) with a pair of Jacks



PokerStars Hand #243467369191: Tournament #3586096994, $0.92+$0.08 USD Hold'em No Limit - Level I (10/20) - 2023/05/03 20:05:08 CET [2023/05/03 14:05:08 ET]
Table '3586096994 1' 3-max Seat #3 is the button
Seat 1: ron2580 (140 in chips) 
Seat 2: miltonaquino (400 in chips) 
Seat 3: Mahu2021 (960 in chips) 
ron2580: posts small blind 10
miltonaquino: posts big blind 20
*** HOLE CARDS ***
Dealt to Mahu2021 [5h 5d]
Mahu2021: raises 20 to 40
ron2580: calls 30
miltonaquino: raises 360 to 400 and is all-in
Mahu2021: folds 
ron2580: folds 
Uncalled bet (360) returned to miltonaquino
miltonaquino collected 120 from pot
*** SUMMARY ***
Total pot 120 | Rake 0 
Seat 1: ron2580 (small blind) folded before Flop
Seat 2: miltonaquino (big blind) collected (120)
Seat 3: Mahu2021 (button) folded before Flop



PokerStars Hand #243467375451: Tournament #3586096994, $0.92+$0.08 USD Hold'em No Limit - Level I (10/20) - 2023/05/03 20:05:25 CET [2023/05/03 14:05:25 ET]
Table '3586096994 1' 3-max Seat #1 is the button
Seat 1: ron2580 (100 in chips) 
Seat 2: miltonaquino (480 in chips) 
Seat 3: Mahu2021 (920 in chips) 
miltonaquino: posts small blind 10
Mahu2021: posts big blind 20
*** HOLE CARDS ***
Dealt to Mahu2021 [7s 5c]
ron2580: calls 20
miltonaquino: raises 60 to 80
Mahu2021: folds 
ron2580: raises 20 to 100 and is all-in
miltonaquino: calls 20
*** FLOP *** [5h 3c 7h]
*** TURN *** [5h 3c 7h] [7d]
*** RIVER *** [5h 3c 7h 7d] [6h]
*** SHOW DOWN ***
miltonaquino: shows [Kd Jd] (a pair of Sevens)
ron2580: shows [5d 6s] (two pair, Sevens and Sixes)
ron2580 collected 220 from pot
*** SUMMARY ***
Total pot 220 | Rake 0 
Board [5h 3c 7h 7d 6h]
Seat 1: ron2580 (button) showed [5d 6s] and won (220) with two pair, Sevens and Sixes
Seat 2: miltonaquino (small blind) showed [Kd Jd] and lost with a pair of Sevens
Seat 3: Mahu2021 (big blind) folded before Flop



PokerStars Hand #243467386265: Tournament #3586096994, $0.92+$0.08 USD Hold'em No Limit - Level II (15/30) - 2023/05/03 20:05:55 CET [2023/05/03 14:05:55 ET]
Table '3586096994 1' 3-max Seat #2 is the button
Seat 1: ron2580 (220 in chips) 
Seat 2: miltonaquino (380 in chips) 
Seat 3: Mahu2021 (900 in chips) 
Mahu2021: posts small blind 15
ron2580: posts big blind 30
*** HOLE CARDS ***
Dealt to Mahu2021 [8s 3h]
miltonaquino: folds 
Mahu2021: folds 
Uncalled bet (15) returned to ron2580
ron2580 collected 30 from pot
*** SUMMARY ***
Total pot 30 | Rake 0 
Seat 1: ron2580 (big blind) collected (30)
Seat 2: miltonaquino (button) folded before Flop (didn't bet)
Seat 3: Mahu2021 (small blind) folded before Flop



PokerStars Hand #243467388244: Tournament #3586096994, $0.92+$0.08 USD Hold'em No Limit - Level II (15/30) - 2023/05/03 20:06:00 CET [2023/05/03 14:06:00 ET]
Table '3586096994 1' 3-max Seat #3 is the button
Seat 1: ron2580 (235 in chips) 
Seat 2: miltonaquino (380 in chips) 
Seat 3: Mahu2021 (885 in chips) 
ron2580: posts small blind 15
miltonaquino: posts big blind 30
*** HOLE CARDS ***
Dealt to Mahu2021 [8s 3c]
Mahu2021: folds 
ron2580: calls 15
miltonaquino: raises 350 to 380 and is all-in
ron2580: calls 205 and is all-in
Uncalled bet (145) returned to miltonaquino
*** FLOP *** [6s 6d Kc]
*** TURN *** [6s 6d Kc] [8d]
*** RIVER *** [6s 6d Kc 8d] [Jc]
*** SHOW DOWN ***
ron2580: shows [7s 8h] (two pair, Eights and Sixes)
miltonaquino: shows [Kd 9h] (two pair, Kings and Sixes)
miltonaquino collected 470 from pot
ron2580 finished the tournament in 3rd place
*** SUMMARY ***
Total pot 470 | Rake 0 
Board [6s 6d Kc 8d Jc]
Seat 1: ron2580 (small blind) showed [7s 8h] and lost with two pair, Eights and Sixes
Seat 2: miltonaquino (big blind) showed [Kd 9h] and won (470) with two pair, Kings and Sixes
Seat 3: Mahu2021 (button) folded before Flop (didn't bet)



PokerStars Hand #243467395945: Tournament #3586096994, $0.92+$0.08 USD Hold'em No Limit - Level II (15/30) - 2023/05/03 20:06:22 CET [2023/05/03 14:06:22 ET]
Table '3586096994 1' 3-max Seat #2 is the button
Seat 2: miltonaquino (615 in chips) 
Seat 3: Mahu2021 (885 in chips) 
miltonaquino: posts small blind 15
Mahu2021: posts big blind 30
*** HOLE CARDS ***
Dealt to Mahu2021 [9h 9s]
miltonaquino: raises 60 to 90
Mahu2021: raises 795 to 885 and is all-in
miltonaquino: calls 525 and is all-in
Uncalled bet (270) returned to Mahu2021
*** FLOP *** [8d 2h 5d]
*** TURN *** [8d 2h 5d] [Ac]
*** RIVER *** [8d 2h 5d Ac] [Th]
*** SHOW DOWN ***
Mahu2021: shows [9h 9s] (a pair of Nines)
miltonaquino: shows [Jd Qs] (high card Ace)
Mahu2021 collected 1230 from pot
miltonaquino finished the tournament in 2nd place
Mahu2021 wins the tournament and receives $3.00 - congratulations!
*** SUMMARY ***
Total pot 1230 | Rake 0 
Board [8d 2h 5d Ac Th]
Seat 2: miltonaquino (button) (small blind) showed [Jd Qs] and lost with high card Ace
Seat 3: Mahu2021 (big blind) showed [9h 9s] and won (1230) with a pair of Nines



