PokerStars Zoom Hand #253780303584:  Hold'em No Limit ($0.05/$0.10) - 2024/12/09 21:56:44 CET [2024/12/09 15:56:44 ET]
Table 'Aludra' 6-max Seat #1 is the button
Seat 1: sandytaylor97 ($10.05 in chips) 
Seat 2: zampana ($10.71 in chips) 
Seat 3: Mahu2021 ($10 in chips) 
Seat 4: mathiasfiske ($19.44 in chips) 
Seat 5: utahhih ($10.55 in chips) 
Seat 6: RiZZo2107 ($11.46 in chips) 
zampana: posts small blind $0.05
Mahu2021: posts big blind $0.10
*** HOLE CARDS ***
Dealt to Mahu2021 [9s 6h]
mathiasfiske: folds 
utahhih: folds 
RiZZo2107: folds 
sandytaylor97: raises $0.12 to $0.22
zampana: folds 
Mahu2021: folds 
Uncalled bet ($0.12) returned to sandytaylor97
sandytaylor97 collected $0.25 from pot
sandytaylor97: doesn't show hand 
*** SUMMARY ***
Total pot $0.25 | Rake $0 
Seat 1: sandytaylor97 (button) collected ($0.25)
Seat 2: zampana (small blind) folded before Flop
Seat 3: Mahu2021 (big blind) folded before Flop
Seat 4: mathiasfiske folded before Flop (didn't bet)
Seat 5: utahhih folded before Flop (didn't bet)
Seat 6: RiZZo2107 folded before Flop (didn't bet)



PokerStars Zoom Hand #253780305688:  Hold'em No Limit ($0.05/$0.10) - 2024/12/09 21:56:54 CET [2024/12/09 15:56:54 ET]
Table 'Aludra' 6-max Seat #1 is the button
Seat 1: Bur1k ($5.91 in chips) 
Seat 2: TPS72 ($5.83 in chips) 
Seat 3: booboo99468 ($5.61 in chips) 
Seat 4: GregX22 ($9.60 in chips) 
Seat 5: danyboy6969 ($27.20 in chips) 
Seat 6: Mahu2021 ($9.90 in chips) 
TPS72: posts small blind $0.05
booboo99468: posts big blind $0.10
*** HOLE CARDS ***
Dealt to Mahu2021 [Jc 4h]
GregX22: folds 
danyboy6969: folds 
Mahu2021: folds 
Bur1k: folds 
TPS72: raises $0.10 to $0.20
booboo99468: folds 
Uncalled bet ($0.10) returned to TPS72
TPS72 collected $0.20 from pot
TPS72: doesn't show hand 
*** SUMMARY ***
Total pot $0.20 | Rake $0 
Seat 1: Bur1k (button) folded before Flop (didn't bet)
Seat 2: TPS72 (small blind) collected ($0.20)
Seat 3: booboo99468 (big blind) folded before Flop
Seat 4: GregX22 folded before Flop (didn't bet)
Seat 5: danyboy6969 folded before Flop (didn't bet)
Seat 6: Mahu2021 folded before Flop (didn't bet)



PokerStars Zoom Hand #253780306709:  Hold'em No Limit ($0.05/$0.10) - 2024/12/09 21:56:59 CET [2024/12/09 15:56:59 ET]
Table 'Aludra' 6-max Seat #1 is the button
Seat 1: Morgs098 ($57.03 in chips) 
Seat 2: Mahu2021 ($9.90 in chips) 
Seat 3: gp motos ($15.62 in chips) 
Seat 4: sandytaylor97 ($10.20 in chips) 
Seat 5: GregX22 ($9.60 in chips) 
Seat 6: pro888888 ($14.55 in chips) 
Mahu2021: posts small blind $0.05
gp motos: posts big blind $0.10
*** HOLE CARDS ***
Dealt to Mahu2021 [9h Ah]
sandytaylor97: folds 
GregX22: folds 
pro888888: folds 
Morgs098: raises $0.15 to $0.25
Mahu2021: calls $0.20
gp motos: calls $0.15
*** FLOP *** [8h Kc Kd]
Mahu2021: checks 
gp motos: checks 
Morgs098: bets $0.30
Mahu2021: folds 
gp motos: folds 
Uncalled bet ($0.30) returned to Morgs098
Morgs098 collected $0.72 from pot
Morgs098: doesn't show hand 
*** SUMMARY ***
Total pot $0.75 | Rake $0.03 
Board [8h Kc Kd]
Seat 1: Morgs098 (button) collected ($0.72)
Seat 2: Mahu2021 (small blind) folded on the Flop
Seat 3: gp motos (big blind) folded on the Flop
Seat 4: sandytaylor97 folded before Flop (didn't bet)
Seat 5: GregX22 folded before Flop (didn't bet)
Seat 6: pro888888 folded before Flop (didn't bet)



PokerStars Zoom Hand #253780311476:  Hold'em No Limit ($0.05/$0.10) - 2024/12/09 21:57:21 CET [2024/12/09 15:57:21 ET]
Table 'Aludra' 6-max Seat #1 is the button
Seat 1: Mahu2021 ($9.65 in chips) 
Seat 2: decm ($10.50 in chips) 
Seat 3: jacinto 8vo ($10.15 in chips) 
Seat 4: Dimon_55_77 ($10 in chips) 
Seat 5: Bur1k ($5.91 in chips) 
Seat 6: shortstackpro ($4.37 in chips) 
decm: posts small blind $0.05
jacinto 8vo: posts big blind $0.10
*** HOLE CARDS ***
Dealt to Mahu2021 [Kh 4c]
Dimon_55_77: folds 
Bur1k: folds 
shortstackpro: folds 
Mahu2021: folds 
decm: raises $0.20 to $0.30
jacinto 8vo: folds 
Uncalled bet ($0.20) returned to decm
decm collected $0.20 from pot
decm: doesn't show hand 
*** SUMMARY ***
Total pot $0.20 | Rake $0 
Seat 1: Mahu2021 (button) folded before Flop (didn't bet)
Seat 2: decm (small blind) collected ($0.20)
Seat 3: jacinto 8vo (big blind) folded before Flop
Seat 4: Dimon_55_77 folded before Flop (didn't bet)
Seat 5: Bur1k folded before Flop (didn't bet)
Seat 6: shortstackpro folded before Flop (didn't bet)



PokerStars Zoom Hand #253780314052:  Hold'em No Limit ($0.05/$0.10) - 2024/12/09 21:57:34 CET [2024/12/09 15:57:34 ET]
Table 'Aludra' 6-max Seat #1 is the button
Seat 1: 2sword4 ($10.19 in chips) 
Seat 2: jacinto 8vo ($10 in chips) 
Seat 3: Mahu2021 ($9.65 in chips) 
Seat 4: ElnioSkura ($10.53 in chips) 
Seat 5: essa143 ($26.16 in chips) 
Seat 6: ishivremaks ($17.94 in chips) 
jacinto 8vo: posts small blind $0.05
Mahu2021: posts big blind $0.10
*** HOLE CARDS ***
Dealt to Mahu2021 [7s 6h]
ElnioSkura: folds 
essa143: folds 
ishivremaks: folds 
2sword4: raises $0.17 to $0.27
jacinto 8vo: raises $0.64 to $0.91
Mahu2021: folds 
2sword4: folds 
Uncalled bet ($0.64) returned to jacinto 8vo
jacinto 8vo collected $0.64 from pot
jacinto 8vo: doesn't show hand 
*** SUMMARY ***
Total pot $0.64 | Rake $0 
Seat 1: 2sword4 (button) folded before Flop
Seat 2: jacinto 8vo (small blind) collected ($0.64)
Seat 3: Mahu2021 (big blind) folded before Flop
Seat 4: ElnioSkura folded before Flop (didn't bet)
Seat 5: essa143 folded before Flop (didn't bet)
Seat 6: ishivremaks folded before Flop (didn't bet)



PokerStars Zoom Hand #253780318413:  Hold'em No Limit ($0.05/$0.10) - 2024/12/09 21:57:53 CET [2024/12/09 15:57:53 ET]
Table 'Aludra' 6-max Seat #1 is the button
Seat 1: FERttAx01 ($9.85 in chips) 
Seat 2: Mahu2021 ($9.55 in chips) 
Seat 3: Bumeyes ($10 in chips) 
Seat 4: Fishpoker17 ($15.88 in chips) 
Seat 5: NorthernSoul ($10.17 in chips) 
Seat 6: mitchy1777 ($11.53 in chips) 
Mahu2021: posts small blind $0.05
Bumeyes: posts big blind $0.10
*** HOLE CARDS ***
Dealt to Mahu2021 [Ad 9d]
Fishpoker17: folds 
NorthernSoul: folds 
mitchy1777: folds 
FERttAx01: folds 
Mahu2021: raises $0.20 to $0.30
Bumeyes: folds 
Uncalled bet ($0.20) returned to Mahu2021
Mahu2021 collected $0.20 from pot
Mahu2021: doesn't show hand 
*** SUMMARY ***
Total pot $0.20 | Rake $0 
Seat 1: FERttAx01 (button) folded before Flop (didn't bet)
Seat 2: Mahu2021 (small blind) collected ($0.20)
Seat 3: Bumeyes (big blind) folded before Flop
Seat 4: Fishpoker17 folded before Flop (didn't bet)
Seat 5: NorthernSoul folded before Flop (didn't bet)
Seat 6: mitchy1777 folded before Flop (didn't bet)



PokerStars Zoom Hand #253780312344:  Hold'em No Limit ($0.05/$0.10) - 2024/12/09 21:57:26 CET [2024/12/09 15:57:26 ET]
Table 'Aludra' 6-max Seat #1 is the button
Seat 1: mitchy1777 ($10.40 in chips) 
Seat 2: Fishpoker17 ($19.93 in chips) 
Seat 3: danyboy6969 ($12.38 in chips) 
Seat 4: Familiadias19 ($10.10 in chips) 
Seat 5: blindprotector ($11.67 in chips) 
Seat 6: Mahu2021 ($9.65 in chips) 
Fishpoker17: posts small blind $0.05
danyboy6969: posts big blind $0.10
*** HOLE CARDS ***
Dealt to Mahu2021 [3h 4d]
Familiadias19: raises $0.10 to $0.20
blindprotector: folds 
Mahu2021: folds 
mitchy1777: folds 
Fishpoker17: folds 
danyboy6969: calls $0.10
*** FLOP *** [6c 5s 2s]
danyboy6969: checks 
Familiadias19: checks 
*** TURN *** [6c 5s 2s] [9c]
danyboy6969: bets $0.35
Familiadias19: calls $0.35
*** RIVER *** [6c 5s 2s 9c] [2h]
danyboy6969: bets $0.90
Familiadias19: raises $1.10 to $2
danyboy6969: folds 
Uncalled bet ($1.10) returned to Familiadias19
Familiadias19 collected $2.82 from pot
Familiadias19: doesn't show hand 
*** SUMMARY ***
Total pot $2.95 | Rake $0.13 
Board [6c 5s 2s 9c 2h]
Seat 1: mitchy1777 (button) folded before Flop (didn't bet)
Seat 2: Fishpoker17 (small blind) folded before Flop
Seat 3: danyboy6969 (big blind) folded on the River
Seat 4: Familiadias19 collected ($2.82)
Seat 5: blindprotector folded before Flop (didn't bet)
Seat 6: Mahu2021 folded before Flop (didn't bet)



PokerStars Zoom Hand #253780322725:  Hold'em No Limit ($0.05/$0.10) - 2024/12/09 21:58:14 CET [2024/12/09 15:58:14 ET]
Table 'Aludra' 6-max Seat #1 is the button
Seat 1: sandytaylor97 ($10.60 in chips) 
Seat 2: Northstarluckyy ($13.19 in chips) 
Seat 3: essa143 ($10.15 in chips) 
Seat 4: jacinto 8vo ($10.37 in chips) 
Seat 5: Mahu2021 ($9.65 in chips) 
Seat 6: utahhih ($10.20 in chips) 
Northstarluckyy: posts small blind $0.05
essa143: posts big blind $0.10
*** HOLE CARDS ***
Dealt to Mahu2021 [8c Qc]
jacinto 8vo: folds 
Mahu2021: folds 
utahhih: folds 
sandytaylor97: folds 
Northstarluckyy: folds 
Uncalled bet ($0.05) returned to essa143
essa143 collected $0.10 from pot
essa143: doesn't show hand 
*** SUMMARY ***
Total pot $0.10 | Rake $0 
Seat 1: sandytaylor97 (button) folded before Flop (didn't bet)
Seat 2: Northstarluckyy (small blind) folded before Flop
Seat 3: essa143 (big blind) collected ($0.10)
Seat 4: jacinto 8vo folded before Flop (didn't bet)
Seat 5: Mahu2021 folded before Flop (didn't bet)
Seat 6: utahhih folded before Flop (didn't bet)



PokerStars Zoom Hand #253780313193:  Hold'em No Limit ($0.05/$0.10) - 2024/12/09 21:57:30 CET [2024/12/09 15:57:30 ET]
Table 'Aludra' 6-max Seat #1 is the button
Seat 1: Dimon_55_77 ($10 in chips) 
Seat 2: Mu.Rothbard ($34.28 in chips) 
Seat 3: ishivremaks ($12.24 in chips) 
Seat 4: Mahu2021 ($9.65 in chips) 
Seat 5: RiZZo2107 ($11.50 in chips) 
Seat 6: blindprotector ($11.67 in chips) 
Mu.Rothbard: posts small blind $0.05
ishivremaks: posts big blind $0.10
*** HOLE CARDS ***
Dealt to Mahu2021 [4s 5d]
Mahu2021: folds 
RiZZo2107: folds 
blindprotector: raises $0.15 to $0.25
Dimon_55_77: raises $0.50 to $0.75
Mu.Rothbard: folds 
ishivremaks: folds 
blindprotector: calls $0.50
*** FLOP *** [Ah 8h 3c]
blindprotector: checks 
Dimon_55_77: bets $0.47
blindprotector: calls $0.47
*** TURN *** [Ah 8h 3c] [9h]
blindprotector: checks 
Dimon_55_77: bets $1.85
blindprotector: calls $1.85
*** RIVER *** [Ah 8h 3c 9h] [5h]
blindprotector: checks 
Dimon_55_77: checks 
*** SHOW DOWN ***
blindprotector: shows [Js As] (a pair of Aces)
Dimon_55_77: shows [9c 9d] (three of a kind, Nines)
Dimon_55_77 collected $6.01 from pot
*** SUMMARY ***
Total pot $6.29 | Rake $0.28 
Board [Ah 8h 3c 9h 5h]
Seat 1: Dimon_55_77 (button) showed [9c 9d] and won ($6.01) with three of a kind, Nines
Seat 2: Mu.Rothbard (small blind) folded before Flop
Seat 3: ishivremaks (big blind) folded before Flop
Seat 4: Mahu2021 folded before Flop (didn't bet)
Seat 5: RiZZo2107 folded before Flop (didn't bet)
Seat 6: blindprotector showed [Js As] and lost with a pair of Aces



PokerStars Zoom Hand #253780329879:  Hold'em No Limit ($0.05/$0.10) - 2024/12/09 21:58:48 CET [2024/12/09 15:58:48 ET]
Table 'Aludra' 6-max Seat #1 is the button
Seat 1: Bur1k ($6.16 in chips) 
Seat 2: ishivremaks ($17.39 in chips) 
Seat 3: chavzetti ($6.52 in chips) 
Seat 4: Mahu2021 ($9.55 in chips) 
Seat 5: U. Eco ($3.72 in chips) 
Seat 6: mitchy1777 ($10.61 in chips) 
ishivremaks: posts small blind $0.05
chavzetti: posts big blind $0.10
*** HOLE CARDS ***
Dealt to Mahu2021 [Ac As]
Mahu2021: raises $0.20 to $0.30
U. Eco: folds 
mitchy1777: folds 
Bur1k: folds 
ishivremaks: folds 
chavzetti: folds 
Uncalled bet ($0.20) returned to Mahu2021
Mahu2021 collected $0.25 from pot
Mahu2021: doesn't show hand 
*** SUMMARY ***
Total pot $0.25 | Rake $0 
Seat 1: Bur1k (button) folded before Flop (didn't bet)
Seat 2: ishivremaks (small blind) folded before Flop
Seat 3: chavzetti (big blind) folded before Flop
Seat 4: Mahu2021 collected ($0.25)
Seat 5: U. Eco folded before Flop (didn't bet)
Seat 6: mitchy1777 folded before Flop (didn't bet)



PokerStars Zoom Hand #253780323558:  Hold'em No Limit ($0.05/$0.10) - 2024/12/09 21:58:18 CET [2024/12/09 15:58:18 ET]
Table 'Aludra' 6-max Seat #1 is the button
Seat 1: Mahu2021 ($9.65 in chips) 
Seat 2: GoodGame1989 ($10 in chips) 
Seat 3: Familiadias19 ($11.47 in chips) 
Seat 4: rullorh ($10 in chips) 
Seat 5: sandytaylor97 ($10.60 in chips) 
Seat 6: samueltfc3 ($8.25 in chips) 
GoodGame1989: posts small blind $0.05
Familiadias19: posts big blind $0.10
*** HOLE CARDS ***
Dealt to Mahu2021 [4h 7c]
rullorh: folds 
sandytaylor97: raises $0.12 to $0.22
samueltfc3: calls $0.22
Mahu2021: folds 
GoodGame1989: folds 
Familiadias19: calls $0.12
*** FLOP *** [8c Qh 6s]
Familiadias19: checks 
sandytaylor97: checks 
samueltfc3: bets $0.68
Familiadias19: calls $0.68
sandytaylor97: folds 
*** TURN *** [8c Qh 6s] [Td]
Familiadias19: bets $0.50
samueltfc3: calls $0.50
*** RIVER *** [8c Qh 6s Td] [7s]
Familiadias19: bets $0.60
samueltfc3: calls $0.60
*** SHOW DOWN ***
Familiadias19: shows [9d Qs] (a straight, Six to Ten)
samueltfc3: mucks hand 
Familiadias19 collected $4.08 from pot
*** SUMMARY ***
Total pot $4.27 | Rake $0.19 
Board [8c Qh 6s Td 7s]
Seat 1: Mahu2021 (button) folded before Flop (didn't bet)
Seat 2: GoodGame1989 (small blind) folded before Flop
Seat 3: Familiadias19 (big blind) showed [9d Qs] and won ($4.08) with a straight, Six to Ten
Seat 4: rullorh folded before Flop (didn't bet)
Seat 5: sandytaylor97 folded on the Flop
Seat 6: samueltfc3 mucked [5s 6d]



PokerStars Zoom Hand #253780325290:  Hold'em No Limit ($0.05/$0.10) - 2024/12/09 21:58:26 CET [2024/12/09 15:58:26 ET]
Table 'Aludra' 6-max Seat #1 is the button
Seat 1: kigdav3d ($9.90 in chips) 
Seat 2: Mu.Rothbard ($34.28 in chips) 
Seat 3: Mahu2021 ($9.65 in chips) 
Seat 4: essa143 ($10.20 in chips) 
Seat 5: Fishpoker17 ($16.23 in chips) 
Seat 6: putzkedudu ($12.25 in chips) 
Mu.Rothbard: posts small blind $0.05
Mahu2021: posts big blind $0.10
*** HOLE CARDS ***
Dealt to Mahu2021 [7s 8s]
essa143: folds 
Fishpoker17: folds 
putzkedudu: raises $0.10 to $0.20
kigdav3d: raises $0.40 to $0.60
Mu.Rothbard: calls $0.55
Mahu2021: folds 
putzkedudu: folds 
*** FLOP *** [6d 7d 9c]
Mu.Rothbard: checks 
kigdav3d: bets $0.72
Mu.Rothbard: calls $0.72
*** TURN *** [6d 7d 9c] [7h]
Mu.Rothbard: checks 
kigdav3d: bets $1.41
Mu.Rothbard: folds 
Uncalled bet ($1.41) returned to kigdav3d
kigdav3d collected $2.81 from pot
kigdav3d: doesn't show hand 
*** SUMMARY ***
Total pot $2.94 | Rake $0.13 
Board [6d 7d 9c 7h]
Seat 1: kigdav3d (button) collected ($2.81)
Seat 2: Mu.Rothbard (small blind) folded on the Turn
Seat 3: Mahu2021 (big blind) folded before Flop
Seat 4: essa143 folded before Flop (didn't bet)
Seat 5: Fishpoker17 folded before Flop (didn't bet)
Seat 6: putzkedudu folded before Flop



PokerStars Zoom Hand #253780328874:  Hold'em No Limit ($0.05/$0.10) - 2024/12/09 21:58:43 CET [2024/12/09 15:58:43 ET]
Table 'Aludra' 6-max Seat #1 is the button
Seat 1: GoodGame1989 ($10.10 in chips) 
Seat 2: utahhih ($9.45 in chips) 
Seat 3: Al Fr€d 69 ($10.21 in chips) 
Seat 4: ElnioSkura ($10.56 in chips) 
Seat 5: Mahu2021 ($9.55 in chips) 
Seat 6: Svitak007 ($10.86 in chips) 
utahhih: posts small blind $0.05
Al Fr€d 69: posts big blind $0.10
*** HOLE CARDS ***
Dealt to Mahu2021 [4h Ad]
ElnioSkura: folds 
Mahu2021: folds 
Svitak007: folds 
GoodGame1989: raises $0.15 to $0.25
utahhih: folds 
Al Fr€d 69: raises $0.75 to $1
GoodGame1989: calls $0.75
*** FLOP *** [2d As 8d]
Al Fr€d 69: bets $1.96
GoodGame1989: folds 
Uncalled bet ($1.96) returned to Al Fr€d 69
Al Fr€d 69 collected $1.94 from pot
Al Fr€d 69: doesn't show hand 
*** SUMMARY ***
Total pot $2.05 | Rake $0.11 
Board [2d As 8d]
Seat 1: GoodGame1989 (button) folded on the Flop
Seat 2: utahhih (small blind) folded before Flop
Seat 3: Al Fr€d 69 (big blind) collected ($1.94)
Seat 4: ElnioSkura folded before Flop (didn't bet)
Seat 5: Mahu2021 folded before Flop (didn't bet)
Seat 6: Svitak007 folded before Flop (didn't bet)



PokerStars Zoom Hand #253780336034:  Hold'em No Limit ($0.05/$0.10) - 2024/12/09 21:59:17 CET [2024/12/09 15:59:17 ET]
Table 'Aludra' 6-max Seat #1 is the button
Seat 1: viking_ro ($11.56 in chips) 
Seat 2: Tozsy17 ($10.15 in chips) 
Seat 3: pro888888 ($14.25 in chips) 
Seat 4: zampana ($12.31 in chips) 
Seat 5: Bur1k ($5.57 in chips) 
Seat 6: Mahu2021 ($9.65 in chips) 
Tozsy17: posts small blind $0.05
pro888888: posts big blind $0.10
*** HOLE CARDS ***
Dealt to Mahu2021 [3h Jc]
zampana: folds 
Bur1k: folds 
Mahu2021: folds 
viking_ro: folds 
Tozsy17: folds 
Uncalled bet ($0.05) returned to pro888888
pro888888 collected $0.10 from pot
pro888888: doesn't show hand 
*** SUMMARY ***
Total pot $0.10 | Rake $0 
Seat 1: viking_ro (button) folded before Flop (didn't bet)
Seat 2: Tozsy17 (small blind) folded before Flop
Seat 3: pro888888 (big blind) collected ($0.10)
Seat 4: zampana folded before Flop (didn't bet)
Seat 5: Bur1k folded before Flop (didn't bet)
Seat 6: Mahu2021 folded before Flop (didn't bet)



PokerStars Zoom Hand #253780338427:  Hold'em No Limit ($0.05/$0.10) - 2024/12/09 21:59:29 CET [2024/12/09 15:59:29 ET]
Table 'Aludra' 6-max Seat #1 is the button
Seat 1: essa143 ($10 in chips) 
Seat 2: based-stylo ($15.19 in chips) 
Seat 3: CampeaoBra ($10.39 in chips) 
Seat 4: Chatjedi80 ($5.21 in chips) 
Seat 5: Mahu2021 ($9.65 in chips) 
Seat 6: dimitriskous ($10.76 in chips) 
based-stylo: posts small blind $0.05
CampeaoBra: posts big blind $0.10
*** HOLE CARDS ***
Dealt to Mahu2021 [3d Ac]
Chatjedi80: folds 
Mahu2021: folds 
dimitriskous: folds 
essa143: folds 
based-stylo: folds 
Uncalled bet ($0.05) returned to CampeaoBra
CampeaoBra collected $0.10 from pot
CampeaoBra: doesn't show hand 
*** SUMMARY ***
Total pot $0.10 | Rake $0 
Seat 1: essa143 (button) folded before Flop (didn't bet)
Seat 2: based-stylo (small blind) folded before Flop
Seat 3: CampeaoBra (big blind) collected ($0.10)
Seat 4: Chatjedi80 folded before Flop (didn't bet)
Seat 5: Mahu2021 folded before Flop (didn't bet)
Seat 6: dimitriskous folded before Flop (didn't bet)



PokerStars Zoom Hand #253780334109:  Hold'em No Limit ($0.05/$0.10) - 2024/12/09 21:59:08 CET [2024/12/09 15:59:08 ET]
Table 'Aludra' 6-max Seat #1 is the button
Seat 1: ACTN3 ($25.76 in chips) 
Seat 2: Mahu2021 ($9.70 in chips) 
Seat 3: miker1980 ($35.51 in chips) 
Seat 4: CampeaoBra ($10 in chips) 
Seat 5: KoW7 ($10.95 in chips) 
Seat 6: utahhih ($13.91 in chips) 
Mahu2021: posts small blind $0.05
miker1980: posts big blind $0.10
*** HOLE CARDS ***
Dealt to Mahu2021 [6d Jh]
CampeaoBra: folds 
KoW7: folds 
utahhih: folds 
ACTN3: raises $0.20 to $0.30
Mahu2021: folds 
miker1980: raises $1 to $1.30
ACTN3: calls $1
*** FLOP *** [9s 8s 7h]
miker1980: checks 
ACTN3: checks 
*** TURN *** [9s 8s 7h] [4c]
miker1980: checks 
ACTN3: checks 
*** RIVER *** [9s 8s 7h 4c] [3c]
miker1980: checks 
ACTN3: checks 
*** SHOW DOWN ***
miker1980: shows [Qh Ad] (high card Ace)
ACTN3: shows [6h 6s] (a pair of Sixes)
ACTN3 collected $2.53 from pot
*** SUMMARY ***
Total pot $2.65 | Rake $0.12 
Board [9s 8s 7h 4c 3c]
Seat 1: ACTN3 (button) showed [6h 6s] and won ($2.53) with a pair of Sixes
Seat 2: Mahu2021 (small blind) folded before Flop
Seat 3: miker1980 (big blind) showed [Qh Ad] and lost with high card Ace
Seat 4: CampeaoBra folded before Flop (didn't bet)
Seat 5: KoW7 folded before Flop (didn't bet)
Seat 6: utahhih folded before Flop (didn't bet)



PokerStars Zoom Hand #253780339065:  Hold'em No Limit ($0.05/$0.10) - 2024/12/09 21:59:32 CET [2024/12/09 15:59:32 ET]
Table 'Aludra' 6-max Seat #1 is the button
Seat 1: Mahu2021 ($9.65 in chips) 
Seat 2: cghap ($39.06 in chips) 
Seat 3: jacinto 8vo ($10 in chips) 
Seat 4: danyboy6969 ($22.73 in chips) 
Seat 5: mathiasfiske ($25.15 in chips) 
Seat 6: how2liv ($8.60 in chips) 
cghap: posts small blind $0.05
jacinto 8vo: posts big blind $0.10
*** HOLE CARDS ***
Dealt to Mahu2021 [Kd Jc]
danyboy6969: folds 
mathiasfiske: folds 
how2liv: folds 
Mahu2021: raises $0.20 to $0.30
cghap: folds 
jacinto 8vo: calls $0.20
*** FLOP *** [2d 6s Kh]
jacinto 8vo: checks 
Mahu2021: bets $0.62
jacinto 8vo: folds 
Uncalled bet ($0.62) returned to Mahu2021
Mahu2021 collected $0.62 from pot
Mahu2021: doesn't show hand 
*** SUMMARY ***
Total pot $0.65 | Rake $0.03 
Board [2d 6s Kh]
Seat 1: Mahu2021 (button) collected ($0.62)
Seat 2: cghap (small blind) folded before Flop
Seat 3: jacinto 8vo (big blind) folded on the Flop
Seat 4: danyboy6969 folded before Flop (didn't bet)
Seat 5: mathiasfiske folded before Flop (didn't bet)
Seat 6: how2liv folded before Flop (didn't bet)



PokerStars Zoom Hand #253780347753:  Hold'em No Limit ($0.05/$0.10) - 2024/12/09 22:00:12 CET [2024/12/09 16:00:12 ET]
Table 'Aludra' 6-max Seat #1 is the button
Seat 1: ishivremaks ($17.24 in chips) 
Seat 2: mitchy1777 ($11.55 in chips) 
Seat 3: kigdav3d ($11.91 in chips) 
Seat 4: Svitak007 ($12.18 in chips) 
Seat 5: Mahu2021 ($9.97 in chips) 
Seat 6: Chatjedi80 ($5.06 in chips) 
mitchy1777: posts small blind $0.05
kigdav3d: posts big blind $0.10
*** HOLE CARDS ***
Dealt to Mahu2021 [Qh 9h]
Svitak007: folds 
Mahu2021: folds 
Chatjedi80: folds 
ishivremaks: folds 
mitchy1777: folds 
Uncalled bet ($0.05) returned to kigdav3d
kigdav3d collected $0.10 from pot
kigdav3d: doesn't show hand 
*** SUMMARY ***
Total pot $0.10 | Rake $0 
Seat 1: ishivremaks (button) folded before Flop (didn't bet)
Seat 2: mitchy1777 (small blind) folded before Flop
Seat 3: kigdav3d (big blind) collected ($0.10)
Seat 4: Svitak007 folded before Flop (didn't bet)
Seat 5: Mahu2021 folded before Flop (didn't bet)
Seat 6: Chatjedi80 folded before Flop (didn't bet)



PokerStars Zoom Hand #253780348695:  Hold'em No Limit ($0.05/$0.10) - 2024/12/09 22:00:16 CET [2024/12/09 16:00:16 ET]
Table 'Aludra' 6-max Seat #1 is the button
Seat 1: som1990 ($10.31 in chips) 
Seat 2: GoodGame1989 ($12.32 in chips) 
Seat 3: Mahu2021 ($9.97 in chips) 
Seat 4: ishivremaks ($17.24 in chips) 
Seat 5: decm ($8.46 in chips) 
Seat 6: Contr@Reloj ($28.88 in chips) 
GoodGame1989: posts small blind $0.05
Mahu2021: posts big blind $0.10
*** HOLE CARDS ***
Dealt to Mahu2021 [4c 7s]
ishivremaks: folds 
decm: folds 
Contr@Reloj: raises $0.15 to $0.25
som1990: folds 
GoodGame1989: raises $0.85 to $1.10
Mahu2021: folds 
Contr@Reloj: folds 
Uncalled bet ($0.85) returned to GoodGame1989
GoodGame1989 collected $0.60 from pot
GoodGame1989: doesn't show hand 
*** SUMMARY ***
Total pot $0.60 | Rake $0 
Seat 1: som1990 (button) folded before Flop (didn't bet)
Seat 2: GoodGame1989 (small blind) collected ($0.60)
Seat 3: Mahu2021 (big blind) folded before Flop
Seat 4: ishivremaks folded before Flop (didn't bet)
Seat 5: decm folded before Flop (didn't bet)
Seat 6: Contr@Reloj folded before Flop



PokerStars Zoom Hand #253780350200:  Hold'em No Limit ($0.05/$0.10) - 2024/12/09 22:00:23 CET [2024/12/09 16:00:23 ET]
Table 'Aludra' 6-max Seat #1 is the button
Seat 1: Morgs098 ($26.05 in chips) 
Seat 2: Mahu2021 ($9.87 in chips) 
Seat 3: jacinto 8vo ($10.64 in chips) 
Seat 4: chavzetti ($5.32 in chips) 
Seat 5: Mu.Rothbard ($18.60 in chips) 
Seat 6: RiZZo2107 ($11.57 in chips) 
Mahu2021: posts small blind $0.05
jacinto 8vo: posts big blind $0.10
*** HOLE CARDS ***
Dealt to Mahu2021 [9c 7d]
chavzetti: raises $0.20 to $0.30
Mu.Rothbard: folds 
RiZZo2107: folds 
Morgs098: folds 
Mahu2021: folds 
jacinto 8vo: folds 
Uncalled bet ($0.20) returned to chavzetti
chavzetti collected $0.25 from pot
chavzetti: doesn't show hand 
*** SUMMARY ***
Total pot $0.25 | Rake $0 
Seat 1: Morgs098 (button) folded before Flop (didn't bet)
Seat 2: Mahu2021 (small blind) folded before Flop
Seat 3: jacinto 8vo (big blind) folded before Flop
Seat 4: chavzetti collected ($0.25)
Seat 5: Mu.Rothbard folded before Flop (didn't bet)
Seat 6: RiZZo2107 folded before Flop (didn't bet)



PokerStars Zoom Hand #253780354106:  Hold'em No Limit ($0.05/$0.10) - 2024/12/09 22:00:40 CET [2024/12/09 16:00:40 ET]
Table 'Aludra' 6-max Seat #1 is the button
Seat 1: Svitak007 ($12.18 in chips) 
Seat 2: GoodGame1989 ($12.67 in chips) 
Seat 3: chavzetti ($5.47 in chips) 
Seat 4: Mahu2021 ($9.82 in chips) 
Seat 5: mitchy1777 ($10.15 in chips) 
Seat 6: aimless0 ($11.75 in chips) 
GoodGame1989: posts small blind $0.05
chavzetti: posts big blind $0.10
*** HOLE CARDS ***
Dealt to Mahu2021 [2c 2s]
Mahu2021: folds 
mitchy1777: folds 
aimless0: folds 
Svitak007: folds 
GoodGame1989: folds 
Uncalled bet ($0.05) returned to chavzetti
chavzetti collected $0.10 from pot
chavzetti: doesn't show hand 
*** SUMMARY ***
Total pot $0.10 | Rake $0 
Seat 1: Svitak007 (button) folded before Flop (didn't bet)
Seat 2: GoodGame1989 (small blind) folded before Flop
Seat 3: chavzetti (big blind) collected ($0.10)
Seat 4: Mahu2021 folded before Flop (didn't bet)
Seat 5: mitchy1777 folded before Flop (didn't bet)
Seat 6: aimless0 folded before Flop (didn't bet)



PokerStars Zoom Hand #253780351314:  Hold'em No Limit ($0.05/$0.10) - 2024/12/09 22:00:28 CET [2024/12/09 16:00:28 ET]
Table 'Aludra' 6-max Seat #1 is the button
Seat 1: Mahu2021 ($9.82 in chips) 
Seat 2: zzz7zzz7zzz ($1.79 in chips) 
Seat 3: Kabap_Mouth ($10 in chips) 
Seat 4: Chatjedi80 ($4.96 in chips) 
Seat 5: ponchokiller20 ($21.22 in chips) 
Seat 6: Fishpoker17 ($15.49 in chips) 
zzz7zzz7zzz: posts small blind $0.05
Kabap_Mouth: posts big blind $0.10
*** HOLE CARDS ***
Dealt to Mahu2021 [6s Ac]
Chatjedi80: raises $0.10 to $0.20
ponchokiller20: calls $0.20
Fishpoker17: folds 
Mahu2021: folds 
zzz7zzz7zzz: calls $0.15
Kabap_Mouth: folds 
*** FLOP *** [5d Td Jh]
zzz7zzz7zzz: bets $1.59 and is all-in
Chatjedi80: calls $1.59
ponchokiller20: folds 
*** TURN *** [5d Td Jh] [3s]
*** RIVER *** [5d Td Jh 3s] [7c]
*** SHOW DOWN ***
zzz7zzz7zzz: shows [Jc Kh] (a pair of Jacks)
Chatjedi80: shows [4d Ad] (high card Ace)
zzz7zzz7zzz collected $3.71 from pot
*** SUMMARY ***
Total pot $3.88 | Rake $0.17 
Board [5d Td Jh 3s 7c]
Seat 1: Mahu2021 (button) folded before Flop (didn't bet)
Seat 2: zzz7zzz7zzz (small blind) showed [Jc Kh] and won ($3.71) with a pair of Jacks
Seat 3: Kabap_Mouth (big blind) folded before Flop
Seat 4: Chatjedi80 showed [4d Ad] and lost with high card Ace
Seat 5: ponchokiller20 folded on the Flop
Seat 6: Fishpoker17 folded before Flop (didn't bet)



PokerStars Zoom Hand #253780353321:  Hold'em No Limit ($0.05/$0.10) - 2024/12/09 22:00:37 CET [2024/12/09 16:00:37 ET]
Table 'Aludra' 6-max Seat #1 is the button
Seat 1: mrfreaky1989 ($10 in chips) 
Seat 2: ascensionIII ($11.31 in chips) 
Seat 3: ishivremaks ($16.49 in chips) 
Seat 4: CampeaoBra ($10.24 in chips) 
Seat 5: FERttAx01 ($11.21 in chips) 
Seat 6: Mahu2021 ($9.82 in chips) 
ascensionIII: posts small blind $0.05
ishivremaks: posts big blind $0.10
*** HOLE CARDS ***
Dealt to Mahu2021 [5h 3c]
CampeaoBra: folds 
FERttAx01: folds 
Mahu2021: folds 
mrfreaky1989: raises $0.15 to $0.25
ascensionIII: folds 
ishivremaks: folds 
Uncalled bet ($0.15) returned to mrfreaky1989
mrfreaky1989 collected $0.25 from pot
mrfreaky1989: doesn't show hand 
*** SUMMARY ***
Total pot $0.25 | Rake $0 
Seat 1: mrfreaky1989 (button) collected ($0.25)
Seat 2: ascensionIII (small blind) folded before Flop
Seat 3: ishivremaks (big blind) folded before Flop
Seat 4: CampeaoBra folded before Flop (didn't bet)
Seat 5: FERttAx01 folded before Flop (didn't bet)
Seat 6: Mahu2021 folded before Flop (didn't bet)



PokerStars Zoom Hand #253780355582:  Hold'em No Limit ($0.05/$0.10) - 2024/12/09 22:00:46 CET [2024/12/09 16:00:46 ET]
Table 'Aludra' 6-max Seat #1 is the button
Seat 1: based-stylo ($18.51 in chips) 
Seat 2: cks11223 ($9.90 in chips) 
Seat 3: Bur1k ($6.14 in chips) 
Seat 4: Mahu2021 ($9.82 in chips) 
Seat 5: som1990 ($10 in chips) 
Seat 6: blindprotector ($11.95 in chips) 
cks11223: posts small blind $0.05
Bur1k: posts big blind $0.10
*** HOLE CARDS ***
Dealt to Mahu2021 [3d 4s]
Mahu2021: folds 
som1990: folds 
blindprotector: folds 
based-stylo: folds 
cks11223: raises $0.20 to $0.30
Bur1k: raises $0.66 to $0.96
cks11223: calls $0.66
*** FLOP *** [Th Jh Qc]
cks11223: bets $1.90
Bur1k: folds 
Uncalled bet ($1.90) returned to cks11223
cks11223 collected $1.83 from pot
cks11223: doesn't show hand 
*** SUMMARY ***
Total pot $1.92 | Rake $0.09 
Board [Th Jh Qc]
Seat 1: based-stylo (button) folded before Flop (didn't bet)
Seat 2: cks11223 (small blind) collected ($1.83)
Seat 3: Bur1k (big blind) folded on the Flop
Seat 4: Mahu2021 folded before Flop (didn't bet)
Seat 5: som1990 folded before Flop (didn't bet)
Seat 6: blindprotector folded before Flop (didn't bet)



PokerStars Zoom Hand #253780358087:  Hold'em No Limit ($0.05/$0.10) - 2024/12/09 22:00:56 CET [2024/12/09 16:00:56 ET]
Table 'Aludra' 6-max Seat #1 is the button
Seat 1: Mahu2021 ($9.72 in chips) 
Seat 2: Morgs098 ($26.51 in chips) 
Seat 3: FERttAx01 ($11.21 in chips) 
Seat 4: Fishpoker17 ($16.08 in chips) 
Seat 5: KoW7 ($11.69 in chips) 
Seat 6: crozd ($14.72 in chips) 
Morgs098: posts small blind $0.05
FERttAx01: posts big blind $0.10
*** HOLE CARDS ***
Dealt to Mahu2021 [Ad 4d]
Fishpoker17: folds 
KoW7: raises $0.16 to $0.26
crozd: calls $0.26
Mahu2021: calls $0.26
Morgs098: folds 
FERttAx01: folds 
*** FLOP *** [8d 7c Qs]
KoW7: bets $0.50
crozd: calls $0.50
Mahu2021: folds 
*** TURN *** [8d 7c Qs] [Kc]
KoW7: bets $1.28
crozd: folds 
Uncalled bet ($1.28) returned to KoW7
KoW7 collected $1.84 from pot
KoW7: doesn't show hand 
*** SUMMARY ***
Total pot $1.93 | Rake $0.09 
Board [8d 7c Qs Kc]
Seat 1: Mahu2021 (button) folded on the Flop
Seat 2: Morgs098 (small blind) folded before Flop
Seat 3: FERttAx01 (big blind) folded before Flop
Seat 4: Fishpoker17 folded before Flop (didn't bet)
Seat 5: KoW7 collected ($1.84)
Seat 6: crozd folded on the Turn



PokerStars Zoom Hand #253780356509:  Hold'em No Limit ($0.05/$0.10) - 2024/12/09 22:00:50 CET [2024/12/09 16:00:50 ET]
Table 'Aludra' 6-max Seat #1 is the button
Seat 1: Bumeyes ($10 in chips) 
Seat 2: moe@home ($9.66 in chips) 
Seat 3: Mahu2021 ($9.82 in chips) 
Seat 4: ElnioSkura ($11.01 in chips) 
Seat 5: putzkedudu ($12 in chips) 
Seat 6: Jmacedopg ($6.13 in chips) 
moe@home: posts small blind $0.05
Mahu2021: posts big blind $0.10
*** HOLE CARDS ***
Dealt to Mahu2021 [Qh 6d]
ElnioSkura: raises $0.10 to $0.20
putzkedudu: folds 
Jmacedopg: calls $0.20
Bumeyes: folds 
moe@home: calls $0.15
Mahu2021: folds 
*** FLOP *** [Qs 2s Js]
moe@home: checks 
ElnioSkura: checks 
Jmacedopg: checks 
*** TURN *** [Qs 2s Js] [Qc]
moe@home: checks 
ElnioSkura: checks 
Jmacedopg: bets $0.34
moe@home: calls $0.34
ElnioSkura: folds 
*** RIVER *** [Qs 2s Js Qc] [5s]
moe@home: bets $0.79
Jmacedopg: calls $0.79
*** SHOW DOWN ***
moe@home: shows [Jd Jc] (a full house, Jacks full of Queens)
Jmacedopg: mucks hand 
moe@home collected $2.83 from pot
*** SUMMARY ***
Total pot $2.96 | Rake $0.13 
Board [Qs 2s Js Qc 5s]
Seat 1: Bumeyes (button) folded before Flop (didn't bet)
Seat 2: moe@home (small blind) showed [Jd Jc] and won ($2.83) with a full house, Jacks full of Queens
Seat 3: Mahu2021 (big blind) folded before Flop
Seat 4: ElnioSkura folded on the Turn
Seat 5: putzkedudu folded before Flop (didn't bet)
Seat 6: Jmacedopg mucked [Kc Ts]



PokerStars Zoom Hand #253780364725:  Hold'em No Limit ($0.05/$0.10) - 2024/12/09 22:01:23 CET [2024/12/09 16:01:23 ET]
Table 'Aludra' 6-max Seat #1 is the button
Seat 1: Twitchxxop ($24.31 in chips) 
Seat 2: Mahu2021 ($9.46 in chips) 
Seat 3: Live4Life121 ($14.99 in chips) 
Seat 4: dédé-traquer ($10.62 in chips) 
Seat 5: rofos2023 ($11.68 in chips) 
Seat 6: miker1980 ($10.26 in chips) 
Mahu2021: posts small blind $0.05
Live4Life121: posts big blind $0.10
*** HOLE CARDS ***
Dealt to Mahu2021 [Ac 9d]
dédé-traquer: folds 
rofos2023: folds 
miker1980: folds 
Twitchxxop: raises $0.15 to $0.25
Mahu2021: calls $0.20
Live4Life121: folds 
*** FLOP *** [3h Js Ks]
Mahu2021: checks 
Twitchxxop: bets $0.19
Mahu2021: folds 
Uncalled bet ($0.19) returned to Twitchxxop
Twitchxxop collected $0.57 from pot
Twitchxxop: doesn't show hand 
*** SUMMARY ***
Total pot $0.60 | Rake $0.03 
Board [3h Js Ks]
Seat 1: Twitchxxop (button) collected ($0.57)
Seat 2: Mahu2021 (small blind) folded on the Flop
Seat 3: Live4Life121 (big blind) folded before Flop
Seat 4: dédé-traquer folded before Flop (didn't bet)
Seat 5: rofos2023 folded before Flop (didn't bet)
Seat 6: miker1980 folded before Flop (didn't bet)



PokerStars Zoom Hand #253780373071:  Hold'em No Limit ($0.05/$0.10) - 2024/12/09 22:01:52 CET [2024/12/09 16:01:52 ET]
Table 'Aludra' 6-max Seat #1 is the button
Seat 1: based-stylo ($18.11 in chips) 
Seat 2: utahhih ($9.65 in chips) 
Seat 3: CampeaoBra ($11.38 in chips) 
Seat 4: 1857Dan ($10.15 in chips) 
Seat 5: jacinto 8vo ($12.08 in chips) 
Seat 6: Mahu2021 ($9.21 in chips) 
utahhih: posts small blind $0.05
CampeaoBra: posts big blind $0.10
*** HOLE CARDS ***
Dealt to Mahu2021 [Td 5s]
1857Dan: raises $0.15 to $0.25
jacinto 8vo: folds 
Mahu2021: folds 
based-stylo: folds 
utahhih: folds 
CampeaoBra: folds 
Uncalled bet ($0.15) returned to 1857Dan
1857Dan collected $0.25 from pot
1857Dan: doesn't show hand 
*** SUMMARY ***
Total pot $0.25 | Rake $0 
Seat 1: based-stylo (button) folded before Flop (didn't bet)
Seat 2: utahhih (small blind) folded before Flop
Seat 3: CampeaoBra (big blind) folded before Flop
Seat 4: 1857Dan collected ($0.25)
Seat 5: jacinto 8vo folded before Flop (didn't bet)
Seat 6: Mahu2021 folded before Flop (didn't bet)



PokerStars Zoom Hand #253780374547:  Hold'em No Limit ($0.05/$0.10) - 2024/12/09 22:01:57 CET [2024/12/09 16:01:57 ET]
Table 'Aludra' 6-max Seat #1 is the button
Seat 1: Kabap_Mouth ($10 in chips) 
Seat 2: aimless0 ($11.60 in chips) 
Seat 3: putzkedudu ($10.36 in chips) 
Seat 4: Bumeyes ($10 in chips) 
Seat 5: Mahu2021 ($9.21 in chips) 
Seat 6: Techd3nc4 ($11.87 in chips) 
aimless0: posts small blind $0.05
putzkedudu: posts big blind $0.10
*** HOLE CARDS ***
Dealt to Mahu2021 [7s Jc]
Bumeyes: raises $0.12 to $0.22
Mahu2021: folds 
Techd3nc4: folds 
Kabap_Mouth: folds 
aimless0: folds 
putzkedudu: folds 
Uncalled bet ($0.12) returned to Bumeyes
Bumeyes collected $0.25 from pot
Bumeyes: doesn't show hand 
*** SUMMARY ***
Total pot $0.25 | Rake $0 
Seat 1: Kabap_Mouth (button) folded before Flop (didn't bet)
Seat 2: aimless0 (small blind) folded before Flop
Seat 3: putzkedudu (big blind) folded before Flop
Seat 4: Bumeyes collected ($0.25)
Seat 5: Mahu2021 folded before Flop (didn't bet)
Seat 6: Techd3nc4 folded before Flop (didn't bet)



PokerStars Zoom Hand #253780376751:  Hold'em No Limit ($0.05/$0.10) - 2024/12/09 22:02:04 CET [2024/12/09 16:02:04 ET]
Table 'Aludra' 6-max Seat #1 is the button
Seat 1: ishivremaks ($16.39 in chips) 
Seat 2: ElnioSkura ($10.86 in chips) 
Seat 3: Mahu2021 ($9.21 in chips) 
Seat 4: SaRdo910 ($3.62 in chips) 
Seat 5: jacinto 8vo ($10.88 in chips) 
Seat 6: putzkedudu ($10.40 in chips) 
ElnioSkura: posts small blind $0.05
Mahu2021: posts big blind $0.10
*** HOLE CARDS ***
Dealt to Mahu2021 [Qd 3d]
SaRdo910: folds 
jacinto 8vo: folds 
putzkedudu: folds 
ishivremaks: folds 
ElnioSkura: folds 
Uncalled bet ($0.05) returned to Mahu2021
Mahu2021 collected $0.10 from pot
Mahu2021: doesn't show hand 
*** SUMMARY ***
Total pot $0.10 | Rake $0 
Seat 1: ishivremaks (button) folded before Flop (didn't bet)
Seat 2: ElnioSkura (small blind) folded before Flop
Seat 3: Mahu2021 (big blind) collected ($0.10)
Seat 4: SaRdo910 folded before Flop (didn't bet)
Seat 5: jacinto 8vo folded before Flop (didn't bet)
Seat 6: putzkedudu folded before Flop (didn't bet)



PokerStars Zoom Hand #253780375518:  Hold'em No Limit ($0.05/$0.10) - 2024/12/09 22:02:00 CET [2024/12/09 16:02:00 ET]
Table 'Aludra' 6-max Seat #1 is the button
Seat 1: FERttAx01 ($11.34 in chips) 
Seat 2: FSMT ($10 in chips) 
Seat 3: EdgaP ($26.79 in chips) 
Seat 4: Mahu2021 ($9.21 in chips) 
Seat 5: ishivremaks ($16.39 in chips) 
Seat 6: CampeaoBra ($10.88 in chips) 
FSMT: posts small blind $0.05
EdgaP: posts big blind $0.10
*** HOLE CARDS ***
Dealt to Mahu2021 [3c 2h]
Mahu2021: folds 
ishivremaks: folds 
CampeaoBra: folds 
FERttAx01: raises $0.15 to $0.25
FSMT: folds 
EdgaP: calls $0.15
*** FLOP *** [8d 9s 9d]
EdgaP: checks 
FERttAx01: bets $0.27
EdgaP: folds 
Uncalled bet ($0.27) returned to FERttAx01
FERttAx01 collected $0.53 from pot
FERttAx01: doesn't show hand 
*** SUMMARY ***
Total pot $0.55 | Rake $0.02 
Board [8d 9s 9d]
Seat 1: FERttAx01 (button) collected ($0.53)
Seat 2: FSMT (small blind) folded before Flop
Seat 3: EdgaP (big blind) folded on the Flop
Seat 4: Mahu2021 folded before Flop (didn't bet)
Seat 5: ishivremaks folded before Flop (didn't bet)
Seat 6: CampeaoBra folded before Flop (didn't bet)



PokerStars Zoom Hand #253780379787:  Hold'em No Limit ($0.05/$0.10) - 2024/12/09 22:02:15 CET [2024/12/09 16:02:15 ET]
Table 'Aludra' 6-max Seat #1 is the button
Seat 1: jezza71 ($9.95 in chips) 
Seat 2: Mahu2021 ($9.26 in chips) 
Seat 3: Footraiser ($17.02 in chips) 
Seat 4: TPS72 ($5.45 in chips) 
Seat 5: YNGD ($35.72 in chips) 
Seat 6: shortstackpro ($6.26 in chips) 
Mahu2021: posts small blind $0.05
Footraiser: posts big blind $0.10
*** HOLE CARDS ***
Dealt to Mahu2021 [2h As]
TPS72: folds 
YNGD: folds 
shortstackpro: calls $0.10
jezza71: folds 
Mahu2021: calls $0.05
Footraiser: checks 
*** FLOP *** [3d Kc 7s]
Mahu2021: checks 
Footraiser: checks 
shortstackpro: bets $0.29
Mahu2021: folds 
Footraiser: calls $0.29
*** TURN *** [3d Kc 7s] [9s]
Footraiser: checks 
shortstackpro: checks 
*** RIVER *** [3d Kc 7s 9s] [8c]
Footraiser: checks 
shortstackpro: checks 
*** SHOW DOWN ***
Footraiser: shows [Ks 4c] (a pair of Kings)
shortstackpro: mucks hand 
Footraiser collected $0.84 from pot
*** SUMMARY ***
Total pot $0.88 | Rake $0.04 
Board [3d Kc 7s 9s 8c]
Seat 1: jezza71 (button) folded before Flop (didn't bet)
Seat 2: Mahu2021 (small blind) folded on the Flop
Seat 3: Footraiser (big blind) showed [Ks 4c] and won ($0.84) with a pair of Kings
Seat 4: TPS72 folded before Flop (didn't bet)
Seat 5: YNGD folded before Flop (didn't bet)
Seat 6: shortstackpro mucked [Tc Qc]



PokerStars Zoom Hand #253780386010:  Hold'em No Limit ($0.05/$0.10) - 2024/12/09 22:02:36 CET [2024/12/09 16:02:36 ET]
Table 'Aludra' 6-max Seat #1 is the button
Seat 1: Mahu2021 ($9.16 in chips) 
Seat 2: moe@home ($11.21 in chips) 
Seat 3: zampana ($10.76 in chips) 
Seat 4: decm ($10.09 in chips) 
Seat 5: Bumeyes ($14.20 in chips) 
Seat 6: CampeaoBra ($11.23 in chips) 
moe@home: posts small blind $0.05
zampana: posts big blind $0.10
*** HOLE CARDS ***
Dealt to Mahu2021 [7s 6s]
decm: folds 
Bumeyes: folds 
CampeaoBra: raises $0.10 to $0.20
Mahu2021: calls $0.20
moe@home: folds 
zampana: raises $0.70 to $0.90
CampeaoBra: folds 
Mahu2021: folds 
Uncalled bet ($0.70) returned to zampana
zampana collected $0.65 from pot
zampana: doesn't show hand 
*** SUMMARY ***
Total pot $0.65 | Rake $0 
Seat 1: Mahu2021 (button) folded before Flop
Seat 2: moe@home (small blind) folded before Flop
Seat 3: zampana (big blind) collected ($0.65)
Seat 4: decm folded before Flop (didn't bet)
Seat 5: Bumeyes folded before Flop (didn't bet)
Seat 6: CampeaoBra folded before Flop



PokerStars Zoom Hand #253780392587:  Hold'em No Limit ($0.05/$0.10) - 2024/12/09 22:02:59 CET [2024/12/09 16:02:59 ET]
Table 'Aludra' 6-max Seat #1 is the button
Seat 1: mrfreaky1989 ($10.43 in chips) 
Seat 2: ElnioSkura ($10 in chips) 
Seat 3: Contr@Reloj ($27.53 in chips) 
Seat 4: miker1980 ($33.34 in chips) 
Seat 5: Mu.Rothbard ($18.60 in chips) 
Seat 6: Mahu2021 ($8.96 in chips) 
ElnioSkura: posts small blind $0.05
Contr@Reloj: posts big blind $0.10
*** HOLE CARDS ***
Dealt to Mahu2021 [8s Th]
miker1980: folds 
Mu.Rothbard: folds 
Mahu2021: folds 
mrfreaky1989: folds 
ElnioSkura: folds 
Uncalled bet ($0.05) returned to Contr@Reloj
Contr@Reloj collected $0.10 from pot
Contr@Reloj: doesn't show hand 
*** SUMMARY ***
Total pot $0.10 | Rake $0 
Seat 1: mrfreaky1989 (button) folded before Flop (didn't bet)
Seat 2: ElnioSkura (small blind) folded before Flop
Seat 3: Contr@Reloj (big blind) collected ($0.10)
Seat 4: miker1980 folded before Flop (didn't bet)
Seat 5: Mu.Rothbard folded before Flop (didn't bet)
Seat 6: Mahu2021 folded before Flop (didn't bet)



PokerStars Zoom Hand #253780394027:  Hold'em No Limit ($0.05/$0.10) - 2024/12/09 22:03:04 CET [2024/12/09 16:03:04 ET]
Table 'Aludra' 6-max Seat #1 is the button
Seat 1: GoodGame1989 ($10.83 in chips) 
Seat 2: daily228 ($11.04 in chips) 
Seat 3: Fishpoker17 ($15.88 in chips) 
Seat 4: cks11223 ($10.28 in chips) 
Seat 5: Mahu2021 ($8.96 in chips) 
Seat 6: utahhih ($10.56 in chips) 
daily228: posts small blind $0.05
Fishpoker17: posts big blind $0.10
*** HOLE CARDS ***
Dealt to Mahu2021 [As Qd]
cks11223: folds 
Mahu2021: raises $0.20 to $0.30
utahhih: folds 
GoodGame1989: folds 
daily228: folds 
Fishpoker17: folds 
Uncalled bet ($0.20) returned to Mahu2021
Mahu2021 collected $0.25 from pot
Mahu2021: doesn't show hand 
*** SUMMARY ***
Total pot $0.25 | Rake $0 
Seat 1: GoodGame1989 (button) folded before Flop (didn't bet)
Seat 2: daily228 (small blind) folded before Flop
Seat 3: Fishpoker17 (big blind) folded before Flop
Seat 4: cks11223 folded before Flop (didn't bet)
Seat 5: Mahu2021 collected ($0.25)
Seat 6: utahhih folded before Flop (didn't bet)



PokerStars Zoom Hand #253780401480:  Hold'em No Limit ($0.05/$0.10) - 2024/12/09 22:03:28 CET [2024/12/09 16:03:28 ET]
Table 'Aludra' 6-max Seat #1 is the button
Seat 1: leon05 ($10.21 in chips) 
Seat 2: zampana ($11.21 in chips) 
Seat 3: Hagvaniah ($9.80 in chips) 
Seat 4: GregX22 ($10.66 in chips) 
Seat 5: rofos2023 ($12.13 in chips) 
Seat 6: Mahu2021 ($9.11 in chips) 
zampana: posts small blind $0.05
Hagvaniah: posts big blind $0.10
*** HOLE CARDS ***
Dealt to Mahu2021 [Kc Ac]
GregX22: folds 
rofos2023: folds 
Mahu2021: raises $0.20 to $0.30
leon05: folds 
zampana: raises $0.80 to $1.10
Hagvaniah: folds 
Mahu2021: calls $0.80
*** FLOP *** [Jc 9h 4s]
zampana: checks 
Mahu2021: checks 
*** TURN *** [Jc 9h 4s] [8s]
zampana: checks 
Mahu2021: bets $1
zampana: calls $1
*** RIVER *** [Jc 9h 4s 8s] [3s]
zampana: checks 
Mahu2021: checks 
*** SHOW DOWN ***
zampana: shows [Ks Ad] (high card Ace)
Mahu2021: shows [Kc Ac] (high card Ace)
zampana collected $2.06 from pot
Mahu2021 collected $2.05 from pot
*** SUMMARY ***
Total pot $4.30 | Rake $0.19 
Board [Jc 9h 4s 8s 3s]
Seat 1: leon05 (button) folded before Flop (didn't bet)
Seat 2: zampana (small blind) showed [Ks Ad] and won ($2.06) with high card Ace
Seat 3: Hagvaniah (big blind) folded before Flop
Seat 4: GregX22 folded before Flop (didn't bet)
Seat 5: rofos2023 folded before Flop (didn't bet)
Seat 6: Mahu2021 showed [Kc Ac] and won ($2.05) with high card Ace



PokerStars Zoom Hand #253780412508:  Hold'em No Limit ($0.05/$0.10) - 2024/12/09 22:04:05 CET [2024/12/09 16:04:05 ET]
Table 'Aludra' 6-max Seat #1 is the button
Seat 1: mathiasfiske ($22.55 in chips) 
Seat 2: jacinto 8vo ($10.72 in chips) 
Seat 3: Mahu2021 ($9.06 in chips) 
Seat 4: Patros007 ($14.81 in chips) 
Seat 5: ElnioSkura ($10 in chips) 
Seat 6: Fishpoker17 ($15.53 in chips) 
jacinto 8vo: posts small blind $0.05
Mahu2021: posts big blind $0.10
*** HOLE CARDS ***
Dealt to Mahu2021 [7c 5c]
Patros007: folds 
ElnioSkura: folds 
Fishpoker17: folds 
mathiasfiske: raises $0.15 to $0.25
jacinto 8vo: raises $0.65 to $0.90
Mahu2021: folds 
mathiasfiske: folds 
Uncalled bet ($0.65) returned to jacinto 8vo
jacinto 8vo collected $0.60 from pot
jacinto 8vo: doesn't show hand 
*** SUMMARY ***
Total pot $0.60 | Rake $0 
Seat 1: mathiasfiske (button) folded before Flop
Seat 2: jacinto 8vo (small blind) collected ($0.60)
Seat 3: Mahu2021 (big blind) folded before Flop
Seat 4: Patros007 folded before Flop (didn't bet)
Seat 5: ElnioSkura folded before Flop (didn't bet)
Seat 6: Fishpoker17 folded before Flop (didn't bet)



PokerStars Zoom Hand #253780423079:  Hold'em No Limit ($0.05/$0.10) - 2024/12/09 22:04:40 CET [2024/12/09 16:04:40 ET]
Table 'Aludra' 6-max Seat #1 is the button
Seat 1: charlesws25 ($13.76 in chips) 
Seat 2: EdgaP ($26.22 in chips) 
Seat 3: Mu.Rothbard ($29.45 in chips) 
Seat 4: ishivremaks ($18.96 in chips) 
Seat 5: moe@home ($11.44 in chips) 
Seat 6: Mahu2021 ($8.91 in chips) 
EdgaP: posts small blind $0.05
Mu.Rothbard: posts big blind $0.10
*** HOLE CARDS ***
Dealt to Mahu2021 [Ks 6h]
ishivremaks: folds 
moe@home: folds 
Mahu2021: folds 
charlesws25: folds 
EdgaP: folds 
Uncalled bet ($0.05) returned to Mu.Rothbard
Mu.Rothbard collected $0.10 from pot
Mu.Rothbard: doesn't show hand 
*** SUMMARY ***
Total pot $0.10 | Rake $0 
Seat 1: charlesws25 (button) folded before Flop (didn't bet)
Seat 2: EdgaP (small blind) folded before Flop
Seat 3: Mu.Rothbard (big blind) collected ($0.10)
Seat 4: ishivremaks folded before Flop (didn't bet)
Seat 5: moe@home folded before Flop (didn't bet)
Seat 6: Mahu2021 folded before Flop (didn't bet)



PokerStars Zoom Hand #253780422006:  Hold'em No Limit ($0.05/$0.10) - 2024/12/09 22:04:36 CET [2024/12/09 16:04:36 ET]
Table 'Aludra' 6-max Seat #1 is the button
Seat 1: daily228 ($11.73 in chips) 
Seat 2: mrfreaky1989 ($10.87 in chips) 
Seat 3: scousepsych2 ($10.53 in chips) 
Seat 4: Mahu2021 ($8.91 in chips) 
Seat 5: viking_ro ($10.37 in chips) 
Seat 6: Bur1k ($5 in chips) 
mrfreaky1989: posts small blind $0.05
scousepsych2: posts big blind $0.10
*** HOLE CARDS ***
Dealt to Mahu2021 [3s Kc]
Mahu2021: folds 
viking_ro: raises $0.15 to $0.25
Bur1k: folds 
daily228: folds 
mrfreaky1989: folds 
scousepsych2: folds 
Uncalled bet ($0.15) returned to viking_ro
viking_ro collected $0.25 from pot
viking_ro: doesn't show hand 
*** SUMMARY ***
Total pot $0.25 | Rake $0 
Seat 1: daily228 (button) folded before Flop (didn't bet)
Seat 2: mrfreaky1989 (small blind) folded before Flop
Seat 3: scousepsych2 (big blind) folded before Flop
Seat 4: Mahu2021 folded before Flop (didn't bet)
Seat 5: viking_ro collected ($0.25)
Seat 6: Bur1k folded before Flop (didn't bet)



PokerStars Zoom Hand #253780420667:  Hold'em No Limit ($0.05/$0.10) - 2024/12/09 22:04:32 CET [2024/12/09 16:04:32 ET]
Table 'Aludra' 6-max Seat #1 is the button
Seat 1: Mu.Rothbard ($32.20 in chips) 
Seat 2: CampeaoBra ($10 in chips) 
Seat 3: ishivremaks ($20.96 in chips) 
Seat 4: honEybOOx ($17.31 in chips) 
Seat 5: Mahu2021 ($8.91 in chips) 
Seat 6: mitchy1777 ($13.43 in chips) 
CampeaoBra: posts small blind $0.05
ishivremaks: posts big blind $0.10
*** HOLE CARDS ***
Dealt to Mahu2021 [8s Td]
honEybOOx: raises $0.10 to $0.20
Mahu2021: folds 
mitchy1777: raises $0.55 to $0.75
Mu.Rothbard: folds 
CampeaoBra: folds 
ishivremaks: folds 
honEybOOx: folds 
Uncalled bet ($0.55) returned to mitchy1777
mitchy1777 collected $0.55 from pot
mitchy1777: doesn't show hand 
*** SUMMARY ***
Total pot $0.55 | Rake $0 
Seat 1: Mu.Rothbard (button) folded before Flop (didn't bet)
Seat 2: CampeaoBra (small blind) folded before Flop
Seat 3: ishivremaks (big blind) folded before Flop
Seat 4: honEybOOx folded before Flop
Seat 5: Mahu2021 folded before Flop (didn't bet)
Seat 6: mitchy1777 collected ($0.55)



PokerStars Zoom Hand #253780419534:  Hold'em No Limit ($0.05/$0.10) - 2024/12/09 22:04:28 CET [2024/12/09 16:04:28 ET]
Table 'Aludra' 6-max Seat #1 is the button
Seat 1: Mahu2021 ($8.91 in chips) 
Seat 2: Titsamach ($10.46 in chips) 
Seat 3: Live4Life121 ($14.63 in chips) 
Seat 4: TPS72 ($5.20 in chips) 
Seat 5: blindprotector ($10 in chips) 
Seat 6: aimless0 ($11.31 in chips) 
Titsamach: posts small blind $0.05
Live4Life121: posts big blind $0.10
*** HOLE CARDS ***
Dealt to Mahu2021 [2s Ac]
TPS72: folds 
blindprotector: raises $0.15 to $0.25
aimless0: folds 
Mahu2021: folds 
Titsamach: raises $0.85 to $1.10
Live4Life121: folds 
blindprotector: folds 
Uncalled bet ($0.85) returned to Titsamach
Titsamach collected $0.60 from pot
Titsamach: doesn't show hand 
*** SUMMARY ***
Total pot $0.60 | Rake $0 
Seat 1: Mahu2021 (button) folded before Flop (didn't bet)
Seat 2: Titsamach (small blind) collected ($0.60)
Seat 3: Live4Life121 (big blind) folded before Flop
Seat 4: TPS72 folded before Flop (didn't bet)
Seat 5: blindprotector folded before Flop
Seat 6: aimless0 folded before Flop (didn't bet)



PokerStars Zoom Hand #253780418518:  Hold'em No Limit ($0.05/$0.10) - 2024/12/09 22:04:25 CET [2024/12/09 16:04:25 ET]
Table 'Aludra' 6-max Seat #1 is the button
Seat 1: Tedy.Bear.17 ($33.87 in chips) 
Seat 2: Mahu2021 ($8.96 in chips) 
Seat 3: jacinto 8vo ($11.05 in chips) 
Seat 4: Titsamach ($10.46 in chips) 
Seat 5: Mu.Rothbard ($29.45 in chips) 
Seat 6: T.D.L.D.K ($17.23 in chips) 
Mahu2021: posts small blind $0.05
jacinto 8vo: posts big blind $0.10
*** HOLE CARDS ***
Dealt to Mahu2021 [2s 8s]
Titsamach: folds 
Mu.Rothbard: folds 
T.D.L.D.K: raises $0.15 to $0.25
Tedy.Bear.17: folds 
Mahu2021: folds 
jacinto 8vo: calls $0.15
*** FLOP *** [Ks 4c Kd]
jacinto 8vo: checks 
T.D.L.D.K: checks 
*** TURN *** [Ks 4c Kd] [8d]
jacinto 8vo: checks 
T.D.L.D.K: checks 
*** RIVER *** [Ks 4c Kd 8d] [Th]
jacinto 8vo: bets $0.13
T.D.L.D.K: calls $0.13
*** SHOW DOWN ***
jacinto 8vo: shows [2h 2c] (two pair, Kings and Deuces)
T.D.L.D.K: mucks hand 
jacinto 8vo collected $0.77 from pot
*** SUMMARY ***
Total pot $0.81 | Rake $0.04 
Board [Ks 4c Kd 8d Th]
Seat 1: Tedy.Bear.17 (button) folded before Flop (didn't bet)
Seat 2: Mahu2021 (small blind) folded before Flop
Seat 3: jacinto 8vo (big blind) showed [2h 2c] and won ($0.77) with two pair, Kings and Deuces
Seat 4: Titsamach folded before Flop (didn't bet)
Seat 5: Mu.Rothbard folded before Flop (didn't bet)
Seat 6: T.D.L.D.K mucked [3h Ah]



PokerStars Zoom Hand #253780424433:  Hold'em No Limit ($0.05/$0.10) - 2024/12/09 22:04:44 CET [2024/12/09 16:04:44 ET]
Table 'Aludra' 6-max Seat #1 is the button
Seat 1: RabiatMC ($12.89 in chips) 
Seat 2: YNGD ($33.84 in chips) 
Seat 3: Mahu2021 ($8.91 in chips) 
Seat 4: EdgaP ($26.17 in chips) 
Seat 5: som1990 ($10.97 in chips) 
Seat 6: dédé-traquer ($10.21 in chips) 
YNGD: posts small blind $0.05
Mahu2021: posts big blind $0.10
*** HOLE CARDS ***
Dealt to Mahu2021 [9s Ah]
EdgaP: folds 
som1990: folds 
dédé-traquer: folds 
RabiatMC: folds 
YNGD: raises $0.20 to $0.30
Mahu2021: calls $0.20
*** FLOP *** [5s 6h 2d]
YNGD: bets $0.18
Mahu2021: calls $0.18
*** TURN *** [5s 6h 2d] [Qh]
YNGD: checks 
Mahu2021: bets $0.30
YNGD: calls $0.30
*** RIVER *** [5s 6h 2d Qh] [Kc]
YNGD: checks 
Mahu2021: checks 
*** SHOW DOWN ***
YNGD: shows [4d 4s] (a pair of Fours)
Mahu2021: mucks hand 
YNGD collected $1.49 from pot
*** SUMMARY ***
Total pot $1.56 | Rake $0.07 
Board [5s 6h 2d Qh Kc]
Seat 1: RabiatMC (button) folded before Flop (didn't bet)
Seat 2: YNGD (small blind) showed [4d 4s] and won ($1.49) with a pair of Fours
Seat 3: Mahu2021 (big blind) mucked [9s Ah]
Seat 4: EdgaP folded before Flop (didn't bet)
Seat 5: som1990 folded before Flop (didn't bet)
Seat 6: dédé-traquer folded before Flop (didn't bet)



PokerStars Zoom Hand #253780444602:  Hold'em No Limit ($0.05/$0.10) - 2024/12/09 22:05:50 CET [2024/12/09 16:05:50 ET]
Table 'Aludra' 6-max Seat #1 is the button
Seat 1: Mahu2021 ($8.13 in chips) 
Seat 2: Shakawka ($10.76 in chips) 
Seat 3: Silva 5758 ($5.62 in chips) 
Seat 4: Twitchxxop ($23.15 in chips) 
Seat 5: GoodGame1989 ($10 in chips) 
Seat 6: charlesws25 ($10.08 in chips) 
Shakawka: posts small blind $0.05
Silva 5758: posts big blind $0.10
*** HOLE CARDS ***
Dealt to Mahu2021 [6h Td]
Twitchxxop: folds 
GoodGame1989: folds 
charlesws25: raises $0.15 to $0.25
Mahu2021: folds 
Shakawka: folds 
Silva 5758: folds 
Uncalled bet ($0.15) returned to charlesws25
charlesws25 collected $0.25 from pot
charlesws25: doesn't show hand 
*** SUMMARY ***
Total pot $0.25 | Rake $0 
Seat 1: Mahu2021 (button) folded before Flop (didn't bet)
Seat 2: Shakawka (small blind) folded before Flop
Seat 3: Silva 5758 (big blind) folded before Flop
Seat 4: Twitchxxop folded before Flop (didn't bet)
Seat 5: GoodGame1989 folded before Flop (didn't bet)
Seat 6: charlesws25 collected ($0.25)



PokerStars Zoom Hand #253780445784:  Hold'em No Limit ($0.05/$0.10) - 2024/12/09 22:05:54 CET [2024/12/09 16:05:54 ET]
Table 'Aludra' 6-max Seat #1 is the button
Seat 1: Tedy.Bear.17 ($33.82 in chips) 
Seat 2: Mahu2021 ($8.13 in chips) 
Seat 3: Live4Life121 ($14.63 in chips) 
Seat 4: ascensionIII ($11.35 in chips) 
Seat 5: zzz7zzz7zzz ($2.81 in chips) 
Seat 6: EdgaP ($25.96 in chips) 
Mahu2021: posts small blind $0.05
Live4Life121: posts big blind $0.10
*** HOLE CARDS ***
Dealt to Mahu2021 [6c 3d]
ascensionIII: raises $0.10 to $0.20
zzz7zzz7zzz: folds 
EdgaP: folds 
Tedy.Bear.17: folds 
Mahu2021: folds 
Live4Life121: folds 
Uncalled bet ($0.10) returned to ascensionIII
ascensionIII collected $0.25 from pot
ascensionIII: doesn't show hand 
*** SUMMARY ***
Total pot $0.25 | Rake $0 
Seat 1: Tedy.Bear.17 (button) folded before Flop (didn't bet)
Seat 2: Mahu2021 (small blind) folded before Flop
Seat 3: Live4Life121 (big blind) folded before Flop
Seat 4: ascensionIII collected ($0.25)
Seat 5: zzz7zzz7zzz folded before Flop (didn't bet)
Seat 6: EdgaP folded before Flop (didn't bet)



PokerStars Zoom Hand #253780442556:  Hold'em No Limit ($0.05/$0.10) - 2024/12/09 22:05:44 CET [2024/12/09 16:05:44 ET]
Table 'Aludra' 6-max Seat #1 is the button
Seat 1: GoodGame1989 ($10.74 in chips) 
Seat 2: Bumeyes ($16.64 in chips) 
Seat 3: Shakawka ($19.06 in chips) 
Seat 4: charlesws25 ($10.08 in chips) 
Seat 5: Mahu2021 ($8.13 in chips) 
Seat 6: zampana ($10.39 in chips) 
Bumeyes: posts small blind $0.05
Shakawka: posts big blind $0.10
*** HOLE CARDS ***
Dealt to Mahu2021 [9s Jc]
charlesws25: folds 
Mahu2021: folds 
zampana: folds 
GoodGame1989: raises $0.11 to $0.21
Bumeyes: folds 
Shakawka: calls $0.11
*** FLOP *** [As Js 3s]
Shakawka: checks 
GoodGame1989: bets $0.12
Shakawka: folds 
Uncalled bet ($0.12) returned to GoodGame1989
GoodGame1989 collected $0.45 from pot
GoodGame1989: doesn't show hand 
*** SUMMARY ***
Total pot $0.47 | Rake $0.02 
Board [As Js 3s]
Seat 1: GoodGame1989 (button) collected ($0.45)
Seat 2: Bumeyes (small blind) folded before Flop
Seat 3: Shakawka (big blind) folded on the Flop
Seat 4: charlesws25 folded before Flop (didn't bet)
Seat 5: Mahu2021 folded before Flop (didn't bet)
Seat 6: zampana folded before Flop (didn't bet)



PokerStars Zoom Hand #253780447042:  Hold'em No Limit ($0.05/$0.10) - 2024/12/09 22:05:58 CET [2024/12/09 16:05:58 ET]
Table 'Aludra' 6-max Seat #1 is the button
Seat 1: utahhih ($10.36 in chips) 
Seat 2: ZookeeperBoy ($9.75 in chips) 
Seat 3: putzkedudu ($10.15 in chips) 
Seat 4: Mahu2021 ($8.08 in chips) 
Seat 5: posidon1a ($20.18 in chips) 
Seat 6: NorthernSoul ($8.93 in chips) 
ZookeeperBoy: posts small blind $0.05
putzkedudu: posts big blind $0.10
*** HOLE CARDS ***
Dealt to Mahu2021 [7h 7d]
Mahu2021: raises $0.10 to $0.20
posidon1a: folds 
NorthernSoul has timed out
NorthernSoul: folds 
utahhih: folds 
ZookeeperBoy: folds 
putzkedudu: folds 
Uncalled bet ($0.10) returned to Mahu2021
Mahu2021 collected $0.25 from pot
Mahu2021: doesn't show hand 
*** SUMMARY ***
Total pot $0.25 | Rake $0 
Seat 1: utahhih (button) folded before Flop (didn't bet)
Seat 2: ZookeeperBoy (small blind) folded before Flop
Seat 3: putzkedudu (big blind) folded before Flop
Seat 4: Mahu2021 collected ($0.25)
Seat 5: posidon1a folded before Flop (didn't bet)
Seat 6: NorthernSoul folded before Flop (didn't bet)



PokerStars Zoom Hand #253780457539:  Hold'em No Limit ($0.05/$0.10) - 2024/12/09 22:06:34 CET [2024/12/09 16:06:34 ET]
Table 'Aludra' 6-max Seat #1 is the button
Seat 1: Morgs098 ($25.83 in chips) 
Seat 2: booboo99468 ($4.40 in chips) 
Seat 3: Capitao1987 ($10.82 in chips) 
Seat 4: utahhih ($14.71 in chips) 
Seat 5: Mu.Rothbard ($31.97 in chips) 
Seat 6: Mahu2021 ($8.23 in chips) 
booboo99468: posts small blind $0.05
Capitao1987: posts big blind $0.10
*** HOLE CARDS ***
Dealt to Mahu2021 [7d 5s]
utahhih: folds 
Mu.Rothbard: folds 
Mahu2021: folds 
Morgs098: folds 
booboo99468: folds 
Uncalled bet ($0.05) returned to Capitao1987
Capitao1987 collected $0.10 from pot
Capitao1987: doesn't show hand 
*** SUMMARY ***
Total pot $0.10 | Rake $0 
Seat 1: Morgs098 (button) folded before Flop (didn't bet)
Seat 2: booboo99468 (small blind) folded before Flop
Seat 3: Capitao1987 (big blind) collected ($0.10)
Seat 4: utahhih folded before Flop (didn't bet)
Seat 5: Mu.Rothbard folded before Flop (didn't bet)
Seat 6: Mahu2021 folded before Flop (didn't bet)



PokerStars Zoom Hand #253780459998:  Hold'em No Limit ($0.05/$0.10) - 2024/12/09 22:06:42 CET [2024/12/09 16:06:42 ET]
Table 'Aludra' 6-max Seat #1 is the button
Seat 1: zampana ($9.90 in chips) 
Seat 2: Mu.Rothbard ($18.41 in chips) 
Seat 3: Mahu2021 ($8.23 in chips) 
Seat 4: Riyadh1985 ($5.52 in chips) 
Seat 5: Capitao1987 ($10.87 in chips) 
Seat 6: Fishpoker17 ($15.56 in chips) 
Mu.Rothbard: posts small blind $0.05
Mahu2021: posts big blind $0.10
*** HOLE CARDS ***
Dealt to Mahu2021 [3h 8h]
Riyadh1985: raises $0.10 to $0.20
Capitao1987: folds 
Fishpoker17: folds 
zampana: folds 
Mu.Rothbard: folds 
Mahu2021: folds 
Uncalled bet ($0.10) returned to Riyadh1985
Riyadh1985 collected $0.25 from pot
Riyadh1985: doesn't show hand 
*** SUMMARY ***
Total pot $0.25 | Rake $0 
Seat 1: zampana (button) folded before Flop (didn't bet)
Seat 2: Mu.Rothbard (small blind) folded before Flop
Seat 3: Mahu2021 (big blind) folded before Flop
Seat 4: Riyadh1985 collected ($0.25)
Seat 5: Capitao1987 folded before Flop (didn't bet)
Seat 6: Fishpoker17 folded before Flop (didn't bet)



PokerStars Zoom Hand #253780461851:  Hold'em No Limit ($0.05/$0.10) - 2024/12/09 22:06:48 CET [2024/12/09 16:06:48 ET]
Table 'Aludra' 6-max Seat #1 is the button
Seat 1: Ptit Gervais ($9.85 in chips) 
Seat 2: Mahu2021 ($8.13 in chips) 
Seat 3: dédé-traquer ($10.64 in chips) 
Seat 4: putzkedudu ($10 in chips) 
Seat 5: Contr@Reloj ($43.80 in chips) 
Seat 6: charlesws25 ($16.78 in chips) 
Mahu2021: posts small blind $0.05
dédé-traquer: posts big blind $0.10
*** HOLE CARDS ***
Dealt to Mahu2021 [4c Th]
putzkedudu: folds 
Contr@Reloj: folds 
charlesws25: folds 
Ptit Gervais: folds 
Mahu2021: folds 
Uncalled bet ($0.05) returned to dédé-traquer
dédé-traquer collected $0.10 from pot
dédé-traquer: doesn't show hand 
*** SUMMARY ***
Total pot $0.10 | Rake $0 
Seat 1: Ptit Gervais (button) folded before Flop (didn't bet)
Seat 2: Mahu2021 (small blind) folded before Flop
Seat 3: dédé-traquer (big blind) collected ($0.10)
Seat 4: putzkedudu folded before Flop (didn't bet)
Seat 5: Contr@Reloj folded before Flop (didn't bet)
Seat 6: charlesws25 folded before Flop (didn't bet)



PokerStars Zoom Hand #253780458747:  Hold'em No Limit ($0.05/$0.10) - 2024/12/09 22:06:37 CET [2024/12/09 16:06:37 ET]
Table 'Aludra' 6-max Seat #1 is the button
Seat 1: zampana ($10.34 in chips) 
Seat 2: charlesws25 ($11.66 in chips) 
Seat 3: Bumeyes ($13.31 in chips) 
Seat 4: Morgs098 ($25.83 in chips) 
Seat 5: Mahu2021 ($8.23 in chips) 
Seat 6: booboo99468 ($4.35 in chips) 
charlesws25: posts small blind $0.05
Bumeyes: posts big blind $0.10
*** HOLE CARDS ***
Dealt to Mahu2021 [Qh 8d]
Morgs098: folds 
Mahu2021: folds 
booboo99468: calls $0.10
zampana: folds 
charlesws25: folds 
Bumeyes: raises $0.65 to $0.75
booboo99468: folds 
Uncalled bet ($0.65) returned to Bumeyes
Bumeyes collected $0.25 from pot
Bumeyes: doesn't show hand 
*** SUMMARY ***
Total pot $0.25 | Rake $0 
Seat 1: zampana (button) folded before Flop (didn't bet)
Seat 2: charlesws25 (small blind) folded before Flop
Seat 3: Bumeyes (big blind) collected ($0.25)
Seat 4: Morgs098 folded before Flop (didn't bet)
Seat 5: Mahu2021 folded before Flop (didn't bet)
Seat 6: booboo99468 folded before Flop



PokerStars Zoom Hand #253780462773:  Hold'em No Limit ($0.05/$0.10) - 2024/12/09 22:06:51 CET [2024/12/09 16:06:51 ET]
Table 'Aludra' 6-max Seat #1 is the button
Seat 1: Mahu2021 ($8.08 in chips) 
Seat 2: Fishpoker17 ($15.56 in chips) 
Seat 3: honEybOOx ($16 in chips) 
Seat 4: Sandalphon42 ($6.47 in chips) 
Seat 5: charlesws25 ($16.78 in chips) 
Seat 6: Northstarluckyy ($12.98 in chips) 
Fishpoker17: posts small blind $0.05
honEybOOx: posts big blind $0.10
*** HOLE CARDS ***
Dealt to Mahu2021 [Kc Js]
Sandalphon42: calls $0.10
charlesws25: folds 
Northstarluckyy: folds 
Mahu2021: calls $0.10
Fishpoker17: folds 
honEybOOx: checks 
*** FLOP *** [Jc As 4c]
honEybOOx: checks 
Sandalphon42: checks 
Mahu2021: bets $0.20
honEybOOx: folds 
Sandalphon42: folds 
Uncalled bet ($0.20) returned to Mahu2021
Mahu2021 collected $0.33 from pot
Mahu2021: doesn't show hand 
*** SUMMARY ***
Total pot $0.35 | Rake $0.02 
Board [Jc As 4c]
Seat 1: Mahu2021 (button) collected ($0.33)
Seat 2: Fishpoker17 (small blind) folded before Flop
Seat 3: honEybOOx (big blind) folded on the Flop
Seat 4: Sandalphon42 folded on the Flop
Seat 5: charlesws25 folded before Flop (didn't bet)
Seat 6: Northstarluckyy folded before Flop (didn't bet)



PokerStars Zoom Hand #253780474455:  Hold'em No Limit ($0.05/$0.10) - 2024/12/09 22:07:29 CET [2024/12/09 16:07:29 ET]
Table 'Aludra' 6-max Seat #1 is the button
Seat 1: zampana ($9.60 in chips) 
Seat 2: RabiatMC ($14.53 in chips) 
Seat 3: moe@home ($9.62 in chips) 
Seat 4: Mahu2021 ($8.31 in chips) 
Seat 5: sandytaylor97 ($11.84 in chips) 
Seat 6: Shakawka ($22.95 in chips) 
RabiatMC: posts small blind $0.05
moe@home: posts big blind $0.10
*** HOLE CARDS ***
Dealt to Mahu2021 [9h Ac]
Mahu2021: folds 
sandytaylor97: folds 
Shakawka: raises $0.10 to $0.20
zampana: folds 
RabiatMC: folds 
moe@home: folds 
Uncalled bet ($0.10) returned to Shakawka
Shakawka collected $0.25 from pot
Shakawka: doesn't show hand 
*** SUMMARY ***
Total pot $0.25 | Rake $0 
Seat 1: zampana (button) folded before Flop (didn't bet)
Seat 2: RabiatMC (small blind) folded before Flop
Seat 3: moe@home (big blind) folded before Flop
Seat 4: Mahu2021 folded before Flop (didn't bet)
Seat 5: sandytaylor97 folded before Flop (didn't bet)
Seat 6: Shakawka collected ($0.25)



PokerStars Zoom Hand #253780475737:  Hold'em No Limit ($0.05/$0.10) - 2024/12/09 22:07:34 CET [2024/12/09 16:07:34 ET]
Table 'Aludra' 6-max Seat #1 is the button
Seat 1: jacinto 8vo ($10.71 in chips) 
Seat 2: moe@home ($9.52 in chips) 
Seat 3: Bumeyes ($10.24 in chips) 
Seat 4: Mu.Rothbard ($31.82 in chips) 
Seat 5: sandytaylor97 ($11.84 in chips) 
Seat 6: Mahu2021 ($8.31 in chips) 
moe@home: posts small blind $0.05
Bumeyes: posts big blind $0.10
*** HOLE CARDS ***
Dealt to Mahu2021 [8s Jh]
Mu.Rothbard: folds 
sandytaylor97: folds 
Mahu2021: folds 
jacinto 8vo: folds 
moe@home: folds 
Uncalled bet ($0.05) returned to Bumeyes
Bumeyes collected $0.10 from pot
Bumeyes: doesn't show hand 
*** SUMMARY ***
Total pot $0.10 | Rake $0 
Seat 1: jacinto 8vo (button) folded before Flop (didn't bet)
Seat 2: moe@home (small blind) folded before Flop
Seat 3: Bumeyes (big blind) collected ($0.10)
Seat 4: Mu.Rothbard folded before Flop (didn't bet)
Seat 5: sandytaylor97 folded before Flop (didn't bet)
Seat 6: Mahu2021 folded before Flop (didn't bet)



PokerStars Zoom Hand #253780476967:  Hold'em No Limit ($0.05/$0.10) - 2024/12/09 22:07:38 CET [2024/12/09 16:07:38 ET]
Table 'Aludra' 6-max Seat #1 is the button
Seat 1: Mahu2021 ($8.31 in chips) 
Seat 2: pincha69 ($8.65 in chips) 
Seat 3: Morgs098 ($26.98 in chips) 
Seat 4: mitchy1777 ($11.26 in chips) 
Seat 5: zampana ($9.60 in chips) 
Seat 6: RabiatMC ($14.48 in chips) 
pincha69: posts small blind $0.05
Morgs098: posts big blind $0.10
*** HOLE CARDS ***
Dealt to Mahu2021 [5s 3s]
mitchy1777: folds 
zampana: folds 
RabiatMC: folds 
Mahu2021: raises $0.20 to $0.30
pincha69: folds 
Morgs098: folds 
Uncalled bet ($0.20) returned to Mahu2021
Mahu2021 collected $0.25 from pot
Mahu2021: doesn't show hand 
*** SUMMARY ***
Total pot $0.25 | Rake $0 
Seat 1: Mahu2021 (button) collected ($0.25)
Seat 2: pincha69 (small blind) folded before Flop
Seat 3: Morgs098 (big blind) folded before Flop
Seat 4: mitchy1777 folded before Flop (didn't bet)
Seat 5: zampana folded before Flop (didn't bet)
Seat 6: RabiatMC folded before Flop (didn't bet)



PokerStars Zoom Hand #253780484784:  Hold'em No Limit ($0.05/$0.10) - 2024/12/09 22:08:04 CET [2024/12/09 16:08:04 ET]
Table 'Aludra' 6-max Seat #1 is the button
Seat 1: FSMT ($10.68 in chips) 
Seat 2: Mahu2021 ($8.36 in chips) 
Seat 3: Mu.Rothbard ($28.44 in chips) 
Seat 4: NorthernSoul ($16.54 in chips) 
Seat 5: jacinto 8vo ($13.06 in chips) 
Seat 6: Bumeyes ($10.24 in chips) 
Mahu2021: posts small blind $0.05
Mu.Rothbard: posts big blind $0.10
*** HOLE CARDS ***
Dealt to Mahu2021 [6c Qc]
NorthernSoul: folds 
jacinto 8vo: folds 
Bumeyes: folds 
FSMT: folds 
Mahu2021: folds 
Uncalled bet ($0.05) returned to Mu.Rothbard
Mu.Rothbard collected $0.10 from pot
Mu.Rothbard: doesn't show hand 
*** SUMMARY ***
Total pot $0.10 | Rake $0 
Seat 1: FSMT (button) folded before Flop (didn't bet)
Seat 2: Mahu2021 (small blind) folded before Flop
Seat 3: Mu.Rothbard (big blind) collected ($0.10)
Seat 4: NorthernSoul folded before Flop (didn't bet)
Seat 5: jacinto 8vo folded before Flop (didn't bet)
Seat 6: Bumeyes folded before Flop (didn't bet)



PokerStars Zoom Hand #253780480204:  Hold'em No Limit ($0.05/$0.10) - 2024/12/09 22:07:48 CET [2024/12/09 16:07:48 ET]
Table 'Aludra' 6-max Seat #1 is the button
Seat 1: leon05 ($8.47 in chips) 
Seat 2: ElnioSkura ($10 in chips) 
Seat 3: Mahu2021 ($8.46 in chips) 
Seat 4: jacinto 8vo ($11.34 in chips) 
Seat 5: miker1980 ($11.49 in chips) 
Seat 6: ishivremaks ($24.27 in chips) 
ElnioSkura: posts small blind $0.05
Mahu2021: posts big blind $0.10
*** HOLE CARDS ***
Dealt to Mahu2021 [5c 2h]
jacinto 8vo: folds 
miker1980: folds 
ishivremaks: folds 
leon05: raises $0.20 to $0.30
ElnioSkura: raises $0.30 to $0.60
Mahu2021: folds 
leon05: calls $0.30
*** FLOP *** [5d 3h 7d]
ElnioSkura: checks 
leon05: checks 
*** TURN *** [5d 3h 7d] [3c]
ElnioSkura: checks 
leon05: checks 
*** RIVER *** [5d 3h 7d 3c] [Th]
ElnioSkura: bets $0.60
leon05: calls $0.60
*** SHOW DOWN ***
ElnioSkura: shows [Ac Jc] (a pair of Threes)
leon05: mucks hand 
ElnioSkura collected $2.39 from pot
*** SUMMARY ***
Total pot $2.50 | Rake $0.11 
Board [5d 3h 7d 3c Th]
Seat 1: leon05 (button) mucked [Qc Kh]
Seat 2: ElnioSkura (small blind) showed [Ac Jc] and won ($2.39) with a pair of Threes
Seat 3: Mahu2021 (big blind) folded before Flop
Seat 4: jacinto 8vo folded before Flop (didn't bet)
Seat 5: miker1980 folded before Flop (didn't bet)
Seat 6: ishivremaks folded before Flop (didn't bet)



PokerStars Zoom Hand #253780485714:  Hold'em No Limit ($0.05/$0.10) - 2024/12/09 22:08:07 CET [2024/12/09 16:08:07 ET]
Table 'Aludra' 6-max Seat #1 is the button
Seat 1: cghap ($55.44 in chips) 
Seat 2: ascensionIII ($11.20 in chips) 
Seat 3: decm ($7.78 in chips) 
Seat 4: DonkeyKong1960 ($10.22 in chips) 
Seat 5: Mahu2021 ($8.31 in chips) 
Seat 6: Bur1k ($5.45 in chips) 
ascensionIII: posts small blind $0.05
decm: posts big blind $0.10
*** HOLE CARDS ***
Dealt to Mahu2021 [7d Tc]
DonkeyKong1960: folds 
Mahu2021: folds 
Bur1k: raises $0.15 to $0.25
cghap: folds 
ascensionIII: folds 
decm: folds 
Uncalled bet ($0.15) returned to Bur1k
Bur1k collected $0.25 from pot
Bur1k: doesn't show hand 
*** SUMMARY ***
Total pot $0.25 | Rake $0 
Seat 1: cghap (button) folded before Flop (didn't bet)
Seat 2: ascensionIII (small blind) folded before Flop
Seat 3: decm (big blind) folded before Flop
Seat 4: DonkeyKong1960 folded before Flop (didn't bet)
Seat 5: Mahu2021 folded before Flop (didn't bet)
Seat 6: Bur1k collected ($0.25)



PokerStars Zoom Hand #253780486954:  Hold'em No Limit ($0.05/$0.10) - 2024/12/09 22:08:11 CET [2024/12/09 16:08:11 ET]
Table 'Aludra' 6-max Seat #1 is the button
Seat 1: Bumeyes ($10.24 in chips) 
Seat 2: Live4Life121 ($14.04 in chips) 
Seat 3: Tedy.Bear.17 ($32.17 in chips) 
Seat 4: ubituibiego ($10.36 in chips) 
Seat 5: Mahu2021 ($8.31 in chips) 
Seat 6: dédé-traquer ($11.38 in chips) 
Live4Life121: posts small blind $0.05
Tedy.Bear.17: posts big blind $0.10
*** HOLE CARDS ***
Dealt to Mahu2021 [Qh 3s]
ubituibiego: folds 
Mahu2021: folds 
dédé-traquer: raises $0.15 to $0.25
Bumeyes: folds 
Live4Life121: folds 
Tedy.Bear.17: folds 
Uncalled bet ($0.15) returned to dédé-traquer
dédé-traquer collected $0.25 from pot
dédé-traquer: doesn't show hand 
*** SUMMARY ***
Total pot $0.25 | Rake $0 
Seat 1: Bumeyes (button) folded before Flop (didn't bet)
Seat 2: Live4Life121 (small blind) folded before Flop
Seat 3: Tedy.Bear.17 (big blind) folded before Flop
Seat 4: ubituibiego folded before Flop (didn't bet)
Seat 5: Mahu2021 folded before Flop (didn't bet)
Seat 6: dédé-traquer collected ($0.25)



PokerStars Zoom Hand #253780487992:  Hold'em No Limit ($0.05/$0.10) - 2024/12/09 22:08:15 CET [2024/12/09 16:08:15 ET]
Table 'Aludra' 6-max Seat #1 is the button
Seat 1: miker1980 ($11.59 in chips) 
Seat 2: zzz7zzz7zzz ($3.38 in chips) 
Seat 3: DonkeyKong1960 ($10.22 in chips) 
Seat 4: gp motos ($13.82 in chips) 
Seat 5: mathiasfiske ($25.54 in chips) 
Seat 6: Mahu2021 ($8.31 in chips) 
zzz7zzz7zzz: posts small blind $0.05
DonkeyKong1960: posts big blind $0.10
*** HOLE CARDS ***
Dealt to Mahu2021 [Ah 8h]
gp motos: raises $0.15 to $0.25
mathiasfiske: folds 
Mahu2021: calls $0.25
miker1980: folds 
zzz7zzz7zzz: calls $0.20
DonkeyKong1960: folds 
*** FLOP *** [Js 6c Qh]
zzz7zzz7zzz: checks 
gp motos: bets $0.30
Mahu2021: folds 
zzz7zzz7zzz: folds 
Uncalled bet ($0.30) returned to gp motos
gp motos collected $0.81 from pot
gp motos: doesn't show hand 
*** SUMMARY ***
Total pot $0.85 | Rake $0.04 
Board [Js 6c Qh]
Seat 1: miker1980 (button) folded before Flop (didn't bet)
Seat 2: zzz7zzz7zzz (small blind) folded on the Flop
Seat 3: DonkeyKong1960 (big blind) folded before Flop
Seat 4: gp motos collected ($0.81)
Seat 5: mathiasfiske folded before Flop (didn't bet)
Seat 6: Mahu2021 folded on the Flop



PokerStars Zoom Hand #253780498883:  Hold'em No Limit ($0.05/$0.10) - 2024/12/09 22:08:51 CET [2024/12/09 16:08:51 ET]
Table 'Aludra' 6-max Seat #1 is the button
Seat 1: zampana ($10.71 in chips) 
Seat 2: booboo99468 ($4.57 in chips) 
Seat 3: Mahu2021 ($8.06 in chips) 
Seat 4: charlesws25 ($11.41 in chips) 
Seat 5: GoodGame1989 ($10.25 in chips) 
Seat 6: VitorArj ($10.81 in chips) 
booboo99468: posts small blind $0.05
Mahu2021: posts big blind $0.10
*** HOLE CARDS ***
Dealt to Mahu2021 [Kd As]
charlesws25: folds 
GoodGame1989: folds 
VitorArj: folds 
zampana: folds 
booboo99468: raises $0.10 to $0.20
Mahu2021: raises $0.50 to $0.70
booboo99468: folds 
Uncalled bet ($0.50) returned to Mahu2021
Mahu2021 collected $0.40 from pot
Mahu2021: doesn't show hand 
*** SUMMARY ***
Total pot $0.40 | Rake $0 
Seat 1: zampana (button) folded before Flop (didn't bet)
Seat 2: booboo99468 (small blind) folded before Flop
Seat 3: Mahu2021 (big blind) collected ($0.40)
Seat 4: charlesws25 folded before Flop (didn't bet)
Seat 5: GoodGame1989 folded before Flop (didn't bet)
Seat 6: VitorArj folded before Flop (didn't bet)



PokerStars Zoom Hand #253780497535:  Hold'em No Limit ($0.05/$0.10) - 2024/12/09 22:08:46 CET [2024/12/09 16:08:46 ET]
Table 'Aludra' 6-max Seat #1 is the button
Seat 1: ACTN3 ($26.04 in chips) 
Seat 2: jacinto 8vo ($11.24 in chips) 
Seat 3: mitchy1777 ($10 in chips) 
Seat 4: Mahu2021 ($8.06 in chips) 
Seat 5: putzkedudu ($11.30 in chips) 
Seat 6: cghap ($10.37 in chips) 
jacinto 8vo: posts small blind $0.05
mitchy1777: posts big blind $0.10
*** HOLE CARDS ***
Dealt to Mahu2021 [8d 6h]
Mahu2021: folds 
putzkedudu: folds 
cghap: folds 
ACTN3: folds 
jacinto 8vo: raises $0.15 to $0.25
mitchy1777: raises $0.50 to $0.75
jacinto 8vo: folds 
Uncalled bet ($0.50) returned to mitchy1777
mitchy1777 collected $0.50 from pot
mitchy1777: doesn't show hand 
*** SUMMARY ***
Total pot $0.50 | Rake $0 
Seat 1: ACTN3 (button) folded before Flop (didn't bet)
Seat 2: jacinto 8vo (small blind) folded before Flop
Seat 3: mitchy1777 (big blind) collected ($0.50)
Seat 4: Mahu2021 folded before Flop (didn't bet)
Seat 5: putzkedudu folded before Flop (didn't bet)
Seat 6: cghap folded before Flop (didn't bet)



PokerStars Zoom Hand #253780503733:  Hold'em No Limit ($0.05/$0.10) - 2024/12/09 22:09:07 CET [2024/12/09 16:09:07 ET]
Table 'Aludra' 6-max Seat #1 is the button
Seat 1: dédé-traquer ($23.20 in chips) 
Seat 2: Mahu2021 ($8.26 in chips) 
Seat 3: T.D.L.D.K ($15.45 in chips) 
Seat 4: kaly2382 ($8.51 in chips) 
Seat 5: jacinto 8vo ($10.46 in chips) 
Seat 6: Bur1k ($5.12 in chips) 
Mahu2021: posts small blind $0.05
T.D.L.D.K: posts big blind $0.10
*** HOLE CARDS ***
Dealt to Mahu2021 [Ks Qh]
kaly2382: folds 
jacinto 8vo: folds 
Bur1k: folds 
dédé-traquer: raises $0.15 to $0.25
Mahu2021: calls $0.20
T.D.L.D.K: folds 
*** FLOP *** [4d Td Jd]
Mahu2021: checks 
dédé-traquer: checks 
*** TURN *** [4d Td Jd] [Qd]
Mahu2021: bets $0.20
dédé-traquer: folds 
Uncalled bet ($0.20) returned to Mahu2021
Mahu2021 collected $0.57 from pot
Mahu2021: doesn't show hand 
*** SUMMARY ***
Total pot $0.60 | Rake $0.03 
Board [4d Td Jd Qd]
Seat 1: dédé-traquer (button) folded on the Turn
Seat 2: Mahu2021 (small blind) collected ($0.57)
Seat 3: T.D.L.D.K (big blind) folded before Flop
Seat 4: kaly2382 folded before Flop (didn't bet)
Seat 5: jacinto 8vo folded before Flop (didn't bet)
Seat 6: Bur1k folded before Flop (didn't bet)



PokerStars Zoom Hand #253780520147:  Hold'em No Limit ($0.05/$0.10) - 2024/12/09 22:10:00 CET [2024/12/09 16:10:00 ET]
Table 'Aludra' 6-max Seat #1 is the button
Seat 1: Mahu2021 ($8.58 in chips) 
Seat 2: zampana ($9.56 in chips) 
Seat 3: ZookeeperBoy ($12.19 in chips) 
Seat 4: Svitak007 ($10 in chips) 
Seat 5: DonkeyKong1960 ($10 in chips) 
Seat 6: Riyadh1985 ($6.23 in chips) 
zampana: posts small blind $0.05
ZookeeperBoy: posts big blind $0.10
*** HOLE CARDS ***
Dealt to Mahu2021 [7d Qs]
Svitak007: folds 
DonkeyKong1960: raises $0.20 to $0.30
Riyadh1985: folds 
Mahu2021: folds 
zampana: folds 
ZookeeperBoy: folds 
Uncalled bet ($0.20) returned to DonkeyKong1960
DonkeyKong1960 collected $0.25 from pot
DonkeyKong1960: doesn't show hand 
*** SUMMARY ***
Total pot $0.25 | Rake $0 
Seat 1: Mahu2021 (button) folded before Flop (didn't bet)
Seat 2: zampana (small blind) folded before Flop
Seat 3: ZookeeperBoy (big blind) folded before Flop
Seat 4: Svitak007 folded before Flop (didn't bet)
Seat 5: DonkeyKong1960 collected ($0.25)
Seat 6: Riyadh1985 folded before Flop (didn't bet)



PokerStars Zoom Hand #253780521097:  Hold'em No Limit ($0.05/$0.10) - 2024/12/09 22:10:03 CET [2024/12/09 16:10:03 ET]
Table 'Aludra' 6-max Seat #1 is the button
Seat 1: crownroyal65 ($6.30 in chips) 
Seat 2: dimitriskous ($12.56 in chips) 
Seat 3: Mahu2021 ($8.58 in chips) 
Seat 4: Twitchxxop ($22.34 in chips) 
Seat 5: ElnioSkura ($10 in chips) 
Seat 6: Shakawka ($10 in chips) 
dimitriskous: posts small blind $0.05
Mahu2021: posts big blind $0.10
*** HOLE CARDS ***
Dealt to Mahu2021 [9c 6h]
Twitchxxop: folds 
ElnioSkura: folds 
Shakawka: folds 
crownroyal65: folds 
dimitriskous: folds 
Uncalled bet ($0.05) returned to Mahu2021
Mahu2021 collected $0.10 from pot
Mahu2021: doesn't show hand 
*** SUMMARY ***
Total pot $0.10 | Rake $0 
Seat 1: crownroyal65 (button) folded before Flop (didn't bet)
Seat 2: dimitriskous (small blind) folded before Flop
Seat 3: Mahu2021 (big blind) collected ($0.10)
Seat 4: Twitchxxop folded before Flop (didn't bet)
Seat 5: ElnioSkura folded before Flop (didn't bet)
Seat 6: Shakawka folded before Flop (didn't bet)



PokerStars Zoom Hand #253780516913:  Hold'em No Limit ($0.05/$0.10) - 2024/12/09 22:09:50 CET [2024/12/09 16:09:50 ET]
Table 'Aludra' 6-max Seat #1 is the button
Seat 1: font377 ($16.29 in chips) 
Seat 2: 1857Dan ($13.11 in chips) 
Seat 3: decm ($7.27 in chips) 
Seat 4: Live4Life121 ($13.84 in chips) 
Seat 5: Mahu2021 ($8.58 in chips) 
Seat 6: jacinto 8vo ($13.84 in chips) 
1857Dan: posts small blind $0.05
decm: posts big blind $0.10
*** HOLE CARDS ***
Dealt to Mahu2021 [6c 5c]
Live4Life121: folds 
Mahu2021: folds 
jacinto 8vo: folds 
font377: raises $0.20 to $0.30
1857Dan: folds 
decm: calls $0.20
*** FLOP *** [Ts 2d 5s]
decm: checks 
font377: checks 
*** TURN *** [Ts 2d 5s] [9c]
decm: checks 
font377: checks 
*** RIVER *** [Ts 2d 5s 9c] [Jh]
decm: checks 
font377: checks 
*** SHOW DOWN ***
decm: shows [3d Qd] (high card Queen)
font377: shows [2h Qh] (a pair of Deuces)
font377 collected $0.62 from pot
*** SUMMARY ***
Total pot $0.65 | Rake $0.03 
Board [Ts 2d 5s 9c Jh]
Seat 1: font377 (button) showed [2h Qh] and won ($0.62) with a pair of Deuces
Seat 2: 1857Dan (small blind) folded before Flop
Seat 3: decm (big blind) showed [3d Qd] and lost with high card Queen
Seat 4: Live4Life121 folded before Flop (didn't bet)
Seat 5: Mahu2021 folded before Flop (didn't bet)
Seat 6: jacinto 8vo folded before Flop (didn't bet)



PokerStars Zoom Hand #253780515409:  Hold'em No Limit ($0.05/$0.10) - 2024/12/09 22:09:45 CET [2024/12/09 16:09:45 ET]
Table 'Aludra' 6-max Seat #1 is the button
Seat 1: Mahu2021 ($8.58 in chips) 
Seat 2: T.D.L.D.K ($15.35 in chips) 
Seat 3: Tedy.Bear.17 ($30.77 in chips) 
Seat 4: putzkedudu ($10 in chips) 
Seat 5: Titsamach ($10 in chips) 
Seat 6: titus348 ($12.82 in chips) 
T.D.L.D.K: posts small blind $0.05
Tedy.Bear.17: posts big blind $0.10
*** HOLE CARDS ***
Dealt to Mahu2021 [9s 5s]
putzkedudu: folds 
Titsamach: raises $0.10 to $0.20
titus348: folds 
Mahu2021: folds 
T.D.L.D.K: folds 
Tedy.Bear.17: calls $0.10
*** FLOP *** [Qs 9h 9d]
Tedy.Bear.17: checks 
Titsamach: checks 
*** TURN *** [Qs 9h 9d] [4s]
Tedy.Bear.17: checks 
Titsamach: checks 
*** RIVER *** [Qs 9h 9d 4s] [5d]
Tedy.Bear.17: checks 
Titsamach: checks 
*** SHOW DOWN ***
Tedy.Bear.17: shows [Kc Td] (a pair of Nines)
Titsamach: shows [As Kd] (a pair of Nines - Ace kicker)
Titsamach collected $0.43 from pot
*** SUMMARY ***
Total pot $0.45 | Rake $0.02 
Board [Qs 9h 9d 4s 5d]
Seat 1: Mahu2021 (button) folded before Flop (didn't bet)
Seat 2: T.D.L.D.K (small blind) folded before Flop
Seat 3: Tedy.Bear.17 (big blind) showed [Kc Td] and lost with a pair of Nines
Seat 4: putzkedudu folded before Flop (didn't bet)
Seat 5: Titsamach showed [As Kd] and won ($0.43) with a pair of Nines
Seat 6: titus348 folded before Flop (didn't bet)



PokerStars Zoom Hand #253780518164:  Hold'em No Limit ($0.05/$0.10) - 2024/12/09 22:09:54 CET [2024/12/09 16:09:54 ET]
Table 'Aludra' 6-max Seat #1 is the button
Seat 1: utahhih ($15.49 in chips) 
Seat 2: putzkedudu ($16.87 in chips) 
Seat 3: T.D.L.D.K ($15.30 in chips) 
Seat 4: ZookeeperBoy ($19.01 in chips) 
Seat 5: leon05 ($7.29 in chips) 
Seat 6: Mahu2021 ($8.58 in chips) 
putzkedudu: posts small blind $0.05
T.D.L.D.K: posts big blind $0.10
*** HOLE CARDS ***
Dealt to Mahu2021 [7c Jh]
ZookeeperBoy: folds 
leon05: folds 
Mahu2021: folds 
utahhih: folds 
putzkedudu: raises $0.20 to $0.30
T.D.L.D.K: raises $0.60 to $0.90
putzkedudu: folds 
Uncalled bet ($0.60) returned to T.D.L.D.K
T.D.L.D.K collected $0.60 from pot
T.D.L.D.K: doesn't show hand 
*** SUMMARY ***
Total pot $0.60 | Rake $0 
Seat 1: utahhih (button) folded before Flop (didn't bet)
Seat 2: putzkedudu (small blind) folded before Flop
Seat 3: T.D.L.D.K (big blind) collected ($0.60)
Seat 4: ZookeeperBoy folded before Flop (didn't bet)
Seat 5: leon05 folded before Flop (didn't bet)
Seat 6: Mahu2021 folded before Flop (didn't bet)



PokerStars Zoom Hand #253780526657:  Hold'em No Limit ($0.05/$0.10) - 2024/12/09 22:10:22 CET [2024/12/09 16:10:22 ET]
Table 'Aludra' 6-max Seat #1 is the button
Seat 1: grant8064 ($10.37 in chips) 
Seat 2: utahhih ($8.19 in chips) 
Seat 3: zampana ($9.51 in chips) 
Seat 4: Mahu2021 ($8.58 in chips) 
Seat 5: pro888888 ($15.17 in chips) 
Seat 6: Live4Life121 ($11.41 in chips) 
utahhih: posts small blind $0.05
zampana: posts big blind $0.10
*** HOLE CARDS ***
Dealt to Mahu2021 [Td As]
Mahu2021: folds 
pro888888: folds 
Live4Life121: folds 
grant8064: folds 
utahhih: folds 
Uncalled bet ($0.05) returned to zampana
zampana collected $0.10 from pot
zampana: doesn't show hand 
*** SUMMARY ***
Total pot $0.10 | Rake $0 
Seat 1: grant8064 (button) folded before Flop (didn't bet)
Seat 2: utahhih (small blind) folded before Flop
Seat 3: zampana (big blind) collected ($0.10)
Seat 4: Mahu2021 folded before Flop (didn't bet)
Seat 5: pro888888 folded before Flop (didn't bet)
Seat 6: Live4Life121 folded before Flop (didn't bet)



PokerStars Zoom Hand #253780527991:  Hold'em No Limit ($0.05/$0.10) - 2024/12/09 22:10:26 CET [2024/12/09 16:10:26 ET]
Table 'Aludra' 6-max Seat #1 is the button
Seat 1: Mahu2021 ($8.58 in chips) 
Seat 2: titus348 ($12.72 in chips) 
Seat 3: DonkeyKong1960 ($10.31 in chips) 
Seat 4: Tedy.Bear.17 ($30.57 in chips) 
Seat 5: Titsamach ($10.23 in chips) 
Seat 6: grant8064 ($10.37 in chips) 
titus348: posts small blind $0.05
DonkeyKong1960: posts big blind $0.10
*** HOLE CARDS ***
Dealt to Mahu2021 [Ah 7s]
Tedy.Bear.17: folds 
Titsamach: folds 
grant8064: folds 
Mahu2021: raises $0.20 to $0.30
titus348: folds 
DonkeyKong1960: folds 
Uncalled bet ($0.20) returned to Mahu2021
Mahu2021 collected $0.25 from pot
Mahu2021: doesn't show hand 
*** SUMMARY ***
Total pot $0.25 | Rake $0 
Seat 1: Mahu2021 (button) collected ($0.25)
Seat 2: titus348 (small blind) folded before Flop
Seat 3: DonkeyKong1960 (big blind) folded before Flop
Seat 4: Tedy.Bear.17 folded before Flop (didn't bet)
Seat 5: Titsamach folded before Flop (didn't bet)
Seat 6: grant8064 folded before Flop (didn't bet)



PokerStars Zoom Hand #253780518802:  Hold'em No Limit ($0.05/$0.10) - 2024/12/09 22:09:56 CET [2024/12/09 16:09:56 ET]
Table 'Aludra' 6-max Seat #1 is the button
Seat 1: ElnioSkura ($10 in chips) 
Seat 2: Bumeyes ($10 in chips) 
Seat 3: som1990 ($11.16 in chips) 
Seat 4: Mahu2021 ($8.58 in chips) 
Seat 5: blindprotector ($10.37 in chips) 
Seat 6: mitchy1777 ($12.59 in chips) 
Bumeyes: posts small blind $0.05
som1990: posts big blind $0.10
*** HOLE CARDS ***
Dealt to Mahu2021 [Ad Js]
Mahu2021: folds 
blindprotector: folds 
mitchy1777: folds 
ElnioSkura: folds 
Bumeyes: raises $0.20 to $0.30
som1990: calls $0.20
*** FLOP *** [Kh 5c Qs]
Bumeyes: checks 
som1990: checks 
*** TURN *** [Kh 5c Qs] [8d]
Bumeyes: checks 
som1990: checks 
*** RIVER *** [Kh 5c Qs 8d] [7c]
Bumeyes: checks 
som1990: bets $0.37
Bumeyes: folds 
Uncalled bet ($0.37) returned to som1990
som1990 collected $0.57 from pot
som1990: doesn't show hand 
*** SUMMARY ***
Total pot $0.60 | Rake $0.03 
Board [Kh 5c Qs 8d 7c]
Seat 1: ElnioSkura (button) folded before Flop (didn't bet)
Seat 2: Bumeyes (small blind) folded on the River
Seat 3: som1990 (big blind) collected ($0.57)
Seat 4: Mahu2021 folded before Flop (didn't bet)
Seat 5: blindprotector folded before Flop (didn't bet)
Seat 6: mitchy1777 folded before Flop (didn't bet)



PokerStars Zoom Hand #253780524510:  Hold'em No Limit ($0.05/$0.10) - 2024/12/09 22:10:15 CET [2024/12/09 16:10:15 ET]
Table 'Aludra' 6-max Seat #1 is the button
Seat 1: charlesws25 ($15.06 in chips) 
Seat 2: Mahu2021 ($8.63 in chips) 
Seat 3: Contr@Reloj ($44.10 in chips) 
Seat 4: Boymack05 ($14.50 in chips) 
Seat 5: based-stylo ($18.22 in chips) 
Seat 6: FERttAx01 ($11.87 in chips) 
Mahu2021: posts small blind $0.05
Contr@Reloj: posts big blind $0.10
*** HOLE CARDS ***
Dealt to Mahu2021 [5s Tc]
Boymack05: raises $0.20 to $0.30
based-stylo: folds 
FERttAx01: folds 
charlesws25: calls $0.30
Mahu2021: folds 
Contr@Reloj: folds 
*** FLOP *** [As 3s 2d]
Boymack05: bets $0.22
charlesws25: calls $0.22
*** TURN *** [As 3s 2d] [Ad]
Boymack05: checks 
charlesws25: checks 
*** RIVER *** [As 3s 2d Ad] [4d]
Boymack05: checks 
charlesws25: checks 
*** SHOW DOWN ***
Boymack05: shows [Qs Ks] (a pair of Aces)
charlesws25: mucks hand 
Boymack05 collected $1.14 from pot
*** SUMMARY ***
Total pot $1.19 | Rake $0.05 
Board [As 3s 2d Ad 4d]
Seat 1: charlesws25 (button) mucked [9s Js]
Seat 2: Mahu2021 (small blind) folded before Flop
Seat 3: Contr@Reloj (big blind) folded before Flop
Seat 4: Boymack05 showed [Qs Ks] and won ($1.14) with a pair of Aces
Seat 5: based-stylo folded before Flop (didn't bet)
Seat 6: FERttAx01 folded before Flop (didn't bet)



PokerStars Zoom Hand #253780525496:  Hold'em No Limit ($0.05/$0.10) - 2024/12/09 22:10:18 CET [2024/12/09 16:10:18 ET]
Table 'Aludra' 6-max Seat #1 is the button
Seat 1: blindprotector ($10.32 in chips) 
Seat 2: ring1975 ($4.19 in chips) 
Seat 3: DonkeyKong1960 ($10.15 in chips) 
Seat 4: based-stylo ($18.22 in chips) 
Seat 5: GoodGame1989 ($10.37 in chips) 
Seat 6: Mahu2021 ($8.58 in chips) 
ring1975: posts small blind $0.05
DonkeyKong1960: posts big blind $0.10
*** HOLE CARDS ***
Dealt to Mahu2021 [7c 2h]
based-stylo: folds 
GoodGame1989: folds 
Mahu2021: folds 
blindprotector: raises $0.15 to $0.25
ring1975: calls $0.20
DonkeyKong1960: folds 
*** FLOP *** [2s 8d 3c]
ring1975: checks 
blindprotector: bets $0.29
ring1975: calls $0.29
*** TURN *** [2s 8d 3c] [5c]
ring1975: checks 
blindprotector: bets $0.85
ring1975: folds 
Uncalled bet ($0.85) returned to blindprotector
blindprotector collected $1.13 from pot
blindprotector: doesn't show hand 
*** SUMMARY ***
Total pot $1.18 | Rake $0.05 
Board [2s 8d 3c 5c]
Seat 1: blindprotector (button) collected ($1.13)
Seat 2: ring1975 (small blind) folded on the Turn
Seat 3: DonkeyKong1960 (big blind) folded before Flop
Seat 4: based-stylo folded before Flop (didn't bet)
Seat 5: GoodGame1989 folded before Flop (didn't bet)
Seat 6: Mahu2021 folded before Flop (didn't bet)



PokerStars Zoom Hand #253780531857:  Hold'em No Limit ($0.05/$0.10) - 2024/12/09 22:10:38 CET [2024/12/09 16:10:38 ET]
Table 'Aludra' 6-max Seat #1 is the button
Seat 1: Twitchxxop ($22.09 in chips) 
Seat 2: NorthernSoul ($17.22 in chips) 
Seat 3: Mahu2021 ($8.73 in chips) 
Seat 4: dédé-traquer ($13.45 in chips) 
Seat 5: blindprotector ($11.96 in chips) 
Seat 6: Redpedro79 ($6.92 in chips) 
NorthernSoul: posts small blind $0.05
Mahu2021: posts big blind $0.10
*** HOLE CARDS ***
Dealt to Mahu2021 [8h 5h]
dédé-traquer: folds 
blindprotector: folds 
Redpedro79: folds 
Twitchxxop: raises $0.15 to $0.25
NorthernSoul: folds 
Mahu2021: calls $0.15
*** FLOP *** [Tc Kd 5c]
Mahu2021: checks 
Twitchxxop: bets $0.17
Mahu2021: calls $0.17
*** TURN *** [Tc Kd 5c] [5s]
Mahu2021: checks 
Twitchxxop: checks 
*** RIVER *** [Tc Kd 5c 5s] [9s]
Mahu2021: bets $0.85
Twitchxxop: calls $0.85
*** SHOW DOWN ***
Mahu2021: shows [8h 5h] (three of a kind, Fives)
Twitchxxop: mucks hand 
Mahu2021 collected $2.47 from pot
*** SUMMARY ***
Total pot $2.59 | Rake $0.12 
Board [Tc Kd 5c 5s 9s]
Seat 1: Twitchxxop (button) mucked [Td Kh]
Seat 2: NorthernSoul (small blind) folded before Flop
Seat 3: Mahu2021 (big blind) showed [8h 5h] and won ($2.47) with three of a kind, Fives
Seat 4: dédé-traquer folded before Flop (didn't bet)
Seat 5: blindprotector folded before Flop (didn't bet)
Seat 6: Redpedro79 folded before Flop (didn't bet)



PokerStars Zoom Hand #253780546645:  Hold'em No Limit ($0.05/$0.10) - 2024/12/09 22:11:26 CET [2024/12/09 16:11:26 ET]
Table 'Aludra' 6-max Seat #1 is the button
Seat 1: Contr@Reloj ($44 in chips) 
Seat 2: Shakawka ($15.43 in chips) 
Seat 3: KoachAA ($10 in chips) 
Seat 4: Mahu2021 ($9.93 in chips) 
Seat 5: Fishpoker17 ($17.85 in chips) 
Seat 6: Live4Life121 ($13.74 in chips) 
Shakawka: posts small blind $0.05
KoachAA: posts big blind $0.10
*** HOLE CARDS ***
Dealt to Mahu2021 [7s Js]
Mahu2021: folds 
Fishpoker17: folds 
Live4Life121: folds 
Contr@Reloj: folds 
Shakawka: folds 
Uncalled bet ($0.05) returned to KoachAA
KoachAA collected $0.10 from pot
KoachAA: doesn't show hand 
*** SUMMARY ***
Total pot $0.10 | Rake $0 
Seat 1: Contr@Reloj (button) folded before Flop (didn't bet)
Seat 2: Shakawka (small blind) folded before Flop
Seat 3: KoachAA (big blind) collected ($0.10)
Seat 4: Mahu2021 folded before Flop (didn't bet)
Seat 5: Fishpoker17 folded before Flop (didn't bet)
Seat 6: Live4Life121 folded before Flop (didn't bet)



PokerStars Zoom Hand #253780543544:  Hold'em No Limit ($0.05/$0.10) - 2024/12/09 22:11:16 CET [2024/12/09 16:11:16 ET]
Table 'Aludra' 6-max Seat #1 is the button
Seat 1: Mu.Rothbard ($23.31 in chips) 
Seat 2: openymir ($9.90 in chips) 
Seat 3: NorthernSoul ($17.07 in chips) 
Seat 4: zampana ($11.20 in chips) 
Seat 5: Mahu2021 ($9.93 in chips) 
Seat 6: ZookeeperBoy ($18.41 in chips) 
openymir: posts small blind $0.05
NorthernSoul: posts big blind $0.10
*** HOLE CARDS ***
Dealt to Mahu2021 [4s As]
zampana: folds 
Mahu2021: folds 
ZookeeperBoy: folds 
Mu.Rothbard: raises $0.13 to $0.23
openymir: folds 
NorthernSoul: folds 
Uncalled bet ($0.13) returned to Mu.Rothbard
Mu.Rothbard collected $0.25 from pot
Mu.Rothbard: doesn't show hand 
*** SUMMARY ***
Total pot $0.25 | Rake $0 
Seat 1: Mu.Rothbard (button) collected ($0.25)
Seat 2: openymir (small blind) folded before Flop
Seat 3: NorthernSoul (big blind) folded before Flop
Seat 4: zampana folded before Flop (didn't bet)
Seat 5: Mahu2021 folded before Flop (didn't bet)
Seat 6: ZookeeperBoy folded before Flop (didn't bet)



PokerStars Zoom Hand #253780549442:  Hold'em No Limit ($0.05/$0.10) - 2024/12/09 22:11:35 CET [2024/12/09 16:11:35 ET]
Table 'Aludra' 6-max Seat #1 is the button
Seat 1: Contr@Reloj ($26.11 in chips) 
Seat 2: posidon1a ($20.89 in chips) 
Seat 3: Mu.Rothbard ($23.46 in chips) 
Seat 4: Riyadh1985 ($5.63 in chips) 
Seat 5: ElnioSkura ($11.24 in chips) 
Seat 6: Mahu2021 ($9.88 in chips) 
posidon1a: posts small blind $0.05
Mu.Rothbard: posts big blind $0.10
*** HOLE CARDS ***
Dealt to Mahu2021 [Jh Jd]
Riyadh1985: folds 
ElnioSkura: folds 
Mahu2021: raises $0.20 to $0.30
Contr@Reloj: raises $0.60 to $0.90
posidon1a: folds 
Mu.Rothbard: folds 
Mahu2021: calls $0.60
*** FLOP *** [4s 5s 9c]
Mahu2021: bets $1.86
Contr@Reloj: folds 
Uncalled bet ($1.86) returned to Mahu2021
Mahu2021 collected $1.86 from pot
Mahu2021: doesn't show hand 
*** SUMMARY ***
Total pot $1.95 | Rake $0.09 
Board [4s 5s 9c]
Seat 1: Contr@Reloj (button) folded on the Flop
Seat 2: posidon1a (small blind) folded before Flop
Seat 3: Mu.Rothbard (big blind) folded before Flop
Seat 4: Riyadh1985 folded before Flop (didn't bet)
Seat 5: ElnioSkura folded before Flop (didn't bet)
Seat 6: Mahu2021 collected ($1.86)



PokerStars Zoom Hand #253780548143:  Hold'em No Limit ($0.05/$0.10) - 2024/12/09 22:11:31 CET [2024/12/09 16:11:31 ET]
Table 'Aludra' 6-max Seat #1 is the button
Seat 1: Shakawka ($15.38 in chips) 
Seat 2: Mahu2021 ($9.93 in chips) 
Seat 3: East_Zoo ($10.15 in chips) 
Seat 4: DonkeyKong1960 ($10 in chips) 
Seat 5: miker1980 ($10.51 in chips) 
Seat 6: Capitao1987 ($10.81 in chips) 
Mahu2021: posts small blind $0.05
East_Zoo: posts big blind $0.10
*** HOLE CARDS ***
Dealt to Mahu2021 [9d 4h]
DonkeyKong1960: folds 
miker1980: folds 
Capitao1987: folds 
Shakawka: raises $0.15 to $0.25
Mahu2021: folds 
East_Zoo: calls $0.15
*** FLOP *** [Th Qc Jc]
East_Zoo: checks 
Shakawka: bets $0.16
East_Zoo: calls $0.16
*** TURN *** [Th Qc Jc] [As]
East_Zoo: checks 
Shakawka: checks 
*** RIVER *** [Th Qc Jc As] [9h]
East_Zoo: checks 
Shakawka: checks 
*** SHOW DOWN ***
East_Zoo: shows [Qh 6h] (a pair of Queens)
Shakawka: shows [Ts Qs] (two pair, Queens and Tens)
Shakawka collected $0.83 from pot
*** SUMMARY ***
Total pot $0.87 | Rake $0.04 
Board [Th Qc Jc As 9h]
Seat 1: Shakawka (button) showed [Ts Qs] and won ($0.83) with two pair, Queens and Tens
Seat 2: Mahu2021 (small blind) folded before Flop
Seat 3: East_Zoo (big blind) showed [Qh 6h] and lost with a pair of Queens
Seat 4: DonkeyKong1960 folded before Flop (didn't bet)
Seat 5: miker1980 folded before Flop (didn't bet)
Seat 6: Capitao1987 folded before Flop (didn't bet)



PokerStars Zoom Hand #253780557230:  Hold'em No Limit ($0.05/$0.10) - 2024/12/09 22:12:00 CET [2024/12/09 16:12:00 ET]
Table 'Aludra' 6-max Seat #1 is the button
Seat 1: KoachAA ($10 in chips) 
Seat 2: xhmikost2 ($14.45 in chips) 
Seat 3: mitchy1777 ($10 in chips) 
Seat 4: Mahu2021 ($10.84 in chips) 
Seat 5: GoodGame1989 ($10.30 in chips) 
Seat 6: ishivremaks ($22.23 in chips) 
xhmikost2: posts small blind $0.05
mitchy1777: posts big blind $0.10
*** HOLE CARDS ***
Dealt to Mahu2021 [4d Kd]
Mahu2021: folds 
GoodGame1989: folds 
ishivremaks: folds 
KoachAA: folds 
xhmikost2: folds 
Uncalled bet ($0.05) returned to mitchy1777
mitchy1777 collected $0.10 from pot
mitchy1777: doesn't show hand 
*** SUMMARY ***
Total pot $0.10 | Rake $0 
Seat 1: KoachAA (button) folded before Flop (didn't bet)
Seat 2: xhmikost2 (small blind) folded before Flop
Seat 3: mitchy1777 (big blind) collected ($0.10)
Seat 4: Mahu2021 folded before Flop (didn't bet)
Seat 5: GoodGame1989 folded before Flop (didn't bet)
Seat 6: ishivremaks folded before Flop (didn't bet)



PokerStars Zoom Hand #253780559878:  Hold'em No Limit ($0.05/$0.10) - 2024/12/09 22:12:08 CET [2024/12/09 16:12:08 ET]
Table 'Aludra' 6-max Seat #1 is the button
Seat 1: lionsaolin ($17.89 in chips) 
Seat 2: booboo99468 ($5.79 in chips) 
Seat 3: Mahu2021 ($10.84 in chips) 
Seat 4: font377 ($13.66 in chips) 
Seat 5: Bur1k ($5.31 in chips) 
Seat 6: mitchy1777 ($12.29 in chips) 
booboo99468: posts small blind $0.05
Mahu2021: posts big blind $0.10
*** HOLE CARDS ***
Dealt to Mahu2021 [3c Jc]
font377: folds 
Bur1k: raises $0.20 to $0.30
mitchy1777: folds 
lionsaolin: folds 
booboo99468: folds 
Mahu2021: folds 
Uncalled bet ($0.20) returned to Bur1k
Bur1k collected $0.25 from pot
Bur1k: doesn't show hand 
*** SUMMARY ***
Total pot $0.25 | Rake $0 
Seat 1: lionsaolin (button) folded before Flop (didn't bet)
Seat 2: booboo99468 (small blind) folded before Flop
Seat 3: Mahu2021 (big blind) folded before Flop
Seat 4: font377 folded before Flop (didn't bet)
Seat 5: Bur1k collected ($0.25)
Seat 6: mitchy1777 folded before Flop (didn't bet)



PokerStars Zoom Hand #253780563908:  Hold'em No Limit ($0.05/$0.10) - 2024/12/09 22:12:21 CET [2024/12/09 16:12:21 ET]
Table 'Aludra' 6-max Seat #1 is the button
Seat 1: Mahu2021 ($10.74 in chips) 
Seat 2: NorthernSoul ($11.49 in chips) 
Seat 3: DonkeyKong1960 ($10.10 in chips) 
Seat 4: East_Zoo ($10 in chips) 
Seat 5: Fishpoker17 ($10 in chips) 
Seat 6: MasterVBM ($9.55 in chips) 
NorthernSoul: posts small blind $0.05
DonkeyKong1960: posts big blind $0.10
*** HOLE CARDS ***
Dealt to Mahu2021 [Js 2c]
East_Zoo: folds 
Fishpoker17: folds 
MasterVBM: raises $0.10 to $0.20
Mahu2021: folds 
NorthernSoul: folds 
DonkeyKong1960: folds 
Uncalled bet ($0.10) returned to MasterVBM
MasterVBM collected $0.25 from pot
MasterVBM: doesn't show hand 
*** SUMMARY ***
Total pot $0.25 | Rake $0 
Seat 1: Mahu2021 (button) folded before Flop (didn't bet)
Seat 2: NorthernSoul (small blind) folded before Flop
Seat 3: DonkeyKong1960 (big blind) folded before Flop
Seat 4: East_Zoo folded before Flop (didn't bet)
Seat 5: Fishpoker17 folded before Flop (didn't bet)
Seat 6: MasterVBM collected ($0.25)



PokerStars Zoom Hand #253780558683:  Hold'em No Limit ($0.05/$0.10) - 2024/12/09 22:12:04 CET [2024/12/09 16:12:04 ET]
Table 'Aludra' 6-max Seat #1 is the button
Seat 1: ishivremaks ($13.49 in chips) 
Seat 2: GoodGame1989 ($11.03 in chips) 
Seat 3: ZookeeperBoy ($18.81 in chips) 
Seat 4: Mahu2021 ($10.84 in chips) 
Seat 5: som1990 ($11.38 in chips) 
Seat 6: 1857Dan ($12.59 in chips) 
GoodGame1989: posts small blind $0.05
ZookeeperBoy: posts big blind $0.10
*** HOLE CARDS ***
Dealt to Mahu2021 [Jc 5c]
Mahu2021: folds 
som1990: folds 
1857Dan: folds 
ishivremaks: raises $0.20 to $0.30
GoodGame1989: folds 
ZookeeperBoy: calls $0.20
*** FLOP *** [8d 8h 3h]
ZookeeperBoy: checks 
ishivremaks: checks 
*** TURN *** [8d 8h 3h] [9s]
ZookeeperBoy: bets $0.40
ishivremaks: folds 
Uncalled bet ($0.40) returned to ZookeeperBoy
ZookeeperBoy collected $0.62 from pot
ZookeeperBoy: doesn't show hand 
*** SUMMARY ***
Total pot $0.65 | Rake $0.03 
Board [8d 8h 3h 9s]
Seat 1: ishivremaks (button) folded on the Turn
Seat 2: GoodGame1989 (small blind) folded before Flop
Seat 3: ZookeeperBoy (big blind) collected ($0.62)
Seat 4: Mahu2021 folded before Flop (didn't bet)
Seat 5: som1990 folded before Flop (didn't bet)
Seat 6: 1857Dan folded before Flop (didn't bet)



PokerStars Zoom Hand #253780565492:  Hold'em No Limit ($0.05/$0.10) - 2024/12/09 22:12:26 CET [2024/12/09 16:12:26 ET]
Table 'Aludra' 6-max Seat #1 is the button
Seat 1: Tozsy17 ($10 in chips) 
Seat 2: Mahu2021 ($10.74 in chips) 
Seat 3: Redpedro79 ($5.95 in chips) 
Seat 4: Rafael_TT13 ($3.63 in chips) 
Seat 5: mitchy1777 ($13.80 in chips) 
Seat 6: utahhih ($9.97 in chips) 
Mahu2021: posts small blind $0.05
Redpedro79: posts big blind $0.10
*** HOLE CARDS ***
Dealt to Mahu2021 [9s As]
Rafael_TT13: folds 
mitchy1777: folds 
utahhih: folds 
Tozsy17: raises $0.11 to $0.21
Mahu2021: calls $0.16
Redpedro79: folds 
*** FLOP *** [Kd 7c 5h]
Mahu2021: checks 
Tozsy17: bets $0.36
Mahu2021: folds 
Uncalled bet ($0.36) returned to Tozsy17
Tozsy17 collected $0.50 from pot
Tozsy17: doesn't show hand 
*** SUMMARY ***
Total pot $0.52 | Rake $0.02 
Board [Kd 7c 5h]
Seat 1: Tozsy17 (button) collected ($0.50)
Seat 2: Mahu2021 (small blind) folded on the Flop
Seat 3: Redpedro79 (big blind) folded before Flop
Seat 4: Rafael_TT13 folded before Flop (didn't bet)
Seat 5: mitchy1777 folded before Flop (didn't bet)
Seat 6: utahhih folded before Flop (didn't bet)



PokerStars Zoom Hand #253780574636:  Hold'em No Limit ($0.05/$0.10) - 2024/12/09 22:12:55 CET [2024/12/09 16:12:55 ET]
Table 'Aludra' 6-max Seat #1 is the button
Seat 1: Mahu2021 ($10.53 in chips) 
Seat 2: Bumeyes ($10.35 in chips) 
Seat 3: Ptit Gervais ($7.86 in chips) 
Seat 4: langosport ($5.75 in chips) 
Seat 5: utahhih ($8.37 in chips) 
Seat 6: charlesws25 ($11.23 in chips) 
Bumeyes: posts small blind $0.05
Ptit Gervais: posts big blind $0.10
*** HOLE CARDS ***
Dealt to Mahu2021 [3c Qd]
langosport: folds 
utahhih: folds 
charlesws25: raises $0.15 to $0.25
Mahu2021: folds 
Bumeyes: folds 
Ptit Gervais: folds 
Uncalled bet ($0.15) returned to charlesws25
charlesws25 collected $0.25 from pot
charlesws25: doesn't show hand 
*** SUMMARY ***
Total pot $0.25 | Rake $0 
Seat 1: Mahu2021 (button) folded before Flop (didn't bet)
Seat 2: Bumeyes (small blind) folded before Flop
Seat 3: Ptit Gervais (big blind) folded before Flop
Seat 4: langosport folded before Flop (didn't bet)
Seat 5: utahhih folded before Flop (didn't bet)
Seat 6: charlesws25 collected ($0.25)



PokerStars Zoom Hand #253780575840:  Hold'em No Limit ($0.05/$0.10) - 2024/12/09 22:12:59 CET [2024/12/09 16:12:59 ET]
Table 'Aludra' 6-max Seat #1 is the button
Seat 1: scousepsych2 ($10.13 in chips) 
Seat 2: jacinto 8vo ($14.07 in chips) 
Seat 3: radusamson ($10.96 in chips) 
Seat 4: ishivremaks ($23.05 in chips) 
Seat 5: Mahu2021 ($10.53 in chips) 
Seat 6: miker1980 ($10.06 in chips) 
jacinto 8vo: posts small blind $0.05
radusamson: posts big blind $0.10
*** HOLE CARDS ***
Dealt to Mahu2021 [2s 3d]
ishivremaks: raises $0.20 to $0.30
Mahu2021: folds 
miker1980: folds 
scousepsych2: folds 
jacinto 8vo: folds 
radusamson: folds 
Uncalled bet ($0.20) returned to ishivremaks
ishivremaks collected $0.25 from pot
ishivremaks: doesn't show hand 
*** SUMMARY ***
Total pot $0.25 | Rake $0 
Seat 1: scousepsych2 (button) folded before Flop (didn't bet)
Seat 2: jacinto 8vo (small blind) folded before Flop
Seat 3: radusamson (big blind) folded before Flop
Seat 4: ishivremaks collected ($0.25)
Seat 5: Mahu2021 folded before Flop (didn't bet)
Seat 6: miker1980 folded before Flop (didn't bet)



PokerStars Zoom Hand #253780577158:  Hold'em No Limit ($0.05/$0.10) - 2024/12/09 22:13:03 CET [2024/12/09 16:13:03 ET]
Table 'Aludra' 6-max Seat #1 is the button
Seat 1: Boymack05 ($14.92 in chips) 
Seat 2: putzkedudu ($10.18 in chips) 
Seat 3: Mahu2021 ($10.53 in chips) 
Seat 4: East_Zoo ($10 in chips) 
Seat 5: pro888888 ($14.97 in chips) 
Seat 6: loup_ston129 ($7.50 in chips) 
putzkedudu: posts small blind $0.05
Mahu2021: posts big blind $0.10
*** HOLE CARDS ***
Dealt to Mahu2021 [Jh 5c]
East_Zoo: folds 
pro888888: folds 
loup_ston129: folds 
Boymack05: folds 
putzkedudu: raises $0.20 to $0.30
Mahu2021: folds 
Uncalled bet ($0.20) returned to putzkedudu
putzkedudu collected $0.20 from pot
putzkedudu: doesn't show hand 
*** SUMMARY ***
Total pot $0.20 | Rake $0 
Seat 1: Boymack05 (button) folded before Flop (didn't bet)
Seat 2: putzkedudu (small blind) collected ($0.20)
Seat 3: Mahu2021 (big blind) folded before Flop
Seat 4: East_Zoo folded before Flop (didn't bet)
Seat 5: pro888888 folded before Flop (didn't bet)
Seat 6: loup_ston129 folded before Flop (didn't bet)



PokerStars Zoom Hand #253780572451:  Hold'em No Limit ($0.05/$0.10) - 2024/12/09 22:12:48 CET [2024/12/09 16:12:48 ET]
Table 'Aludra' 6-max Seat #1 is the button
Seat 1: pikachu302 ($11.68 in chips) 
Seat 2: Boymack05 ($14.97 in chips) 
Seat 3: Bur1k ($5 in chips) 
Seat 4: ishivremaks ($13.19 in chips) 
Seat 5: Fishpoker17 ($11.70 in chips) 
Seat 6: Mahu2021 ($10.53 in chips) 
Boymack05: posts small blind $0.05
Bur1k: posts big blind $0.10
*** HOLE CARDS ***
Dealt to Mahu2021 [5h Ks]
ishivremaks: folds 
Fishpoker17: folds 
Mahu2021: folds 
pikachu302: raises $0.10 to $0.20
Boymack05: folds 
Bur1k: calls $0.10
*** FLOP *** [2h 7d Jd]
Bur1k: checks 
pikachu302: checks 
*** TURN *** [2h 7d Jd] [5s]
Bur1k: bets $0.29
pikachu302: folds 
Uncalled bet ($0.29) returned to Bur1k
Bur1k collected $0.43 from pot
Bur1k: doesn't show hand 
*** SUMMARY ***
Total pot $0.45 | Rake $0.02 
Board [2h 7d Jd 5s]
Seat 1: pikachu302 (button) folded on the Turn
Seat 2: Boymack05 (small blind) folded before Flop
Seat 3: Bur1k (big blind) collected ($0.43)
Seat 4: ishivremaks folded before Flop (didn't bet)
Seat 5: Fishpoker17 folded before Flop (didn't bet)
Seat 6: Mahu2021 folded before Flop (didn't bet)



PokerStars Zoom Hand #253780581557:  Hold'em No Limit ($0.05/$0.10) - 2024/12/09 22:13:17 CET [2024/12/09 16:13:17 ET]
Table 'Aludra' 6-max Seat #1 is the button
Seat 1: T.D.L.D.K ($16.25 in chips) 
Seat 2: mitchy1777 ($13.65 in chips) 
Seat 3: redmonkey98 ($10 in chips) 
Seat 4: kigdav3d ($9.26 in chips) 
Seat 5: Mahu2021 ($10.43 in chips) 
Seat 6: jacinto 8vo ($22.50 in chips) 
mitchy1777: posts small blind $0.05
redmonkey98: posts big blind $0.10
*** HOLE CARDS ***
Dealt to Mahu2021 [Qc Tc]
kigdav3d: raises $0.20 to $0.30
Mahu2021: calls $0.30
jacinto 8vo: folds 
T.D.L.D.K: folds 
mitchy1777: folds 
redmonkey98: folds 
*** FLOP *** [Ts 5d Js]
kigdav3d: bets $0.36
Mahu2021: calls $0.36
*** TURN *** [Ts 5d Js] [3c]
kigdav3d: checks 
Mahu2021: checks 
*** RIVER *** [Ts 5d Js 3c] [9h]
kigdav3d: bets $0.70
Mahu2021: calls $0.70
*** SHOW DOWN ***
kigdav3d: shows [Ks 5s] (a pair of Fives)
Mahu2021: shows [Qc Tc] (a pair of Tens)
Mahu2021 collected $2.74 from pot
*** SUMMARY ***
Total pot $2.87 | Rake $0.13 
Board [Ts 5d Js 3c 9h]
Seat 1: T.D.L.D.K (button) folded before Flop (didn't bet)
Seat 2: mitchy1777 (small blind) folded before Flop
Seat 3: redmonkey98 (big blind) folded before Flop
Seat 4: kigdav3d showed [Ks 5s] and lost with a pair of Fives
Seat 5: Mahu2021 showed [Qc Tc] and won ($2.74) with a pair of Tens
Seat 6: jacinto 8vo folded before Flop (didn't bet)



PokerStars Zoom Hand #253780593511:  Hold'em No Limit ($0.05/$0.10) - 2024/12/09 22:13:55 CET [2024/12/09 16:13:55 ET]
Table 'Aludra' 6-max Seat #1 is the button
Seat 1: ZookeeperBoy ($9.88 in chips) 
Seat 2: Tozsy17 ($10 in chips) 
Seat 3: Gibby1992 ($9.39 in chips) 
Seat 4: Mahu2021 ($11.76 in chips) 
Seat 5: xhmikost2 ($11.04 in chips) 
Seat 6: Rafael_TT13 ($3.88 in chips) 
Tozsy17: posts small blind $0.05
Gibby1992: posts big blind $0.10
*** HOLE CARDS ***
Dealt to Mahu2021 [Td 2d]
Mahu2021: folds 
xhmikost2: folds 
Rafael_TT13: raises $0.15 to $0.25
ZookeeperBoy: folds 
Tozsy17: folds 
Gibby1992: folds 
Uncalled bet ($0.15) returned to Rafael_TT13
Rafael_TT13 collected $0.25 from pot
Rafael_TT13: doesn't show hand 
*** SUMMARY ***
Total pot $0.25 | Rake $0 
Seat 1: ZookeeperBoy (button) folded before Flop (didn't bet)
Seat 2: Tozsy17 (small blind) folded before Flop
Seat 3: Gibby1992 (big blind) folded before Flop
Seat 4: Mahu2021 folded before Flop (didn't bet)
Seat 5: xhmikost2 folded before Flop (didn't bet)
Seat 6: Rafael_TT13 collected ($0.25)



PokerStars Zoom Hand #253780594398:  Hold'em No Limit ($0.05/$0.10) - 2024/12/09 22:13:58 CET [2024/12/09 16:13:58 ET]
Table 'Aludra' 6-max Seat #1 is the button
Seat 1: Mahu2021 ($11.76 in chips) 
Seat 2: kaly2382 ($9.64 in chips) 
Seat 3: ZookeeperBoy ($18.08 in chips) 
Seat 4: mitchy1777 ($10 in chips) 
Seat 5: sandytaylor97 ($22.63 in chips) 
Seat 6: Photogra308 ($10.12 in chips) 
kaly2382: posts small blind $0.05
ZookeeperBoy: posts big blind $0.10
*** HOLE CARDS ***
Dealt to Mahu2021 [Qc 9h]
mitchy1777: folds 
sandytaylor97: raises $0.12 to $0.22
Photogra308: folds 
Mahu2021: folds 
kaly2382: folds 
ZookeeperBoy: folds 
Uncalled bet ($0.12) returned to sandytaylor97
sandytaylor97 collected $0.25 from pot
sandytaylor97: doesn't show hand 
*** SUMMARY ***
Total pot $0.25 | Rake $0 
Seat 1: Mahu2021 (button) folded before Flop (didn't bet)
Seat 2: kaly2382 (small blind) folded before Flop
Seat 3: ZookeeperBoy (big blind) folded before Flop
Seat 4: mitchy1777 folded before Flop (didn't bet)
Seat 5: sandytaylor97 collected ($0.25)
Seat 6: Photogra308 folded before Flop (didn't bet)



PokerStars Zoom Hand #253780598171:  Hold'em No Limit ($0.05/$0.10) - 2024/12/09 22:14:10 CET [2024/12/09 16:14:10 ET]
Table 'Aludra' 6-max Seat #1 is the button
Seat 1: kaly2382 ($9.59 in chips) 
Seat 2: jacinto 8vo ($22.70 in chips) 
Seat 3: Mahu2021 ($11.76 in chips) 
Seat 4: ElnioSkura ($10.30 in chips) 
Seat 5: Boymack05 ($14.82 in chips) 
Seat 6: FERttAx01 ($12.84 in chips) 
jacinto 8vo: posts small blind $0.05
Mahu2021: posts big blind $0.10
*** HOLE CARDS ***
Dealt to Mahu2021 [Kd 2d]
ElnioSkura: folds 
Boymack05: folds 
FERttAx01: folds 
kaly2382: folds 
jacinto 8vo: folds 
Uncalled bet ($0.05) returned to Mahu2021
Mahu2021 collected $0.10 from pot
Mahu2021: doesn't show hand 
*** SUMMARY ***
Total pot $0.10 | Rake $0 
Seat 1: kaly2382 (button) folded before Flop (didn't bet)
Seat 2: jacinto 8vo (small blind) folded before Flop
Seat 3: Mahu2021 (big blind) collected ($0.10)
Seat 4: ElnioSkura folded before Flop (didn't bet)
Seat 5: Boymack05 folded before Flop (didn't bet)
Seat 6: FERttAx01 folded before Flop (didn't bet)



PokerStars Zoom Hand #253780603516:  Hold'em No Limit ($0.05/$0.10) - 2024/12/09 22:14:27 CET [2024/12/09 16:14:27 ET]
Table 'Aludra' 6-max Seat #1 is the button
Seat 1: utahhih ($9.67 in chips) 
Seat 2: Mahu2021 ($11.81 in chips) 
Seat 3: Lolczyk92 ($10 in chips) 
Seat 4: gp motos ($12.89 in chips) 
Seat 5: East_Zoo ($10.18 in chips) 
Seat 6: som1990 ($12.79 in chips) 
Mahu2021: posts small blind $0.05
Lolczyk92: posts big blind $0.10
*** HOLE CARDS ***
Dealt to Mahu2021 [6h 8c]
gp motos: folds 
East_Zoo: folds 
som1990: folds 
utahhih: folds 
Mahu2021: folds 
Uncalled bet ($0.05) returned to Lolczyk92
Lolczyk92 collected $0.10 from pot
Lolczyk92: doesn't show hand 
*** SUMMARY ***
Total pot $0.10 | Rake $0 
Seat 1: utahhih (button) folded before Flop (didn't bet)
Seat 2: Mahu2021 (small blind) folded before Flop
Seat 3: Lolczyk92 (big blind) collected ($0.10)
Seat 4: gp motos folded before Flop (didn't bet)
Seat 5: East_Zoo folded before Flop (didn't bet)
Seat 6: som1990 folded before Flop (didn't bet)



PokerStars Zoom Hand #253780605036:  Hold'em No Limit ($0.05/$0.10) - 2024/12/09 22:14:32 CET [2024/12/09 16:14:32 ET]
Table 'Aludra' 6-max Seat #1 is the button
Seat 1: Shakawka ($24.24 in chips) 
Seat 2: Tozsy17 ($10 in chips) 
Seat 3: metalmath7 ($7.92 in chips) 
Seat 4: Mahu2021 ($11.76 in chips) 
Seat 5: Fishpoker17 ($18.72 in chips) 
Seat 6: SaRdo910 ($4.64 in chips) 
Tozsy17: posts small blind $0.05
metalmath7: posts big blind $0.10
*** HOLE CARDS ***
Dealt to Mahu2021 [3s Jc]
Mahu2021: folds 
Fishpoker17: raises $0.10 to $0.20
SaRdo910: folds 
Shakawka: folds 
Tozsy17: calls $0.15
metalmath7: folds 
*** FLOP *** [Ks 3d 7s]
Tozsy17: checks 
Fishpoker17: bets $0.24
Tozsy17: folds 
Uncalled bet ($0.24) returned to Fishpoker17
Fishpoker17 collected $0.48 from pot
Fishpoker17: doesn't show hand 
*** SUMMARY ***
Total pot $0.50 | Rake $0.02 
Board [Ks 3d 7s]
Seat 1: Shakawka (button) folded before Flop (didn't bet)
Seat 2: Tozsy17 (small blind) folded on the Flop
Seat 3: metalmath7 (big blind) folded before Flop
Seat 4: Mahu2021 folded before Flop (didn't bet)
Seat 5: Fishpoker17 collected ($0.48)
Seat 6: SaRdo910 folded before Flop (didn't bet)



PokerStars Zoom Hand #253780596849:  Hold'em No Limit ($0.05/$0.10) - 2024/12/09 22:14:06 CET [2024/12/09 16:14:06 ET]
Table 'Aludra' 6-max Seat #1 is the button
Seat 1: FSMT ($11.16 in chips) 
Seat 2: GoodGame1989 ($10 in chips) 
Seat 3: Bur1k ($5.25 in chips) 
Seat 4: mathiasfiske ($23.31 in chips) 
Seat 5: Mahu2021 ($11.76 in chips) 
Seat 6: VitorArj ($12.98 in chips) 
GoodGame1989: posts small blind $0.05
Bur1k: posts big blind $0.10
*** HOLE CARDS ***
Dealt to Mahu2021 [9s Ts]
mathiasfiske: folds 
Mahu2021: folds 
VitorArj: folds 
FSMT: folds 
GoodGame1989: raises $0.15 to $0.25
Bur1k: calls $0.15
*** FLOP *** [Qs Tc 8s]
GoodGame1989: checks 
Bur1k: bets $0.32
GoodGame1989: folds 
Uncalled bet ($0.32) returned to Bur1k
Bur1k collected $0.48 from pot
Bur1k: doesn't show hand 
*** SUMMARY ***
Total pot $0.50 | Rake $0.02 
Board [Qs Tc 8s]
Seat 1: FSMT (button) folded before Flop (didn't bet)
Seat 2: GoodGame1989 (small blind) folded on the Flop
Seat 3: Bur1k (big blind) collected ($0.48)
Seat 4: mathiasfiske folded before Flop (didn't bet)
Seat 5: Mahu2021 folded before Flop (didn't bet)
Seat 6: VitorArj folded before Flop (didn't bet)



PokerStars Zoom Hand #253780595803:  Hold'em No Limit ($0.05/$0.10) - 2024/12/09 22:14:03 CET [2024/12/09 16:14:03 ET]
Table 'Aludra' 6-max Seat #1 is the button
Seat 1: Boymack05 ($14.82 in chips) 
Seat 2: Contr@Reloj ($25.86 in chips) 
Seat 3: Photogra308 ($10.12 in chips) 
Seat 4: Live4Life121 ($15.03 in chips) 
Seat 5: ishivremaks ($23.52 in chips) 
Seat 6: Mahu2021 ($11.76 in chips) 
Contr@Reloj: posts small blind $0.05
Photogra308: posts big blind $0.10
*** HOLE CARDS ***
Dealt to Mahu2021 [9d 7h]
Live4Life121: calls $0.10
ishivremaks: folds 
Mahu2021: folds 
Boymack05: folds 
Contr@Reloj: raises $0.40 to $0.50
Photogra308: folds 
Live4Life121: raises $1.15 to $1.65
Contr@Reloj: calls $1.15
*** FLOP *** [Th 8s Tc]
Contr@Reloj: checks 
Live4Life121: bets $2.95
Contr@Reloj: folds 
Uncalled bet ($2.95) returned to Live4Life121
Live4Life121 collected $3.25 from pot
Live4Life121: doesn't show hand 
*** SUMMARY ***
Total pot $3.40 | Rake $0.15 
Board [Th 8s Tc]
Seat 1: Boymack05 (button) folded before Flop (didn't bet)
Seat 2: Contr@Reloj (small blind) folded on the Flop
Seat 3: Photogra308 (big blind) folded before Flop
Seat 4: Live4Life121 collected ($3.25)
Seat 5: ishivremaks folded before Flop (didn't bet)
Seat 6: Mahu2021 folded before Flop (didn't bet)



PokerStars Zoom Hand #253780591871:  Hold'em No Limit ($0.05/$0.10) - 2024/12/09 22:13:50 CET [2024/12/09 16:13:50 ET]
Table 'Aludra' 6-max Seat #1 is the button
Seat 1: xhmikost2 ($11.04 in chips) 
Seat 2: Mahu2021 ($11.81 in chips) 
Seat 3: GoodGame1989 ($14.35 in chips) 
Seat 4: Shakawka ($10.15 in chips) 
Seat 5: Techd3nc4 ($10.06 in chips) 
Seat 6: T.D.L.D.K ($16.02 in chips) 
Mahu2021: posts small blind $0.05
GoodGame1989: posts big blind $0.10
*** HOLE CARDS ***
Dealt to Mahu2021 [Ac 7d]
Shakawka: raises $0.10 to $0.20
Techd3nc4: folds 
T.D.L.D.K: folds 
xhmikost2: folds 
Mahu2021: folds 
GoodGame1989: calls $0.10
*** FLOP *** [Kh 2d 9h]
GoodGame1989: checks 
Shakawka: bets $0.22
GoodGame1989: raises $0.48 to $0.70
Shakawka: calls $0.48
*** TURN *** [Kh 2d 9h] [Td]
GoodGame1989: bets $2.12
Shakawka: folds 
Uncalled bet ($2.12) returned to GoodGame1989
GoodGame1989 collected $1.77 from pot
GoodGame1989: doesn't show hand 
*** SUMMARY ***
Total pot $1.85 | Rake $0.08 
Board [Kh 2d 9h Td]
Seat 1: xhmikost2 (button) folded before Flop (didn't bet)
Seat 2: Mahu2021 (small blind) folded before Flop
Seat 3: GoodGame1989 (big blind) collected ($1.77)
Seat 4: Shakawka folded on the Turn
Seat 5: Techd3nc4 folded before Flop (didn't bet)
Seat 6: T.D.L.D.K folded before Flop (didn't bet)



PokerStars Zoom Hand #253780611125:  Hold'em No Limit ($0.05/$0.10) - 2024/12/09 22:14:52 CET [2024/12/09 16:14:52 ET]
Table 'Aludra' 6-max Seat #1 is the button
Seat 1: Bur1k ($5.54 in chips) 
Seat 2: Al Fr€d 69 ($11.06 in chips) 
Seat 3: utahhih ($9.62 in chips) 
Seat 4: Bumeyes ($10 in chips) 
Seat 5: loup_ston129 ($7.59 in chips) 
Seat 6: Mahu2021 ($11.51 in chips) 
Al Fr€d 69: posts small blind $0.05
utahhih: posts big blind $0.10
*** HOLE CARDS ***
Dealt to Mahu2021 [5s 4s]
Bumeyes: folds 
loup_ston129: raises $0.25 to $0.35
Mahu2021: folds 
Bur1k: folds 
Al Fr€d 69: folds 
utahhih: folds 
Uncalled bet ($0.25) returned to loup_ston129
loup_ston129 collected $0.25 from pot
loup_ston129: doesn't show hand 
*** SUMMARY ***
Total pot $0.25 | Rake $0 
Seat 1: Bur1k (button) folded before Flop (didn't bet)
Seat 2: Al Fr€d 69 (small blind) folded before Flop
Seat 3: utahhih (big blind) folded before Flop
Seat 4: Bumeyes folded before Flop (didn't bet)
Seat 5: loup_ston129 collected ($0.25)
Seat 6: Mahu2021 folded before Flop (didn't bet)



PokerStars Zoom Hand #253780606241:  Hold'em No Limit ($0.05/$0.10) - 2024/12/09 22:14:36 CET [2024/12/09 16:14:36 ET]
Table 'Aludra' 6-max Seat #1 is the button
Seat 1: leon05 ($8.02 in chips) 
Seat 2: jacinto 8vo ($10.90 in chips) 
Seat 3: honEybOOx ($12.54 in chips) 
Seat 4: charlesws25 ($11.05 in chips) 
Seat 5: Mahu2021 ($11.76 in chips) 
Seat 6: Shakawka ($24.24 in chips) 
jacinto 8vo: posts small blind $0.05
honEybOOx: posts big blind $0.10
*** HOLE CARDS ***
Dealt to Mahu2021 [Ah Kd]
charlesws25: raises $0.15 to $0.25
Mahu2021: calls $0.25
Shakawka: folds 
leon05: raises $0.95 to $1.20
jacinto 8vo: folds 
honEybOOx: folds 
charlesws25: calls $0.95
Mahu2021: folds 
*** FLOP *** [Jh 5h 3s]
charlesws25: checks 
leon05: bets $1.34
charlesws25: calls $1.34
*** TURN *** [Jh 5h 3s] [3c]
charlesws25: checks 
leon05: checks 
*** RIVER *** [Jh 5h 3s 3c] [Qd]
charlesws25: checks 
leon05: checks 
*** SHOW DOWN ***
charlesws25: shows [Js As] (two pair, Jacks and Threes)
leon05: mucks hand 
charlesws25 collected $5.23 from pot
*** SUMMARY ***
Total pot $5.48 | Rake $0.25 
Board [Jh 5h 3s 3c Qd]
Seat 1: leon05 (button) mucked [Ts 9s]
Seat 2: jacinto 8vo (small blind) folded before Flop
Seat 3: honEybOOx (big blind) folded before Flop
Seat 4: charlesws25 showed [Js As] and won ($5.23) with two pair, Jacks and Threes
Seat 5: Mahu2021 folded before Flop
Seat 6: Shakawka folded before Flop (didn't bet)



PokerStars Zoom Hand #253780619923:  Hold'em No Limit ($0.05/$0.10) - 2024/12/09 22:15:19 CET [2024/12/09 16:15:19 ET]
Table 'Aludra' 6-max Seat #1 is the button
Seat 1: Mahu2021 ($11.41 in chips) 
Seat 2: TPS72 ($4.49 in chips) 
Seat 3: Rafael_TT13 ($4.72 in chips) 
Seat 4: Shakawka ($10.05 in chips) 
Seat 5: langosport ($4.68 in chips) 
Seat 6: fent41 ($11.74 in chips) 
TPS72: posts small blind $0.05
Rafael_TT13: posts big blind $0.10
*** HOLE CARDS ***
Dealt to Mahu2021 [Qc Jd]
Shakawka: folds 
langosport: folds 
fent41: folds 
Mahu2021: raises $0.20 to $0.30
TPS72: folds 
Rafael_TT13: calls $0.20
*** FLOP *** [3d 9s 3c]
Rafael_TT13: checks 
Mahu2021: checks 
*** TURN *** [3d 9s 3c] [Jh]
Rafael_TT13: bets $0.31
Mahu2021: calls $0.31
*** RIVER *** [3d 9s 3c Jh] [6c]
Rafael_TT13: checks 
Mahu2021: checks 
*** SHOW DOWN ***
Rafael_TT13: shows [Ac Kh] (a pair of Threes)
Mahu2021: shows [Qc Jd] (two pair, Jacks and Threes)
Mahu2021 collected $1.21 from pot
*** SUMMARY ***
Total pot $1.27 | Rake $0.06 
Board [3d 9s 3c Jh 6c]
Seat 1: Mahu2021 (button) showed [Qc Jd] and won ($1.21) with two pair, Jacks and Threes
Seat 2: TPS72 (small blind) folded before Flop
Seat 3: Rafael_TT13 (big blind) showed [Ac Kh] and lost with a pair of Threes
Seat 4: Shakawka folded before Flop (didn't bet)
Seat 5: langosport folded before Flop (didn't bet)
Seat 6: fent41 folded before Flop (didn't bet)



PokerStars Zoom Hand #253780635264:  Hold'em No Limit ($0.05/$0.10) - 2024/12/09 22:16:09 CET [2024/12/09 16:16:09 ET]
Table 'Aludra' 6-max Seat #1 is the button
Seat 1: titus348 ($10.85 in chips) 
Seat 2: Redpedro79 ($5.09 in chips) 
Seat 3: miker1980 ($10.43 in chips) 
Seat 4: danyboy6969 ($24.65 in chips) 
Seat 5: RabiatMC ($15.70 in chips) 
Seat 6: Mahu2021 ($12.01 in chips) 
Redpedro79: posts small blind $0.05
miker1980: posts big blind $0.10
*** HOLE CARDS ***
Dealt to Mahu2021 [5c 7s]
danyboy6969: folds 
RabiatMC: folds 
Mahu2021: folds 
titus348: folds 
Redpedro79: folds 
Uncalled bet ($0.05) returned to miker1980
miker1980 collected $0.10 from pot
miker1980: doesn't show hand 
*** SUMMARY ***
Total pot $0.10 | Rake $0 
Seat 1: titus348 (button) folded before Flop (didn't bet)
Seat 2: Redpedro79 (small blind) folded before Flop
Seat 3: miker1980 (big blind) collected ($0.10)
Seat 4: danyboy6969 folded before Flop (didn't bet)
Seat 5: RabiatMC folded before Flop (didn't bet)
Seat 6: Mahu2021 folded before Flop (didn't bet)



PokerStars Zoom Hand #253780636631:  Hold'em No Limit ($0.05/$0.10) - 2024/12/09 22:16:13 CET [2024/12/09 16:16:13 ET]
Table 'Aludra' 6-max Seat #1 is the button
Seat 1: kallaskalle ($9.85 in chips) 
Seat 2: Mahu2021 ($12.01 in chips) 
Seat 3: xhmikost2 ($10.12 in chips) 
Seat 4: kaly2382 ($8.98 in chips) 
Seat 5: honEybOOx ($12.24 in chips) 
Seat 6: jacinto 8vo ($12.77 in chips) 
Mahu2021: posts small blind $0.05
xhmikost2: posts big blind $0.10
*** HOLE CARDS ***
Dealt to Mahu2021 [9s As]
kaly2382: folds 
honEybOOx: folds 
jacinto 8vo: folds 
kallaskalle: folds 
Mahu2021: raises $0.20 to $0.30
xhmikost2: folds 
Uncalled bet ($0.20) returned to Mahu2021
Mahu2021 collected $0.20 from pot
Mahu2021: doesn't show hand 
*** SUMMARY ***
Total pot $0.20 | Rake $0 
Seat 1: kallaskalle (button) folded before Flop (didn't bet)
Seat 2: Mahu2021 (small blind) collected ($0.20)
Seat 3: xhmikost2 (big blind) folded before Flop
Seat 4: kaly2382 folded before Flop (didn't bet)
Seat 5: honEybOOx folded before Flop (didn't bet)
Seat 6: jacinto 8vo folded before Flop (didn't bet)



PokerStars Zoom Hand #253780613308:  Hold'em No Limit ($0.05/$0.10) - 2024/12/09 22:14:58 CET [2024/12/09 16:14:58 ET]
Table 'Aludra' 6-max Seat #1 is the button
Seat 1: Al Fr€d 69 ($11.01 in chips) 
Seat 2: miker1980 ($33.37 in chips) 
Seat 3: Mahu2021 ($11.51 in chips) 
Seat 4: radusamson ($10.21 in chips) 
Seat 5: Fishpoker17 ($11.27 in chips) 
Seat 6: Lolczyk92 ($10.05 in chips) 
miker1980: posts small blind $0.05
Mahu2021: posts big blind $0.10
*** HOLE CARDS ***
Dealt to Mahu2021 [Th Jh]
radusamson: raises $0.20 to $0.30
Fishpoker17: folds 
Lolczyk92: folds 
Al Fr€d 69: folds 
miker1980: raises $0.90 to $1.20
Mahu2021: folds 
radusamson: calls $0.90
*** FLOP *** [6h 3d Tc]
miker1980: bets $1.20
radusamson: calls $1.20
*** TURN *** [6h 3d Tc] [9d]
miker1980: bets $2.34
radusamson: raises $2.46 to $4.80
miker1980: folds 
Uncalled bet ($2.46) returned to radusamson
radusamson collected $9.15 from pot
radusamson: doesn't show hand 
*** SUMMARY ***
Total pot $9.58 | Rake $0.43 
Board [6h 3d Tc 9d]
Seat 1: Al Fr€d 69 (button) folded before Flop (didn't bet)
Seat 2: miker1980 (small blind) folded on the Turn
Seat 3: Mahu2021 (big blind) folded before Flop
Seat 4: radusamson collected ($9.15)
Seat 5: Fishpoker17 folded before Flop (didn't bet)
Seat 6: Lolczyk92 folded before Flop (didn't bet)



PokerStars Zoom Hand #253780640257:  Hold'em No Limit ($0.05/$0.10) - 2024/12/09 22:16:25 CET [2024/12/09 16:16:25 ET]
Table 'Aludra' 6-max Seat #1 is the button
Seat 1: doctornicola ($10.18 in chips) 
Seat 2: Hakkai10 ($10 in chips) 
Seat 3: Mahu2021 ($12.11 in chips) 
Seat 4: PROSTOZIDAR ($3.35 in chips) 
Seat 5: ishivremaks ($15.52 in chips) 
Seat 6: davy 10888 ($5.05 in chips) 
Hakkai10: posts small blind $0.05
Mahu2021: posts big blind $0.10
*** HOLE CARDS ***
Dealt to Mahu2021 [9s As]
PROSTOZIDAR: folds 
ishivremaks: folds 
davy 10888: folds 
doctornicola: raises $0.10 to $0.20
Hakkai10: folds 
Mahu2021: calls $0.10
*** FLOP *** [Jd Ts Kc]
Mahu2021: checks 
doctornicola: bets $0.43
Mahu2021: folds 
Uncalled bet ($0.43) returned to doctornicola
doctornicola collected $0.43 from pot
doctornicola: doesn't show hand 
*** SUMMARY ***
Total pot $0.45 | Rake $0.02 
Board [Jd Ts Kc]
Seat 1: doctornicola (button) collected ($0.43)
Seat 2: Hakkai10 (small blind) folded before Flop
Seat 3: Mahu2021 (big blind) folded on the Flop
Seat 4: PROSTOZIDAR folded before Flop (didn't bet)
Seat 5: ishivremaks folded before Flop (didn't bet)
Seat 6: davy 10888 folded before Flop (didn't bet)



PokerStars Zoom Hand #253780646035:  Hold'em No Limit ($0.05/$0.10) - 2024/12/09 22:16:43 CET [2024/12/09 16:16:43 ET]
Table 'Aludra' 6-max Seat #1 is the button
Seat 1: Ptit Gervais ($6.54 in chips) 
Seat 2: kigdav3d ($8.74 in chips) 
Seat 3: East_Zoo ($10.10 in chips) 
Seat 4: GorillBror ($11.35 in chips) 
Seat 5: Mahu2021 ($11.91 in chips) 
Seat 6: loup_ston129 ($7.86 in chips) 
kigdav3d: posts small blind $0.05
East_Zoo: posts big blind $0.10
*** HOLE CARDS ***
Dealt to Mahu2021 [7s Ac]
GorillBror: raises $0.10 to $0.20
Mahu2021: folds 
loup_ston129: folds 
Ptit Gervais: folds 
kigdav3d: folds 
East_Zoo: folds 
Uncalled bet ($0.10) returned to GorillBror
GorillBror collected $0.25 from pot
GorillBror: doesn't show hand 
*** SUMMARY ***
Total pot $0.25 | Rake $0 
Seat 1: Ptit Gervais (button) folded before Flop (didn't bet)
Seat 2: kigdav3d (small blind) folded before Flop
Seat 3: East_Zoo (big blind) folded before Flop
Seat 4: GorillBror collected ($0.25)
Seat 5: Mahu2021 folded before Flop (didn't bet)
Seat 6: loup_ston129 folded before Flop (didn't bet)



PokerStars Zoom Hand #253780647140:  Hold'em No Limit ($0.05/$0.10) - 2024/12/09 22:16:46 CET [2024/12/09 16:16:46 ET]
Table 'Aludra' 6-max Seat #1 is the button
Seat 1: ishivremaks ($23.55 in chips) 
Seat 2: Morgs098 ($56.78 in chips) 
Seat 3: ascensionIII ($10 in chips) 
Seat 4: Mahu2021 ($11.91 in chips) 
Seat 5: based-stylo ($16.33 in chips) 
Seat 6: Redpedro79 ($4.94 in chips) 
Morgs098: posts small blind $0.05
ascensionIII: posts big blind $0.10
*** HOLE CARDS ***
Dealt to Mahu2021 [5d Qd]
Mahu2021: folds 
based-stylo: folds 
Redpedro79: folds 
ishivremaks: folds 
Morgs098: folds 
Uncalled bet ($0.05) returned to ascensionIII
ascensionIII collected $0.10 from pot
ascensionIII: doesn't show hand 
*** SUMMARY ***
Total pot $0.10 | Rake $0 
Seat 1: ishivremaks (button) folded before Flop (didn't bet)
Seat 2: Morgs098 (small blind) folded before Flop
Seat 3: ascensionIII (big blind) collected ($0.10)
Seat 4: Mahu2021 folded before Flop (didn't bet)
Seat 5: based-stylo folded before Flop (didn't bet)
Seat 6: Redpedro79 folded before Flop (didn't bet)



PokerStars Zoom Hand #253780647993:  Hold'em No Limit ($0.05/$0.10) - 2024/12/09 22:16:49 CET [2024/12/09 16:16:49 ET]
Table 'Aludra' 6-max Seat #1 is the button
Seat 1: Mahu2021 ($11.91 in chips) 
Seat 2: cghap ($10 in chips) 
Seat 3: PROSTOZIDAR ($3.30 in chips) 
Seat 4: fent41 ($12.15 in chips) 
Seat 5: kigdav3d ($8.69 in chips) 
Seat 6: lionsaolin ($19.84 in chips) 
cghap: posts small blind $0.05
PROSTOZIDAR: posts big blind $0.10
*** HOLE CARDS ***
Dealt to Mahu2021 [Qh Ks]
fent41: folds 
kigdav3d: folds 
lionsaolin: folds 
Mahu2021: raises $0.20 to $0.30
cghap: folds 
PROSTOZIDAR: folds 
Uncalled bet ($0.20) returned to Mahu2021
Mahu2021 collected $0.25 from pot
Mahu2021: doesn't show hand 
*** SUMMARY ***
Total pot $0.25 | Rake $0 
Seat 1: Mahu2021 (button) collected ($0.25)
Seat 2: cghap (small blind) folded before Flop
Seat 3: PROSTOZIDAR (big blind) folded before Flop
Seat 4: fent41 folded before Flop (didn't bet)
Seat 5: kigdav3d folded before Flop (didn't bet)
Seat 6: lionsaolin folded before Flop (didn't bet)



PokerStars Zoom Hand #253780657377:  Hold'em No Limit ($0.05/$0.10) - 2024/12/09 22:17:19 CET [2024/12/09 16:17:19 ET]
Table 'Aludra' 6-max Seat #1 is the button
Seat 1: doctornicola ($10.50 in chips) 
Seat 2: Mahu2021 ($12.06 in chips) 
Seat 3: Live4Life121 ($18.59 in chips) 
Seat 4: DonkeyKong1960 ($12.29 in chips) 
Seat 5: metalmath7 ($2.65 in chips) 
Seat 6: gp motos ($11.25 in chips) 
Mahu2021: posts small blind $0.05
Live4Life121: posts big blind $0.10
*** HOLE CARDS ***
Dealt to Mahu2021 [3c 7c]
DonkeyKong1960: folds 
metalmath7: raises $0.20 to $0.30
gp motos: raises $0.65 to $0.95
doctornicola: folds 
Mahu2021: folds 
Live4Life121: folds 
metalmath7: calls $0.65
*** FLOP *** [4d Kc 2s]
metalmath7: checks 
gp motos: bets $0.95
metalmath7: folds 
Uncalled bet ($0.95) returned to gp motos
gp motos collected $1.96 from pot
gp motos: doesn't show hand 
*** SUMMARY ***
Total pot $2.05 | Rake $0.09 
Board [4d Kc 2s]
Seat 1: doctornicola (button) folded before Flop (didn't bet)
Seat 2: Mahu2021 (small blind) folded before Flop
Seat 3: Live4Life121 (big blind) folded before Flop
Seat 4: DonkeyKong1960 folded before Flop (didn't bet)
Seat 5: metalmath7 folded on the Flop
Seat 6: gp motos collected ($1.96)



PokerStars Zoom Hand #253780659604:  Hold'em No Limit ($0.05/$0.10) - 2024/12/09 22:17:26 CET [2024/12/09 16:17:26 ET]
Table 'Aludra' 6-max Seat #1 is the button
Seat 1: based-stylo ($23.21 in chips) 
Seat 2: xhmikost2 ($10.07 in chips) 
Seat 3: blindprotector ($12.80 in chips) 
Seat 4: danyboy6969 ($26.73 in chips) 
Seat 5: Mahu2021 ($12.01 in chips) 
Seat 6: honEybOOx ($14.58 in chips) 
xhmikost2: posts small blind $0.05
blindprotector: posts big blind $0.10
*** HOLE CARDS ***
Dealt to Mahu2021 [Ts Ks]
danyboy6969: folds 
Mahu2021: raises $0.20 to $0.30
honEybOOx: folds 
based-stylo: raises $0.65 to $0.95
xhmikost2: folds 
blindprotector: folds 
Mahu2021: folds 
Uncalled bet ($0.65) returned to based-stylo
based-stylo collected $0.75 from pot
based-stylo: doesn't show hand 
*** SUMMARY ***
Total pot $0.75 | Rake $0 
Seat 1: based-stylo (button) collected ($0.75)
Seat 2: xhmikost2 (small blind) folded before Flop
Seat 3: blindprotector (big blind) folded before Flop
Seat 4: danyboy6969 folded before Flop (didn't bet)
Seat 5: Mahu2021 folded before Flop
Seat 6: honEybOOx folded before Flop (didn't bet)



PokerStars Zoom Hand #253780666774:  Hold'em No Limit ($0.05/$0.10) - 2024/12/09 22:17:48 CET [2024/12/09 16:17:48 ET]
Table 'Aludra' 6-max Seat #1 is the button
Seat 1: Mahu2021 ($11.71 in chips) 
Seat 2: DonkeyKong1960 ($10.15 in chips) 
Seat 3: honEybOOx ($12.54 in chips) 
Seat 4: FSMT ($10 in chips) 
Seat 5: Shakawka ($24.20 in chips) 
Seat 6: dédé-traquer ($10.44 in chips) 
DonkeyKong1960: posts small blind $0.05
honEybOOx: posts big blind $0.10
*** HOLE CARDS ***
Dealt to Mahu2021 [Ah 9h]
FSMT: folds 
Shakawka: raises $0.10 to $0.20
dédé-traquer: folds 
Mahu2021: calls $0.20
DonkeyKong1960: folds 
honEybOOx: calls $0.10
*** FLOP *** [3s Ts 9d]
honEybOOx: checks 
Shakawka: checks 
Mahu2021: checks 
*** TURN *** [3s Ts 9d] [Qs]
honEybOOx: checks 
Shakawka: checks 
Mahu2021: bets $0.30
honEybOOx: raises $0.92 to $1.22
Shakawka: folds 
Mahu2021: folds 
Uncalled bet ($0.92) returned to honEybOOx
honEybOOx collected $1.17 from pot
honEybOOx: doesn't show hand 
*** SUMMARY ***
Total pot $1.25 | Rake $0.08 
Board [3s Ts 9d Qs]
Seat 1: Mahu2021 (button) folded on the Turn
Seat 2: DonkeyKong1960 (small blind) folded before Flop
Seat 3: honEybOOx (big blind) collected ($1.17)
Seat 4: FSMT folded before Flop (didn't bet)
Seat 5: Shakawka folded on the Turn
Seat 6: dédé-traquer folded before Flop (didn't bet)



PokerStars Zoom Hand #253780658640:  Hold'em No Limit ($0.05/$0.10) - 2024/12/09 22:17:23 CET [2024/12/09 16:17:23 ET]
Table 'Aludra' 6-max Seat #1 is the button
Seat 1: Contr@Reloj ($23.56 in chips) 
Seat 2: rerepumipi ($5.41 in chips) 
Seat 3: doctornicola ($10.50 in chips) 
Seat 4: jacinto 8vo ($11.83 in chips) 
Seat 5: GregX22 ($14.46 in chips) 
Seat 6: Mahu2021 ($12.01 in chips) 
rerepumipi: posts small blind $0.05
doctornicola: posts big blind $0.10
*** HOLE CARDS ***
Dealt to Mahu2021 [5d As]
jacinto 8vo: raises $0.10 to $0.20
GregX22: folds 
Mahu2021: folds 
Contr@Reloj: raises $0.55 to $0.75
rerepumipi: folds 
doctornicola: folds 
jacinto 8vo: calls $0.55
*** FLOP *** [3c 6d Ks]
jacinto 8vo: checks 
Contr@Reloj: bets $0.52
jacinto 8vo: calls $0.52
*** TURN *** [3c 6d Ks] [5s]
jacinto 8vo: checks 
Contr@Reloj: checks 
*** RIVER *** [3c 6d Ks 5s] [Qc]
jacinto 8vo: checks 
Contr@Reloj: checks 
*** SHOW DOWN ***
jacinto 8vo: shows [Th Td] (a pair of Tens)
Contr@Reloj: shows [Ah Qd] (a pair of Queens)
Contr@Reloj collected $2.57 from pot
*** SUMMARY ***
Total pot $2.69 | Rake $0.12 
Board [3c 6d Ks 5s Qc]
Seat 1: Contr@Reloj (button) showed [Ah Qd] and won ($2.57) with a pair of Queens
Seat 2: rerepumipi (small blind) folded before Flop
Seat 3: doctornicola (big blind) folded before Flop
Seat 4: jacinto 8vo showed [Th Td] and lost with a pair of Tens
Seat 5: GregX22 folded before Flop (didn't bet)
Seat 6: Mahu2021 folded before Flop (didn't bet)



PokerStars Zoom Hand #253780677592:  Hold'em No Limit ($0.05/$0.10) - 2024/12/09 22:18:23 CET [2024/12/09 16:18:23 ET]
Table 'Aludra' 6-max Seat #1 is the button
Seat 1: posidon1a ($31.57 in chips) 
Seat 2: jacinto 8vo ($11.89 in chips) 
Seat 3: Mahu2021 ($11.21 in chips) 
Seat 4: Photogra308 ($13.07 in chips) 
Seat 5: Rafael_TT13 ($4.78 in chips) 
Seat 6: doctornicola ($9.53 in chips) 
jacinto 8vo: posts small blind $0.05
Mahu2021: posts big blind $0.10
*** HOLE CARDS ***
Dealt to Mahu2021 [9s 9h]
Photogra308: raises $0.10 to $0.20
Rafael_TT13: folds 
doctornicola: raises $0.55 to $0.75
posidon1a: folds 
jacinto 8vo: folds 
Mahu2021: folds 
Photogra308: calls $0.55
*** FLOP *** [7d Jh 4h]
Photogra308: checks 
doctornicola: bets $0.80
Photogra308: calls $0.80
*** TURN *** [7d Jh 4h] [Qh]
Photogra308: checks 
doctornicola: bets $1.55
Photogra308: folds 
Uncalled bet ($1.55) returned to doctornicola
doctornicola collected $3.10 from pot
doctornicola: doesn't show hand 
*** SUMMARY ***
Total pot $3.25 | Rake $0.15 
Board [7d Jh 4h Qh]
Seat 1: posidon1a (button) folded before Flop (didn't bet)
Seat 2: jacinto 8vo (small blind) folded before Flop
Seat 3: Mahu2021 (big blind) folded before Flop
Seat 4: Photogra308 folded on the Turn
Seat 5: Rafael_TT13 folded before Flop (didn't bet)
Seat 6: doctornicola collected ($3.10)



PokerStars Zoom Hand #253780680979:  Hold'em No Limit ($0.05/$0.10) - 2024/12/09 22:18:34 CET [2024/12/09 16:18:34 ET]
Table 'Aludra' 6-max Seat #1 is the button
Seat 1: based-stylo ($23.91 in chips) 
Seat 2: Mahu2021 ($11.11 in chips) 
Seat 3: Live4Life121 ($11.03 in chips) 
Seat 4: jacinto 8vo ($11.84 in chips) 
Seat 5: ascensionIII ($9.92 in chips) 
Seat 6: putzkedudu ($10.06 in chips) 
Mahu2021: posts small blind $0.05
Live4Life121: posts big blind $0.10
*** HOLE CARDS ***
Dealt to Mahu2021 [5c Tc]
jacinto 8vo: raises $0.10 to $0.20
ascensionIII: folds 
putzkedudu: folds 
based-stylo: raises $0.65 to $0.85
Mahu2021: folds 
Live4Life121: folds 
jacinto 8vo: folds 
Uncalled bet ($0.65) returned to based-stylo
based-stylo collected $0.55 from pot
based-stylo: doesn't show hand 
*** SUMMARY ***
Total pot $0.55 | Rake $0 
Seat 1: based-stylo (button) collected ($0.55)
Seat 2: Mahu2021 (small blind) folded before Flop
Seat 3: Live4Life121 (big blind) folded before Flop
Seat 4: jacinto 8vo folded before Flop
Seat 5: ascensionIII folded before Flop (didn't bet)
Seat 6: putzkedudu folded before Flop (didn't bet)



PokerStars Zoom Hand #253780686096:  Hold'em No Limit ($0.05/$0.10) - 2024/12/09 22:18:50 CET [2024/12/09 16:18:50 ET]
Table 'Aludra' 6-max Seat #1 is the button
Seat 1: jacinto 8vo ($11.08 in chips) 
Seat 2: pro888888 ($15.29 in chips) 
Seat 3: FarmersFlush ($9.69 in chips) 
Seat 4: Mahu2021 ($11.06 in chips) 
Seat 5: Morgs098 ($28.77 in chips) 
Seat 6: mKey_Qm ($10.53 in chips) 
pro888888: posts small blind $0.05
FarmersFlush: posts big blind $0.10
*** HOLE CARDS ***
Dealt to Mahu2021 [2h As]
Mahu2021: folds 
Morgs098: folds 
mKey_Qm: folds 
jacinto 8vo: folds 
pro888888: folds 
Uncalled bet ($0.05) returned to FarmersFlush
FarmersFlush collected $0.10 from pot
FarmersFlush: doesn't show hand 
*** SUMMARY ***
Total pot $0.10 | Rake $0 
Seat 1: jacinto 8vo (button) folded before Flop (didn't bet)
Seat 2: pro888888 (small blind) folded before Flop
Seat 3: FarmersFlush (big blind) collected ($0.10)
Seat 4: Mahu2021 folded before Flop (didn't bet)
Seat 5: Morgs098 folded before Flop (didn't bet)
Seat 6: mKey_Qm folded before Flop (didn't bet)



PokerStars Zoom Hand #253780683487:  Hold'em No Limit ($0.05/$0.10) - 2024/12/09 22:18:42 CET [2024/12/09 16:18:42 ET]
Table 'Aludra' 6-max Seat #1 is the button
Seat 1: kallaskalle ($10.85 in chips) 
Seat 2: langosport ($3.38 in chips) 
Seat 3: radusamson ($14.80 in chips) 
Seat 4: Twitchxxop ($20.25 in chips) 
Seat 5: Mahu2021 ($11.06 in chips) 
Seat 6: honEybOOx ($14.08 in chips) 
langosport: posts small blind $0.05
radusamson: posts big blind $0.10
*** HOLE CARDS ***
Dealt to Mahu2021 [5s Js]
Twitchxxop: folds 
Mahu2021: folds 
honEybOOx: folds 
kallaskalle: raises $0.15 to $0.25
langosport: folds 
radusamson: calls $0.15
*** FLOP *** [Kh 2s 2h]
radusamson: checks 
kallaskalle: bets $0.29
radusamson: raises $0.29 to $0.58
kallaskalle: calls $0.29
*** TURN *** [Kh 2s 2h] [5d]
radusamson: checks 
kallaskalle: checks 
*** RIVER *** [Kh 2s 2h 5d] [As]
radusamson: checks 
kallaskalle: checks 
*** SHOW DOWN ***
radusamson: shows [Th 5h] (two pair, Fives and Deuces)
kallaskalle: shows [9c Ks] (two pair, Kings and Deuces)
kallaskalle collected $1.63 from pot
*** SUMMARY ***
Total pot $1.71 | Rake $0.08 
Board [Kh 2s 2h 5d As]
Seat 1: kallaskalle (button) showed [9c Ks] and won ($1.63) with two pair, Kings and Deuces
Seat 2: langosport (small blind) folded before Flop
Seat 3: radusamson (big blind) showed [Th 5h] and lost with two pair, Fives and Deuces
Seat 4: Twitchxxop folded before Flop (didn't bet)
Seat 5: Mahu2021 folded before Flop (didn't bet)
Seat 6: honEybOOx folded before Flop (didn't bet)



PokerStars Zoom Hand #253780687090:  Hold'em No Limit ($0.05/$0.10) - 2024/12/09 22:18:53 CET [2024/12/09 16:18:53 ET]
Table 'Aludra' 6-max Seat #1 is the button
Seat 1: Live4Life121 ($10.93 in chips) 
Seat 2: based-stylo ($16.51 in chips) 
Seat 3: Mahu2021 ($11.06 in chips) 
Seat 4: dédé-traquer ($12.76 in chips) 
Seat 5: FILIP32 ($10.77 in chips) 
Seat 6: BCWrangler ($10.08 in chips) 
based-stylo: posts small blind $0.05
Mahu2021: posts big blind $0.10
*** HOLE CARDS ***
Dealt to Mahu2021 [4h Jh]
dédé-traquer: raises $0.15 to $0.25
FILIP32: folds 
BCWrangler: folds 
Live4Life121: folds 
based-stylo: folds 
Mahu2021: calls $0.15
*** FLOP *** [Qd 4d 9h]
Mahu2021: checks 
dédé-traquer: checks 
*** TURN *** [Qd 4d 9h] [As]
Mahu2021: checks 
dédé-traquer: bets $0.21
Mahu2021: folds 
Uncalled bet ($0.21) returned to dédé-traquer
dédé-traquer collected $0.53 from pot
dédé-traquer: doesn't show hand 
*** SUMMARY ***
Total pot $0.55 | Rake $0.02 
Board [Qd 4d 9h As]
Seat 1: Live4Life121 (button) folded before Flop (didn't bet)
Seat 2: based-stylo (small blind) folded before Flop
Seat 3: Mahu2021 (big blind) folded on the Turn
Seat 4: dédé-traquer collected ($0.53)
Seat 5: FILIP32 folded before Flop (didn't bet)
Seat 6: BCWrangler folded before Flop (didn't bet)



PokerStars Zoom Hand #253780684725:  Hold'em No Limit ($0.05/$0.10) - 2024/12/09 22:18:46 CET [2024/12/09 16:18:46 ET]
Table 'Aludra' 6-max Seat #1 is the button
Seat 1: Caiofta ($6.72 in chips) 
Seat 2: RabiatMC ($16.08 in chips) 
Seat 3: charlesws25 ($10.91 in chips) 
Seat 4: Mahu2021 ($11.06 in chips) 
Seat 5: Excelsior2022 ($13.86 in chips) 
Seat 6: Don_Alberto2210 ($10.06 in chips) 
RabiatMC: posts small blind $0.05
charlesws25: posts big blind $0.10
*** HOLE CARDS ***
Dealt to Mahu2021 [3h Kc]
Mahu2021: folds 
Excelsior2022: folds 
Don_Alberto2210: folds 
Caiofta: calls $0.10
RabiatMC: calls $0.05
charlesws25: checks 
*** FLOP *** [Ac 3s 8d]
RabiatMC: checks 
charlesws25: checks 
Caiofta: checks 
*** TURN *** [Ac 3s 8d] [5c]
RabiatMC: checks 
charlesws25: checks 
Caiofta: checks 
*** RIVER *** [Ac 3s 8d 5c] [8c]
RabiatMC: bets $0.15
charlesws25: folds 
Caiofta: folds 
Uncalled bet ($0.15) returned to RabiatMC
RabiatMC collected $0.29 from pot
RabiatMC: doesn't show hand 
*** SUMMARY ***
Total pot $0.30 | Rake $0.01 
Board [Ac 3s 8d 5c 8c]
Seat 1: Caiofta (button) folded on the River
Seat 2: RabiatMC (small blind) collected ($0.29)
Seat 3: charlesws25 (big blind) folded on the River
Seat 4: Mahu2021 folded before Flop (didn't bet)
Seat 5: Excelsior2022 folded before Flop (didn't bet)
Seat 6: Don_Alberto2210 folded before Flop (didn't bet)



PokerStars Zoom Hand #253780682017:  Hold'em No Limit ($0.05/$0.10) - 2024/12/09 22:18:37 CET [2024/12/09 16:18:37 ET]
Table 'Aludra' 6-max Seat #1 is the button
Seat 1: zzz7zzz7zzz ($4.96 in chips) 
Seat 2: honEybOOx ($14.13 in chips) 
Seat 3: EdgaP ($22.07 in chips) 
Seat 4: KoW7 ($14.98 in chips) 
Seat 5: Sandalphon42 ($9.34 in chips) 
Seat 6: Mahu2021 ($11.06 in chips) 
honEybOOx: posts small blind $0.05
EdgaP: posts big blind $0.10
*** HOLE CARDS ***
Dealt to Mahu2021 [2h 6h]
KoW7: folds 
Sandalphon42: calls $0.10
Mahu2021: folds 
zzz7zzz7zzz: folds 
honEybOOx: folds 
EdgaP: checks 
*** FLOP *** [8s 5h 5d]
EdgaP: checks 
Sandalphon42: bets $0.10
EdgaP: calls $0.10
*** TURN *** [8s 5h 5d] [Jd]
EdgaP: checks 
Sandalphon42: checks 
*** RIVER *** [8s 5h 5d Jd] [Jc]
EdgaP: checks 
Sandalphon42: bets $0.30
EdgaP: calls $0.30
*** SHOW DOWN ***
Sandalphon42: shows [Ah 7h] (two pair, Jacks and Fives)
EdgaP: shows [7d 8c] (two pair, Jacks and Eights)
EdgaP collected $1 from pot
*** SUMMARY ***
Total pot $1.05 | Rake $0.05 
Board [8s 5h 5d Jd Jc]
Seat 1: zzz7zzz7zzz (button) folded before Flop (didn't bet)
Seat 2: honEybOOx (small blind) folded before Flop
Seat 3: EdgaP (big blind) showed [7d 8c] and won ($1) with two pair, Jacks and Eights
Seat 4: KoW7 folded before Flop (didn't bet)
Seat 5: Sandalphon42 showed [Ah 7h] and lost with two pair, Jacks and Fives
Seat 6: Mahu2021 folded before Flop (didn't bet)



PokerStars Zoom Hand #253780697617:  Hold'em No Limit ($0.05/$0.10) - 2024/12/09 22:19:27 CET [2024/12/09 16:19:27 ET]
Table 'Aludra' 6-max Seat #1 is the button
Seat 1: dédé-traquer ($24.04 in chips) 
Seat 2: Mahu2021 ($10.81 in chips) 
Seat 3: hx32 ($9.80 in chips) 
Seat 4: ElnioSkura ($10 in chips) 
Seat 5: East_Zoo ($10.45 in chips) 
Seat 6: how2liv ($8.99 in chips) 
Mahu2021: posts small blind $0.05
hx32: posts big blind $0.10
*** HOLE CARDS ***
Dealt to Mahu2021 [3h Td]
ElnioSkura: folds 
East_Zoo: folds 
how2liv: folds 
dédé-traquer: raises $0.15 to $0.25
Mahu2021: folds 
hx32: folds 
Uncalled bet ($0.15) returned to dédé-traquer
dédé-traquer collected $0.25 from pot
dédé-traquer: doesn't show hand 
*** SUMMARY ***
Total pot $0.25 | Rake $0 
Seat 1: dédé-traquer (button) collected ($0.25)
Seat 2: Mahu2021 (small blind) folded before Flop
Seat 3: hx32 (big blind) folded before Flop
Seat 4: ElnioSkura folded before Flop (didn't bet)
Seat 5: East_Zoo folded before Flop (didn't bet)
Seat 6: how2liv folded before Flop (didn't bet)



PokerStars Zoom Hand #253780699253:  Hold'em No Limit ($0.05/$0.10) - 2024/12/09 22:19:32 CET [2024/12/09 16:19:32 ET]
Table 'Aludra' 6-max Seat #1 is the button
Seat 1: ElnioSkura ($10 in chips) 
Seat 2: KoW7 ($14.88 in chips) 
Seat 3: Rafael_TT13 ($4.43 in chips) 
Seat 4: moe@home ($10 in chips) 
Seat 5: FSMT ($10.05 in chips) 
Seat 6: Mahu2021 ($10.76 in chips) 
KoW7: posts small blind $0.05
Rafael_TT13: posts big blind $0.10
*** HOLE CARDS ***
Dealt to Mahu2021 [Qs 5s]
moe@home: folds 
FSMT: raises $0.15 to $0.25
Mahu2021: folds 
ElnioSkura: folds 
KoW7: folds 
Rafael_TT13: folds 
Uncalled bet ($0.15) returned to FSMT
FSMT collected $0.25 from pot
FSMT: doesn't show hand 
*** SUMMARY ***
Total pot $0.25 | Rake $0 
Seat 1: ElnioSkura (button) folded before Flop (didn't bet)
Seat 2: KoW7 (small blind) folded before Flop
Seat 3: Rafael_TT13 (big blind) folded before Flop
Seat 4: moe@home folded before Flop (didn't bet)
Seat 5: FSMT collected ($0.25)
Seat 6: Mahu2021 folded before Flop (didn't bet)



PokerStars Zoom Hand #253780696645:  Hold'em No Limit ($0.05/$0.10) - 2024/12/09 22:19:23 CET [2024/12/09 16:19:23 ET]
Table 'Aludra' 6-max Seat #1 is the button
Seat 1: radusamson ($13.92 in chips) 
Seat 2: KoachAA ($11.14 in chips) 
Seat 3: ZookeeperBoy ($17.48 in chips) 
Seat 4: Mahu2021 ($10.81 in chips) 
Seat 5: booboo99468 ($3.52 in chips) 
Seat 6: Chatjedi80 ($3.39 in chips) 
KoachAA: posts small blind $0.05
ZookeeperBoy: posts big blind $0.10
*** HOLE CARDS ***
Dealt to Mahu2021 [7d Qh]
Mahu2021: folds 
booboo99468: raises $0.10 to $0.20
Chatjedi80: folds 
radusamson: folds 
KoachAA: folds 
ZookeeperBoy: calls $0.10
*** FLOP *** [9c Th 5s]
ZookeeperBoy: checks 
booboo99468: bets $0.30
ZookeeperBoy: folds 
Uncalled bet ($0.30) returned to booboo99468
booboo99468 collected $0.43 from pot
booboo99468: doesn't show hand 
*** SUMMARY ***
Total pot $0.45 | Rake $0.02 
Board [9c Th 5s]
Seat 1: radusamson (button) folded before Flop (didn't bet)
Seat 2: KoachAA (small blind) folded before Flop
Seat 3: ZookeeperBoy (big blind) folded on the Flop
Seat 4: Mahu2021 folded before Flop (didn't bet)
Seat 5: booboo99468 collected ($0.43)
Seat 6: Chatjedi80 folded before Flop (didn't bet)



PokerStars Zoom Hand #253780700472:  Hold'em No Limit ($0.05/$0.10) - 2024/12/09 22:19:36 CET [2024/12/09 16:19:36 ET]
Table 'Aludra' 6-max Seat #1 is the button
Seat 1: GregX22 ($3.53 in chips) 
Seat 2: daily228 ($12.22 in chips) 
Seat 3: gp motos ($12.21 in chips) 
Seat 4: danyboy6969 ($20.83 in chips) 
Seat 5: Mahu2021 ($10.76 in chips) 
Seat 6: Gregory.M23 ($10.05 in chips) 
daily228: posts small blind $0.05
gp motos: posts big blind $0.10
*** HOLE CARDS ***
Dealt to Mahu2021 [2c Qd]
danyboy6969: folds 
Mahu2021: folds 
Gregory.M23: folds 
GregX22: folds 
daily228: raises $0.20 to $0.30
gp motos: folds 
Uncalled bet ($0.20) returned to daily228
daily228 collected $0.20 from pot
daily228: doesn't show hand 
*** SUMMARY ***
Total pot $0.20 | Rake $0 
Seat 1: GregX22 (button) folded before Flop (didn't bet)
Seat 2: daily228 (small blind) collected ($0.20)
Seat 3: gp motos (big blind) folded before Flop
Seat 4: danyboy6969 folded before Flop (didn't bet)
Seat 5: Mahu2021 folded before Flop (didn't bet)
Seat 6: Gregory.M23 folded before Flop (didn't bet)



PokerStars Zoom Hand #253780695263:  Hold'em No Limit ($0.05/$0.10) - 2024/12/09 22:19:19 CET [2024/12/09 16:19:19 ET]
Table 'Aludra' 6-max Seat #1 is the button
Seat 1: Mahu2021 ($10.81 in chips) 
Seat 2: FILIP32 ($10.67 in chips) 
Seat 3: dimitriskous ($10.54 in chips) 
Seat 4: Betgirl81 ($9.21 in chips) 
Seat 5: grant8064 ($11.85 in chips) 
Seat 6: radusamson ($13.92 in chips) 
FILIP32: posts small blind $0.05
dimitriskous: posts big blind $0.10
*** HOLE CARDS ***
Dealt to Mahu2021 [7h 5h]
Betgirl81: folds 
grant8064: folds 
radusamson: folds 
Mahu2021: folds 
FILIP32: raises $0.15 to $0.25
dimitriskous: folds 
Uncalled bet ($0.15) returned to FILIP32
FILIP32 collected $0.20 from pot
FILIP32: doesn't show hand 
*** SUMMARY ***
Total pot $0.20 | Rake $0 
Seat 1: Mahu2021 (button) folded before Flop (didn't bet)
Seat 2: FILIP32 (small blind) collected ($0.20)
Seat 3: dimitriskous (big blind) folded before Flop
Seat 4: Betgirl81 folded before Flop (didn't bet)
Seat 5: grant8064 folded before Flop (didn't bet)
Seat 6: radusamson folded before Flop (didn't bet)



PokerStars Zoom Hand #253780703003:  Hold'em No Limit ($0.05/$0.10) - 2024/12/09 22:19:44 CET [2024/12/09 16:19:44 ET]
Table 'Aludra' 6-max Seat #1 is the button
Seat 1: FSMT ($10.20 in chips) 
Seat 2: dédé-traquer ($12.94 in chips) 
Seat 3: Mahu2021 ($10.76 in chips) 
Seat 4: Shakawka ($10 in chips) 
Seat 5: decm ($4.76 in chips) 
Seat 6: ZookeeperBoy ($17.28 in chips) 
dédé-traquer: posts small blind $0.05
Mahu2021: posts big blind $0.10
*** HOLE CARDS ***
Dealt to Mahu2021 [4c Ac]
Shakawka: folds 
decm: folds 
ZookeeperBoy: folds 
FSMT: folds 
dédé-traquer: folds 
Uncalled bet ($0.05) returned to Mahu2021
Mahu2021 collected $0.10 from pot
Mahu2021: doesn't show hand 
*** SUMMARY ***
Total pot $0.10 | Rake $0 
Seat 1: FSMT (button) folded before Flop (didn't bet)
Seat 2: dédé-traquer (small blind) folded before Flop
Seat 3: Mahu2021 (big blind) collected ($0.10)
Seat 4: Shakawka folded before Flop (didn't bet)
Seat 5: decm folded before Flop (didn't bet)
Seat 6: ZookeeperBoy folded before Flop (didn't bet)



PokerStars Zoom Hand #253780709117:  Hold'em No Limit ($0.05/$0.10) - 2024/12/09 22:20:03 CET [2024/12/09 16:20:03 ET]
Table 'Aludra' 6-max Seat #1 is the button
Seat 1: Mahu2021 ($10.81 in chips) 
Seat 2: grant8064 ($11.75 in chips) 
Seat 3: KoachAA ($5.05 in chips) 
Seat 4: dédé-traquer ($19.95 in chips) 
Seat 5: ascensionIII ($10.04 in chips) 
Seat 6: moe@home ($9.75 in chips) 
grant8064: posts small blind $0.05
KoachAA: posts big blind $0.10
*** HOLE CARDS ***
Dealt to Mahu2021 [2d Qs]
dédé-traquer: folds 
ascensionIII: raises $0.10 to $0.20
moe@home: folds 
Mahu2021: folds 
grant8064: folds 
KoachAA: folds 
Uncalled bet ($0.10) returned to ascensionIII
ascensionIII collected $0.25 from pot
ascensionIII: doesn't show hand 
*** SUMMARY ***
Total pot $0.25 | Rake $0 
Seat 1: Mahu2021 (button) folded before Flop (didn't bet)
Seat 2: grant8064 (small blind) folded before Flop
Seat 3: KoachAA (big blind) folded before Flop
Seat 4: dédé-traquer folded before Flop (didn't bet)
Seat 5: ascensionIII collected ($0.25)
Seat 6: moe@home folded before Flop (didn't bet)



PokerStars Zoom Hand #253780701481:  Hold'em No Limit ($0.05/$0.10) - 2024/12/09 22:19:39 CET [2024/12/09 16:19:39 ET]
Table 'Aludra' 6-max Seat #1 is the button
Seat 1: Twitchxxop ($20.35 in chips) 
Seat 2: DonkeyKong1960 ($10 in chips) 
Seat 3: ElnioSkura ($10.10 in chips) 
Seat 4: Mahu2021 ($10.76 in chips) 
Seat 5: kiks220272 ($12.07 in chips) 
Seat 6: ElonzIllesc ($10.10 in chips) 
DonkeyKong1960: posts small blind $0.05
ElnioSkura: posts big blind $0.10
*** HOLE CARDS ***
Dealt to Mahu2021 [6d 9h]
Mahu2021: folds 
kiks220272: folds 
ElonzIllesc: folds 
Twitchxxop: raises $0.15 to $0.25
DonkeyKong1960: folds 
ElnioSkura: calls $0.15
*** FLOP *** [2c 5h As]
ElnioSkura: checks 
Twitchxxop: checks 
*** TURN *** [2c 5h As] [8s]
ElnioSkura: checks 
Twitchxxop: checks 
*** RIVER *** [2c 5h As 8s] [8h]
ElnioSkura: checks 
Twitchxxop: checks 
*** SHOW DOWN ***
ElnioSkura: shows [5d Kd] (two pair, Eights and Fives)
Twitchxxop: mucks hand 
ElnioSkura collected $0.53 from pot
*** SUMMARY ***
Total pot $0.55 | Rake $0.02 
Board [2c 5h As 8s 8h]
Seat 1: Twitchxxop (button) mucked [3c Jc]
Seat 2: DonkeyKong1960 (small blind) folded before Flop
Seat 3: ElnioSkura (big blind) showed [5d Kd] and won ($0.53) with two pair, Eights and Fives
Seat 4: Mahu2021 folded before Flop (didn't bet)
Seat 5: kiks220272 folded before Flop (didn't bet)
Seat 6: ElonzIllesc folded before Flop (didn't bet)



PokerStars Zoom Hand #253780710194:  Hold'em No Limit ($0.05/$0.10) - 2024/12/09 22:20:07 CET [2024/12/09 16:20:07 ET]
Table 'Aludra' 6-max Seat #1 is the button
Seat 1: openymir ($10.91 in chips) 
Seat 2: blindprotector ($12.70 in chips) 
Seat 3: Mahu2021 ($10.81 in chips) 
Seat 4: kallaskalle ($12.80 in chips) 
Seat 5: SaRdo910 ($4.07 in chips) 
Seat 6: NorthernSoul ($9.57 in chips) 
blindprotector: posts small blind $0.05
Mahu2021: posts big blind $0.10
*** HOLE CARDS ***
Dealt to Mahu2021 [Kc 7d]
kallaskalle: folds 
SaRdo910: folds 
NorthernSoul: folds 
openymir: folds 
blindprotector: raises $0.15 to $0.25
Mahu2021: calls $0.15
*** FLOP *** [Qh 2s Tc]
blindprotector: checks 
Mahu2021: checks 
*** TURN *** [Qh 2s Tc] [8d]
blindprotector: bets $0.24
Mahu2021: folds 
Uncalled bet ($0.24) returned to blindprotector
blindprotector collected $0.48 from pot
blindprotector: doesn't show hand 
*** SUMMARY ***
Total pot $0.50 | Rake $0.02 
Board [Qh 2s Tc 8d]
Seat 1: openymir (button) folded before Flop (didn't bet)
Seat 2: blindprotector (small blind) collected ($0.48)
Seat 3: Mahu2021 (big blind) folded on the Turn
Seat 4: kallaskalle folded before Flop (didn't bet)
Seat 5: SaRdo910 folded before Flop (didn't bet)
Seat 6: NorthernSoul folded before Flop (didn't bet)



PokerStars Zoom Hand #253780706408:  Hold'em No Limit ($0.05/$0.10) - 2024/12/09 22:19:55 CET [2024/12/09 16:19:55 ET]
Table 'Aludra' 6-max Seat #1 is the button
Seat 1: Mahu2021 ($10.81 in chips) 
Seat 2: GoodGame1989 ($10.90 in chips) 
Seat 3: Ptit Gervais ($7.71 in chips) 
Seat 4: joaovb2019 ($17.46 in chips) 
Seat 5: mitchy1777 ($10 in chips) 
Seat 6: Betgirl81 ($9.51 in chips) 
GoodGame1989: posts small blind $0.05
Ptit Gervais: posts big blind $0.10
*** HOLE CARDS ***
Dealt to Mahu2021 [5c 3c]
joaovb2019: calls $0.10
mitchy1777: folds 
Betgirl81: folds 
Mahu2021: folds 
GoodGame1989: calls $0.05
Ptit Gervais: checks 
*** FLOP *** [6d 9c Jd]
GoodGame1989: checks 
Ptit Gervais: checks 
joaovb2019: checks 
*** TURN *** [6d 9c Jd] [Qd]
GoodGame1989: checks 
Ptit Gervais: bets $0.15
joaovb2019: calls $0.15
GoodGame1989: folds 
*** RIVER *** [6d 9c Jd Qd] [Js]
Ptit Gervais: checks 
joaovb2019: checks 
*** SHOW DOWN ***
Ptit Gervais: shows [6s Kh] (two pair, Jacks and Sixes)
joaovb2019: mucks hand 
Ptit Gervais collected $0.57 from pot
*** SUMMARY ***
Total pot $0.60 | Rake $0.03 
Board [6d 9c Jd Qd Js]
Seat 1: Mahu2021 (button) folded before Flop (didn't bet)
Seat 2: GoodGame1989 (small blind) folded on the Turn
Seat 3: Ptit Gervais (big blind) showed [6s Kh] and won ($0.57) with two pair, Jacks and Sixes
Seat 4: joaovb2019 mucked [As Ks]
Seat 5: mitchy1777 folded before Flop (didn't bet)
Seat 6: Betgirl81 folded before Flop (didn't bet)



PokerStars Zoom Hand #253780718996:  Hold'em No Limit ($0.05/$0.10) - 2024/12/09 22:20:35 CET [2024/12/09 16:20:35 ET]
Table 'Aludra' 6-max Seat #1 is the button
Seat 1: KoachAA ($13.33 in chips) 
Seat 2: Mahu2021 ($10.56 in chips) 
Seat 3: FarmersFlush ($9.09 in chips) 
Seat 4: FSMT ($10.05 in chips) 
Seat 5: Live4Life121 ($10.04 in chips) 
Seat 6: dédé-traquer ($14.50 in chips) 
Mahu2021: posts small blind $0.05
FarmersFlush: posts big blind $0.10
*** HOLE CARDS ***
Dealt to Mahu2021 [Ac 2h]
FSMT: folds 
Live4Life121: folds 
dédé-traquer: folds 
KoachAA: folds 
Mahu2021: folds 
Uncalled bet ($0.05) returned to FarmersFlush
FarmersFlush collected $0.10 from pot
FarmersFlush: doesn't show hand 
*** SUMMARY ***
Total pot $0.10 | Rake $0 
Seat 1: KoachAA (button) folded before Flop (didn't bet)
Seat 2: Mahu2021 (small blind) folded before Flop
Seat 3: FarmersFlush (big blind) collected ($0.10)
Seat 4: FSMT folded before Flop (didn't bet)
Seat 5: Live4Life121 folded before Flop (didn't bet)
Seat 6: dédé-traquer folded before Flop (didn't bet)



PokerStars Zoom Hand #253780708100:  Hold'em No Limit ($0.05/$0.10) - 2024/12/09 22:20:00 CET [2024/12/09 16:20:00 ET]
Table 'Aludra' 6-max Seat #1 is the button
Seat 1: som1990 ($19.40 in chips) 
Seat 2: Shakawka ($23.99 in chips) 
Seat 3: Nosdi2025 ($9.16 in chips) 
Seat 4: Mahu2021 ($10.81 in chips) 
Seat 5: MasterVBM ($5.40 in chips) 
Seat 6: lionsaolin ($19.86 in chips) 
Shakawka: posts small blind $0.05
Nosdi2025: posts big blind $0.10
*** HOLE CARDS ***
Dealt to Mahu2021 [3s 6d]
Mahu2021: folds 
MasterVBM: folds 
lionsaolin: raises $0.10 to $0.20
som1990: folds 
Shakawka: folds 
Nosdi2025: calls $0.10
*** FLOP *** [8c 9h Qc]
Nosdi2025: bets $0.10
lionsaolin: calls $0.10
*** TURN *** [8c 9h Qc] [Th]
Nosdi2025: checks 
lionsaolin: bets $0.31
Nosdi2025: calls $0.31
*** RIVER *** [8c 9h Qc Th] [9s]
Nosdi2025: bets $0.10
lionsaolin: raises $1.41 to $1.51
Nosdi2025: raises $1.41 to $2.92
lionsaolin: raises $7.05 to $9.97
Nosdi2025: calls $5.63 and is all-in
Uncalled bet ($1.42) returned to lionsaolin
*** SHOW DOWN ***
lionsaolin: shows [Jh Ks] (a straight, Nine to King)
Nosdi2025: shows [9d Qh] (a full house, Nines full of Queens)
Nosdi2025 collected $17.54 from pot
*** SUMMARY ***
Total pot $18.37 | Rake $0.83 
Board [8c 9h Qc Th 9s]
Seat 1: som1990 (button) folded before Flop (didn't bet)
Seat 2: Shakawka (small blind) folded before Flop
Seat 3: Nosdi2025 (big blind) showed [9d Qh] and won ($17.54) with a full house, Nines full of Queens
Seat 4: Mahu2021 folded before Flop (didn't bet)
Seat 5: MasterVBM folded before Flop (didn't bet)
Seat 6: lionsaolin showed [Jh Ks] and lost with a straight, Nine to King



PokerStars Zoom Hand #253780722403:  Hold'em No Limit ($0.05/$0.10) - 2024/12/09 22:20:46 CET [2024/12/09 16:20:46 ET]
Table 'Aludra' 6-max Seat #1 is the button
Seat 1: FarmersFlush ($9.14 in chips) 
Seat 2: Mahu2021 ($10.51 in chips) 
Seat 3: FILIP32 ($10.92 in chips) 
Seat 4: Shakawka ($17.13 in chips) 
Seat 5: VitorArj ($11.45 in chips) 
Seat 6: Gibby1992 ($12.15 in chips) 
Mahu2021: posts small blind $0.05
FILIP32: posts big blind $0.10
*** HOLE CARDS ***
Dealt to Mahu2021 [Jh 2c]
Shakawka: folds 
VitorArj: folds 
Gibby1992: folds 
FarmersFlush: raises $0.20 to $0.30
Mahu2021: folds 
FILIP32: folds 
Uncalled bet ($0.20) returned to FarmersFlush
FarmersFlush collected $0.25 from pot
FarmersFlush: doesn't show hand 
*** SUMMARY ***
Total pot $0.25 | Rake $0 
Seat 1: FarmersFlush (button) collected ($0.25)
Seat 2: Mahu2021 (small blind) folded before Flop
Seat 3: FILIP32 (big blind) folded before Flop
Seat 4: Shakawka folded before Flop (didn't bet)
Seat 5: VitorArj folded before Flop (didn't bet)
Seat 6: Gibby1992 folded before Flop (didn't bet)



PokerStars Zoom Hand #253780724428:  Hold'em No Limit ($0.05/$0.10) - 2024/12/09 22:20:52 CET [2024/12/09 16:20:52 ET]
Table 'Aludra' 6-max Seat #1 is the button
Seat 1: xhmikost2 ($10.76 in chips) 
Seat 2: East_Zoo ($10.25 in chips) 
Seat 3: Mahu2021 ($10.46 in chips) 
Seat 4: Bumeyes ($10 in chips) 
Seat 5: charlesws25 ($22.18 in chips) 
Seat 6: danyboy6969 ($21.19 in chips) 
East_Zoo: posts small blind $0.05
Mahu2021: posts big blind $0.10
*** HOLE CARDS ***
Dealt to Mahu2021 [7d Ks]
Bumeyes: folds 
charlesws25: folds 
danyboy6969: folds 
xhmikost2: folds 
East_Zoo: folds 
Uncalled bet ($0.05) returned to Mahu2021
Mahu2021 collected $0.10 from pot
Mahu2021: doesn't show hand 
*** SUMMARY ***
Total pot $0.10 | Rake $0 
Seat 1: xhmikost2 (button) folded before Flop (didn't bet)
Seat 2: East_Zoo (small blind) folded before Flop
Seat 3: Mahu2021 (big blind) collected ($0.10)
Seat 4: Bumeyes folded before Flop (didn't bet)
Seat 5: charlesws25 folded before Flop (didn't bet)
Seat 6: danyboy6969 folded before Flop (didn't bet)



PokerStars Zoom Hand #253780728312:  Hold'em No Limit ($0.05/$0.10) - 2024/12/09 22:21:05 CET [2024/12/09 16:21:05 ET]
Table 'Aludra' 6-max Seat #1 is the button
Seat 1: Mahu2021 ($10.51 in chips) 
Seat 2: danyboy6969 ($21.09 in chips) 
Seat 3: mitchy1777 ($10.04 in chips) 
Seat 4: ishivremaks ($11.63 in chips) 
Seat 5: KoachAA ($11.36 in chips) 
Seat 6: ZookeeperBoy ($16.83 in chips) 
danyboy6969: posts small blind $0.05
mitchy1777: posts big blind $0.10
*** HOLE CARDS ***
Dealt to Mahu2021 [6h Qc]
ishivremaks: folds 
KoachAA: folds 
ZookeeperBoy: folds 
Mahu2021: folds 
danyboy6969: folds 
Uncalled bet ($0.05) returned to mitchy1777
mitchy1777 collected $0.10 from pot
mitchy1777: doesn't show hand 
*** SUMMARY ***
Total pot $0.10 | Rake $0 
Seat 1: Mahu2021 (button) folded before Flop (didn't bet)
Seat 2: danyboy6969 (small blind) folded before Flop
Seat 3: mitchy1777 (big blind) collected ($0.10)
Seat 4: ishivremaks folded before Flop (didn't bet)
Seat 5: KoachAA folded before Flop (didn't bet)
Seat 6: ZookeeperBoy folded before Flop (didn't bet)



PokerStars Zoom Hand #253780729375:  Hold'em No Limit ($0.05/$0.10) - 2024/12/09 22:21:08 CET [2024/12/09 16:21:08 ET]
Table 'Aludra' 6-max Seat #1 is the button
Seat 1: ElnioSkura ($10 in chips) 
Seat 2: Mahu2021 ($10.51 in chips) 
Seat 3: Rafael_TT13 ($3.83 in chips) 
Seat 4: mathiasfiske ($23.04 in chips) 
Seat 5: ishivremaks ($11.63 in chips) 
Seat 6: kiks220272 ($10 in chips) 
Mahu2021: posts small blind $0.05
Rafael_TT13: posts big blind $0.10
*** HOLE CARDS ***
Dealt to Mahu2021 [Qs 6c]
mathiasfiske: folds 
ishivremaks: folds 
kiks220272: folds 
ElnioSkura: folds 
Mahu2021: folds 
Uncalled bet ($0.05) returned to Rafael_TT13
Rafael_TT13 collected $0.10 from pot
Rafael_TT13: doesn't show hand 
*** SUMMARY ***
Total pot $0.10 | Rake $0 
Seat 1: ElnioSkura (button) folded before Flop (didn't bet)
Seat 2: Mahu2021 (small blind) folded before Flop
Seat 3: Rafael_TT13 (big blind) collected ($0.10)
Seat 4: mathiasfiske folded before Flop (didn't bet)
Seat 5: ishivremaks folded before Flop (didn't bet)
Seat 6: kiks220272 folded before Flop (didn't bet)



PokerStars Zoom Hand #253780720372:  Hold'em No Limit ($0.05/$0.10) - 2024/12/09 22:20:39 CET [2024/12/09 16:20:39 ET]
Table 'Aludra' 6-max Seat #1 is the button
Seat 1: redmonkey98 ($10.20 in chips) 
Seat 2: joaovb2019 ($17.21 in chips) 
Seat 3: Chatjedi80 ($3.49 in chips) 
Seat 4: charlesws25 ($10.76 in chips) 
Seat 5: moe@home ($9.85 in chips) 
Seat 6: Mahu2021 ($10.51 in chips) 
joaovb2019: posts small blind $0.05
Chatjedi80: posts big blind $0.10
*** HOLE CARDS ***
Dealt to Mahu2021 [4d 8c]
charlesws25: folds 
moe@home: raises $0.20 to $0.30
Mahu2021: folds 
redmonkey98: raises $0.50 to $0.80
joaovb2019: folds 
Chatjedi80: folds 
moe@home: calls $0.50
*** FLOP *** [9c 7c 5h]
moe@home: checks 
redmonkey98: bets $0.53
moe@home: calls $0.53
*** TURN *** [9c 7c 5h] [Ks]
moe@home: checks 
redmonkey98: bets $1.39
moe@home: calls $1.39
*** RIVER *** [9c 7c 5h Ks] [3c]
moe@home: checks 
redmonkey98: checks 
*** SHOW DOWN ***
moe@home: shows [Js Jc] (a pair of Jacks)
redmonkey98: shows [Qh Kd] (a pair of Kings)
redmonkey98 collected $5.34 from pot
*** SUMMARY ***
Total pot $5.59 | Rake $0.25 
Board [9c 7c 5h Ks 3c]
Seat 1: redmonkey98 (button) showed [Qh Kd] and won ($5.34) with a pair of Kings
Seat 2: joaovb2019 (small blind) folded before Flop
Seat 3: Chatjedi80 (big blind) folded before Flop
Seat 4: charlesws25 folded before Flop (didn't bet)
Seat 5: moe@home showed [Js Jc] and lost with a pair of Jacks
Seat 6: Mahu2021 folded before Flop (didn't bet)



PokerStars Zoom Hand #253780721495:  Hold'em No Limit ($0.05/$0.10) - 2024/12/09 22:20:43 CET [2024/12/09 16:20:43 ET]
Table 'Aludra' 6-max Seat #1 is the button
Seat 1: blindprotector ($11.47 in chips) 
Seat 2: pro888888 ($20.27 in chips) 
Seat 3: KoachAA ($13.33 in chips) 
Seat 4: pikachu302 ($14.71 in chips) 
Seat 5: Mahu2021 ($10.51 in chips) 
Seat 6: miker1980 ($10.47 in chips) 
pro888888: posts small blind $0.05
KoachAA: posts big blind $0.10
*** HOLE CARDS ***
Dealt to Mahu2021 [5s 9c]
pikachu302: folds 
Mahu2021: folds 
miker1980: folds 
blindprotector: raises $0.15 to $0.25
pro888888: folds 
KoachAA: calls $0.15
*** FLOP *** [6c 7s 5d]
KoachAA: checks 
blindprotector: bets $0.27
KoachAA: raises $0.27 to $0.54
blindprotector: calls $0.27
*** TURN *** [6c 7s 5d] [Ts]
KoachAA: bets $0.78
blindprotector: folds 
Uncalled bet ($0.78) returned to KoachAA
KoachAA collected $1.56 from pot
KoachAA: doesn't show hand 
*** SUMMARY ***
Total pot $1.63 | Rake $0.07 
Board [6c 7s 5d Ts]
Seat 1: blindprotector (button) folded on the Turn
Seat 2: pro888888 (small blind) folded before Flop
Seat 3: KoachAA (big blind) collected ($1.56)
Seat 4: pikachu302 folded before Flop (didn't bet)
Seat 5: Mahu2021 folded before Flop (didn't bet)
Seat 6: miker1980 folded before Flop (didn't bet)



PokerStars Zoom Hand #253780727208:  Hold'em No Limit ($0.05/$0.10) - 2024/12/09 22:21:01 CET [2024/12/09 16:21:01 ET]
Table 'Aludra' 6-max Seat #1 is the button
Seat 1: pro888888 ($20.27 in chips) 
Seat 2: danyboy6969 ($20.55 in chips) 
Seat 3: Mu.Rothbard ($20.16 in chips) 
Seat 4: based-stylo ($21.57 in chips) 
Seat 5: Lolczyk92 ($10.48 in chips) 
Seat 6: Mahu2021 ($10.51 in chips) 
danyboy6969: posts small blind $0.05
Mu.Rothbard: posts big blind $0.10
*** HOLE CARDS ***
Dealt to Mahu2021 [Tc 2s]
based-stylo: raises $0.10 to $0.20
Lolczyk92: folds 
Mahu2021: folds 
pro888888: calls $0.20
danyboy6969: folds 
Mu.Rothbard: calls $0.10
*** FLOP *** [5d 5h 8c]
Mu.Rothbard: checks 
based-stylo: checks 
pro888888: bets $0.52
Mu.Rothbard: folds 
based-stylo: folds 
Uncalled bet ($0.52) returned to pro888888
pro888888 collected $0.62 from pot
pro888888: doesn't show hand 
*** SUMMARY ***
Total pot $0.65 | Rake $0.03 
Board [5d 5h 8c]
Seat 1: pro888888 (button) collected ($0.62)
Seat 2: danyboy6969 (small blind) folded before Flop
Seat 3: Mu.Rothbard (big blind) folded on the Flop
Seat 4: based-stylo folded on the Flop
Seat 5: Lolczyk92 folded before Flop (didn't bet)
Seat 6: Mahu2021 folded before Flop (didn't bet)



PokerStars Zoom Hand #253780723453:  Hold'em No Limit ($0.05/$0.10) - 2024/12/09 22:20:49 CET [2024/12/09 16:20:49 ET]
Table 'Aludra' 6-max Seat #1 is the button
Seat 1: Photogra308 ($11.02 in chips) 
Seat 2: BCWrangler ($8.78 in chips) 
Seat 3: Footraiser ($17.45 in chips) 
Seat 4: titus348 ($10.27 in chips) 
Seat 5: Mahu2021 ($10.46 in chips) 
Seat 6: hx32 ($10.53 in chips) 
BCWrangler: posts small blind $0.05
Footraiser: posts big blind $0.10
*** HOLE CARDS ***
Dealt to Mahu2021 [4d 8c]
titus348: folds 
Mahu2021: folds 
hx32: raises $0.10 to $0.20
Photogra308: folds 
BCWrangler: folds 
Footraiser: raises $0.70 to $0.90
hx32: calls $0.70
*** FLOP *** [Jc Js As]
Footraiser: checks 
hx32: checks 
*** TURN *** [Jc Js As] [9h]
Footraiser: bets $0.62
hx32: folds 
Uncalled bet ($0.62) returned to Footraiser
Footraiser collected $1.77 from pot
Footraiser: doesn't show hand 
*** SUMMARY ***
Total pot $1.85 | Rake $0.08 
Board [Jc Js As 9h]
Seat 1: Photogra308 (button) folded before Flop (didn't bet)
Seat 2: BCWrangler (small blind) folded before Flop
Seat 3: Footraiser (big blind) collected ($1.77)
Seat 4: titus348 folded before Flop (didn't bet)
Seat 5: Mahu2021 folded before Flop (didn't bet)
Seat 6: hx32 folded on the Turn



PokerStars Zoom Hand #253780730375:  Hold'em No Limit ($0.05/$0.10) - 2024/12/09 22:21:11 CET [2024/12/09 16:21:11 ET]
Table 'Aludra' 6-max Seat #1 is the button
Seat 1: Lolczyk92 ($10.74 in chips) 
Seat 2: ishivremaks ($13.03 in chips) 
Seat 3: ZookeeperBoy ($11.79 in chips) 
Seat 4: Tozsy17 ($11.99 in chips) 
Seat 5: Mahu2021 ($10.46 in chips) 
Seat 6: som1990 ($12.45 in chips) 
ishivremaks: posts small blind $0.05
ZookeeperBoy: posts big blind $0.10
*** HOLE CARDS ***
Dealt to Mahu2021 [Ad 4h]
Tozsy17: folds 
Mahu2021: folds 
som1990: raises $0.16 to $0.26
Lolczyk92: folds 
ishivremaks: folds 
ZookeeperBoy: calls $0.16
*** FLOP *** [9s 8h Jd]
ZookeeperBoy: checks 
som1990: bets $0.35
ZookeeperBoy: folds 
Uncalled bet ($0.35) returned to som1990
som1990 collected $0.54 from pot
som1990: doesn't show hand 
*** SUMMARY ***
Total pot $0.57 | Rake $0.03 
Board [9s 8h Jd]
Seat 1: Lolczyk92 (button) folded before Flop (didn't bet)
Seat 2: ishivremaks (small blind) folded before Flop
Seat 3: ZookeeperBoy (big blind) folded on the Flop
Seat 4: Tozsy17 folded before Flop (didn't bet)
Seat 5: Mahu2021 folded before Flop (didn't bet)
Seat 6: som1990 collected ($0.54)



PokerStars Zoom Hand #253780732959:  Hold'em No Limit ($0.05/$0.10) - 2024/12/09 22:21:20 CET [2024/12/09 16:21:20 ET]
Table 'Aludra' 6-max Seat #1 is the button
Seat 1: mitchy1777 ($10.09 in chips) 
Seat 2: Live4Life121 ($10.39 in chips) 
Seat 3: based-stylo ($12.52 in chips) 
Seat 4: Mahu2021 ($10.46 in chips) 
Seat 5: mKey_Qm ($11.79 in chips) 
Seat 6: KoachAA ($5.10 in chips) 
Live4Life121: posts small blind $0.05
based-stylo: posts big blind $0.10
*** HOLE CARDS ***
Dealt to Mahu2021 [4c 6c]
Mahu2021: folds 
mKey_Qm: folds 
KoachAA: folds 
mitchy1777: raises $0.14 to $0.24
Live4Life121: folds 
based-stylo: folds 
Uncalled bet ($0.14) returned to mitchy1777
mitchy1777 collected $0.25 from pot
mitchy1777: doesn't show hand 
*** SUMMARY ***
Total pot $0.25 | Rake $0 
Seat 1: mitchy1777 (button) collected ($0.25)
Seat 2: Live4Life121 (small blind) folded before Flop
Seat 3: based-stylo (big blind) folded before Flop
Seat 4: Mahu2021 folded before Flop (didn't bet)
Seat 5: mKey_Qm folded before Flop (didn't bet)
Seat 6: KoachAA folded before Flop (didn't bet)



PokerStars Zoom Hand #253780734002:  Hold'em No Limit ($0.05/$0.10) - 2024/12/09 22:21:23 CET [2024/12/09 16:21:23 ET]
Table 'Aludra' 6-max Seat #1 is the button
Seat 1: FILIP32 ($10.92 in chips) 
Seat 2: Mahu2021 ($10.46 in chips) 
Seat 3: charlesws25 ($22.13 in chips) 
Seat 4: mathiasfiske ($23.04 in chips) 
Seat 5: KoachAA ($14.05 in chips) 
Seat 6: Ruslan Pro13 ($9.65 in chips) 
Mahu2021: posts small blind $0.05
charlesws25: posts big blind $0.10
*** HOLE CARDS ***
Dealt to Mahu2021 [Ad Qc]
mathiasfiske: folds 
KoachAA: folds 
Ruslan Pro13: folds 
FILIP32: folds 
Mahu2021: raises $0.20 to $0.30
charlesws25: raises $0.60 to $0.90
Mahu2021: calls $0.60
*** FLOP *** [Kd Qs Qh]
Mahu2021: checks 
charlesws25: bets $0.72
Mahu2021: raises $0.72 to $1.44
charlesws25: calls $0.72
*** TURN *** [Kd Qs Qh] [7s]
Mahu2021: bets $8.12 and is all-in
charlesws25: calls $8.12
*** RIVER *** [Kd Qs Qh 7s] [8h]
*** SHOW DOWN ***
Mahu2021: shows [Ad Qc] (three of a kind, Queens)
charlesws25: shows [Qd Kh] (a full house, Queens full of Kings)
charlesws25 collected $19.98 from pot
*** SUMMARY ***
Total pot $20.92 | Rake $0.94 
Board [Kd Qs Qh 7s 8h]
Seat 1: FILIP32 (button) folded before Flop (didn't bet)
Seat 2: Mahu2021 (small blind) showed [Ad Qc] and lost with three of a kind, Queens
Seat 3: charlesws25 (big blind) showed [Qd Kh] and won ($19.98) with a full house, Queens full of Kings
Seat 4: mathiasfiske folded before Flop (didn't bet)
Seat 5: KoachAA folded before Flop (didn't bet)
Seat 6: Ruslan Pro13 folded before Flop (didn't bet)



PokerStars Zoom Hand #253780731570:  Hold'em No Limit ($0.05/$0.10) - 2024/12/09 22:21:15 CET [2024/12/09 16:21:15 ET]
Table 'Aludra' 6-max Seat #1 is the button
Seat 1: GregX22 ($3.95 in chips) 
Seat 2: Tozsy17 ($11.99 in chips) 
Seat 3: Al Fr€d 69 ($11.17 in chips) 
Seat 4: Lolczyk92 ($10.74 in chips) 
Seat 5: Don_Alberto2210 ($19.37 in chips) 
Seat 6: Mahu2021 ($10.46 in chips) 
Tozsy17: posts small blind $0.05
Al Fr€d 69: posts big blind $0.10
*** HOLE CARDS ***
Dealt to Mahu2021 [3d Qd]
Lolczyk92: folds 
Don_Alberto2210: calls $0.10
Mahu2021: folds 
GregX22: folds 
Tozsy17: calls $0.05
Al Fr€d 69: raises $0.30 to $0.40
Don_Alberto2210: calls $0.30
Tozsy17: folds 
*** FLOP *** [Js 5d 7s]
Al Fr€d 69: bets $0.43
Don_Alberto2210: calls $0.43
*** TURN *** [Js 5d 7s] [4d]
Al Fr€d 69: bets $0.84
Don_Alberto2210: calls $0.84
*** RIVER *** [Js 5d 7s 4d] [6s]
Al Fr€d 69: bets $1.65
Don_Alberto2210: raises $6.59 to $8.24
Al Fr€d 69: folds 
Uncalled bet ($6.59) returned to Don_Alberto2210
Don_Alberto2210 collected $6.36 from pot
Don_Alberto2210: doesn't show hand 
*** SUMMARY ***
Total pot $6.74 | Rake $0.38 
Board [Js 5d 7s 4d 6s]
Seat 1: GregX22 (button) folded before Flop (didn't bet)
Seat 2: Tozsy17 (small blind) folded before Flop
Seat 3: Al Fr€d 69 (big blind) folded on the River
Seat 4: Lolczyk92 folded before Flop (didn't bet)
Seat 5: Don_Alberto2210 collected ($6.36)
Seat 6: Mahu2021 folded before Flop (didn't bet)



