PokerStars Hand #253082630065: Tournament #3816027982, $1.84+$0.16 USD Hold'em No Limit - Level I (10/20) - 2024/10/24 20:05:40 CET [2024/10/24 14:05:40 ET]
Table '3816027982 1' 3-max Seat #1 is the button
Seat 1: Mahu2021 (500 in chips) 
Seat 2: karmastro (500 in chips) 
Seat 3: OMARO977 (500 in chips) 
karmastro: posts small blind 10
OMARO977: posts big blind 20
*** HOLE CARDS ***
Dealt to Mahu2021 [2c Kc]
Mahu2021: raises 20 to 40
karmastro: folds 
OMARO977: calls 20
*** FLOP *** [8h Js Kd]
OMARO977: checks 
Mahu2021: bets 40
OMARO977: calls 40
*** TURN *** [8h Js Kd] [5d]
OMARO977: checks 
Mahu2021: bets 40
OMARO977: calls 40
*** RIVER *** [8h Js Kd 5d] [7s]
OMARO977: checks 
Mahu2021: checks 
*** SHOW DOWN ***
OMARO977: shows [9h 8c] (a pair of Eights)
Mahu2021: shows [2c Kc] (a pair of Kings)
Mahu2021 collected 250 from pot
*** SUMMARY ***
Total pot 250 | Rake 0 
Board [8h Js Kd 5d 7s]
Seat 1: Mahu2021 (button) showed [2c Kc] and won (250) with a pair of Kings
Seat 2: karmastro (small blind) folded before Flop
Seat 3: OMARO977 (big blind) showed [9h 8c] and lost with a pair of Eights



PokerStars Hand #253082644374: Tournament #3816027982, $1.84+$0.16 USD Hold'em No Limit - Level I (10/20) - 2024/10/24 20:06:34 CET [2024/10/24 14:06:34 ET]
Table '3816027982 1' 3-max Seat #2 is the button
Seat 1: Mahu2021 (630 in chips) 
Seat 2: karmastro (490 in chips) 
Seat 3: OMARO977 (380 in chips) 
OMARO977: posts small blind 10
Mahu2021: posts big blind 20
*** HOLE CARDS ***
Dealt to Mahu2021 [7s As]
karmastro: raises 20 to 40
OMARO977: calls 30
Mahu2021: calls 20
*** FLOP *** [5d 5s 4d]
OMARO977: checks 
Mahu2021: checks 
karmastro: bets 80
OMARO977: calls 80
Mahu2021: folds 
*** TURN *** [5d 5s 4d] [Ad]
OMARO977: checks 
karmastro: checks 
*** RIVER *** [5d 5s 4d Ad] [3d]
OMARO977: bets 260 and is all-in
karmastro: folds 
Uncalled bet (260) returned to OMARO977
OMARO977 collected 280 from pot
OMARO977: doesn't show hand 
*** SUMMARY ***
Total pot 280 | Rake 0 
Board [5d 5s 4d Ad 3d]
Seat 1: Mahu2021 (big blind) folded on the Flop
Seat 2: karmastro (button) folded on the River
Seat 3: OMARO977 (small blind) collected (280)



PokerStars Hand #253082652467: Tournament #3816027982, $1.84+$0.16 USD Hold'em No Limit - Level I (10/20) - 2024/10/24 20:07:05 CET [2024/10/24 14:07:05 ET]
Table '3816027982 1' 3-max Seat #3 is the button
Seat 1: Mahu2021 (590 in chips) 
Seat 2: karmastro (370 in chips) 
Seat 3: OMARO977 (540 in chips) 
Mahu2021: posts small blind 10
karmastro: posts big blind 20
*** HOLE CARDS ***
Dealt to Mahu2021 [9d Qd]
OMARO977: folds 
Mahu2021: raises 20 to 40
karmastro: raises 20 to 60
Mahu2021: calls 20
*** FLOP *** [7d Qh 8h]
Mahu2021: checks 
karmastro: checks 
*** TURN *** [7d Qh 8h] [3s]
Mahu2021: checks 
karmastro: checks 
*** RIVER *** [7d Qh 8h 3s] [2c]
Mahu2021: bets 40
karmastro: folds 
Uncalled bet (40) returned to Mahu2021
Mahu2021 collected 120 from pot
Mahu2021: doesn't show hand 
*** SUMMARY ***
Total pot 120 | Rake 0 
Board [7d Qh 8h 3s 2c]
Seat 1: Mahu2021 (small blind) collected (120)
Seat 2: karmastro (big blind) folded on the River
Seat 3: OMARO977 (button) folded before Flop (didn't bet)



PokerStars Hand #253082657721: Tournament #3816027982, $1.84+$0.16 USD Hold'em No Limit - Level I (10/20) - 2024/10/24 20:07:25 CET [2024/10/24 14:07:25 ET]
Table '3816027982 1' 3-max Seat #1 is the button
Seat 1: Mahu2021 (650 in chips) 
Seat 2: karmastro (310 in chips) 
Seat 3: OMARO977 (540 in chips) 
karmastro: posts small blind 10
OMARO977: posts big blind 20
*** HOLE CARDS ***
Dealt to Mahu2021 [7s Js]
Mahu2021: raises 20 to 40
karmastro: calls 30
OMARO977: folds 
*** FLOP *** [8d 9s 4s]
karmastro: checks 
Mahu2021: bets 40
karmastro: raises 180 to 220
Mahu2021: calls 180
*** TURN *** [8d 9s 4s] [5s]
karmastro: bets 50 and is all-in
Mahu2021: calls 50
*** RIVER *** [8d 9s 4s 5s] [Td]
*** SHOW DOWN ***
karmastro: shows [6h 6d] (a pair of Sixes)
Mahu2021: shows [7s Js] (a flush, Jack high)
Mahu2021 collected 640 from pot
karmastro finished the tournament in 3rd place
*** SUMMARY ***
Total pot 640 | Rake 0 
Board [8d 9s 4s 5s Td]
Seat 1: Mahu2021 (button) showed [7s Js] and won (640) with a flush, Jack high
Seat 2: karmastro (small blind) showed [6h 6d] and lost with a pair of Sixes
Seat 3: OMARO977 (big blind) folded before Flop



PokerStars Hand #253082664461: Tournament #3816027982, $1.84+$0.16 USD Hold'em No Limit - Level II (15/30) - 2024/10/24 20:07:51 CET [2024/10/24 14:07:51 ET]
Table '3816027982 1' 3-max Seat #3 is the button
Seat 1: Mahu2021 (980 in chips) 
Seat 3: OMARO977 (520 in chips) 
OMARO977: posts small blind 15
Mahu2021: posts big blind 30
*** HOLE CARDS ***
Dealt to Mahu2021 [5d Jc]
OMARO977: raises 30 to 60
Mahu2021: calls 30
*** FLOP *** [Kh 8h 4d]
Mahu2021: checks 
OMARO977: bets 41
Mahu2021: folds 
Uncalled bet (41) returned to OMARO977
OMARO977 collected 120 from pot
OMARO977: doesn't show hand 
*** SUMMARY ***
Total pot 120 | Rake 0 
Board [Kh 8h 4d]
Seat 1: Mahu2021 (big blind) folded on the Flop
Seat 3: OMARO977 (button) (small blind) collected (120)



PokerStars Hand #253082668911: Tournament #3816027982, $1.84+$0.16 USD Hold'em No Limit - Level II (15/30) - 2024/10/24 20:08:07 CET [2024/10/24 14:08:07 ET]
Table '3816027982 1' 3-max Seat #1 is the button
Seat 1: Mahu2021 (920 in chips) 
Seat 3: OMARO977 (580 in chips) 
Mahu2021: posts small blind 15
OMARO977: posts big blind 30
*** HOLE CARDS ***
Dealt to Mahu2021 [Ah Kh]
Mahu2021: raises 30 to 60
OMARO977: folds 
Uncalled bet (30) returned to Mahu2021
Mahu2021 collected 60 from pot
Mahu2021: doesn't show hand 
*** SUMMARY ***
Total pot 60 | Rake 0 
Seat 1: Mahu2021 (button) (small blind) collected (60)
Seat 3: OMARO977 (big blind) folded before Flop



PokerStars Hand #253082671343: Tournament #3816027982, $1.84+$0.16 USD Hold'em No Limit - Level II (15/30) - 2024/10/24 20:08:17 CET [2024/10/24 14:08:17 ET]
Table '3816027982 1' 3-max Seat #3 is the button
Seat 1: Mahu2021 (950 in chips) 
Seat 3: OMARO977 (550 in chips) 
OMARO977: posts small blind 15
Mahu2021: posts big blind 30
*** HOLE CARDS ***
Dealt to Mahu2021 [Tc 6s]
OMARO977: calls 15
Mahu2021: checks 
*** FLOP *** [Kh Qs Ah]
Mahu2021: checks 
OMARO977: bets 30
Mahu2021: folds 
Uncalled bet (30) returned to OMARO977
OMARO977 collected 60 from pot
OMARO977: doesn't show hand 
*** SUMMARY ***
Total pot 60 | Rake 0 
Board [Kh Qs Ah]
Seat 1: Mahu2021 (big blind) folded on the Flop
Seat 3: OMARO977 (button) (small blind) collected (60)



PokerStars Hand #253082678352: Tournament #3816027982, $1.84+$0.16 USD Hold'em No Limit - Level II (15/30) - 2024/10/24 20:08:43 CET [2024/10/24 14:08:43 ET]
Table '3816027982 1' 3-max Seat #1 is the button
Seat 1: Mahu2021 (920 in chips) 
Seat 3: OMARO977 (580 in chips) 
Mahu2021: posts small blind 15
OMARO977: posts big blind 30
*** HOLE CARDS ***
Dealt to Mahu2021 [2d 6h]
Mahu2021: folds 
Uncalled bet (15) returned to OMARO977
OMARO977 collected 30 from pot
OMARO977: doesn't show hand 
*** SUMMARY ***
Total pot 30 | Rake 0 
Seat 1: Mahu2021 (button) (small blind) folded before Flop
Seat 3: OMARO977 (big blind) collected (30)



PokerStars Hand #253082679461: Tournament #3816027982, $1.84+$0.16 USD Hold'em No Limit - Level II (15/30) - 2024/10/24 20:08:47 CET [2024/10/24 14:08:47 ET]
Table '3816027982 1' 3-max Seat #3 is the button
Seat 1: Mahu2021 (905 in chips) 
Seat 3: OMARO977 (595 in chips) 
OMARO977: posts small blind 15
Mahu2021: posts big blind 30
*** HOLE CARDS ***
Dealt to Mahu2021 [2d Kd]
OMARO977: raises 30 to 60
Mahu2021: calls 30
*** FLOP *** [5h Jd Qs]
Mahu2021: checks 
OMARO977: bets 41
Mahu2021: folds 
Uncalled bet (41) returned to OMARO977
OMARO977 collected 120 from pot
OMARO977: doesn't show hand 
*** SUMMARY ***
Total pot 120 | Rake 0 
Board [5h Jd Qs]
Seat 1: Mahu2021 (big blind) folded on the Flop
Seat 3: OMARO977 (button) (small blind) collected (120)



PokerStars Hand #253082683271: Tournament #3816027982, $1.84+$0.16 USD Hold'em No Limit - Level II (15/30) - 2024/10/24 20:09:02 CET [2024/10/24 14:09:02 ET]
Table '3816027982 1' 3-max Seat #1 is the button
Seat 1: Mahu2021 (845 in chips) 
Seat 3: OMARO977 (655 in chips) 
Mahu2021: posts small blind 15
OMARO977: posts big blind 30
*** HOLE CARDS ***
Dealt to Mahu2021 [3d Kh]
Mahu2021: raises 30 to 60
OMARO977: folds 
Uncalled bet (30) returned to Mahu2021
Mahu2021 collected 60 from pot
Mahu2021: doesn't show hand 
*** SUMMARY ***
Total pot 60 | Rake 0 
Seat 1: Mahu2021 (button) (small blind) collected (60)
Seat 3: OMARO977 (big blind) folded before Flop



PokerStars Hand #253082685151: Tournament #3816027982, $1.84+$0.16 USD Hold'em No Limit - Level II (15/30) - 2024/10/24 20:09:09 CET [2024/10/24 14:09:09 ET]
Table '3816027982 1' 3-max Seat #3 is the button
Seat 1: Mahu2021 (875 in chips) 
Seat 3: OMARO977 (625 in chips) 
OMARO977: posts small blind 15
Mahu2021: posts big blind 30
*** HOLE CARDS ***
Dealt to Mahu2021 [3c Td]
OMARO977: calls 15
Mahu2021: checks 
*** FLOP *** [Ks 5d 9h]
Mahu2021: checks 
OMARO977: bets 30
Mahu2021: folds 
Uncalled bet (30) returned to OMARO977
OMARO977 collected 60 from pot
OMARO977: doesn't show hand 
*** SUMMARY ***
Total pot 60 | Rake 0 
Board [Ks 5d 9h]
Seat 1: Mahu2021 (big blind) folded on the Flop
Seat 3: OMARO977 (button) (small blind) collected (60)



PokerStars Hand #253082689597: Tournament #3816027982, $1.84+$0.16 USD Hold'em No Limit - Level II (15/30) - 2024/10/24 20:09:26 CET [2024/10/24 14:09:26 ET]
Table '3816027982 1' 3-max Seat #1 is the button
Seat 1: Mahu2021 (845 in chips) 
Seat 3: OMARO977 (655 in chips) 
Mahu2021: posts small blind 15
OMARO977: posts big blind 30
*** HOLE CARDS ***
Dealt to Mahu2021 [4s Qc]
Mahu2021: raises 30 to 60
OMARO977: folds 
Uncalled bet (30) returned to Mahu2021
Mahu2021 collected 60 from pot
Mahu2021: doesn't show hand 
*** SUMMARY ***
Total pot 60 | Rake 0 
Seat 1: Mahu2021 (button) (small blind) collected (60)
Seat 3: OMARO977 (big blind) folded before Flop



PokerStars Hand #253082691392: Tournament #3816027982, $1.84+$0.16 USD Hold'em No Limit - Level II (15/30) - 2024/10/24 20:09:33 CET [2024/10/24 14:09:33 ET]
Table '3816027982 1' 3-max Seat #3 is the button
Seat 1: Mahu2021 (875 in chips) 
Seat 3: OMARO977 (625 in chips) 
OMARO977: posts small blind 15
Mahu2021: posts big blind 30
*** HOLE CARDS ***
Dealt to Mahu2021 [5c Jd]
OMARO977: raises 30 to 60
Mahu2021: calls 30
*** FLOP *** [9h 4d 5s]
Mahu2021: checks 
OMARO977: bets 41
Mahu2021: raises 79 to 120
OMARO977: folds 
Uncalled bet (79) returned to Mahu2021
Mahu2021 collected 202 from pot
Mahu2021: doesn't show hand 
*** SUMMARY ***
Total pot 202 | Rake 0 
Board [9h 4d 5s]
Seat 1: Mahu2021 (big blind) collected (202)
Seat 3: OMARO977 (button) (small blind) folded on the Flop



PokerStars Hand #253082698451: Tournament #3816027982, $1.84+$0.16 USD Hold'em No Limit - Level III (20/40) - 2024/10/24 20:09:59 CET [2024/10/24 14:09:59 ET]
Table '3816027982 1' 3-max Seat #1 is the button
Seat 1: Mahu2021 (976 in chips) 
Seat 3: OMARO977 (524 in chips) 
Mahu2021: posts small blind 20
OMARO977: posts big blind 40
*** HOLE CARDS ***
Dealt to Mahu2021 [Ts 8h]
Mahu2021: raises 40 to 80
OMARO977: raises 444 to 524 and is all-in
Mahu2021: folds 
Uncalled bet (444) returned to OMARO977
OMARO977 collected 160 from pot
OMARO977: doesn't show hand 
*** SUMMARY ***
Total pot 160 | Rake 0 
Seat 1: Mahu2021 (button) (small blind) folded before Flop
Seat 3: OMARO977 (big blind) collected (160)



PokerStars Hand #253082701813: Tournament #3816027982, $1.84+$0.16 USD Hold'em No Limit - Level III (20/40) - 2024/10/24 20:10:12 CET [2024/10/24 14:10:12 ET]
Table '3816027982 1' 3-max Seat #3 is the button
Seat 1: Mahu2021 (896 in chips) 
Seat 3: OMARO977 (604 in chips) 
OMARO977: posts small blind 20
Mahu2021: posts big blind 40
*** HOLE CARDS ***
Dealt to Mahu2021 [Ad Qd]
OMARO977: raises 40 to 80
Mahu2021: raises 816 to 896 and is all-in
OMARO977: folds 
Uncalled bet (816) returned to Mahu2021
Mahu2021 collected 160 from pot
Mahu2021: doesn't show hand 
*** SUMMARY ***
Total pot 160 | Rake 0 
Seat 1: Mahu2021 (big blind) collected (160)
Seat 3: OMARO977 (button) (small blind) folded before Flop



PokerStars Hand #253082705939: Tournament #3816027982, $1.84+$0.16 USD Hold'em No Limit - Level III (20/40) - 2024/10/24 20:10:28 CET [2024/10/24 14:10:28 ET]
Table '3816027982 1' 3-max Seat #1 is the button
Seat 1: Mahu2021 (976 in chips) 
Seat 3: OMARO977 (524 in chips) 
Mahu2021: posts small blind 20
OMARO977: posts big blind 40
*** HOLE CARDS ***
Dealt to Mahu2021 [5s 2c]
Mahu2021: folds 
Uncalled bet (20) returned to OMARO977
OMARO977 collected 40 from pot
OMARO977: doesn't show hand 
*** SUMMARY ***
Total pot 40 | Rake 0 
Seat 1: Mahu2021 (button) (small blind) folded before Flop
Seat 3: OMARO977 (big blind) collected (40)



PokerStars Hand #253082707069: Tournament #3816027982, $1.84+$0.16 USD Hold'em No Limit - Level III (20/40) - 2024/10/24 20:10:32 CET [2024/10/24 14:10:32 ET]
Table '3816027982 1' 3-max Seat #3 is the button
Seat 1: Mahu2021 (956 in chips) 
Seat 3: OMARO977 (544 in chips) 
OMARO977: posts small blind 20
Mahu2021: posts big blind 40
*** HOLE CARDS ***
Dealt to Mahu2021 [2s 8c]
OMARO977: calls 20
Mahu2021: checks 
*** FLOP *** [6h 2d 2c]
Mahu2021: checks 
OMARO977: bets 40
Mahu2021: calls 40
*** TURN *** [6h 2d 2c] [9d]
Mahu2021: checks 
OMARO977: checks 
*** RIVER *** [6h 2d 2c 9d] [Jh]
Mahu2021: bets 40
OMARO977: folds 
Uncalled bet (40) returned to Mahu2021
Mahu2021 collected 160 from pot
Mahu2021: doesn't show hand 
*** SUMMARY ***
Total pot 160 | Rake 0 
Board [6h 2d 2c 9d Jh]
Seat 1: Mahu2021 (big blind) collected (160)
Seat 3: OMARO977 (button) (small blind) folded on the River



PokerStars Hand #253082717144: Tournament #3816027982, $1.84+$0.16 USD Hold'em No Limit - Level III (20/40) - 2024/10/24 20:11:10 CET [2024/10/24 14:11:10 ET]
Table '3816027982 1' 3-max Seat #1 is the button
Seat 1: Mahu2021 (1036 in chips) 
Seat 3: OMARO977 (464 in chips) 
Mahu2021: posts small blind 20
OMARO977: posts big blind 40
*** HOLE CARDS ***
Dealt to Mahu2021 [As 4c]
Mahu2021: raises 996 to 1036 and is all-in
OMARO977: folds 
Uncalled bet (996) returned to Mahu2021
Mahu2021 collected 80 from pot
Mahu2021: doesn't show hand 
*** SUMMARY ***
Total pot 80 | Rake 0 
Seat 1: Mahu2021 (button) (small blind) collected (80)
Seat 3: OMARO977 (big blind) folded before Flop



PokerStars Hand #253082719117: Tournament #3816027982, $1.84+$0.16 USD Hold'em No Limit - Level III (20/40) - 2024/10/24 20:11:18 CET [2024/10/24 14:11:18 ET]
Table '3816027982 1' 3-max Seat #3 is the button
Seat 1: Mahu2021 (1076 in chips) 
Seat 3: OMARO977 (424 in chips) 
OMARO977: posts small blind 20
Mahu2021: posts big blind 40
*** HOLE CARDS ***
Dealt to Mahu2021 [2c 9h]
OMARO977: calls 20
Mahu2021: checks 
*** FLOP *** [8d 3d 7s]
Mahu2021: checks 
OMARO977: bets 40
Mahu2021: folds 
Uncalled bet (40) returned to OMARO977
OMARO977 collected 80 from pot
OMARO977: doesn't show hand 
*** SUMMARY ***
Total pot 80 | Rake 0 
Board [8d 3d 7s]
Seat 1: Mahu2021 (big blind) folded on the Flop
Seat 3: OMARO977 (button) (small blind) collected (80)



PokerStars Hand #253082724184: Tournament #3816027982, $1.84+$0.16 USD Hold'em No Limit - Level III (20/40) - 2024/10/24 20:11:37 CET [2024/10/24 14:11:37 ET]
Table '3816027982 1' 3-max Seat #1 is the button
Seat 1: Mahu2021 (1036 in chips) 
Seat 3: OMARO977 (464 in chips) 
Mahu2021: posts small blind 20
OMARO977: posts big blind 40
*** HOLE CARDS ***
Dealt to Mahu2021 [As Jh]
Mahu2021: raises 40 to 80
OMARO977: folds 
Uncalled bet (40) returned to Mahu2021
Mahu2021 collected 80 from pot
Mahu2021: doesn't show hand 
*** SUMMARY ***
Total pot 80 | Rake 0 
Seat 1: Mahu2021 (button) (small blind) collected (80)
Seat 3: OMARO977 (big blind) folded before Flop



PokerStars Hand #253082727553: Tournament #3816027982, $1.84+$0.16 USD Hold'em No Limit - Level IV (30/60) - 2024/10/24 20:11:49 CET [2024/10/24 14:11:49 ET]
Table '3816027982 1' 3-max Seat #3 is the button
Seat 1: Mahu2021 (1076 in chips) 
Seat 3: OMARO977 (424 in chips) 
OMARO977: posts small blind 30
Mahu2021: posts big blind 60
*** HOLE CARDS ***
Dealt to Mahu2021 [Qc 9c]
OMARO977: folds 
Uncalled bet (30) returned to Mahu2021
Mahu2021 collected 60 from pot
Mahu2021: doesn't show hand 
*** SUMMARY ***
Total pot 60 | Rake 0 
Seat 1: Mahu2021 (big blind) collected (60)
Seat 3: OMARO977 (button) (small blind) folded before Flop



PokerStars Hand #253082729138: Tournament #3816027982, $1.84+$0.16 USD Hold'em No Limit - Level IV (30/60) - 2024/10/24 20:11:55 CET [2024/10/24 14:11:55 ET]
Table '3816027982 1' 3-max Seat #1 is the button
Seat 1: Mahu2021 (1106 in chips) 
Seat 3: OMARO977 (394 in chips) 
Mahu2021: posts small blind 30
OMARO977: posts big blind 60
*** HOLE CARDS ***
Dealt to Mahu2021 [5c 8d]
Mahu2021: raises 60 to 120
OMARO977: folds 
Uncalled bet (60) returned to Mahu2021
Mahu2021 collected 120 from pot
Mahu2021: doesn't show hand 
*** SUMMARY ***
Total pot 120 | Rake 0 
Seat 1: Mahu2021 (button) (small blind) collected (120)
Seat 3: OMARO977 (big blind) folded before Flop



PokerStars Hand #253082730937: Tournament #3816027982, $1.84+$0.16 USD Hold'em No Limit - Level IV (30/60) - 2024/10/24 20:12:02 CET [2024/10/24 14:12:02 ET]
Table '3816027982 1' 3-max Seat #3 is the button
Seat 1: Mahu2021 (1166 in chips) 
Seat 3: OMARO977 (334 in chips) 
OMARO977: posts small blind 30
Mahu2021: posts big blind 60
*** HOLE CARDS ***
Dealt to Mahu2021 [3h Kd]
OMARO977: raises 274 to 334 and is all-in
Mahu2021: folds 
Uncalled bet (274) returned to OMARO977
OMARO977 collected 120 from pot
OMARO977: doesn't show hand 
*** SUMMARY ***
Total pot 120 | Rake 0 
Seat 1: Mahu2021 (big blind) folded before Flop
Seat 3: OMARO977 (button) (small blind) collected (120)



PokerStars Hand #253082735882: Tournament #3816027982, $1.84+$0.16 USD Hold'em No Limit - Level IV (30/60) - 2024/10/24 20:12:20 CET [2024/10/24 14:12:20 ET]
Table '3816027982 1' 3-max Seat #1 is the button
Seat 1: Mahu2021 (1106 in chips) 
Seat 3: OMARO977 (394 in chips) 
Mahu2021: posts small blind 30
OMARO977: posts big blind 60
*** HOLE CARDS ***
Dealt to Mahu2021 [5d Ah]
Mahu2021: raises 1046 to 1106 and is all-in
OMARO977: folds 
Uncalled bet (1046) returned to Mahu2021
Mahu2021 collected 120 from pot
Mahu2021: doesn't show hand 
*** SUMMARY ***
Total pot 120 | Rake 0 
Seat 1: Mahu2021 (button) (small blind) collected (120)
Seat 3: OMARO977 (big blind) folded before Flop



PokerStars Hand #253082738060: Tournament #3816027982, $1.84+$0.16 USD Hold'em No Limit - Level IV (30/60) - 2024/10/24 20:12:29 CET [2024/10/24 14:12:29 ET]
Table '3816027982 1' 3-max Seat #3 is the button
Seat 1: Mahu2021 (1166 in chips) 
Seat 3: OMARO977 (334 in chips) 
OMARO977: posts small blind 30
Mahu2021: posts big blind 60
*** HOLE CARDS ***
Dealt to Mahu2021 [7d Kc]
OMARO977: raises 274 to 334 and is all-in
Mahu2021: calls 274
*** FLOP *** [Ad Kd 9h]
*** TURN *** [Ad Kd 9h] [Tc]
*** RIVER *** [Ad Kd 9h Tc] [Qd]
*** SHOW DOWN ***
Mahu2021: shows [7d Kc] (a pair of Kings)
OMARO977: shows [7s Qs] (a pair of Queens)
Mahu2021 collected 668 from pot
OMARO977 finished the tournament in 2nd place
Mahu2021 wins the tournament and receives $4.00 - congratulations!
*** SUMMARY ***
Total pot 668 | Rake 0 
Board [Ad Kd 9h Tc Qd]
Seat 1: Mahu2021 (big blind) showed [7d Kc] and won (668) with a pair of Kings
Seat 3: OMARO977 (button) (small blind) showed [7s Qs] and lost with a pair of Queens



