PokerStars Hand #247789488722: Tournament #3689567003, $1.84+$0.16 USD Hold'em No Limit - Level I (10/20) - 2023/12/21 20:34:01 CET [2023/12/21 14:34:01 ET]
Table '3689567003 1' 3-max Seat #1 is the button
Seat 1: Mahu2021 (500 in chips) 
Seat 2: B@nd!to2020 (500 in chips) 
Seat 3: iLuZiioNz (500 in chips) 
B@nd!to2020: posts small blind 10
iLuZiioNz: posts big blind 20
*** HOLE CARDS ***
Dealt to Mahu2021 [4s 6s]
Mahu2021: calls 20
B@nd!to2020: raises 80 to 100
iLuZiioNz: folds 
Mahu2021: folds 
Uncalled bet (80) returned to B@nd!to2020
B@nd!to2020 collected 60 from pot
*** SUMMARY ***
Total pot 60 | Rake 0 
Seat 1: Mahu2021 (button) folded before Flop
Seat 2: B@nd!to2020 (small blind) collected (60)
Seat 3: iLuZiioNz (big blind) folded before Flop



PokerStars Hand #247789493345: Tournament #3689567003, $1.84+$0.16 USD Hold'em No Limit - Level I (10/20) - 2023/12/21 20:34:15 CET [2023/12/21 14:34:15 ET]
Table '3689567003 1' 3-max Seat #2 is the button
Seat 1: Mahu2021 (480 in chips) 
Seat 2: B@nd!to2020 (540 in chips) 
Seat 3: iLuZiioNz (480 in chips) 
iLuZiioNz: posts small blind 10
Mahu2021: posts big blind 20
*** HOLE CARDS ***
Dealt to Mahu2021 [9h Ac]
B@nd!to2020: raises 60 to 80
iLuZiioNz: folds 
Mahu2021: folds 
Uncalled bet (60) returned to B@nd!to2020
B@nd!to2020 collected 50 from pot
*** SUMMARY ***
Total pot 50 | Rake 0 
Seat 1: Mahu2021 (big blind) folded before Flop
Seat 2: B@nd!to2020 (button) collected (50)
Seat 3: iLuZiioNz (small blind) folded before Flop



PokerStars Hand #247789496316: Tournament #3689567003, $1.84+$0.16 USD Hold'em No Limit - Level I (10/20) - 2023/12/21 20:34:24 CET [2023/12/21 14:34:24 ET]
Table '3689567003 1' 3-max Seat #3 is the button
Seat 1: Mahu2021 (460 in chips) 
Seat 2: B@nd!to2020 (570 in chips) 
Seat 3: iLuZiioNz (470 in chips) 
Mahu2021: posts small blind 10
B@nd!to2020: posts big blind 20
*** HOLE CARDS ***
Dealt to Mahu2021 [Ac 6c]
iLuZiioNz: raises 20 to 40
Mahu2021: calls 30
B@nd!to2020: calls 20
*** FLOP *** [4h 9c Ah]
Mahu2021: checks 
B@nd!to2020: checks 
iLuZiioNz: bets 36
Mahu2021: calls 36
B@nd!to2020: folds 
*** TURN *** [4h 9c Ah] [5d]
Mahu2021: checks 
iLuZiioNz: checks 
*** RIVER *** [4h 9c Ah 5d] [9d]
Mahu2021: checks 
iLuZiioNz: checks 
*** SHOW DOWN ***
Mahu2021: shows [Ac 6c] (two pair, Aces and Nines)
iLuZiioNz: mucks hand 
Mahu2021 collected 192 from pot
*** SUMMARY ***
Total pot 192 | Rake 0 
Board [4h 9c Ah 5d 9d]
Seat 1: Mahu2021 (small blind) showed [Ac 6c] and won (192) with two pair, Aces and Nines
Seat 2: B@nd!to2020 (big blind) folded on the Flop
Seat 3: iLuZiioNz (button) mucked [Jd Qs]



PokerStars Hand #247789507726: Tournament #3689567003, $1.84+$0.16 USD Hold'em No Limit - Level I (10/20) - 2023/12/21 20:35:00 CET [2023/12/21 14:35:00 ET]
Table '3689567003 1' 3-max Seat #1 is the button
Seat 1: Mahu2021 (576 in chips) 
Seat 2: B@nd!to2020 (530 in chips) 
Seat 3: iLuZiioNz (394 in chips) 
B@nd!to2020: posts small blind 10
iLuZiioNz: posts big blind 20
*** HOLE CARDS ***
Dealt to Mahu2021 [4c 5h]
Mahu2021: folds 
B@nd!to2020: calls 10
iLuZiioNz: checks 
*** FLOP *** [2d 7s 9h]
B@nd!to2020: checks 
iLuZiioNz: bets 20
B@nd!to2020: calls 20
*** TURN *** [2d 7s 9h] [6d]
B@nd!to2020: checks 
iLuZiioNz: bets 60
B@nd!to2020: calls 60
*** RIVER *** [2d 7s 9h 6d] [Ad]
B@nd!to2020: checks 
iLuZiioNz: checks 
*** SHOW DOWN ***
B@nd!to2020: shows [Td Js] (high card Ace)
iLuZiioNz: shows [8c 9c] (a pair of Nines)
iLuZiioNz collected 200 from pot
*** SUMMARY ***
Total pot 200 | Rake 0 
Board [2d 7s 9h 6d Ad]
Seat 1: Mahu2021 (button) folded before Flop (didn't bet)
Seat 2: B@nd!to2020 (small blind) showed [Td Js] and lost with high card Ace
Seat 3: iLuZiioNz (big blind) showed [8c 9c] and won (200) with a pair of Nines



PokerStars Hand #247789518120: Tournament #3689567003, $1.84+$0.16 USD Hold'em No Limit - Level I (10/20) - 2023/12/21 20:35:31 CET [2023/12/21 14:35:31 ET]
Table '3689567003 1' 3-max Seat #2 is the button
Seat 1: Mahu2021 (576 in chips) 
Seat 2: B@nd!to2020 (430 in chips) 
Seat 3: iLuZiioNz (494 in chips) 
iLuZiioNz: posts small blind 10
Mahu2021: posts big blind 20
*** HOLE CARDS ***
Dealt to Mahu2021 [3c Kd]
B@nd!to2020: calls 20
iLuZiioNz: raises 474 to 494 and is all-in
Mahu2021: folds 
B@nd!to2020: calls 410 and is all-in
Uncalled bet (64) returned to iLuZiioNz
*** FLOP *** [7d 4s 4d]
*** TURN *** [7d 4s 4d] [6s]
*** RIVER *** [7d 4s 4d 6s] [4c]
*** SHOW DOWN ***
iLuZiioNz: shows [Kh Qh] (three of a kind, Fours)
B@nd!to2020: shows [Ks Ts] (three of a kind, Fours - lower kicker)
iLuZiioNz collected 880 from pot
B@nd!to2020 finished the tournament in 3rd place
*** SUMMARY ***
Total pot 880 | Rake 0 
Board [7d 4s 4d 6s 4c]
Seat 1: Mahu2021 (big blind) folded before Flop
Seat 2: B@nd!to2020 (button) showed [Ks Ts] and lost with three of a kind, Fours
Seat 3: iLuZiioNz (small blind) showed [Kh Qh] and won (880) with three of a kind, Fours



PokerStars Hand #247789525117: Tournament #3689567003, $1.84+$0.16 USD Hold'em No Limit - Level I (10/20) - 2023/12/21 20:35:52 CET [2023/12/21 14:35:52 ET]
Table '3689567003 1' 3-max Seat #1 is the button
Seat 1: Mahu2021 (556 in chips) 
Seat 3: iLuZiioNz (944 in chips) 
Mahu2021: posts small blind 10
iLuZiioNz: posts big blind 20
*** HOLE CARDS ***
Dealt to Mahu2021 [Ks 4s]
Mahu2021: calls 10
iLuZiioNz: checks 
*** FLOP *** [3s Qh Ad]
iLuZiioNz: checks 
Mahu2021: checks 
*** TURN *** [3s Qh Ad] [Kh]
iLuZiioNz: bets 20
Mahu2021: calls 20
*** RIVER *** [3s Qh Ad Kh] [7s]
iLuZiioNz: checks 
Mahu2021: checks 
*** SHOW DOWN ***
iLuZiioNz: shows [7d 2h] (a pair of Sevens)
Mahu2021: shows [Ks 4s] (a pair of Kings)
Mahu2021 collected 80 from pot
*** SUMMARY ***
Total pot 80 | Rake 0 
Board [3s Qh Ad Kh 7s]
Seat 1: Mahu2021 (button) (small blind) showed [Ks 4s] and won (80) with a pair of Kings
Seat 3: iLuZiioNz (big blind) showed [7d 2h] and lost with a pair of Sevens



PokerStars Hand #247789531430: Tournament #3689567003, $1.84+$0.16 USD Hold'em No Limit - Level II (15/30) - 2023/12/21 20:36:12 CET [2023/12/21 14:36:12 ET]
Table '3689567003 1' 3-max Seat #3 is the button
Seat 1: Mahu2021 (596 in chips) 
Seat 3: iLuZiioNz (904 in chips) 
iLuZiioNz: posts small blind 15
Mahu2021: posts big blind 30
*** HOLE CARDS ***
Dealt to Mahu2021 [3d 7h]
iLuZiioNz: raises 30 to 60
Mahu2021: folds 
Uncalled bet (30) returned to iLuZiioNz
iLuZiioNz collected 60 from pot
iLuZiioNz: doesn't show hand 
*** SUMMARY ***
Total pot 60 | Rake 0 
Seat 1: Mahu2021 (big blind) folded before Flop
Seat 3: iLuZiioNz (button) (small blind) collected (60)



PokerStars Hand #247789533470: Tournament #3689567003, $1.84+$0.16 USD Hold'em No Limit - Level II (15/30) - 2023/12/21 20:36:18 CET [2023/12/21 14:36:18 ET]
Table '3689567003 1' 3-max Seat #1 is the button
Seat 1: Mahu2021 (566 in chips) 
Seat 3: iLuZiioNz (934 in chips) 
Mahu2021: posts small blind 15
iLuZiioNz: posts big blind 30
*** HOLE CARDS ***
Dealt to Mahu2021 [7d Td]
Mahu2021: calls 15
iLuZiioNz: raises 904 to 934 and is all-in
Mahu2021: folds 
Uncalled bet (904) returned to iLuZiioNz
iLuZiioNz collected 60 from pot
iLuZiioNz: doesn't show hand 
*** SUMMARY ***
Total pot 60 | Rake 0 
Seat 1: Mahu2021 (button) (small blind) folded before Flop
Seat 3: iLuZiioNz (big blind) collected (60)



PokerStars Hand #247789536144: Tournament #3689567003, $1.84+$0.16 USD Hold'em No Limit - Level II (15/30) - 2023/12/21 20:36:26 CET [2023/12/21 14:36:26 ET]
Table '3689567003 1' 3-max Seat #3 is the button
Seat 1: Mahu2021 (536 in chips) 
Seat 3: iLuZiioNz (964 in chips) 
iLuZiioNz: posts small blind 15
Mahu2021: posts big blind 30
*** HOLE CARDS ***
Dealt to Mahu2021 [2c 3s]
iLuZiioNz: raises 30 to 60
Mahu2021: folds 
Uncalled bet (30) returned to iLuZiioNz
iLuZiioNz collected 60 from pot
iLuZiioNz: doesn't show hand 
*** SUMMARY ***
Total pot 60 | Rake 0 
Seat 1: Mahu2021 (big blind) folded before Flop
Seat 3: iLuZiioNz (button) (small blind) collected (60)



PokerStars Hand #247789538506: Tournament #3689567003, $1.84+$0.16 USD Hold'em No Limit - Level II (15/30) - 2023/12/21 20:36:34 CET [2023/12/21 14:36:34 ET]
Table '3689567003 1' 3-max Seat #1 is the button
Seat 1: Mahu2021 (506 in chips) 
Seat 3: iLuZiioNz (994 in chips) 
Mahu2021: posts small blind 15
iLuZiioNz: posts big blind 30
*** HOLE CARDS ***
Dealt to Mahu2021 [7c 8s]
Mahu2021: calls 15
iLuZiioNz: checks 
*** FLOP *** [3c 8c Ks]
iLuZiioNz: checks 
Mahu2021: bets 30
iLuZiioNz: folds 
Uncalled bet (30) returned to Mahu2021
Mahu2021 collected 60 from pot
Mahu2021: doesn't show hand 
*** SUMMARY ***
Total pot 60 | Rake 0 
Board [3c 8c Ks]
Seat 1: Mahu2021 (button) (small blind) collected (60)
Seat 3: iLuZiioNz (big blind) folded on the Flop



PokerStars Hand #247789542964: Tournament #3689567003, $1.84+$0.16 USD Hold'em No Limit - Level II (15/30) - 2023/12/21 20:36:47 CET [2023/12/21 14:36:47 ET]
Table '3689567003 1' 3-max Seat #3 is the button
Seat 1: Mahu2021 (536 in chips) 
Seat 3: iLuZiioNz (964 in chips) 
iLuZiioNz: posts small blind 15
Mahu2021: posts big blind 30
*** HOLE CARDS ***
Dealt to Mahu2021 [Td 3d]
iLuZiioNz: raises 30 to 60
Mahu2021: calls 30
*** FLOP *** [7c 3c 3h]
Mahu2021: checks 
iLuZiioNz: bets 36
Mahu2021: calls 36
*** TURN *** [7c 3c 3h] [2h]
Mahu2021: checks 
iLuZiioNz: checks 
*** RIVER *** [7c 3c 3h 2h] [6c]
Mahu2021: bets 192
iLuZiioNz: folds 
Uncalled bet (192) returned to Mahu2021
Mahu2021 collected 192 from pot
Mahu2021: doesn't show hand 
*** SUMMARY ***
Total pot 192 | Rake 0 
Board [7c 3c 3h 2h 6c]
Seat 1: Mahu2021 (big blind) collected (192)
Seat 3: iLuZiioNz (button) (small blind) folded on the River



PokerStars Hand #247789550137: Tournament #3689567003, $1.84+$0.16 USD Hold'em No Limit - Level II (15/30) - 2023/12/21 20:37:09 CET [2023/12/21 14:37:09 ET]
Table '3689567003 1' 3-max Seat #1 is the button
Seat 1: Mahu2021 (632 in chips) 
Seat 3: iLuZiioNz (868 in chips) 
Mahu2021: posts small blind 15
iLuZiioNz: posts big blind 30
*** HOLE CARDS ***
Dealt to Mahu2021 [2c Th]
Mahu2021: folds 
Uncalled bet (15) returned to iLuZiioNz
iLuZiioNz collected 30 from pot
iLuZiioNz: doesn't show hand 
*** SUMMARY ***
Total pot 30 | Rake 0 
Seat 1: Mahu2021 (button) (small blind) folded before Flop
Seat 3: iLuZiioNz (big blind) collected (30)



PokerStars Hand #247789551609: Tournament #3689567003, $1.84+$0.16 USD Hold'em No Limit - Level II (15/30) - 2023/12/21 20:37:13 CET [2023/12/21 14:37:13 ET]
Table '3689567003 1' 3-max Seat #3 is the button
Seat 1: Mahu2021 (617 in chips) 
Seat 3: iLuZiioNz (883 in chips) 
iLuZiioNz: posts small blind 15
Mahu2021: posts big blind 30
*** HOLE CARDS ***
Dealt to Mahu2021 [4c Js]
iLuZiioNz: raises 30 to 60
Mahu2021: calls 30
*** FLOP *** [2h Qd As]
Mahu2021: checks 
iLuZiioNz: bets 30
Mahu2021: folds 
Uncalled bet (30) returned to iLuZiioNz
iLuZiioNz collected 120 from pot
iLuZiioNz: doesn't show hand 
*** SUMMARY ***
Total pot 120 | Rake 0 
Board [2h Qd As]
Seat 1: Mahu2021 (big blind) folded on the Flop
Seat 3: iLuZiioNz (button) (small blind) collected (120)



PokerStars Hand #247789555781: Tournament #3689567003, $1.84+$0.16 USD Hold'em No Limit - Level II (15/30) - 2023/12/21 20:37:26 CET [2023/12/21 14:37:26 ET]
Table '3689567003 1' 3-max Seat #1 is the button
Seat 1: Mahu2021 (557 in chips) 
Seat 3: iLuZiioNz (943 in chips) 
Mahu2021: posts small blind 15
iLuZiioNz: posts big blind 30
*** HOLE CARDS ***
Dealt to Mahu2021 [5d 2h]
Mahu2021: folds 
Uncalled bet (15) returned to iLuZiioNz
iLuZiioNz collected 30 from pot
iLuZiioNz: doesn't show hand 
*** SUMMARY ***
Total pot 30 | Rake 0 
Seat 1: Mahu2021 (button) (small blind) folded before Flop
Seat 3: iLuZiioNz (big blind) collected (30)



PokerStars Hand #247789557248: Tournament #3689567003, $1.84+$0.16 USD Hold'em No Limit - Level II (15/30) - 2023/12/21 20:37:31 CET [2023/12/21 14:37:31 ET]
Table '3689567003 1' 3-max Seat #3 is the button
Seat 1: Mahu2021 (542 in chips) 
Seat 3: iLuZiioNz (958 in chips) 
iLuZiioNz: posts small blind 15
Mahu2021: posts big blind 30
*** HOLE CARDS ***
Dealt to Mahu2021 [6d 3s]
iLuZiioNz: raises 30 to 60
Mahu2021: folds 
Uncalled bet (30) returned to iLuZiioNz
iLuZiioNz collected 60 from pot
iLuZiioNz: doesn't show hand 
*** SUMMARY ***
Total pot 60 | Rake 0 
Seat 1: Mahu2021 (big blind) folded before Flop
Seat 3: iLuZiioNz (button) (small blind) collected (60)



PokerStars Hand #247789559617: Tournament #3689567003, $1.84+$0.16 USD Hold'em No Limit - Level II (15/30) - 2023/12/21 20:37:38 CET [2023/12/21 14:37:38 ET]
Table '3689567003 1' 3-max Seat #1 is the button
Seat 1: Mahu2021 (512 in chips) 
Seat 3: iLuZiioNz (988 in chips) 
Mahu2021: posts small blind 15
iLuZiioNz: posts big blind 30
*** HOLE CARDS ***
Dealt to Mahu2021 [5d Ks]
Mahu2021: folds 
Uncalled bet (15) returned to iLuZiioNz
iLuZiioNz collected 30 from pot
iLuZiioNz: doesn't show hand 
*** SUMMARY ***
Total pot 30 | Rake 0 
Seat 1: Mahu2021 (button) (small blind) folded before Flop
Seat 3: iLuZiioNz (big blind) collected (30)



PokerStars Hand #247789561068: Tournament #3689567003, $1.84+$0.16 USD Hold'em No Limit - Level II (15/30) - 2023/12/21 20:37:42 CET [2023/12/21 14:37:42 ET]
Table '3689567003 1' 3-max Seat #3 is the button
Seat 1: Mahu2021 (497 in chips) 
Seat 3: iLuZiioNz (1003 in chips) 
iLuZiioNz: posts small blind 15
Mahu2021: posts big blind 30
*** HOLE CARDS ***
Dealt to Mahu2021 [Qc 3h]
iLuZiioNz: raises 973 to 1003 and is all-in
Mahu2021: folds 
Uncalled bet (973) returned to iLuZiioNz
iLuZiioNz collected 60 from pot
iLuZiioNz: doesn't show hand 
*** SUMMARY ***
Total pot 60 | Rake 0 
Seat 1: Mahu2021 (big blind) folded before Flop
Seat 3: iLuZiioNz (button) (small blind) collected (60)



PokerStars Hand #247789563632: Tournament #3689567003, $1.84+$0.16 USD Hold'em No Limit - Level II (15/30) - 2023/12/21 20:37:50 CET [2023/12/21 14:37:50 ET]
Table '3689567003 1' 3-max Seat #1 is the button
Seat 1: Mahu2021 (467 in chips) 
Seat 3: iLuZiioNz (1033 in chips) 
Mahu2021: posts small blind 15
iLuZiioNz: posts big blind 30
*** HOLE CARDS ***
Dealt to Mahu2021 [9h Jh]
Mahu2021: raises 30 to 60
iLuZiioNz: calls 30
*** FLOP *** [2h 4c Kh]
iLuZiioNz: checks 
Mahu2021: bets 120
iLuZiioNz: folds 
Uncalled bet (120) returned to Mahu2021
Mahu2021 collected 120 from pot
Mahu2021: doesn't show hand 
*** SUMMARY ***
Total pot 120 | Rake 0 
Board [2h 4c Kh]
Seat 1: Mahu2021 (button) (small blind) collected (120)
Seat 3: iLuZiioNz (big blind) folded on the Flop



PokerStars Hand #247789569193: Tournament #3689567003, $1.84+$0.16 USD Hold'em No Limit - Level III (20/40) - 2023/12/21 20:38:07 CET [2023/12/21 14:38:07 ET]
Table '3689567003 1' 3-max Seat #3 is the button
Seat 1: Mahu2021 (527 in chips) 
Seat 3: iLuZiioNz (973 in chips) 
iLuZiioNz: posts small blind 20
Mahu2021: posts big blind 40
*** HOLE CARDS ***
Dealt to Mahu2021 [Qs 9s]
iLuZiioNz: folds 
Uncalled bet (20) returned to Mahu2021
Mahu2021 collected 40 from pot
Mahu2021: doesn't show hand 
*** SUMMARY ***
Total pot 40 | Rake 0 
Seat 1: Mahu2021 (big blind) collected (40)
Seat 3: iLuZiioNz (button) (small blind) folded before Flop



PokerStars Hand #247789571619: Tournament #3689567003, $1.84+$0.16 USD Hold'em No Limit - Level III (20/40) - 2023/12/21 20:38:14 CET [2023/12/21 14:38:14 ET]
Table '3689567003 1' 3-max Seat #1 is the button
Seat 1: Mahu2021 (547 in chips) 
Seat 3: iLuZiioNz (953 in chips) 
Mahu2021: posts small blind 20
iLuZiioNz: posts big blind 40
*** HOLE CARDS ***
Dealt to Mahu2021 [7c Kc]
Mahu2021: raises 40 to 80
iLuZiioNz: calls 40
*** FLOP *** [8d 5h Td]
iLuZiioNz: checks 
Mahu2021: checks 
*** TURN *** [8d 5h Td] [8s]
iLuZiioNz: bets 40
Mahu2021: calls 40
*** RIVER *** [8d 5h Td 8s] [Tc]
iLuZiioNz: checks 
Mahu2021: bets 427 and is all-in
iLuZiioNz: folds 
Uncalled bet (427) returned to Mahu2021
Mahu2021 collected 240 from pot
Mahu2021: doesn't show hand 
*** SUMMARY ***
Total pot 240 | Rake 0 
Board [8d 5h Td 8s Tc]
Seat 1: Mahu2021 (button) (small blind) collected (240)
Seat 3: iLuZiioNz (big blind) folded on the River



PokerStars Hand #247789579040: Tournament #3689567003, $1.84+$0.16 USD Hold'em No Limit - Level III (20/40) - 2023/12/21 20:38:37 CET [2023/12/21 14:38:37 ET]
Table '3689567003 1' 3-max Seat #3 is the button
Seat 1: Mahu2021 (667 in chips) 
Seat 3: iLuZiioNz (833 in chips) 
iLuZiioNz: posts small blind 20
Mahu2021: posts big blind 40
*** HOLE CARDS ***
Dealt to Mahu2021 [Jc 3h]
iLuZiioNz: raises 40 to 80
Mahu2021: folds 
Uncalled bet (40) returned to iLuZiioNz
iLuZiioNz collected 80 from pot
iLuZiioNz: doesn't show hand 
*** SUMMARY ***
Total pot 80 | Rake 0 
Seat 1: Mahu2021 (big blind) folded before Flop
Seat 3: iLuZiioNz (button) (small blind) collected (80)



PokerStars Hand #247789581025: Tournament #3689567003, $1.84+$0.16 USD Hold'em No Limit - Level III (20/40) - 2023/12/21 20:38:43 CET [2023/12/21 14:38:43 ET]
Table '3689567003 1' 3-max Seat #1 is the button
Seat 1: Mahu2021 (627 in chips) 
Seat 3: iLuZiioNz (873 in chips) 
Mahu2021: posts small blind 20
iLuZiioNz: posts big blind 40
*** HOLE CARDS ***
Dealt to Mahu2021 [Js 8c]
Mahu2021: calls 20
iLuZiioNz: checks 
*** FLOP *** [2c Ks 5d]
iLuZiioNz: checks 
Mahu2021: checks 
*** TURN *** [2c Ks 5d] [5c]
iLuZiioNz: bets 40
Mahu2021: folds 
Uncalled bet (40) returned to iLuZiioNz
iLuZiioNz collected 80 from pot
iLuZiioNz: doesn't show hand 
*** SUMMARY ***
Total pot 80 | Rake 0 
Board [2c Ks 5d 5c]
Seat 1: Mahu2021 (button) (small blind) folded on the Turn
Seat 3: iLuZiioNz (big blind) collected (80)



PokerStars Hand #247789585412: Tournament #3689567003, $1.84+$0.16 USD Hold'em No Limit - Level III (20/40) - 2023/12/21 20:38:56 CET [2023/12/21 14:38:56 ET]
Table '3689567003 1' 3-max Seat #3 is the button
Seat 1: Mahu2021 (587 in chips) 
Seat 3: iLuZiioNz (913 in chips) 
iLuZiioNz: posts small blind 20
Mahu2021: posts big blind 40
*** HOLE CARDS ***
Dealt to Mahu2021 [5s 3c]
iLuZiioNz: folds 
Uncalled bet (20) returned to Mahu2021
Mahu2021 collected 40 from pot
Mahu2021: doesn't show hand 
*** SUMMARY ***
Total pot 40 | Rake 0 
Seat 1: Mahu2021 (big blind) collected (40)
Seat 3: iLuZiioNz (button) (small blind) folded before Flop



PokerStars Hand #247789587203: Tournament #3689567003, $1.84+$0.16 USD Hold'em No Limit - Level III (20/40) - 2023/12/21 20:39:02 CET [2023/12/21 14:39:02 ET]
Table '3689567003 1' 3-max Seat #1 is the button
Seat 1: Mahu2021 (607 in chips) 
Seat 3: iLuZiioNz (893 in chips) 
Mahu2021: posts small blind 20
iLuZiioNz: posts big blind 40
*** HOLE CARDS ***
Dealt to Mahu2021 [Ks 9c]
Mahu2021: raises 40 to 80
iLuZiioNz: calls 40
*** FLOP *** [As 6c Kh]
iLuZiioNz: checks 
Mahu2021: bets 160
iLuZiioNz: folds 
Uncalled bet (160) returned to Mahu2021
Mahu2021 collected 160 from pot
Mahu2021: doesn't show hand 
*** SUMMARY ***
Total pot 160 | Rake 0 
Board [As 6c Kh]
Seat 1: Mahu2021 (button) (small blind) collected (160)
Seat 3: iLuZiioNz (big blind) folded on the Flop



PokerStars Hand #247789592062: Tournament #3689567003, $1.84+$0.16 USD Hold'em No Limit - Level III (20/40) - 2023/12/21 20:39:17 CET [2023/12/21 14:39:17 ET]
Table '3689567003 1' 3-max Seat #3 is the button
Seat 1: Mahu2021 (687 in chips) 
Seat 3: iLuZiioNz (813 in chips) 
iLuZiioNz: posts small blind 20
Mahu2021: posts big blind 40
*** HOLE CARDS ***
Dealt to Mahu2021 [4c 8c]
iLuZiioNz: raises 40 to 80
Mahu2021: calls 40
*** FLOP *** [9d Td 3d]
Mahu2021: checks 
iLuZiioNz: bets 40
Mahu2021: folds 
Uncalled bet (40) returned to iLuZiioNz
iLuZiioNz collected 160 from pot
iLuZiioNz: doesn't show hand 
*** SUMMARY ***
Total pot 160 | Rake 0 
Board [9d Td 3d]
Seat 1: Mahu2021 (big blind) folded on the Flop
Seat 3: iLuZiioNz (button) (small blind) collected (160)



PokerStars Hand #247789597185: Tournament #3689567003, $1.84+$0.16 USD Hold'em No Limit - Level III (20/40) - 2023/12/21 20:39:32 CET [2023/12/21 14:39:32 ET]
Table '3689567003 1' 3-max Seat #1 is the button
Seat 1: Mahu2021 (607 in chips) 
Seat 3: iLuZiioNz (893 in chips) 
Mahu2021: posts small blind 20
iLuZiioNz: posts big blind 40
*** HOLE CARDS ***
Dealt to Mahu2021 [3s 8h]
Mahu2021: folds 
Uncalled bet (20) returned to iLuZiioNz
iLuZiioNz collected 40 from pot
iLuZiioNz: doesn't show hand 
*** SUMMARY ***
Total pot 40 | Rake 0 
Seat 1: Mahu2021 (button) (small blind) folded before Flop
Seat 3: iLuZiioNz (big blind) collected (40)



PokerStars Hand #247789598499: Tournament #3689567003, $1.84+$0.16 USD Hold'em No Limit - Level III (20/40) - 2023/12/21 20:39:36 CET [2023/12/21 14:39:36 ET]
Table '3689567003 1' 3-max Seat #3 is the button
Seat 1: Mahu2021 (587 in chips) 
Seat 3: iLuZiioNz (913 in chips) 
iLuZiioNz: posts small blind 20
Mahu2021: posts big blind 40
*** HOLE CARDS ***
Dealt to Mahu2021 [Kh 5c]
iLuZiioNz: raises 40 to 80
Mahu2021: folds 
Uncalled bet (40) returned to iLuZiioNz
iLuZiioNz collected 80 from pot
iLuZiioNz: doesn't show hand 
*** SUMMARY ***
Total pot 80 | Rake 0 
Seat 1: Mahu2021 (big blind) folded before Flop
Seat 3: iLuZiioNz (button) (small blind) collected (80)



PokerStars Hand #247789601398: Tournament #3689567003, $1.84+$0.16 USD Hold'em No Limit - Level III (20/40) - 2023/12/21 20:39:45 CET [2023/12/21 14:39:45 ET]
Table '3689567003 1' 3-max Seat #1 is the button
Seat 1: Mahu2021 (547 in chips) 
Seat 3: iLuZiioNz (953 in chips) 
Mahu2021: posts small blind 20
iLuZiioNz: posts big blind 40
*** HOLE CARDS ***
Dealt to Mahu2021 [Jd 9c]
Mahu2021: calls 20
iLuZiioNz: checks 
*** FLOP *** [9s Th 9h]
iLuZiioNz: checks 
Mahu2021: checks 
*** TURN *** [9s Th 9h] [4d]
iLuZiioNz: checks 
Mahu2021: checks 
*** RIVER *** [9s Th 9h 4d] [Kh]
iLuZiioNz: checks 
Mahu2021: bets 507 and is all-in
iLuZiioNz: folds 
Uncalled bet (507) returned to Mahu2021
Mahu2021 collected 80 from pot
Mahu2021: doesn't show hand 
*** SUMMARY ***
Total pot 80 | Rake 0 
Board [9s Th 9h 4d Kh]
Seat 1: Mahu2021 (button) (small blind) collected (80)
Seat 3: iLuZiioNz (big blind) folded on the River



PokerStars Hand #247789612523: Tournament #3689567003, $1.84+$0.16 USD Hold'em No Limit - Level IV (30/60) - 2023/12/21 20:40:19 CET [2023/12/21 14:40:19 ET]
Table '3689567003 1' 3-max Seat #3 is the button
Seat 1: Mahu2021 (587 in chips) 
Seat 3: iLuZiioNz (913 in chips) 
iLuZiioNz: posts small blind 30
Mahu2021: posts big blind 60
*** HOLE CARDS ***
Dealt to Mahu2021 [6d 7c]
iLuZiioNz: raises 60 to 120
Mahu2021: calls 60
*** FLOP *** [Jh 6c Th]
Mahu2021: bets 467 and is all-in
iLuZiioNz: folds 
Uncalled bet (467) returned to Mahu2021
Mahu2021 collected 240 from pot
Mahu2021: doesn't show hand 
*** SUMMARY ***
Total pot 240 | Rake 0 
Board [Jh 6c Th]
Seat 1: Mahu2021 (big blind) collected (240)
Seat 3: iLuZiioNz (button) (small blind) folded on the Flop



PokerStars Hand #247789616677: Tournament #3689567003, $1.84+$0.16 USD Hold'em No Limit - Level IV (30/60) - 2023/12/21 20:40:32 CET [2023/12/21 14:40:32 ET]
Table '3689567003 1' 3-max Seat #1 is the button
Seat 1: Mahu2021 (707 in chips) 
Seat 3: iLuZiioNz (793 in chips) 
Mahu2021: posts small blind 30
iLuZiioNz: posts big blind 60
*** HOLE CARDS ***
Dealt to Mahu2021 [5s 2d]
Mahu2021: folds 
Uncalled bet (30) returned to iLuZiioNz
iLuZiioNz collected 60 from pot
iLuZiioNz: doesn't show hand 
*** SUMMARY ***
Total pot 60 | Rake 0 
Seat 1: Mahu2021 (button) (small blind) folded before Flop
Seat 3: iLuZiioNz (big blind) collected (60)



PokerStars Hand #247789618118: Tournament #3689567003, $1.84+$0.16 USD Hold'em No Limit - Level IV (30/60) - 2023/12/21 20:40:37 CET [2023/12/21 14:40:37 ET]
Table '3689567003 1' 3-max Seat #3 is the button
Seat 1: Mahu2021 (677 in chips) 
Seat 3: iLuZiioNz (823 in chips) 
iLuZiioNz: posts small blind 30
Mahu2021: posts big blind 60
*** HOLE CARDS ***
Dealt to Mahu2021 [5s Kc]
iLuZiioNz: raises 60 to 120
Mahu2021: calls 60
*** FLOP *** [7s 7d Tc]
Mahu2021: checks 
iLuZiioNz: checks 
*** TURN *** [7s 7d Tc] [8h]
Mahu2021: checks 
iLuZiioNz: bets 180
Mahu2021: folds 
Uncalled bet (180) returned to iLuZiioNz
iLuZiioNz collected 240 from pot
iLuZiioNz: doesn't show hand 
*** SUMMARY ***
Total pot 240 | Rake 0 
Board [7s 7d Tc 8h]
Seat 1: Mahu2021 (big blind) folded on the Turn
Seat 3: iLuZiioNz (button) (small blind) collected (240)



PokerStars Hand #247789624659: Tournament #3689567003, $1.84+$0.16 USD Hold'em No Limit - Level IV (30/60) - 2023/12/21 20:40:57 CET [2023/12/21 14:40:57 ET]
Table '3689567003 1' 3-max Seat #1 is the button
Seat 1: Mahu2021 (557 in chips) 
Seat 3: iLuZiioNz (943 in chips) 
Mahu2021: posts small blind 30
iLuZiioNz: posts big blind 60
*** HOLE CARDS ***
Dealt to Mahu2021 [Ah 9s]
Mahu2021: raises 60 to 120
iLuZiioNz: calls 60
*** FLOP *** [4s As 7s]
iLuZiioNz: checks 
Mahu2021: bets 240
iLuZiioNz: raises 300 to 540
Mahu2021: calls 197 and is all-in
Uncalled bet (103) returned to iLuZiioNz
*** TURN *** [4s As 7s] [7h]
*** RIVER *** [4s As 7s 7h] [7d]
*** SHOW DOWN ***
iLuZiioNz: shows [4h Ks] (a full house, Sevens full of Fours)
Mahu2021: shows [Ah 9s] (a full house, Sevens full of Aces)
Mahu2021 collected 1114 from pot
*** SUMMARY ***
Total pot 1114 | Rake 0 
Board [4s As 7s 7h 7d]
Seat 1: Mahu2021 (button) (small blind) showed [Ah 9s] and won (1114) with a full house, Sevens full of Aces
Seat 3: iLuZiioNz (big blind) showed [4h Ks] and lost with a full house, Sevens full of Fours



PokerStars Hand #247789631514: Tournament #3689567003, $1.84+$0.16 USD Hold'em No Limit - Level IV (30/60) - 2023/12/21 20:41:18 CET [2023/12/21 14:41:18 ET]
Table '3689567003 1' 3-max Seat #3 is the button
Seat 1: Mahu2021 (1114 in chips) 
Seat 3: iLuZiioNz (386 in chips) 
iLuZiioNz: posts small blind 30
Mahu2021: posts big blind 60
*** HOLE CARDS ***
Dealt to Mahu2021 [7s Tc]
iLuZiioNz: raises 326 to 386 and is all-in
Mahu2021: folds 
Uncalled bet (326) returned to iLuZiioNz
iLuZiioNz collected 120 from pot
iLuZiioNz: doesn't show hand 
*** SUMMARY ***
Total pot 120 | Rake 0 
Seat 1: Mahu2021 (big blind) folded before Flop
Seat 3: iLuZiioNz (button) (small blind) collected (120)



PokerStars Hand #247789633415: Tournament #3689567003, $1.84+$0.16 USD Hold'em No Limit - Level IV (30/60) - 2023/12/21 20:41:24 CET [2023/12/21 14:41:24 ET]
Table '3689567003 1' 3-max Seat #1 is the button
Seat 1: Mahu2021 (1054 in chips) 
Seat 3: iLuZiioNz (446 in chips) 
Mahu2021: posts small blind 30
iLuZiioNz: posts big blind 60
*** HOLE CARDS ***
Dealt to Mahu2021 [Qs 5d]
Mahu2021: calls 30
iLuZiioNz: checks 
*** FLOP *** [5h 4h As]
iLuZiioNz: checks 
Mahu2021: bets 60
iLuZiioNz: folds 
Uncalled bet (60) returned to Mahu2021
Mahu2021 collected 120 from pot
Mahu2021: doesn't show hand 
*** SUMMARY ***
Total pot 120 | Rake 0 
Board [5h 4h As]
Seat 1: Mahu2021 (button) (small blind) collected (120)
Seat 3: iLuZiioNz (big blind) folded on the Flop



PokerStars Hand #247789637280: Tournament #3689567003, $1.84+$0.16 USD Hold'em No Limit - Level IV (30/60) - 2023/12/21 20:41:36 CET [2023/12/21 14:41:36 ET]
Table '3689567003 1' 3-max Seat #3 is the button
Seat 1: Mahu2021 (1114 in chips) 
Seat 3: iLuZiioNz (386 in chips) 
iLuZiioNz: posts small blind 30
Mahu2021: posts big blind 60
*** HOLE CARDS ***
Dealt to Mahu2021 [8h 6d]
iLuZiioNz: calls 30
Mahu2021: checks 
*** FLOP *** [Tc Kc 9h]
Mahu2021: checks 
iLuZiioNz: bets 60
Mahu2021: folds 
Uncalled bet (60) returned to iLuZiioNz
iLuZiioNz collected 120 from pot
iLuZiioNz: doesn't show hand 
*** SUMMARY ***
Total pot 120 | Rake 0 
Board [Tc Kc 9h]
Seat 1: Mahu2021 (big blind) folded on the Flop
Seat 3: iLuZiioNz (button) (small blind) collected (120)



PokerStars Hand #247789642063: Tournament #3689567003, $1.84+$0.16 USD Hold'em No Limit - Level IV (30/60) - 2023/12/21 20:41:50 CET [2023/12/21 14:41:50 ET]
Table '3689567003 1' 3-max Seat #1 is the button
Seat 1: Mahu2021 (1054 in chips) 
Seat 3: iLuZiioNz (446 in chips) 
Mahu2021: posts small blind 30
iLuZiioNz: posts big blind 60
*** HOLE CARDS ***
Dealt to Mahu2021 [Qh Ks]
Mahu2021: raises 60 to 120
iLuZiioNz: calls 60
*** FLOP *** [8s 5s 2c]
iLuZiioNz: checks 
Mahu2021: bets 934 and is all-in
iLuZiioNz: folds 
Uncalled bet (934) returned to Mahu2021
Mahu2021 collected 240 from pot
Mahu2021: doesn't show hand 
*** SUMMARY ***
Total pot 240 | Rake 0 
Board [8s 5s 2c]
Seat 1: Mahu2021 (button) (small blind) collected (240)
Seat 3: iLuZiioNz (big blind) folded on the Flop



PokerStars Hand #247789648448: Tournament #3689567003, $1.84+$0.16 USD Hold'em No Limit - Level V (40/80) - 2023/12/21 20:42:10 CET [2023/12/21 14:42:10 ET]
Table '3689567003 1' 3-max Seat #3 is the button
Seat 1: Mahu2021 (1174 in chips) 
Seat 3: iLuZiioNz (326 in chips) 
iLuZiioNz: posts small blind 40
Mahu2021: posts big blind 80
*** HOLE CARDS ***
Dealt to Mahu2021 [5h 8s]
iLuZiioNz: raises 246 to 326 and is all-in
Mahu2021: folds 
Uncalled bet (246) returned to iLuZiioNz
iLuZiioNz collected 160 from pot
iLuZiioNz: doesn't show hand 
*** SUMMARY ***
Total pot 160 | Rake 0 
Seat 1: Mahu2021 (big blind) folded before Flop
Seat 3: iLuZiioNz (button) (small blind) collected (160)



PokerStars Hand #247789650726: Tournament #3689567003, $1.84+$0.16 USD Hold'em No Limit - Level V (40/80) - 2023/12/21 20:42:17 CET [2023/12/21 14:42:17 ET]
Table '3689567003 1' 3-max Seat #1 is the button
Seat 1: Mahu2021 (1094 in chips) 
Seat 3: iLuZiioNz (406 in chips) 
Mahu2021: posts small blind 40
iLuZiioNz: posts big blind 80
*** HOLE CARDS ***
Dealt to Mahu2021 [As Qd]
Mahu2021: calls 40
iLuZiioNz: checks 
*** FLOP *** [8d 5s 2c]
iLuZiioNz: checks 
Mahu2021: checks 
*** TURN *** [8d 5s 2c] [Ah]
iLuZiioNz: checks 
Mahu2021: checks 
*** RIVER *** [8d 5s 2c Ah] [Th]
iLuZiioNz: checks 
Mahu2021: bets 80
iLuZiioNz: folds 
Uncalled bet (80) returned to Mahu2021
Mahu2021 collected 160 from pot
Mahu2021: doesn't show hand 
*** SUMMARY ***
Total pot 160 | Rake 0 
Board [8d 5s 2c Ah Th]
Seat 1: Mahu2021 (button) (small blind) collected (160)
Seat 3: iLuZiioNz (big blind) folded on the River



PokerStars Hand #247789658290: Tournament #3689567003, $1.84+$0.16 USD Hold'em No Limit - Level V (40/80) - 2023/12/21 20:42:40 CET [2023/12/21 14:42:40 ET]
Table '3689567003 1' 3-max Seat #3 is the button
Seat 1: Mahu2021 (1174 in chips) 
Seat 3: iLuZiioNz (326 in chips) 
iLuZiioNz: posts small blind 40
Mahu2021: posts big blind 80
*** HOLE CARDS ***
Dealt to Mahu2021 [3c Ts]
iLuZiioNz: raises 246 to 326 and is all-in
Mahu2021: folds 
Uncalled bet (246) returned to iLuZiioNz
iLuZiioNz collected 160 from pot
iLuZiioNz: doesn't show hand 
*** SUMMARY ***
Total pot 160 | Rake 0 
Seat 1: Mahu2021 (big blind) folded before Flop
Seat 3: iLuZiioNz (button) (small blind) collected (160)



PokerStars Hand #247789660491: Tournament #3689567003, $1.84+$0.16 USD Hold'em No Limit - Level V (40/80) - 2023/12/21 20:42:47 CET [2023/12/21 14:42:47 ET]
Table '3689567003 1' 3-max Seat #1 is the button
Seat 1: Mahu2021 (1094 in chips) 
Seat 3: iLuZiioNz (406 in chips) 
Mahu2021: posts small blind 40
iLuZiioNz: posts big blind 80
*** HOLE CARDS ***
Dealt to Mahu2021 [2d 7h]
Mahu2021: folds 
Uncalled bet (40) returned to iLuZiioNz
iLuZiioNz collected 80 from pot
iLuZiioNz: doesn't show hand 
*** SUMMARY ***
Total pot 80 | Rake 0 
Seat 1: Mahu2021 (button) (small blind) folded before Flop
Seat 3: iLuZiioNz (big blind) collected (80)



PokerStars Hand #247789661810: Tournament #3689567003, $1.84+$0.16 USD Hold'em No Limit - Level V (40/80) - 2023/12/21 20:42:51 CET [2023/12/21 14:42:51 ET]
Table '3689567003 1' 3-max Seat #3 is the button
Seat 1: Mahu2021 (1054 in chips) 
Seat 3: iLuZiioNz (446 in chips) 
iLuZiioNz: posts small blind 40
Mahu2021: posts big blind 80
*** HOLE CARDS ***
Dealt to Mahu2021 [5s 2c]
iLuZiioNz: folds 
Uncalled bet (40) returned to Mahu2021
Mahu2021 collected 80 from pot
Mahu2021: doesn't show hand 
*** SUMMARY ***
Total pot 80 | Rake 0 
Seat 1: Mahu2021 (big blind) collected (80)
Seat 3: iLuZiioNz (button) (small blind) folded before Flop



PokerStars Hand #247789663449: Tournament #3689567003, $1.84+$0.16 USD Hold'em No Limit - Level V (40/80) - 2023/12/21 20:42:56 CET [2023/12/21 14:42:56 ET]
Table '3689567003 1' 3-max Seat #1 is the button
Seat 1: Mahu2021 (1094 in chips) 
Seat 3: iLuZiioNz (406 in chips) 
Mahu2021: posts small blind 40
iLuZiioNz: posts big blind 80
*** HOLE CARDS ***
Dealt to Mahu2021 [8s 3c]
Mahu2021: folds 
Uncalled bet (40) returned to iLuZiioNz
iLuZiioNz collected 80 from pot
iLuZiioNz: doesn't show hand 
*** SUMMARY ***
Total pot 80 | Rake 0 
Seat 1: Mahu2021 (button) (small blind) folded before Flop
Seat 3: iLuZiioNz (big blind) collected (80)



PokerStars Hand #247789664795: Tournament #3689567003, $1.84+$0.16 USD Hold'em No Limit - Level V (40/80) - 2023/12/21 20:43:00 CET [2023/12/21 14:43:00 ET]
Table '3689567003 1' 3-max Seat #3 is the button
Seat 1: Mahu2021 (1054 in chips) 
Seat 3: iLuZiioNz (446 in chips) 
iLuZiioNz: posts small blind 40
Mahu2021: posts big blind 80
*** HOLE CARDS ***
Dealt to Mahu2021 [6s Ts]
iLuZiioNz: raises 366 to 446 and is all-in
Mahu2021: folds 
Uncalled bet (366) returned to iLuZiioNz
iLuZiioNz collected 160 from pot
iLuZiioNz: doesn't show hand 
*** SUMMARY ***
Total pot 160 | Rake 0 
Seat 1: Mahu2021 (big blind) folded before Flop
Seat 3: iLuZiioNz (button) (small blind) collected (160)



PokerStars Hand #247789667150: Tournament #3689567003, $1.84+$0.16 USD Hold'em No Limit - Level V (40/80) - 2023/12/21 20:43:07 CET [2023/12/21 14:43:07 ET]
Table '3689567003 1' 3-max Seat #1 is the button
Seat 1: Mahu2021 (974 in chips) 
Seat 3: iLuZiioNz (526 in chips) 
Mahu2021: posts small blind 40
iLuZiioNz: posts big blind 80
*** HOLE CARDS ***
Dealt to Mahu2021 [7h 4s]
Mahu2021: folds 
Uncalled bet (40) returned to iLuZiioNz
iLuZiioNz collected 80 from pot
iLuZiioNz: doesn't show hand 
*** SUMMARY ***
Total pot 80 | Rake 0 
Seat 1: Mahu2021 (button) (small blind) folded before Flop
Seat 3: iLuZiioNz (big blind) collected (80)



PokerStars Hand #247789668609: Tournament #3689567003, $1.84+$0.16 USD Hold'em No Limit - Level V (40/80) - 2023/12/21 20:43:12 CET [2023/12/21 14:43:12 ET]
Table '3689567003 1' 3-max Seat #3 is the button
Seat 1: Mahu2021 (934 in chips) 
Seat 3: iLuZiioNz (566 in chips) 
iLuZiioNz: posts small blind 40
Mahu2021: posts big blind 80
*** HOLE CARDS ***
Dealt to Mahu2021 [Td 9h]
iLuZiioNz: calls 40
Mahu2021: checks 
*** FLOP *** [Ad Js 6c]
Mahu2021: checks 
iLuZiioNz: bets 80
Mahu2021: calls 80
*** TURN *** [Ad Js 6c] [6s]
Mahu2021: checks 
iLuZiioNz: checks 
*** RIVER *** [Ad Js 6c 6s] [4h]
Mahu2021: bets 774 and is all-in
iLuZiioNz: folds 
Uncalled bet (774) returned to Mahu2021
Mahu2021 collected 320 from pot
Mahu2021: doesn't show hand 
*** SUMMARY ***
Total pot 320 | Rake 0 
Board [Ad Js 6c 6s 4h]
Seat 1: Mahu2021 (big blind) collected (320)
Seat 3: iLuZiioNz (button) (small blind) folded on the River



PokerStars Hand #247789677642: Tournament #3689567003, $1.84+$0.16 USD Hold'em No Limit - Level V (40/80) - 2023/12/21 20:43:39 CET [2023/12/21 14:43:39 ET]
Table '3689567003 1' 3-max Seat #1 is the button
Seat 1: Mahu2021 (1094 in chips) 
Seat 3: iLuZiioNz (406 in chips) 
Mahu2021: posts small blind 40
iLuZiioNz: posts big blind 80
*** HOLE CARDS ***
Dealt to Mahu2021 [8h 7d]
Mahu2021: calls 40
iLuZiioNz: raises 80 to 160
Mahu2021: calls 80
*** FLOP *** [9d Qs Ts]
iLuZiioNz: bets 246 and is all-in
Mahu2021: calls 246
*** TURN *** [9d Qs Ts] [Jh]
*** RIVER *** [9d Qs Ts Jh] [8c]
*** SHOW DOWN ***
iLuZiioNz: shows [Kd Kh] (a straight, Nine to King)
Mahu2021: shows [8h 7d] (a straight, Eight to Queen)
iLuZiioNz collected 812 from pot
*** SUMMARY ***
Total pot 812 | Rake 0 
Board [9d Qs Ts Jh 8c]
Seat 1: Mahu2021 (button) (small blind) showed [8h 7d] and lost with a straight, Eight to Queen
Seat 3: iLuZiioNz (big blind) showed [Kd Kh] and won (812) with a straight, Nine to King



PokerStars Hand #247789683271: Tournament #3689567003, $1.84+$0.16 USD Hold'em No Limit - Level V (40/80) - 2023/12/21 20:43:56 CET [2023/12/21 14:43:56 ET]
Table '3689567003 1' 3-max Seat #3 is the button
Seat 1: Mahu2021 (688 in chips) 
Seat 3: iLuZiioNz (812 in chips) 
iLuZiioNz: posts small blind 40
Mahu2021: posts big blind 80
*** HOLE CARDS ***
Dealt to Mahu2021 [9h 2h]
iLuZiioNz: raises 732 to 812 and is all-in
Mahu2021: folds 
Uncalled bet (732) returned to iLuZiioNz
iLuZiioNz collected 160 from pot
iLuZiioNz: doesn't show hand 
*** SUMMARY ***
Total pot 160 | Rake 0 
Seat 1: Mahu2021 (big blind) folded before Flop
Seat 3: iLuZiioNz (button) (small blind) collected (160)



PokerStars Hand #247789685393: Tournament #3689567003, $1.84+$0.16 USD Hold'em No Limit - Level V (40/80) - 2023/12/21 20:44:02 CET [2023/12/21 14:44:02 ET]
Table '3689567003 1' 3-max Seat #1 is the button
Seat 1: Mahu2021 (608 in chips) 
Seat 3: iLuZiioNz (892 in chips) 
Mahu2021: posts small blind 40
iLuZiioNz: posts big blind 80
*** HOLE CARDS ***
Dealt to Mahu2021 [7c 2d]
Mahu2021: folds 
Uncalled bet (40) returned to iLuZiioNz
iLuZiioNz collected 80 from pot
iLuZiioNz: doesn't show hand 
*** SUMMARY ***
Total pot 80 | Rake 0 
Seat 1: Mahu2021 (button) (small blind) folded before Flop
Seat 3: iLuZiioNz (big blind) collected (80)



PokerStars Hand #247789687742: Tournament #3689567003, $1.84+$0.16 USD Hold'em No Limit - Level VI (50/100) - 2023/12/21 20:44:09 CET [2023/12/21 14:44:09 ET]
Table '3689567003 1' 3-max Seat #3 is the button
Seat 1: Mahu2021 (568 in chips) 
Seat 3: iLuZiioNz (932 in chips) 
iLuZiioNz: posts small blind 50
Mahu2021: posts big blind 100
*** HOLE CARDS ***
Dealt to Mahu2021 [5d 9c]
iLuZiioNz: raises 832 to 932 and is all-in
Mahu2021: folds 
Uncalled bet (832) returned to iLuZiioNz
iLuZiioNz collected 200 from pot
iLuZiioNz: doesn't show hand 
*** SUMMARY ***
Total pot 200 | Rake 0 
Seat 1: Mahu2021 (big blind) folded before Flop
Seat 3: iLuZiioNz (button) (small blind) collected (200)



PokerStars Hand #247789689649: Tournament #3689567003, $1.84+$0.16 USD Hold'em No Limit - Level VI (50/100) - 2023/12/21 20:44:15 CET [2023/12/21 14:44:15 ET]
Table '3689567003 1' 3-max Seat #1 is the button
Seat 1: Mahu2021 (468 in chips) 
Seat 3: iLuZiioNz (1032 in chips) 
Mahu2021: posts small blind 50
iLuZiioNz: posts big blind 100
*** HOLE CARDS ***
Dealt to Mahu2021 [6h 6c]
Mahu2021: raises 368 to 468 and is all-in
iLuZiioNz: folds 
Uncalled bet (368) returned to Mahu2021
Mahu2021 collected 200 from pot
Mahu2021: doesn't show hand 
*** SUMMARY ***
Total pot 200 | Rake 0 
Seat 1: Mahu2021 (button) (small blind) collected (200)
Seat 3: iLuZiioNz (big blind) folded before Flop



PokerStars Hand #247789692368: Tournament #3689567003, $1.84+$0.16 USD Hold'em No Limit - Level VI (50/100) - 2023/12/21 20:44:23 CET [2023/12/21 14:44:23 ET]
Table '3689567003 1' 3-max Seat #3 is the button
Seat 1: Mahu2021 (568 in chips) 
Seat 3: iLuZiioNz (932 in chips) 
iLuZiioNz: posts small blind 50
Mahu2021: posts big blind 100
*** HOLE CARDS ***
Dealt to Mahu2021 [4c 6c]
iLuZiioNz: folds 
Uncalled bet (50) returned to Mahu2021
Mahu2021 collected 100 from pot
Mahu2021: doesn't show hand 
*** SUMMARY ***
Total pot 100 | Rake 0 
Seat 1: Mahu2021 (big blind) collected (100)
Seat 3: iLuZiioNz (button) (small blind) folded before Flop



PokerStars Hand #247789693988: Tournament #3689567003, $1.84+$0.16 USD Hold'em No Limit - Level VI (50/100) - 2023/12/21 20:44:28 CET [2023/12/21 14:44:28 ET]
Table '3689567003 1' 3-max Seat #1 is the button
Seat 1: Mahu2021 (618 in chips) 
Seat 3: iLuZiioNz (882 in chips) 
Mahu2021: posts small blind 50
iLuZiioNz: posts big blind 100
*** HOLE CARDS ***
Dealt to Mahu2021 [5s 3s]
Mahu2021: calls 50
iLuZiioNz: checks 
*** FLOP *** [2c 4c Qd]
iLuZiioNz: checks 
Mahu2021: bets 518 and is all-in
iLuZiioNz: folds 
Uncalled bet (518) returned to Mahu2021
Mahu2021 collected 200 from pot
Mahu2021: doesn't show hand 
*** SUMMARY ***
Total pot 200 | Rake 0 
Board [2c 4c Qd]
Seat 1: Mahu2021 (button) (small blind) collected (200)
Seat 3: iLuZiioNz (big blind) folded on the Flop



PokerStars Hand #247789700609: Tournament #3689567003, $1.84+$0.16 USD Hold'em No Limit - Level VI (50/100) - 2023/12/21 20:44:48 CET [2023/12/21 14:44:48 ET]
Table '3689567003 1' 3-max Seat #3 is the button
Seat 1: Mahu2021 (718 in chips) 
Seat 3: iLuZiioNz (782 in chips) 
iLuZiioNz: posts small blind 50
Mahu2021: posts big blind 100
*** HOLE CARDS ***
Dealt to Mahu2021 [Qs 8h]
iLuZiioNz: folds 
Uncalled bet (50) returned to Mahu2021
Mahu2021 collected 100 from pot
Mahu2021: doesn't show hand 
*** SUMMARY ***
Total pot 100 | Rake 0 
Seat 1: Mahu2021 (big blind) collected (100)
Seat 3: iLuZiioNz (button) (small blind) folded before Flop



PokerStars Hand #247789702129: Tournament #3689567003, $1.84+$0.16 USD Hold'em No Limit - Level VI (50/100) - 2023/12/21 20:44:52 CET [2023/12/21 14:44:52 ET]
Table '3689567003 1' 3-max Seat #1 is the button
Seat 1: Mahu2021 (768 in chips) 
Seat 3: iLuZiioNz (732 in chips) 
Mahu2021: posts small blind 50
iLuZiioNz: posts big blind 100
*** HOLE CARDS ***
Dealt to Mahu2021 [4h 6s]
Mahu2021: calls 50
iLuZiioNz: raises 632 to 732 and is all-in
Mahu2021: folds 
Uncalled bet (632) returned to iLuZiioNz
iLuZiioNz collected 200 from pot
iLuZiioNz: doesn't show hand 
*** SUMMARY ***
Total pot 200 | Rake 0 
Seat 1: Mahu2021 (button) (small blind) folded before Flop
Seat 3: iLuZiioNz (big blind) collected (200)



PokerStars Hand #247789705497: Tournament #3689567003, $1.84+$0.16 USD Hold'em No Limit - Level VI (50/100) - 2023/12/21 20:45:02 CET [2023/12/21 14:45:02 ET]
Table '3689567003 1' 3-max Seat #3 is the button
Seat 1: Mahu2021 (668 in chips) 
Seat 3: iLuZiioNz (832 in chips) 
iLuZiioNz: posts small blind 50
Mahu2021: posts big blind 100
*** HOLE CARDS ***
Dealt to Mahu2021 [Ac 6c]
iLuZiioNz: calls 50
Mahu2021: raises 568 to 668 and is all-in
iLuZiioNz: folds 
Uncalled bet (568) returned to Mahu2021
Mahu2021 collected 200 from pot
Mahu2021: doesn't show hand 
*** SUMMARY ***
Total pot 200 | Rake 0 
Seat 1: Mahu2021 (big blind) collected (200)
Seat 3: iLuZiioNz (button) (small blind) folded before Flop



PokerStars Hand #247789708838: Tournament #3689567003, $1.84+$0.16 USD Hold'em No Limit - Level VI (50/100) - 2023/12/21 20:45:12 CET [2023/12/21 14:45:12 ET]
Table '3689567003 1' 3-max Seat #1 is the button
Seat 1: Mahu2021 (768 in chips) 
Seat 3: iLuZiioNz (732 in chips) 
Mahu2021: posts small blind 50
iLuZiioNz: posts big blind 100
*** HOLE CARDS ***
Dealt to Mahu2021 [As 6c]
Mahu2021: calls 50
iLuZiioNz: checks 
*** FLOP *** [7c Ks 3c]
iLuZiioNz: checks 
Mahu2021: checks 
*** TURN *** [7c Ks 3c] [9d]
iLuZiioNz: bets 100
Mahu2021: folds 
Uncalled bet (100) returned to iLuZiioNz
iLuZiioNz collected 200 from pot
iLuZiioNz: doesn't show hand 
*** SUMMARY ***
Total pot 200 | Rake 0 
Board [7c Ks 3c 9d]
Seat 1: Mahu2021 (button) (small blind) folded on the Turn
Seat 3: iLuZiioNz (big blind) collected (200)



PokerStars Hand #247789713201: Tournament #3689567003, $1.84+$0.16 USD Hold'em No Limit - Level VI (50/100) - 2023/12/21 20:45:26 CET [2023/12/21 14:45:26 ET]
Table '3689567003 1' 3-max Seat #3 is the button
Seat 1: Mahu2021 (668 in chips) 
Seat 3: iLuZiioNz (832 in chips) 
iLuZiioNz: posts small blind 50
Mahu2021: posts big blind 100
*** HOLE CARDS ***
Dealt to Mahu2021 [6s Tc]
iLuZiioNz: folds 
Uncalled bet (50) returned to Mahu2021
Mahu2021 collected 100 from pot
Mahu2021: doesn't show hand 
*** SUMMARY ***
Total pot 100 | Rake 0 
Seat 1: Mahu2021 (big blind) collected (100)
Seat 3: iLuZiioNz (button) (small blind) folded before Flop



PokerStars Hand #247789714751: Tournament #3689567003, $1.84+$0.16 USD Hold'em No Limit - Level VI (50/100) - 2023/12/21 20:45:30 CET [2023/12/21 14:45:30 ET]
Table '3689567003 1' 3-max Seat #1 is the button
Seat 1: Mahu2021 (718 in chips) 
Seat 3: iLuZiioNz (782 in chips) 
Mahu2021: posts small blind 50
iLuZiioNz: posts big blind 100
*** HOLE CARDS ***
Dealt to Mahu2021 [8c Kd]
Mahu2021: raises 618 to 718 and is all-in
iLuZiioNz: calls 618
*** FLOP *** [5d Ks 7d]
*** TURN *** [5d Ks 7d] [6c]
*** RIVER *** [5d Ks 7d 6c] [Ah]
*** SHOW DOWN ***
iLuZiioNz: shows [Jh Jd] (a pair of Jacks)
Mahu2021: shows [8c Kd] (a pair of Kings)
Mahu2021 collected 1436 from pot
*** SUMMARY ***
Total pot 1436 | Rake 0 
Board [5d Ks 7d 6c Ah]
Seat 1: Mahu2021 (button) (small blind) showed [8c Kd] and won (1436) with a pair of Kings
Seat 3: iLuZiioNz (big blind) showed [Jh Jd] and lost with a pair of Jacks



PokerStars Hand #247789718866: Tournament #3689567003, $1.84+$0.16 USD Hold'em No Limit - Level VI (50/100) - 2023/12/21 20:45:43 CET [2023/12/21 14:45:43 ET]
Table '3689567003 1' 3-max Seat #3 is the button
Seat 1: Mahu2021 (1436 in chips) 
Seat 3: iLuZiioNz (64 in chips) 
iLuZiioNz: posts small blind 50
Mahu2021: posts big blind 100
*** HOLE CARDS ***
Dealt to Mahu2021 [4s 4d]
iLuZiioNz: calls 14 and is all-in
Uncalled bet (36) returned to Mahu2021
*** FLOP *** [7d Ad 9c]
*** TURN *** [7d Ad 9c] [Kd]
*** RIVER *** [7d Ad 9c Kd] [2s]
*** SHOW DOWN ***
Mahu2021: shows [4s 4d] (a pair of Fours)
iLuZiioNz: shows [Qs 5d] (high card Ace)
Mahu2021 collected 128 from pot
iLuZiioNz finished the tournament in 2nd place
Mahu2021 wins the tournament and receives $4.00 - congratulations!
*** SUMMARY ***
Total pot 128 | Rake 0 
Board [7d Ad 9c Kd 2s]
Seat 1: Mahu2021 (big blind) showed [4s 4d] and won (128) with a pair of Fours
Seat 3: iLuZiioNz (button) (small blind) showed [Qs 5d] and lost with high card Ace



