PokerStars Hand #243172064850: Tournament #3579351161, $0.92+$0.08 USD Hold'em No Limit - Level I (10/20) - 2023/04/18 19:23:00 CET [2023/04/18 13:23:00 ET]
Table '3579351161 1' 3-max Seat #1 is the button
Seat 1: Csader (500 in chips) 
Seat 2: Mahu2021 (500 in chips) 
Seat 3: silgasparini (500 in chips) 
Mahu2021: posts small blind 10
silgasparini: posts big blind 20
*** HOLE CARDS ***
Dealt to Mahu2021 [6d Kd]
Csader: raises 20 to 40
Mahu2021: calls 30
silgasparini: calls 20
*** FLOP *** [4d 5d 8d]
Mahu2021: checks 
silgasparini: checks 
Csader: checks 
*** TURN *** [4d 5d 8d] [3d]
Mahu2021: checks 
silgasparini: bets 20
Csader: folds 
Mahu2021: raises 160 to 180
silgasparini: folds 
Uncalled bet (160) returned to Mahu2021
Mahu2021 collected 160 from pot
Mahu2021: doesn't show hand 
*** SUMMARY ***
Total pot 160 | Rake 0 
Board [4d 5d 8d 3d]
Seat 1: Csader (button) folded on the Turn
Seat 2: Mahu2021 (small blind) collected (160)
Seat 3: silgasparini (big blind) folded on the Turn



PokerStars Hand #243172073883: Tournament #3579351161, $0.92+$0.08 USD Hold'em No Limit - Level I (10/20) - 2023/04/18 19:23:27 CET [2023/04/18 13:23:27 ET]
Table '3579351161 1' 3-max Seat #2 is the button
Seat 1: Csader (460 in chips) 
Seat 2: Mahu2021 (600 in chips) 
Seat 3: silgasparini (440 in chips) 
silgasparini: posts small blind 10
Csader: posts big blind 20
*** HOLE CARDS ***
Dealt to Mahu2021 [Ac Tc]
Mahu2021: raises 20 to 40
silgasparini: calls 30
Csader: calls 20
*** FLOP *** [3s 7d Kc]
silgasparini: checks 
Csader: checks 
Mahu2021: checks 
*** TURN *** [3s 7d Kc] [Ts]
silgasparini: bets 40
Csader: calls 40
Mahu2021: calls 40
*** RIVER *** [3s 7d Kc Ts] [Qd]
silgasparini: checks 
Csader: checks 
Mahu2021: checks 
*** SHOW DOWN ***
silgasparini: shows [Kh 6c] (a pair of Kings)
Csader: mucks hand 
Mahu2021: mucks hand 
silgasparini collected 240 from pot
*** SUMMARY ***
Total pot 240 | Rake 0 
Board [3s 7d Kc Ts Qd]
Seat 1: Csader (big blind) mucked [5s 9s]
Seat 2: Mahu2021 (button) mucked [Ac Tc]
Seat 3: silgasparini (small blind) showed [Kh 6c] and won (240) with a pair of Kings



PokerStars Hand #243172083409: Tournament #3579351161, $0.92+$0.08 USD Hold'em No Limit - Level I (10/20) - 2023/04/18 19:23:56 CET [2023/04/18 13:23:56 ET]
Table '3579351161 1' 3-max Seat #3 is the button
Seat 1: Csader (380 in chips) 
Seat 2: Mahu2021 (520 in chips) 
Seat 3: silgasparini (600 in chips) 
Csader: posts small blind 10
Mahu2021: posts big blind 20
*** HOLE CARDS ***
Dealt to Mahu2021 [2s 3s]
silgasparini: calls 20
Csader: folds 
Mahu2021: checks 
*** FLOP *** [Ah 4c Ks]
Mahu2021: checks 
silgasparini: bets 20
Mahu2021: calls 20
*** TURN *** [Ah 4c Ks] [Ts]
Mahu2021: checks 
silgasparini: checks 
*** RIVER *** [Ah 4c Ks Ts] [9h]
Mahu2021: bets 40
silgasparini: folds 
Uncalled bet (40) returned to Mahu2021
Mahu2021 collected 90 from pot
Mahu2021: doesn't show hand 
*** SUMMARY ***
Total pot 90 | Rake 0 
Board [Ah 4c Ks Ts 9h]
Seat 1: Csader (small blind) folded before Flop
Seat 2: Mahu2021 (big blind) collected (90)
Seat 3: silgasparini (button) folded on the River



PokerStars Hand #243172089431: Tournament #3579351161, $0.92+$0.08 USD Hold'em No Limit - Level I (10/20) - 2023/04/18 19:24:14 CET [2023/04/18 13:24:14 ET]
Table '3579351161 1' 3-max Seat #1 is the button
Seat 1: Csader (370 in chips) 
Seat 2: Mahu2021 (570 in chips) 
Seat 3: silgasparini (560 in chips) 
Mahu2021: posts small blind 10
silgasparini: posts big blind 20
*** HOLE CARDS ***
Dealt to Mahu2021 [2c 7s]
Csader: folds 
Mahu2021: folds 
Uncalled bet (10) returned to silgasparini
silgasparini collected 20 from pot
silgasparini: doesn't show hand 
*** SUMMARY ***
Total pot 20 | Rake 0 
Seat 1: Csader (button) folded before Flop (didn't bet)
Seat 2: Mahu2021 (small blind) folded before Flop
Seat 3: silgasparini (big blind) collected (20)



PokerStars Hand #243172091075: Tournament #3579351161, $0.92+$0.08 USD Hold'em No Limit - Level I (10/20) - 2023/04/18 19:24:19 CET [2023/04/18 13:24:19 ET]
Table '3579351161 1' 3-max Seat #2 is the button
Seat 1: Csader (370 in chips) 
Seat 2: Mahu2021 (560 in chips) 
Seat 3: silgasparini (570 in chips) 
silgasparini: posts small blind 10
Csader: posts big blind 20
*** HOLE CARDS ***
Dealt to Mahu2021 [3d 9c]
Mahu2021: folds 
silgasparini: calls 10
Csader: checks 
*** FLOP *** [6c 9d 2d]
silgasparini: checks 
Csader: checks 
*** TURN *** [6c 9d 2d] [Tc]
silgasparini: checks 
Csader: checks 
*** RIVER *** [6c 9d 2d Tc] [8h]
silgasparini: checks 
Csader: checks 
*** SHOW DOWN ***
silgasparini: shows [Jc Ah] (high card Ace)
Csader: shows [2s Jd] (a pair of Deuces)
Csader collected 40 from pot
*** SUMMARY ***
Total pot 40 | Rake 0 
Board [6c 9d 2d Tc 8h]
Seat 1: Csader (big blind) showed [2s Jd] and won (40) with a pair of Deuces
Seat 2: Mahu2021 (button) folded before Flop (didn't bet)
Seat 3: silgasparini (small blind) showed [Jc Ah] and lost with high card Ace



PokerStars Hand #243172097956: Tournament #3579351161, $0.92+$0.08 USD Hold'em No Limit - Level I (10/20) - 2023/04/18 19:24:39 CET [2023/04/18 13:24:39 ET]
Table '3579351161 1' 3-max Seat #3 is the button
Seat 1: Csader (390 in chips) 
Seat 2: Mahu2021 (560 in chips) 
Seat 3: silgasparini (550 in chips) 
Csader: posts small blind 10
Mahu2021: posts big blind 20
*** HOLE CARDS ***
Dealt to Mahu2021 [Jc 2c]
silgasparini: raises 20 to 40
Csader: calls 30
Mahu2021: calls 20
*** FLOP *** [4d Kh Td]
Csader: checks 
Mahu2021: checks 
silgasparini: checks 
*** TURN *** [4d Kh Td] [5h]
Csader: checks 
Mahu2021: checks 
silgasparini: checks 
*** RIVER *** [4d Kh Td 5h] [9h]
Csader: checks 
Mahu2021: checks 
silgasparini: bets 20
Csader: folds 
Mahu2021: folds 
Uncalled bet (20) returned to silgasparini
silgasparini collected 120 from pot
silgasparini: doesn't show hand 
*** SUMMARY ***
Total pot 120 | Rake 0 
Board [4d Kh Td 5h 9h]
Seat 1: Csader (small blind) folded on the River
Seat 2: Mahu2021 (big blind) folded on the River
Seat 3: silgasparini (button) collected (120)



PokerStars Hand #243172108591: Tournament #3579351161, $0.92+$0.08 USD Hold'em No Limit - Level II (15/30) - 2023/04/18 19:25:11 CET [2023/04/18 13:25:11 ET]
Table '3579351161 1' 3-max Seat #1 is the button
Seat 1: Csader (350 in chips) 
Seat 2: Mahu2021 (520 in chips) 
Seat 3: silgasparini (630 in chips) 
Mahu2021: posts small blind 15
silgasparini: posts big blind 30
*** HOLE CARDS ***
Dealt to Mahu2021 [5c 5d]
Csader: raises 36 to 66
Mahu2021: raises 454 to 520 and is all-in
silgasparini: folds 
Csader: folds 
Uncalled bet (454) returned to Mahu2021
Mahu2021 collected 162 from pot
Mahu2021: doesn't show hand 
*** SUMMARY ***
Total pot 162 | Rake 0 
Seat 1: Csader (button) folded before Flop
Seat 2: Mahu2021 (small blind) collected (162)
Seat 3: silgasparini (big blind) folded before Flop



PokerStars Hand #243172112142: Tournament #3579351161, $0.92+$0.08 USD Hold'em No Limit - Level II (15/30) - 2023/04/18 19:25:22 CET [2023/04/18 13:25:22 ET]
Table '3579351161 1' 3-max Seat #2 is the button
Seat 1: Csader (284 in chips) 
Seat 2: Mahu2021 (616 in chips) 
Seat 3: silgasparini (600 in chips) 
silgasparini: posts small blind 15
Csader: posts big blind 30
*** HOLE CARDS ***
Dealt to Mahu2021 [8s Ad]
Mahu2021: calls 30
silgasparini: raises 570 to 600 and is all-in
Csader: folds 
Mahu2021: folds 
Uncalled bet (570) returned to silgasparini
silgasparini collected 90 from pot
silgasparini: doesn't show hand 
*** SUMMARY ***
Total pot 90 | Rake 0 
Seat 1: Csader (big blind) folded before Flop
Seat 2: Mahu2021 (button) folded before Flop
Seat 3: silgasparini (small blind) collected (90)



PokerStars Hand #243172114981: Tournament #3579351161, $0.92+$0.08 USD Hold'em No Limit - Level II (15/30) - 2023/04/18 19:25:31 CET [2023/04/18 13:25:31 ET]
Table '3579351161 1' 3-max Seat #3 is the button
Seat 1: Csader (254 in chips) 
Seat 2: Mahu2021 (586 in chips) 
Seat 3: silgasparini (660 in chips) 
Csader: posts small blind 15
Mahu2021: posts big blind 30
*** HOLE CARDS ***
Dealt to Mahu2021 [7d 7c]
silgasparini: calls 30
Csader: folds 
Mahu2021: raises 556 to 586 and is all-in
silgasparini: folds 
Uncalled bet (556) returned to Mahu2021
Mahu2021 collected 75 from pot
Mahu2021: doesn't show hand 
*** SUMMARY ***
Total pot 75 | Rake 0 
Seat 1: Csader (small blind) folded before Flop
Seat 2: Mahu2021 (big blind) collected (75)
Seat 3: silgasparini (button) folded before Flop



PokerStars Hand #243172118001: Tournament #3579351161, $0.92+$0.08 USD Hold'em No Limit - Level II (15/30) - 2023/04/18 19:25:40 CET [2023/04/18 13:25:40 ET]
Table '3579351161 1' 3-max Seat #1 is the button
Seat 1: Csader (239 in chips) 
Seat 2: Mahu2021 (631 in chips) 
Seat 3: silgasparini (630 in chips) 
Mahu2021: posts small blind 15
silgasparini: posts big blind 30
*** HOLE CARDS ***
Dealt to Mahu2021 [5s Js]
Csader: raises 209 to 239 and is all-in
Mahu2021: folds 
silgasparini: calls 209
*** FLOP *** [7c 7d Ts]
*** TURN *** [7c 7d Ts] [Ad]
*** RIVER *** [7c 7d Ts Ad] [9d]
*** SHOW DOWN ***
silgasparini: shows [As Jc] (two pair, Aces and Sevens)
Csader: shows [7s Kd] (three of a kind, Sevens)
Csader collected 493 from pot
*** SUMMARY ***
Total pot 493 | Rake 0 
Board [7c 7d Ts Ad 9d]
Seat 1: Csader (button) showed [7s Kd] and won (493) with three of a kind, Sevens
Seat 2: Mahu2021 (small blind) folded before Flop
Seat 3: silgasparini (big blind) showed [As Jc] and lost with two pair, Aces and Sevens



PokerStars Hand #243172123202: Tournament #3579351161, $0.92+$0.08 USD Hold'em No Limit - Level II (15/30) - 2023/04/18 19:25:55 CET [2023/04/18 13:25:55 ET]
Table '3579351161 1' 3-max Seat #2 is the button
Seat 1: Csader (493 in chips) 
Seat 2: Mahu2021 (616 in chips) 
Seat 3: silgasparini (391 in chips) 
silgasparini: posts small blind 15
Csader: posts big blind 30
*** HOLE CARDS ***
Dealt to Mahu2021 [Qs 2c]
Mahu2021: folds 
silgasparini: folds 
Uncalled bet (15) returned to Csader
Csader collected 30 from pot
Csader: doesn't show hand 
*** SUMMARY ***
Total pot 30 | Rake 0 
Seat 1: Csader (big blind) collected (30)
Seat 2: Mahu2021 (button) folded before Flop (didn't bet)
Seat 3: silgasparini (small blind) folded before Flop



PokerStars Hand #243172125273: Tournament #3579351161, $0.92+$0.08 USD Hold'em No Limit - Level II (15/30) - 2023/04/18 19:26:02 CET [2023/04/18 13:26:02 ET]
Table '3579351161 1' 3-max Seat #3 is the button
Seat 1: Csader (508 in chips) 
Seat 2: Mahu2021 (616 in chips) 
Seat 3: silgasparini (376 in chips) 
Csader: posts small blind 15
Mahu2021: posts big blind 30
*** HOLE CARDS ***
Dealt to Mahu2021 [Jc Qh]
silgasparini: folds 
Csader: raises 478 to 508 and is all-in
Mahu2021: folds 
Uncalled bet (478) returned to Csader
Csader collected 60 from pot
Csader: doesn't show hand 
*** SUMMARY ***
Total pot 60 | Rake 0 
Seat 1: Csader (small blind) collected (60)
Seat 2: Mahu2021 (big blind) folded before Flop
Seat 3: silgasparini (button) folded before Flop (didn't bet)



PokerStars Hand #243172128335: Tournament #3579351161, $0.92+$0.08 USD Hold'em No Limit - Level II (15/30) - 2023/04/18 19:26:11 CET [2023/04/18 13:26:11 ET]
Table '3579351161 1' 3-max Seat #1 is the button
Seat 1: Csader (538 in chips) 
Seat 2: Mahu2021 (586 in chips) 
Seat 3: silgasparini (376 in chips) 
Mahu2021: posts small blind 15
silgasparini: posts big blind 30
*** HOLE CARDS ***
Dealt to Mahu2021 [2h Th]
Csader: folds 
Mahu2021: calls 15
silgasparini: raises 346 to 376 and is all-in
Mahu2021: folds 
Uncalled bet (346) returned to silgasparini
silgasparini collected 60 from pot
silgasparini: doesn't show hand 
*** SUMMARY ***
Total pot 60 | Rake 0 
Seat 1: Csader (button) folded before Flop (didn't bet)
Seat 2: Mahu2021 (small blind) folded before Flop
Seat 3: silgasparini (big blind) collected (60)



PokerStars Hand #243172131546: Tournament #3579351161, $0.92+$0.08 USD Hold'em No Limit - Level II (15/30) - 2023/04/18 19:26:21 CET [2023/04/18 13:26:21 ET]
Table '3579351161 1' 3-max Seat #2 is the button
Seat 1: Csader (538 in chips) 
Seat 2: Mahu2021 (556 in chips) 
Seat 3: silgasparini (406 in chips) 
silgasparini: posts small blind 15
Csader: posts big blind 30
*** HOLE CARDS ***
Dealt to Mahu2021 [Qs Jc]
Mahu2021: calls 30
silgasparini: folds 
Csader: checks 
*** FLOP *** [Td 8d 8c]
Csader: checks 
Mahu2021: bets 30
Csader: folds 
Uncalled bet (30) returned to Mahu2021
Mahu2021 collected 75 from pot
Mahu2021: doesn't show hand 
*** SUMMARY ***
Total pot 75 | Rake 0 
Board [Td 8d 8c]
Seat 1: Csader (big blind) folded on the Flop
Seat 2: Mahu2021 (button) collected (75)
Seat 3: silgasparini (small blind) folded before Flop



PokerStars Hand #243172136526: Tournament #3579351161, $0.92+$0.08 USD Hold'em No Limit - Level II (15/30) - 2023/04/18 19:26:36 CET [2023/04/18 13:26:36 ET]
Table '3579351161 1' 3-max Seat #3 is the button
Seat 1: Csader (508 in chips) 
Seat 2: Mahu2021 (601 in chips) 
Seat 3: silgasparini (391 in chips) 
Csader: posts small blind 15
Mahu2021: posts big blind 30
*** HOLE CARDS ***
Dealt to Mahu2021 [Ah Jh]
silgasparini: raises 361 to 391 and is all-in
Csader: folds 
Mahu2021: calls 361
*** FLOP *** [Ts Qs 2h]
*** TURN *** [Ts Qs 2h] [2s]
*** RIVER *** [Ts Qs 2h 2s] [9h]
*** SHOW DOWN ***
Mahu2021: shows [Ah Jh] (a pair of Deuces)
silgasparini: shows [5h Ac] (a pair of Deuces - lower kicker)
Mahu2021 collected 797 from pot
silgasparini finished the tournament in 3rd place
*** SUMMARY ***
Total pot 797 | Rake 0 
Board [Ts Qs 2h 2s 9h]
Seat 1: Csader (small blind) folded before Flop
Seat 2: Mahu2021 (big blind) showed [Ah Jh] and won (797) with a pair of Deuces
Seat 3: silgasparini (button) showed [5h Ac] and lost with a pair of Deuces



PokerStars Hand #243172143189: Tournament #3579351161, $0.92+$0.08 USD Hold'em No Limit - Level II (15/30) - 2023/04/18 19:26:56 CET [2023/04/18 13:26:56 ET]
Table '3579351161 1' 3-max Seat #2 is the button
Seat 1: Csader (493 in chips) 
Seat 2: Mahu2021 (1007 in chips) 
Mahu2021: posts small blind 15
Csader: posts big blind 30
*** HOLE CARDS ***
Dealt to Mahu2021 [9s 5h]
Mahu2021: folds 
Uncalled bet (15) returned to Csader
Csader collected 30 from pot
Csader: doesn't show hand 
*** SUMMARY ***
Total pot 30 | Rake 0 
Seat 1: Csader (big blind) collected (30)
Seat 2: Mahu2021 (button) (small blind) folded before Flop



PokerStars Hand #243172144778: Tournament #3579351161, $0.92+$0.08 USD Hold'em No Limit - Level II (15/30) - 2023/04/18 19:27:01 CET [2023/04/18 13:27:01 ET]
Table '3579351161 1' 3-max Seat #1 is the button
Seat 1: Csader (508 in chips) 
Seat 2: Mahu2021 (992 in chips) 
Csader: posts small blind 15
Mahu2021: posts big blind 30
*** HOLE CARDS ***
Dealt to Mahu2021 [Js 8s]
Csader: folds 
Uncalled bet (15) returned to Mahu2021
Mahu2021 collected 30 from pot
Mahu2021: doesn't show hand 
*** SUMMARY ***
Total pot 30 | Rake 0 
Seat 1: Csader (button) (small blind) folded before Flop
Seat 2: Mahu2021 (big blind) collected (30)



PokerStars Hand #243172147640: Tournament #3579351161, $0.92+$0.08 USD Hold'em No Limit - Level III (20/40) - 2023/04/18 19:27:09 CET [2023/04/18 13:27:09 ET]
Table '3579351161 1' 3-max Seat #2 is the button
Seat 1: Csader (493 in chips) 
Seat 2: Mahu2021 (1007 in chips) 
Mahu2021: posts small blind 20
Csader: posts big blind 40
*** HOLE CARDS ***
Dealt to Mahu2021 [2s 8h]
Mahu2021: folds 
Uncalled bet (20) returned to Csader
Csader collected 40 from pot
Csader: doesn't show hand 
*** SUMMARY ***
Total pot 40 | Rake 0 
Seat 1: Csader (big blind) collected (40)
Seat 2: Mahu2021 (button) (small blind) folded before Flop



PokerStars Hand #243172149095: Tournament #3579351161, $0.92+$0.08 USD Hold'em No Limit - Level III (20/40) - 2023/04/18 19:27:14 CET [2023/04/18 13:27:14 ET]
Table '3579351161 1' 3-max Seat #1 is the button
Seat 1: Csader (513 in chips) 
Seat 2: Mahu2021 (987 in chips) 
Csader: posts small blind 20
Mahu2021: posts big blind 40
*** HOLE CARDS ***
Dealt to Mahu2021 [5s 8d]
Csader: raises 40 to 80
Mahu2021: folds 
Uncalled bet (40) returned to Csader
Csader collected 80 from pot
Csader: doesn't show hand 
*** SUMMARY ***
Total pot 80 | Rake 0 
Seat 1: Csader (button) (small blind) collected (80)
Seat 2: Mahu2021 (big blind) folded before Flop



PokerStars Hand #243172151946: Tournament #3579351161, $0.92+$0.08 USD Hold'em No Limit - Level III (20/40) - 2023/04/18 19:27:22 CET [2023/04/18 13:27:22 ET]
Table '3579351161 1' 3-max Seat #2 is the button
Seat 1: Csader (553 in chips) 
Seat 2: Mahu2021 (947 in chips) 
Mahu2021: posts small blind 20
Csader: posts big blind 40
*** HOLE CARDS ***
Dealt to Mahu2021 [3s 4c]
Mahu2021: calls 20
Csader: checks 
*** FLOP *** [4s 9c 8s]
Csader: checks 
Mahu2021: bets 40
Csader: calls 40
*** TURN *** [4s 9c 8s] [Kd]
Csader: checks 
Mahu2021: checks 
*** RIVER *** [4s 9c 8s Kd] [Kh]
Csader: checks 
Mahu2021: checks 
*** SHOW DOWN ***
Csader: shows [8h 7s] (two pair, Kings and Eights)
Mahu2021: mucks hand 
Csader collected 160 from pot
*** SUMMARY ***
Total pot 160 | Rake 0 
Board [4s 9c 8s Kd Kh]
Seat 1: Csader (big blind) showed [8h 7s] and won (160) with two pair, Kings and Eights
Seat 2: Mahu2021 (button) (small blind) mucked [3s 4c]



PokerStars Hand #243172158706: Tournament #3579351161, $0.92+$0.08 USD Hold'em No Limit - Level III (20/40) - 2023/04/18 19:27:43 CET [2023/04/18 13:27:43 ET]
Table '3579351161 1' 3-max Seat #1 is the button
Seat 1: Csader (633 in chips) 
Seat 2: Mahu2021 (867 in chips) 
Csader: posts small blind 20
Mahu2021: posts big blind 40
*** HOLE CARDS ***
Dealt to Mahu2021 [Qc 8c]
Csader: raises 593 to 633 and is all-in
Mahu2021: folds 
Uncalled bet (593) returned to Csader
Csader collected 80 from pot
Csader: doesn't show hand 
*** SUMMARY ***
Total pot 80 | Rake 0 
Seat 1: Csader (button) (small blind) collected (80)
Seat 2: Mahu2021 (big blind) folded before Flop



PokerStars Hand #243172161123: Tournament #3579351161, $0.92+$0.08 USD Hold'em No Limit - Level III (20/40) - 2023/04/18 19:27:50 CET [2023/04/18 13:27:50 ET]
Table '3579351161 1' 3-max Seat #2 is the button
Seat 1: Csader (673 in chips) 
Seat 2: Mahu2021 (827 in chips) 
Mahu2021: posts small blind 20
Csader: posts big blind 40
*** HOLE CARDS ***
Dealt to Mahu2021 [As 5c]
Mahu2021: calls 20
Csader: checks 
*** FLOP *** [Ts Ks 4h]
Csader: checks 
Mahu2021: bets 40
Csader: folds 
Uncalled bet (40) returned to Mahu2021
Mahu2021 collected 80 from pot
Mahu2021: doesn't show hand 
*** SUMMARY ***
Total pot 80 | Rake 0 
Board [Ts Ks 4h]
Seat 1: Csader (big blind) folded on the Flop
Seat 2: Mahu2021 (button) (small blind) collected (80)



PokerStars Hand #243172166056: Tournament #3579351161, $0.92+$0.08 USD Hold'em No Limit - Level III (20/40) - 2023/04/18 19:28:05 CET [2023/04/18 13:28:05 ET]
Table '3579351161 1' 3-max Seat #1 is the button
Seat 1: Csader (633 in chips) 
Seat 2: Mahu2021 (867 in chips) 
Csader: posts small blind 20
Mahu2021: posts big blind 40
*** HOLE CARDS ***
Dealt to Mahu2021 [2d 8s]
Csader: calls 20
Mahu2021: checks 
*** FLOP *** [6h 6d 9c]
Mahu2021: checks 
Csader: checks 
*** TURN *** [6h 6d 9c] [3d]
Mahu2021: checks 
Csader: checks 
*** RIVER *** [6h 6d 9c 3d] [7h]
Mahu2021: bets 40
Csader: folds 
Uncalled bet (40) returned to Mahu2021
Mahu2021 collected 80 from pot
Mahu2021: doesn't show hand 
*** SUMMARY ***
Total pot 80 | Rake 0 
Board [6h 6d 9c 3d 7h]
Seat 1: Csader (button) (small blind) folded on the River
Seat 2: Mahu2021 (big blind) collected (80)



PokerStars Hand #243172172274: Tournament #3579351161, $0.92+$0.08 USD Hold'em No Limit - Level III (20/40) - 2023/04/18 19:28:24 CET [2023/04/18 13:28:24 ET]
Table '3579351161 1' 3-max Seat #2 is the button
Seat 1: Csader (593 in chips) 
Seat 2: Mahu2021 (907 in chips) 
Mahu2021: posts small blind 20
Csader: posts big blind 40
*** HOLE CARDS ***
Dealt to Mahu2021 [2s Kd]
Mahu2021: calls 20
Csader: raises 553 to 593 and is all-in
Mahu2021: folds 
Uncalled bet (553) returned to Csader
Csader collected 80 from pot
Csader: doesn't show hand 
*** SUMMARY ***
Total pot 80 | Rake 0 
Seat 1: Csader (big blind) collected (80)
Seat 2: Mahu2021 (button) (small blind) folded before Flop



PokerStars Hand #243172175197: Tournament #3579351161, $0.92+$0.08 USD Hold'em No Limit - Level III (20/40) - 2023/04/18 19:28:33 CET [2023/04/18 13:28:33 ET]
Table '3579351161 1' 3-max Seat #1 is the button
Seat 1: Csader (633 in chips) 
Seat 2: Mahu2021 (867 in chips) 
Csader: posts small blind 20
Mahu2021: posts big blind 40
*** HOLE CARDS ***
Dealt to Mahu2021 [6c Ad]
Csader: folds 
Uncalled bet (20) returned to Mahu2021
Mahu2021 collected 40 from pot
Mahu2021: doesn't show hand 
*** SUMMARY ***
Total pot 40 | Rake 0 
Seat 1: Csader (button) (small blind) folded before Flop
Seat 2: Mahu2021 (big blind) collected (40)



PokerStars Hand #243172176719: Tournament #3579351161, $0.92+$0.08 USD Hold'em No Limit - Level III (20/40) - 2023/04/18 19:28:37 CET [2023/04/18 13:28:37 ET]
Table '3579351161 1' 3-max Seat #2 is the button
Seat 1: Csader (613 in chips) 
Seat 2: Mahu2021 (887 in chips) 
Mahu2021: posts small blind 20
Csader: posts big blind 40
*** HOLE CARDS ***
Dealt to Mahu2021 [7s Jh]
Mahu2021: calls 20
Csader: raises 573 to 613 and is all-in
Mahu2021: folds 
Uncalled bet (573) returned to Csader
Csader collected 80 from pot
Csader: doesn't show hand 
*** SUMMARY ***
Total pot 80 | Rake 0 
Seat 1: Csader (big blind) collected (80)
Seat 2: Mahu2021 (button) (small blind) folded before Flop



PokerStars Hand #243172178955: Tournament #3579351161, $0.92+$0.08 USD Hold'em No Limit - Level III (20/40) - 2023/04/18 19:28:44 CET [2023/04/18 13:28:44 ET]
Table '3579351161 1' 3-max Seat #1 is the button
Seat 1: Csader (653 in chips) 
Seat 2: Mahu2021 (847 in chips) 
Csader: posts small blind 20
Mahu2021: posts big blind 40
*** HOLE CARDS ***
Dealt to Mahu2021 [Ac Js]
Csader: raises 40 to 80
Mahu2021: raises 767 to 847 and is all-in
Csader: folds 
Uncalled bet (767) returned to Mahu2021
Mahu2021 collected 160 from pot
Mahu2021: doesn't show hand 
*** SUMMARY ***
Total pot 160 | Rake 0 
Seat 1: Csader (button) (small blind) folded before Flop
Seat 2: Mahu2021 (big blind) collected (160)



PokerStars Hand #243172182063: Tournament #3579351161, $0.92+$0.08 USD Hold'em No Limit - Level III (20/40) - 2023/04/18 19:28:54 CET [2023/04/18 13:28:54 ET]
Table '3579351161 1' 3-max Seat #2 is the button
Seat 1: Csader (573 in chips) 
Seat 2: Mahu2021 (927 in chips) 
Mahu2021: posts small blind 20
Csader: posts big blind 40
*** HOLE CARDS ***
Dealt to Mahu2021 [Ac Ks]
Mahu2021: calls 20
Csader: raises 533 to 573 and is all-in
Mahu2021: calls 533
*** FLOP *** [6d 8s Td]
*** TURN *** [6d 8s Td] [5c]
*** RIVER *** [6d 8s Td 5c] [9h]
*** SHOW DOWN ***
Csader: shows [Jd Jc] (a pair of Jacks)
Mahu2021: shows [Ac Ks] (high card Ace)
Csader collected 1146 from pot
*** SUMMARY ***
Total pot 1146 | Rake 0 
Board [6d 8s Td 5c 9h]
Seat 1: Csader (big blind) showed [Jd Jc] and won (1146) with a pair of Jacks
Seat 2: Mahu2021 (button) (small blind) showed [Ac Ks] and lost with high card Ace



PokerStars Hand #243172187817: Tournament #3579351161, $0.92+$0.08 USD Hold'em No Limit - Level IV (30/60) - 2023/04/18 19:29:11 CET [2023/04/18 13:29:11 ET]
Table '3579351161 1' 3-max Seat #1 is the button
Seat 1: Csader (1146 in chips) 
Seat 2: Mahu2021 (354 in chips) 
Csader: posts small blind 30
Mahu2021: posts big blind 60
*** HOLE CARDS ***
Dealt to Mahu2021 [4d 3c]
Csader: folds 
Uncalled bet (30) returned to Mahu2021
Mahu2021 collected 60 from pot
Mahu2021: doesn't show hand 
*** SUMMARY ***
Total pot 60 | Rake 0 
Seat 1: Csader (button) (small blind) folded before Flop
Seat 2: Mahu2021 (big blind) collected (60)



PokerStars Hand #243172189770: Tournament #3579351161, $0.92+$0.08 USD Hold'em No Limit - Level IV (30/60) - 2023/04/18 19:29:17 CET [2023/04/18 13:29:17 ET]
Table '3579351161 1' 3-max Seat #2 is the button
Seat 1: Csader (1116 in chips) 
Seat 2: Mahu2021 (384 in chips) 
Mahu2021: posts small blind 30
Csader: posts big blind 60
*** HOLE CARDS ***
Dealt to Mahu2021 [9s 8s]
Mahu2021: calls 30
Csader: checks 
*** FLOP *** [6h 5d 2h]
Csader: bets 60
Mahu2021: folds 
Uncalled bet (60) returned to Csader
Csader collected 120 from pot
Csader: doesn't show hand 
*** SUMMARY ***
Total pot 120 | Rake 0 
Board [6h 5d 2h]
Seat 1: Csader (big blind) collected (120)
Seat 2: Mahu2021 (button) (small blind) folded on the Flop



PokerStars Hand #243172193274: Tournament #3579351161, $0.92+$0.08 USD Hold'em No Limit - Level IV (30/60) - 2023/04/18 19:29:28 CET [2023/04/18 13:29:28 ET]
Table '3579351161 1' 3-max Seat #1 is the button
Seat 1: Csader (1176 in chips) 
Seat 2: Mahu2021 (324 in chips) 
Csader: posts small blind 30
Mahu2021: posts big blind 60
*** HOLE CARDS ***
Dealt to Mahu2021 [9s 9h]
Csader: calls 30
Mahu2021: raises 264 to 324 and is all-in
Csader: folds 
Uncalled bet (264) returned to Mahu2021
Mahu2021 collected 120 from pot
Mahu2021: doesn't show hand 
*** SUMMARY ***
Total pot 120 | Rake 0 
Seat 1: Csader (button) (small blind) folded before Flop
Seat 2: Mahu2021 (big blind) collected (120)



PokerStars Hand #243172198177: Tournament #3579351161, $0.92+$0.08 USD Hold'em No Limit - Level IV (30/60) - 2023/04/18 19:29:42 CET [2023/04/18 13:29:42 ET]
Table '3579351161 1' 3-max Seat #2 is the button
Seat 1: Csader (1116 in chips) 
Seat 2: Mahu2021 (384 in chips) 
Mahu2021: posts small blind 30
Csader: posts big blind 60
*** HOLE CARDS ***
Dealt to Mahu2021 [As 6c]
Mahu2021: raises 324 to 384 and is all-in
Csader: folds 
Uncalled bet (324) returned to Mahu2021
Mahu2021 collected 120 from pot
Mahu2021: doesn't show hand 
*** SUMMARY ***
Total pot 120 | Rake 0 
Seat 1: Csader (big blind) folded before Flop
Seat 2: Mahu2021 (button) (small blind) collected (120)



PokerStars Hand #243172200319: Tournament #3579351161, $0.92+$0.08 USD Hold'em No Limit - Level IV (30/60) - 2023/04/18 19:29:49 CET [2023/04/18 13:29:49 ET]
Table '3579351161 1' 3-max Seat #1 is the button
Seat 1: Csader (1056 in chips) 
Seat 2: Mahu2021 (444 in chips) 
Csader: posts small blind 30
Mahu2021: posts big blind 60
*** HOLE CARDS ***
Dealt to Mahu2021 [Js Th]
Csader: raises 996 to 1056 and is all-in
Mahu2021: calls 384 and is all-in
Uncalled bet (612) returned to Csader
*** FLOP *** [3d Kd 3c]
*** TURN *** [3d Kd 3c] [Ac]
*** RIVER *** [3d Kd 3c Ac] [3s]
*** SHOW DOWN ***
Mahu2021: shows [Js Th] (three of a kind, Threes)
Csader: shows [6d Qd] (three of a kind, Threes)
Mahu2021 collected 444 from pot
Csader collected 444 from pot
*** SUMMARY ***
Total pot 888 | Rake 0 
Board [3d Kd 3c Ac 3s]
Seat 1: Csader (button) (small blind) showed [6d Qd] and won (444) with three of a kind, Threes
Seat 2: Mahu2021 (big blind) showed [Js Th] and won (444) with three of a kind, Threes



PokerStars Hand #243172204960: Tournament #3579351161, $0.92+$0.08 USD Hold'em No Limit - Level IV (30/60) - 2023/04/18 19:30:03 CET [2023/04/18 13:30:03 ET]
Table '3579351161 1' 3-max Seat #2 is the button
Seat 1: Csader (1056 in chips) 
Seat 2: Mahu2021 (444 in chips) 
Mahu2021: posts small blind 30
Csader: posts big blind 60
*** HOLE CARDS ***
Dealt to Mahu2021 [7d 7s]
Mahu2021: raises 384 to 444 and is all-in
Csader: folds 
Uncalled bet (384) returned to Mahu2021
Mahu2021 collected 120 from pot
Mahu2021: doesn't show hand 
*** SUMMARY ***
Total pot 120 | Rake 0 
Seat 1: Csader (big blind) folded before Flop
Seat 2: Mahu2021 (button) (small blind) collected (120)



PokerStars Hand #243172207695: Tournament #3579351161, $0.92+$0.08 USD Hold'em No Limit - Level IV (30/60) - 2023/04/18 19:30:10 CET [2023/04/18 13:30:10 ET]
Table '3579351161 1' 3-max Seat #1 is the button
Seat 1: Csader (996 in chips) 
Seat 2: Mahu2021 (504 in chips) 
Csader: posts small blind 30
Mahu2021: posts big blind 60
*** HOLE CARDS ***
Dealt to Mahu2021 [8s 9h]
Csader: folds 
Uncalled bet (30) returned to Mahu2021
Mahu2021 collected 60 from pot
Mahu2021: doesn't show hand 
*** SUMMARY ***
Total pot 60 | Rake 0 
Seat 1: Csader (button) (small blind) folded before Flop
Seat 2: Mahu2021 (big blind) collected (60)



PokerStars Hand #243172209383: Tournament #3579351161, $0.92+$0.08 USD Hold'em No Limit - Level IV (30/60) - 2023/04/18 19:30:15 CET [2023/04/18 13:30:15 ET]
Table '3579351161 1' 3-max Seat #2 is the button
Seat 1: Csader (966 in chips) 
Seat 2: Mahu2021 (534 in chips) 
Mahu2021: posts small blind 30
Csader: posts big blind 60
*** HOLE CARDS ***
Dealt to Mahu2021 [Qh Kc]
Mahu2021: raises 474 to 534 and is all-in
Csader: folds 
Uncalled bet (474) returned to Mahu2021
Mahu2021 collected 120 from pot
Mahu2021: doesn't show hand 
*** SUMMARY ***
Total pot 120 | Rake 0 
Seat 1: Csader (big blind) folded before Flop
Seat 2: Mahu2021 (button) (small blind) collected (120)



PokerStars Hand #243172211523: Tournament #3579351161, $0.92+$0.08 USD Hold'em No Limit - Level IV (30/60) - 2023/04/18 19:30:22 CET [2023/04/18 13:30:22 ET]
Table '3579351161 1' 3-max Seat #1 is the button
Seat 1: Csader (906 in chips) 
Seat 2: Mahu2021 (594 in chips) 
Csader: posts small blind 30
Mahu2021: posts big blind 60
*** HOLE CARDS ***
Dealt to Mahu2021 [4d 7s]
Csader: calls 30
Mahu2021: checks 
*** FLOP *** [As Qd 7h]
Mahu2021: checks 
Csader: bets 60
Mahu2021: calls 60
*** TURN *** [As Qd 7h] [6s]
Mahu2021: checks 
Csader: checks 
*** RIVER *** [As Qd 7h 6s] [Jd]
Mahu2021: checks 
Csader: bets 90
Mahu2021: calls 90
*** SHOW DOWN ***
Csader: shows [Ts 2s] (high card Ace)
Mahu2021: shows [4d 7s] (a pair of Sevens)
Mahu2021 collected 420 from pot
*** SUMMARY ***
Total pot 420 | Rake 0 
Board [As Qd 7h 6s Jd]
Seat 1: Csader (button) (small blind) showed [Ts 2s] and lost with high card Ace
Seat 2: Mahu2021 (big blind) showed [4d 7s] and won (420) with a pair of Sevens



PokerStars Hand #243172218216: Tournament #3579351161, $0.92+$0.08 USD Hold'em No Limit - Level IV (30/60) - 2023/04/18 19:30:41 CET [2023/04/18 13:30:41 ET]
Table '3579351161 1' 3-max Seat #2 is the button
Seat 1: Csader (696 in chips) 
Seat 2: Mahu2021 (804 in chips) 
Mahu2021: posts small blind 30
Csader: posts big blind 60
*** HOLE CARDS ***
Dealt to Mahu2021 [3d 4h]
Mahu2021: calls 30
Csader: checks 
*** FLOP *** [7s 6s 6d]
Csader: checks 
Mahu2021: bets 60
Csader: folds 
Uncalled bet (60) returned to Mahu2021
Mahu2021 collected 120 from pot
Mahu2021: doesn't show hand 
*** SUMMARY ***
Total pot 120 | Rake 0 
Board [7s 6s 6d]
Seat 1: Csader (big blind) folded on the Flop
Seat 2: Mahu2021 (button) (small blind) collected (120)



PokerStars Hand #243172222435: Tournament #3579351161, $0.92+$0.08 USD Hold'em No Limit - Level IV (30/60) - 2023/04/18 19:30:54 CET [2023/04/18 13:30:54 ET]
Table '3579351161 1' 3-max Seat #1 is the button
Seat 1: Csader (636 in chips) 
Seat 2: Mahu2021 (864 in chips) 
Csader: posts small blind 30
Mahu2021: posts big blind 60
*** HOLE CARDS ***
Dealt to Mahu2021 [6h 9d]
Csader: calls 30
Mahu2021: checks 
*** FLOP *** [Kh 8h Kc]
Mahu2021: checks 
Csader: checks 
*** TURN *** [Kh 8h Kc] [Ts]
Mahu2021: checks 
Csader: checks 
*** RIVER *** [Kh 8h Kc Ts] [6d]
Mahu2021: bets 60
Csader: calls 60
*** SHOW DOWN ***
Mahu2021: shows [6h 9d] (two pair, Kings and Sixes)
Csader: mucks hand 
Mahu2021 collected 240 from pot
*** SUMMARY ***
Total pot 240 | Rake 0 
Board [Kh 8h Kc Ts 6d]
Seat 1: Csader (button) (small blind) mucked [Jd As]
Seat 2: Mahu2021 (big blind) showed [6h 9d] and won (240) with two pair, Kings and Sixes



PokerStars Hand #243172229289: Tournament #3579351161, $0.92+$0.08 USD Hold'em No Limit - Level V (40/80) - 2023/04/18 19:31:14 CET [2023/04/18 13:31:14 ET]
Table '3579351161 1' 3-max Seat #2 is the button
Seat 1: Csader (516 in chips) 
Seat 2: Mahu2021 (984 in chips) 
Mahu2021: posts small blind 40
Csader: posts big blind 80
*** HOLE CARDS ***
Dealt to Mahu2021 [5s 3s]
Mahu2021: calls 40
Csader: checks 
*** FLOP *** [Ah Qs 5d]
Csader: checks 
Mahu2021: bets 80
Csader: folds 
Uncalled bet (80) returned to Mahu2021
Mahu2021 collected 160 from pot
Mahu2021: doesn't show hand 
*** SUMMARY ***
Total pot 160 | Rake 0 
Board [Ah Qs 5d]
Seat 1: Csader (big blind) folded on the Flop
Seat 2: Mahu2021 (button) (small blind) collected (160)



PokerStars Hand #243172233502: Tournament #3579351161, $0.92+$0.08 USD Hold'em No Limit - Level V (40/80) - 2023/04/18 19:31:26 CET [2023/04/18 13:31:26 ET]
Table '3579351161 1' 3-max Seat #1 is the button
Seat 1: Csader (436 in chips) 
Seat 2: Mahu2021 (1064 in chips) 
Csader: posts small blind 40
Mahu2021: posts big blind 80
*** HOLE CARDS ***
Dealt to Mahu2021 [Js 6h]
Csader: raises 356 to 436 and is all-in
Mahu2021: folds 
Uncalled bet (356) returned to Csader
Csader collected 160 from pot
Csader: doesn't show hand 
*** SUMMARY ***
Total pot 160 | Rake 0 
Seat 1: Csader (button) (small blind) collected (160)
Seat 2: Mahu2021 (big blind) folded before Flop



PokerStars Hand #243172235950: Tournament #3579351161, $0.92+$0.08 USD Hold'em No Limit - Level V (40/80) - 2023/04/18 19:31:33 CET [2023/04/18 13:31:33 ET]
Table '3579351161 1' 3-max Seat #2 is the button
Seat 1: Csader (516 in chips) 
Seat 2: Mahu2021 (984 in chips) 
Mahu2021: posts small blind 40
Csader: posts big blind 80
*** HOLE CARDS ***
Dealt to Mahu2021 [Kc 2h]
Mahu2021: calls 40
Csader: checks 
*** FLOP *** [Ad 7s 5d]
Csader: bets 80
Mahu2021: folds 
Uncalled bet (80) returned to Csader
Csader collected 160 from pot
Csader: doesn't show hand 
*** SUMMARY ***
Total pot 160 | Rake 0 
Board [Ad 7s 5d]
Seat 1: Csader (big blind) collected (160)
Seat 2: Mahu2021 (button) (small blind) folded on the Flop



PokerStars Hand #243172239329: Tournament #3579351161, $0.92+$0.08 USD Hold'em No Limit - Level V (40/80) - 2023/04/18 19:31:43 CET [2023/04/18 13:31:43 ET]
Table '3579351161 1' 3-max Seat #1 is the button
Seat 1: Csader (596 in chips) 
Seat 2: Mahu2021 (904 in chips) 
Csader: posts small blind 40
Mahu2021: posts big blind 80
*** HOLE CARDS ***
Dealt to Mahu2021 [Jc 3c]
Csader: folds 
Uncalled bet (40) returned to Mahu2021
Mahu2021 collected 80 from pot
Mahu2021: doesn't show hand 
*** SUMMARY ***
Total pot 80 | Rake 0 
Seat 1: Csader (button) (small blind) folded before Flop
Seat 2: Mahu2021 (big blind) collected (80)



PokerStars Hand #243172241048: Tournament #3579351161, $0.92+$0.08 USD Hold'em No Limit - Level V (40/80) - 2023/04/18 19:31:48 CET [2023/04/18 13:31:48 ET]
Table '3579351161 1' 3-max Seat #2 is the button
Seat 1: Csader (556 in chips) 
Seat 2: Mahu2021 (944 in chips) 
Mahu2021: posts small blind 40
Csader: posts big blind 80
*** HOLE CARDS ***
Dealt to Mahu2021 [Qc Td]
Mahu2021: calls 40
Csader: raises 476 to 556 and is all-in
Mahu2021: calls 476
*** FLOP *** [2c Jc Th]
*** TURN *** [2c Jc Th] [9d]
*** RIVER *** [2c Jc Th 9d] [Qh]
*** SHOW DOWN ***
Csader: shows [Qs Ts] (two pair, Queens and Tens)
Mahu2021: shows [Qc Td] (two pair, Queens and Tens)
Csader collected 556 from pot
Mahu2021 collected 556 from pot
*** SUMMARY ***
Total pot 1112 | Rake 0 
Board [2c Jc Th 9d Qh]
Seat 1: Csader (big blind) showed [Qs Ts] and won (556) with two pair, Queens and Tens
Seat 2: Mahu2021 (button) (small blind) showed [Qc Td] and won (556) with two pair, Queens and Tens



PokerStars Hand #243172246008: Tournament #3579351161, $0.92+$0.08 USD Hold'em No Limit - Level V (40/80) - 2023/04/18 19:32:02 CET [2023/04/18 13:32:02 ET]
Table '3579351161 1' 3-max Seat #1 is the button
Seat 1: Csader (556 in chips) 
Seat 2: Mahu2021 (944 in chips) 
Csader: posts small blind 40
Mahu2021: posts big blind 80
*** HOLE CARDS ***
Dealt to Mahu2021 [Tc Th]
Csader: folds 
Uncalled bet (40) returned to Mahu2021
Mahu2021 collected 80 from pot
Mahu2021: doesn't show hand 
*** SUMMARY ***
Total pot 80 | Rake 0 
Seat 1: Csader (button) (small blind) folded before Flop
Seat 2: Mahu2021 (big blind) collected (80)



PokerStars Hand #243172247750: Tournament #3579351161, $0.92+$0.08 USD Hold'em No Limit - Level V (40/80) - 2023/04/18 19:32:07 CET [2023/04/18 13:32:07 ET]
Table '3579351161 1' 3-max Seat #2 is the button
Seat 1: Csader (516 in chips) 
Seat 2: Mahu2021 (984 in chips) 
Mahu2021: posts small blind 40
Csader: posts big blind 80
*** HOLE CARDS ***
Dealt to Mahu2021 [8c 5h]
Mahu2021: folds 
Uncalled bet (40) returned to Csader
Csader collected 80 from pot
Csader: doesn't show hand 
*** SUMMARY ***
Total pot 80 | Rake 0 
Seat 1: Csader (big blind) collected (80)
Seat 2: Mahu2021 (button) (small blind) folded before Flop



PokerStars Hand #243172249235: Tournament #3579351161, $0.92+$0.08 USD Hold'em No Limit - Level V (40/80) - 2023/04/18 19:32:12 CET [2023/04/18 13:32:12 ET]
Table '3579351161 1' 3-max Seat #1 is the button
Seat 1: Csader (556 in chips) 
Seat 2: Mahu2021 (944 in chips) 
Csader: posts small blind 40
Mahu2021: posts big blind 80
*** HOLE CARDS ***
Dealt to Mahu2021 [5d 8s]
Csader: calls 40
Mahu2021: checks 
*** FLOP *** [Ah Kh 7c]
Mahu2021: checks 
Csader: checks 
*** TURN *** [Ah Kh 7c] [Ac]
Mahu2021: checks 
Csader: bets 80
Mahu2021: folds 
Uncalled bet (80) returned to Csader
Csader collected 160 from pot
Csader: doesn't show hand 
*** SUMMARY ***
Total pot 160 | Rake 0 
Board [Ah Kh 7c Ac]
Seat 1: Csader (button) (small blind) collected (160)
Seat 2: Mahu2021 (big blind) folded on the Turn



PokerStars Hand #243172254402: Tournament #3579351161, $0.92+$0.08 USD Hold'em No Limit - Level V (40/80) - 2023/04/18 19:32:27 CET [2023/04/18 13:32:27 ET]
Table '3579351161 1' 3-max Seat #2 is the button
Seat 1: Csader (636 in chips) 
Seat 2: Mahu2021 (864 in chips) 
Mahu2021: posts small blind 40
Csader: posts big blind 80
*** HOLE CARDS ***
Dealt to Mahu2021 [6h 8c]
Mahu2021: folds 
Uncalled bet (40) returned to Csader
Csader collected 80 from pot
Csader: doesn't show hand 
*** SUMMARY ***
Total pot 80 | Rake 0 
Seat 1: Csader (big blind) collected (80)
Seat 2: Mahu2021 (button) (small blind) folded before Flop



PokerStars Hand #243172255953: Tournament #3579351161, $0.92+$0.08 USD Hold'em No Limit - Level V (40/80) - 2023/04/18 19:32:32 CET [2023/04/18 13:32:32 ET]
Table '3579351161 1' 3-max Seat #1 is the button
Seat 1: Csader (676 in chips) 
Seat 2: Mahu2021 (824 in chips) 
Csader: posts small blind 40
Mahu2021: posts big blind 80
*** HOLE CARDS ***
Dealt to Mahu2021 [3h Js]
Csader: folds 
Uncalled bet (40) returned to Mahu2021
Mahu2021 collected 80 from pot
Mahu2021: doesn't show hand 
*** SUMMARY ***
Total pot 80 | Rake 0 
Seat 1: Csader (button) (small blind) folded before Flop
Seat 2: Mahu2021 (big blind) collected (80)



PokerStars Hand #243172257585: Tournament #3579351161, $0.92+$0.08 USD Hold'em No Limit - Level V (40/80) - 2023/04/18 19:32:36 CET [2023/04/18 13:32:36 ET]
Table '3579351161 1' 3-max Seat #2 is the button
Seat 1: Csader (636 in chips) 
Seat 2: Mahu2021 (864 in chips) 
Mahu2021: posts small blind 40
Csader: posts big blind 80
*** HOLE CARDS ***
Dealt to Mahu2021 [3d Ks]
Mahu2021: calls 40
Csader: checks 
*** FLOP *** [9s Qs Kc]
Csader: checks 
Mahu2021: bets 80
Csader: folds 
Uncalled bet (80) returned to Mahu2021
Mahu2021 collected 160 from pot
Mahu2021: doesn't show hand 
*** SUMMARY ***
Total pot 160 | Rake 0 
Board [9s Qs Kc]
Seat 1: Csader (big blind) folded on the Flop
Seat 2: Mahu2021 (button) (small blind) collected (160)



PokerStars Hand #243172262962: Tournament #3579351161, $0.92+$0.08 USD Hold'em No Limit - Level V (40/80) - 2023/04/18 19:32:52 CET [2023/04/18 13:32:52 ET]
Table '3579351161 1' 3-max Seat #1 is the button
Seat 1: Csader (556 in chips) 
Seat 2: Mahu2021 (944 in chips) 
Csader: posts small blind 40
Mahu2021: posts big blind 80
*** HOLE CARDS ***
Dealt to Mahu2021 [Js 8d]
Csader: calls 40
Mahu2021: checks 
*** FLOP *** [2c 8h 5s]
Mahu2021: bets 864 and is all-in
Csader: folds 
Uncalled bet (864) returned to Mahu2021
Mahu2021 collected 160 from pot
Mahu2021: doesn't show hand 
*** SUMMARY ***
Total pot 160 | Rake 0 
Board [2c 8h 5s]
Seat 1: Csader (button) (small blind) folded on the Flop
Seat 2: Mahu2021 (big blind) collected (160)



PokerStars Hand #243172267811: Tournament #3579351161, $0.92+$0.08 USD Hold'em No Limit - Level VI (50/100) - 2023/04/18 19:33:06 CET [2023/04/18 13:33:06 ET]
Table '3579351161 1' 3-max Seat #2 is the button
Seat 1: Csader (476 in chips) 
Seat 2: Mahu2021 (1024 in chips) 
Mahu2021: posts small blind 50
Csader: posts big blind 100
*** HOLE CARDS ***
Dealt to Mahu2021 [Jh 4h]
Mahu2021: calls 50
Csader: raises 376 to 476 and is all-in
Mahu2021: folds 
Uncalled bet (376) returned to Csader
Csader collected 200 from pot
Csader: doesn't show hand 
*** SUMMARY ***
Total pot 200 | Rake 0 
Seat 1: Csader (big blind) collected (200)
Seat 2: Mahu2021 (button) (small blind) folded before Flop



PokerStars Hand #243172270743: Tournament #3579351161, $0.92+$0.08 USD Hold'em No Limit - Level VI (50/100) - 2023/04/18 19:33:14 CET [2023/04/18 13:33:14 ET]
Table '3579351161 1' 3-max Seat #1 is the button
Seat 1: Csader (576 in chips) 
Seat 2: Mahu2021 (924 in chips) 
Csader: posts small blind 50
Mahu2021: posts big blind 100
*** HOLE CARDS ***
Dealt to Mahu2021 [2c Ah]
Csader: folds 
Uncalled bet (50) returned to Mahu2021
Mahu2021 collected 100 from pot
Mahu2021: doesn't show hand 
*** SUMMARY ***
Total pot 100 | Rake 0 
Seat 1: Csader (button) (small blind) folded before Flop
Seat 2: Mahu2021 (big blind) collected (100)



PokerStars Hand #243172272664: Tournament #3579351161, $0.92+$0.08 USD Hold'em No Limit - Level VI (50/100) - 2023/04/18 19:33:20 CET [2023/04/18 13:33:20 ET]
Table '3579351161 1' 3-max Seat #2 is the button
Seat 1: Csader (526 in chips) 
Seat 2: Mahu2021 (974 in chips) 
Mahu2021: posts small blind 50
Csader: posts big blind 100
*** HOLE CARDS ***
Dealt to Mahu2021 [8h Qc]
Mahu2021: raises 874 to 974 and is all-in
Csader: folds 
Uncalled bet (874) returned to Mahu2021
Mahu2021 collected 200 from pot
Mahu2021: doesn't show hand 
*** SUMMARY ***
Total pot 200 | Rake 0 
Seat 1: Csader (big blind) folded before Flop
Seat 2: Mahu2021 (button) (small blind) collected (200)



PokerStars Hand #243172274682: Tournament #3579351161, $0.92+$0.08 USD Hold'em No Limit - Level VI (50/100) - 2023/04/18 19:33:26 CET [2023/04/18 13:33:26 ET]
Table '3579351161 1' 3-max Seat #1 is the button
Seat 1: Csader (426 in chips) 
Seat 2: Mahu2021 (1074 in chips) 
Csader: posts small blind 50
Mahu2021: posts big blind 100
*** HOLE CARDS ***
Dealt to Mahu2021 [3h Tc]
Csader: raises 326 to 426 and is all-in
Mahu2021: folds 
Uncalled bet (326) returned to Csader
Csader collected 200 from pot
Csader: doesn't show hand 
*** SUMMARY ***
Total pot 200 | Rake 0 
Seat 1: Csader (button) (small blind) collected (200)
Seat 2: Mahu2021 (big blind) folded before Flop



PokerStars Hand #243172276757: Tournament #3579351161, $0.92+$0.08 USD Hold'em No Limit - Level VI (50/100) - 2023/04/18 19:33:32 CET [2023/04/18 13:33:32 ET]
Table '3579351161 1' 3-max Seat #2 is the button
Seat 1: Csader (526 in chips) 
Seat 2: Mahu2021 (974 in chips) 
Mahu2021: posts small blind 50
Csader: posts big blind 100
*** HOLE CARDS ***
Dealt to Mahu2021 [3d 9h]
Mahu2021: folds 
Uncalled bet (50) returned to Csader
Csader collected 100 from pot
Csader: doesn't show hand 
*** SUMMARY ***
Total pot 100 | Rake 0 
Seat 1: Csader (big blind) collected (100)
Seat 2: Mahu2021 (button) (small blind) folded before Flop



PokerStars Hand #243172278434: Tournament #3579351161, $0.92+$0.08 USD Hold'em No Limit - Level VI (50/100) - 2023/04/18 19:33:37 CET [2023/04/18 13:33:37 ET]
Table '3579351161 1' 3-max Seat #1 is the button
Seat 1: Csader (576 in chips) 
Seat 2: Mahu2021 (924 in chips) 
Csader: posts small blind 50
Mahu2021: posts big blind 100
*** HOLE CARDS ***
Dealt to Mahu2021 [8s Jc]
Csader: raises 476 to 576 and is all-in
Mahu2021: folds 
Uncalled bet (476) returned to Csader
Csader collected 200 from pot
Csader: doesn't show hand 
*** SUMMARY ***
Total pot 200 | Rake 0 
Seat 1: Csader (button) (small blind) collected (200)
Seat 2: Mahu2021 (big blind) folded before Flop



PokerStars Hand #243172281024: Tournament #3579351161, $0.92+$0.08 USD Hold'em No Limit - Level VI (50/100) - 2023/04/18 19:33:44 CET [2023/04/18 13:33:44 ET]
Table '3579351161 1' 3-max Seat #2 is the button
Seat 1: Csader (676 in chips) 
Seat 2: Mahu2021 (824 in chips) 
Mahu2021: posts small blind 50
Csader: posts big blind 100
*** HOLE CARDS ***
Dealt to Mahu2021 [Ac 8d]
Mahu2021: raises 724 to 824 and is all-in
Csader: folds 
Uncalled bet (724) returned to Mahu2021
Mahu2021 collected 200 from pot
Mahu2021: doesn't show hand 
*** SUMMARY ***
Total pot 200 | Rake 0 
Seat 1: Csader (big blind) folded before Flop
Seat 2: Mahu2021 (button) (small blind) collected (200)



PokerStars Hand #243172283636: Tournament #3579351161, $0.92+$0.08 USD Hold'em No Limit - Level VI (50/100) - 2023/04/18 19:33:52 CET [2023/04/18 13:33:52 ET]
Table '3579351161 1' 3-max Seat #1 is the button
Seat 1: Csader (576 in chips) 
Seat 2: Mahu2021 (924 in chips) 
Csader: posts small blind 50
Mahu2021: posts big blind 100
*** HOLE CARDS ***
Dealt to Mahu2021 [Ks 4s]
Csader: folds 
Uncalled bet (50) returned to Mahu2021
Mahu2021 collected 100 from pot
Mahu2021: doesn't show hand 
*** SUMMARY ***
Total pot 100 | Rake 0 
Seat 1: Csader (button) (small blind) folded before Flop
Seat 2: Mahu2021 (big blind) collected (100)



PokerStars Hand #243172285288: Tournament #3579351161, $0.92+$0.08 USD Hold'em No Limit - Level VI (50/100) - 2023/04/18 19:33:57 CET [2023/04/18 13:33:57 ET]
Table '3579351161 1' 3-max Seat #2 is the button
Seat 1: Csader (526 in chips) 
Seat 2: Mahu2021 (974 in chips) 
Mahu2021: posts small blind 50
Csader: posts big blind 100
*** HOLE CARDS ***
Dealt to Mahu2021 [9s 7h]
Mahu2021: raises 874 to 974 and is all-in
Csader: folds 
Uncalled bet (874) returned to Mahu2021
Mahu2021 collected 200 from pot
Mahu2021: doesn't show hand 
*** SUMMARY ***
Total pot 200 | Rake 0 
Seat 1: Csader (big blind) folded before Flop
Seat 2: Mahu2021 (button) (small blind) collected (200)



PokerStars Hand #243172287639: Tournament #3579351161, $0.92+$0.08 USD Hold'em No Limit - Level VI (50/100) - 2023/04/18 19:34:04 CET [2023/04/18 13:34:04 ET]
Table '3579351161 1' 3-max Seat #1 is the button
Seat 1: Csader (426 in chips) 
Seat 2: Mahu2021 (1074 in chips) 
Csader: posts small blind 50
Mahu2021: posts big blind 100
*** HOLE CARDS ***
Dealt to Mahu2021 [Jd 6s]
Csader: folds 
Uncalled bet (50) returned to Mahu2021
Mahu2021 collected 100 from pot
Mahu2021: doesn't show hand 
*** SUMMARY ***
Total pot 100 | Rake 0 
Seat 1: Csader (button) (small blind) folded before Flop
Seat 2: Mahu2021 (big blind) collected (100)



PokerStars Hand #243172289573: Tournament #3579351161, $0.92+$0.08 USD Hold'em No Limit - Level VI (50/100) - 2023/04/18 19:34:09 CET [2023/04/18 13:34:09 ET]
Table '3579351161 1' 3-max Seat #2 is the button
Seat 1: Csader (376 in chips) 
Seat 2: Mahu2021 (1124 in chips) 
Mahu2021: posts small blind 50
Csader: posts big blind 100
*** HOLE CARDS ***
Dealt to Mahu2021 [8c 8d]
Mahu2021: raises 1024 to 1124 and is all-in
Csader: folds 
Uncalled bet (1024) returned to Mahu2021
Mahu2021 collected 200 from pot
Mahu2021: doesn't show hand 
*** SUMMARY ***
Total pot 200 | Rake 0 
Seat 1: Csader (big blind) folded before Flop
Seat 2: Mahu2021 (button) (small blind) collected (200)



PokerStars Hand #243172292285: Tournament #3579351161, $0.92+$0.08 USD Hold'em No Limit - Level VI (50/100) - 2023/04/18 19:34:18 CET [2023/04/18 13:34:18 ET]
Table '3579351161 1' 3-max Seat #1 is the button
Seat 1: Csader (276 in chips) 
Seat 2: Mahu2021 (1224 in chips) 
Csader: posts small blind 50
Mahu2021: posts big blind 100
*** HOLE CARDS ***
Dealt to Mahu2021 [Ac Qh]
Csader: raises 176 to 276 and is all-in
Mahu2021: calls 176
*** FLOP *** [2d 9s As]
*** TURN *** [2d 9s As] [5s]
*** RIVER *** [2d 9s As 5s] [Tc]
*** SHOW DOWN ***
Mahu2021: shows [Ac Qh] (a pair of Aces)
Csader: shows [Ad Ks] (a pair of Aces - King kicker)
Csader collected 552 from pot
*** SUMMARY ***
Total pot 552 | Rake 0 
Board [2d 9s As 5s Tc]
Seat 1: Csader (button) (small blind) showed [Ad Ks] and won (552) with a pair of Aces
Seat 2: Mahu2021 (big blind) showed [Ac Qh] and lost with a pair of Aces



PokerStars Hand #243172296500: Tournament #3579351161, $0.92+$0.08 USD Hold'em No Limit - Level VI (50/100) - 2023/04/18 19:34:30 CET [2023/04/18 13:34:30 ET]
Table '3579351161 1' 3-max Seat #2 is the button
Seat 1: Csader (552 in chips) 
Seat 2: Mahu2021 (948 in chips) 
Mahu2021: posts small blind 50
Csader: posts big blind 100
*** HOLE CARDS ***
Dealt to Mahu2021 [Jc 6s]
Mahu2021: calls 50
Csader: checks 
*** FLOP *** [9s 8h 7h]
Csader: checks 
Mahu2021: bets 848 and is all-in
Csader: folds 
Uncalled bet (848) returned to Mahu2021
Mahu2021 collected 200 from pot
Mahu2021: doesn't show hand 
*** SUMMARY ***
Total pot 200 | Rake 0 
Board [9s 8h 7h]
Seat 1: Csader (big blind) folded on the Flop
Seat 2: Mahu2021 (button) (small blind) collected (200)



PokerStars Hand #243172300636: Tournament #3579351161, $0.92+$0.08 USD Hold'em No Limit - Level VI (50/100) - 2023/04/18 19:34:42 CET [2023/04/18 13:34:42 ET]
Table '3579351161 1' 3-max Seat #1 is the button
Seat 1: Csader (452 in chips) 
Seat 2: Mahu2021 (1048 in chips) 
Csader: posts small blind 50
Mahu2021: posts big blind 100
*** HOLE CARDS ***
Dealt to Mahu2021 [4c 9c]
Csader: raises 352 to 452 and is all-in
Mahu2021: folds 
Uncalled bet (352) returned to Csader
Csader collected 200 from pot
Csader: doesn't show hand 
*** SUMMARY ***
Total pot 200 | Rake 0 
Seat 1: Csader (button) (small blind) collected (200)
Seat 2: Mahu2021 (big blind) folded before Flop



PokerStars Hand #243172302952: Tournament #3579351161, $0.92+$0.08 USD Hold'em No Limit - Level VI (50/100) - 2023/04/18 19:34:48 CET [2023/04/18 13:34:48 ET]
Table '3579351161 1' 3-max Seat #2 is the button
Seat 1: Csader (552 in chips) 
Seat 2: Mahu2021 (948 in chips) 
Mahu2021: posts small blind 50
Csader: posts big blind 100
*** HOLE CARDS ***
Dealt to Mahu2021 [6c 7h]
Mahu2021: calls 50
Csader: checks 
*** FLOP *** [4c 3s 6s]
Csader: bets 452 and is all-in
Mahu2021: calls 452
*** TURN *** [4c 3s 6s] [Js]
*** RIVER *** [4c 3s 6s Js] [Ts]
*** SHOW DOWN ***
Csader: shows [4h 5h] (a pair of Fours)
Mahu2021: shows [6c 7h] (a pair of Sixes)
Mahu2021 collected 1104 from pot
Csader finished the tournament in 2nd place
Mahu2021 wins the tournament and receives $2.00 - congratulations!
*** SUMMARY ***
Total pot 1104 | Rake 0 
Board [4c 3s 6s Js Ts]
Seat 1: Csader (big blind) showed [4h 5h] and lost with a pair of Fours
Seat 2: Mahu2021 (button) (small blind) showed [6c 7h] and won (1104) with a pair of Sixes



