PokerStars Hand #244127418894: Tournament #3601094001, $0.92+$0.08 USD Hold'em No Limit - Level I (10/20) - 2023/06/06 21:17:17 CET [2023/06/06 15:17:17 ET]
Table '3601094001 1' 3-max Seat #1 is the button
Seat 1: xico gama (500 in chips) 
Seat 2: Mahu2021 (500 in chips) 
Seat 3: gtW420 (500 in chips) 
Mahu2021: posts small blind 10
gtW420: posts big blind 20
*** HOLE CARDS ***
Dealt to Mahu2021 [Qs Qh]
xico gama: raises 480 to 500 and is all-in
Mahu2021: calls 490 and is all-in
gtW420: folds 
*** FLOP *** [Ks 5d Kc]
*** TURN *** [Ks 5d Kc] [8s]
*** RIVER *** [Ks 5d Kc 8s] [7c]
*** SHOW DOWN ***
Mahu2021: shows [Qs Qh] (two pair, Kings and Queens)
xico gama: shows [As 3h] (a pair of Kings)
Mahu2021 collected 1020 from pot
xico gama finished the tournament in 3rd place
*** SUMMARY ***
Total pot 1020 | Rake 0 
Board [Ks 5d Kc 8s 7c]
Seat 1: xico gama (button) showed [As 3h] and lost with a pair of Kings
Seat 2: Mahu2021 (small blind) showed [Qs Qh] and won (1020) with two pair, Kings and Queens
Seat 3: gtW420 (big blind) folded before Flop



PokerStars Hand #244127424729: Tournament #3601094001, $0.92+$0.08 USD Hold'em No Limit - Level I (10/20) - 2023/06/06 21:17:33 CET [2023/06/06 15:17:33 ET]
Table '3601094001 1' 3-max Seat #3 is the button
Seat 2: Mahu2021 (1020 in chips) 
Seat 3: gtW420 (480 in chips) 
gtW420: posts small blind 10
Mahu2021: posts big blind 20
*** HOLE CARDS ***
Dealt to Mahu2021 [2h Jh]
gtW420: calls 10
Mahu2021: checks 
*** FLOP *** [Qc Ac Kc]
Mahu2021: checks 
gtW420: bets 20
Mahu2021: folds 
Uncalled bet (20) returned to gtW420
gtW420 collected 40 from pot
gtW420: doesn't show hand 
*** SUMMARY ***
Total pot 40 | Rake 0 
Board [Qc Ac Kc]
Seat 2: Mahu2021 (big blind) folded on the Flop
Seat 3: gtW420 (button) (small blind) collected (40)



PokerStars Hand #244127428936: Tournament #3601094001, $0.92+$0.08 USD Hold'em No Limit - Level I (10/20) - 2023/06/06 21:17:45 CET [2023/06/06 15:17:45 ET]
Table '3601094001 1' 3-max Seat #2 is the button
Seat 2: Mahu2021 (1000 in chips) 
Seat 3: gtW420 (500 in chips) 
Mahu2021: posts small blind 10
gtW420: posts big blind 20
*** HOLE CARDS ***
Dealt to Mahu2021 [4c Ks]
Mahu2021: calls 10
gtW420: checks 
*** FLOP *** [9s Ac 6s]
gtW420: checks 
Mahu2021: bets 20
gtW420: folds 
Uncalled bet (20) returned to Mahu2021
Mahu2021 collected 40 from pot
Mahu2021: doesn't show hand 
*** SUMMARY ***
Total pot 40 | Rake 0 
Board [9s Ac 6s]
Seat 2: Mahu2021 (button) (small blind) collected (40)
Seat 3: gtW420 (big blind) folded on the Flop



PokerStars Hand #244127432804: Tournament #3601094001, $0.92+$0.08 USD Hold'em No Limit - Level I (10/20) - 2023/06/06 21:17:56 CET [2023/06/06 15:17:56 ET]
Table '3601094001 1' 3-max Seat #3 is the button
Seat 2: Mahu2021 (1020 in chips) 
Seat 3: gtW420 (480 in chips) 
gtW420: posts small blind 10
Mahu2021: posts big blind 20
*** HOLE CARDS ***
Dealt to Mahu2021 [4d 6c]
gtW420: calls 10
Mahu2021: checks 
*** FLOP *** [8d 4h 5h]
Mahu2021: bets 20
gtW420: folds 
Uncalled bet (20) returned to Mahu2021
Mahu2021 collected 40 from pot
Mahu2021: doesn't show hand 
*** SUMMARY ***
Total pot 40 | Rake 0 
Board [8d 4h 5h]
Seat 2: Mahu2021 (big blind) collected (40)
Seat 3: gtW420 (button) (small blind) folded on the Flop



PokerStars Hand #244127438056: Tournament #3601094001, $0.92+$0.08 USD Hold'em No Limit - Level I (10/20) - 2023/06/06 21:18:11 CET [2023/06/06 15:18:11 ET]
Table '3601094001 1' 3-max Seat #2 is the button
Seat 2: Mahu2021 (1040 in chips) 
Seat 3: gtW420 (460 in chips) 
Mahu2021: posts small blind 10
gtW420: posts big blind 20
*** HOLE CARDS ***
Dealt to Mahu2021 [Ts 9h]
Mahu2021: calls 10
gtW420: checks 
*** FLOP *** [Tc 6s 3h]
gtW420: bets 40
Mahu2021: calls 40
*** TURN *** [Tc 6s 3h] [9s]
gtW420: bets 80
Mahu2021: raises 280 to 360
gtW420: folds 
Uncalled bet (280) returned to Mahu2021
Mahu2021 collected 280 from pot
Mahu2021: doesn't show hand 
*** SUMMARY ***
Total pot 280 | Rake 0 
Board [Tc 6s 3h 9s]
Seat 2: Mahu2021 (button) (small blind) collected (280)
Seat 3: gtW420 (big blind) folded on the Turn



PokerStars Hand #244127443927: Tournament #3601094001, $0.92+$0.08 USD Hold'em No Limit - Level I (10/20) - 2023/06/06 21:18:28 CET [2023/06/06 15:18:28 ET]
Table '3601094001 1' 3-max Seat #3 is the button
Seat 2: Mahu2021 (1180 in chips) 
Seat 3: gtW420 (320 in chips) 
gtW420: posts small blind 10
Mahu2021: posts big blind 20
*** HOLE CARDS ***
Dealt to Mahu2021 [Jd Kh]
gtW420: calls 10
Mahu2021: checks 
*** FLOP *** [2h Jc 4s]
Mahu2021: bets 20
gtW420: raises 20 to 40
Mahu2021: raises 120 to 160
gtW420: raises 140 to 300 and is all-in
Mahu2021: calls 140
*** TURN *** [2h Jc 4s] [4c]
*** RIVER *** [2h Jc 4s 4c] [8c]
*** SHOW DOWN ***
Mahu2021: shows [Jd Kh] (two pair, Jacks and Fours)
gtW420: shows [5s Jh] (two pair, Jacks and Fours - lower kicker)
Mahu2021 collected 640 from pot
gtW420 finished the tournament in 2nd place
Mahu2021 wins the tournament and receives $3.00 - congratulations!
*** SUMMARY ***
Total pot 640 | Rake 0 
Board [2h Jc 4s 4c 8c]
Seat 2: Mahu2021 (big blind) showed [Jd Kh] and won (640) with two pair, Jacks and Fours
Seat 3: gtW420 (button) (small blind) showed [5s Jh] and lost with two pair, Jacks and Fours



