PokerStars Hand #246422082259: Tournament #3655767476, $0.92+$0.08 USD Hold'em No Limit - Level I (10/20) - 2023/10/08 18:33:09 CET [2023/10/08 12:33:09 ET]
Table '3655767476 1' 3-max Seat #1 is the button
Seat 1: kapa77777 (500 in chips) 
Seat 2: Zyzz97169 (500 in chips) 
Seat 3: Mahu2021 (500 in chips) 
Zyzz97169: posts small blind 10
Mahu2021: posts big blind 20
*** HOLE CARDS ***
Dealt to Mahu2021 [Jc Ts]
kapa77777: calls 20
Zyzz97169: raises 20 to 40
Mahu2021: calls 20
kapa77777: calls 20
*** FLOP *** [Td 6c 4d]
Zyzz97169: bets 40
Mahu2021: calls 40
kapa77777: folds 
*** TURN *** [Td 6c 4d] [As]
Zyzz97169: bets 20
Mahu2021: calls 20
*** RIVER *** [Td 6c 4d As] [Qc]
Zyzz97169: checks 
Mahu2021: checks 
*** SHOW DOWN ***
Zyzz97169: shows [5c 9c] (high card Ace)
Mahu2021: shows [Jc Ts] (a pair of Tens)
Mahu2021 collected 240 from pot
*** SUMMARY ***
Total pot 240 | Rake 0 
Board [Td 6c 4d As Qc]
Seat 1: kapa77777 (button) folded on the Flop
Seat 2: Zyzz97169 (small blind) showed [5c 9c] and lost with high card Ace
Seat 3: Mahu2021 (big blind) showed [Jc Ts] and won (240) with a pair of Tens



PokerStars Hand #246422091528: Tournament #3655767476, $0.92+$0.08 USD Hold'em No Limit - Level I (10/20) - 2023/10/08 18:33:37 CET [2023/10/08 12:33:37 ET]
Table '3655767476 1' 3-max Seat #2 is the button
Seat 1: kapa77777 (460 in chips) 
Seat 2: Zyzz97169 (400 in chips) 
Seat 3: Mahu2021 (640 in chips) 
Mahu2021: posts small blind 10
kapa77777: posts big blind 20
*** HOLE CARDS ***
Dealt to Mahu2021 [Ac 8c]
Zyzz97169: folds 
Mahu2021: calls 10
kapa77777: checks 
*** FLOP *** [3c 6d 6s]
Mahu2021: bets 20
kapa77777: folds 
Uncalled bet (20) returned to Mahu2021
Mahu2021 collected 40 from pot
Mahu2021: doesn't show hand 
*** SUMMARY ***
Total pot 40 | Rake 0 
Board [3c 6d 6s]
Seat 1: kapa77777 (big blind) folded on the Flop
Seat 2: Zyzz97169 (button) folded before Flop (didn't bet)
Seat 3: Mahu2021 (small blind) collected (40)



PokerStars Hand #246422097819: Tournament #3655767476, $0.92+$0.08 USD Hold'em No Limit - Level I (10/20) - 2023/10/08 18:33:57 CET [2023/10/08 12:33:57 ET]
Table '3655767476 1' 3-max Seat #3 is the button
Seat 1: kapa77777 (440 in chips) 
Seat 2: Zyzz97169 (400 in chips) 
Seat 3: Mahu2021 (660 in chips) 
kapa77777: posts small blind 10
Zyzz97169: posts big blind 20
*** HOLE CARDS ***
Dealt to Mahu2021 [7d Ad]
Mahu2021: raises 20 to 40
kapa77777: folds 
Zyzz97169: calls 20
*** FLOP *** [Ac Qd 7s]
Zyzz97169: checks 
Mahu2021: checks 
*** TURN *** [Ac Qd 7s] [8d]
Zyzz97169: checks 
Mahu2021: checks 
*** RIVER *** [Ac Qd 7s 8d] [8c]
Zyzz97169: checks 
Mahu2021: bets 90
Zyzz97169: calls 90
*** SHOW DOWN ***
Mahu2021: shows [7d Ad] (two pair, Aces and Eights)
Zyzz97169: mucks hand 
Mahu2021 collected 270 from pot
*** SUMMARY ***
Total pot 270 | Rake 0 
Board [Ac Qd 7s 8d 8c]
Seat 1: kapa77777 (small blind) folded before Flop
Seat 2: Zyzz97169 (big blind) mucked [2h 6h]
Seat 3: Mahu2021 (button) showed [7d Ad] and won (270) with two pair, Aces and Eights



PokerStars Hand #246422107749: Tournament #3655767476, $0.92+$0.08 USD Hold'em No Limit - Level I (10/20) - 2023/10/08 18:34:27 CET [2023/10/08 12:34:27 ET]
Table '3655767476 1' 3-max Seat #1 is the button
Seat 1: kapa77777 (430 in chips) 
Seat 2: Zyzz97169 (270 in chips) 
Seat 3: Mahu2021 (800 in chips) 
Zyzz97169: posts small blind 10
Mahu2021: posts big blind 20
*** HOLE CARDS ***
Dealt to Mahu2021 [6s 3d]
kapa77777: folds 
Zyzz97169: folds 
Uncalled bet (10) returned to Mahu2021
Mahu2021 collected 20 from pot
Mahu2021: doesn't show hand 
*** SUMMARY ***
Total pot 20 | Rake 0 
Seat 1: kapa77777 (button) folded before Flop (didn't bet)
Seat 2: Zyzz97169 (small blind) folded before Flop
Seat 3: Mahu2021 (big blind) collected (20)



PokerStars Hand #246422110127: Tournament #3655767476, $0.92+$0.08 USD Hold'em No Limit - Level I (10/20) - 2023/10/08 18:34:34 CET [2023/10/08 12:34:34 ET]
Table '3655767476 1' 3-max Seat #2 is the button
Seat 1: kapa77777 (430 in chips) 
Seat 2: Zyzz97169 (260 in chips) 
Seat 3: Mahu2021 (810 in chips) 
Mahu2021: posts small blind 10
kapa77777: posts big blind 20
*** HOLE CARDS ***
Dealt to Mahu2021 [Qs 6s]
Zyzz97169: folds 
Mahu2021: calls 10
kapa77777: checks 
*** FLOP *** [2s Ah Qd]
Mahu2021: bets 20
kapa77777: calls 20
*** TURN *** [2s Ah Qd] [8h]
Mahu2021: checks 
kapa77777: bets 80
Mahu2021: folds 
Uncalled bet (80) returned to kapa77777
kapa77777 collected 80 from pot
*** SUMMARY ***
Total pot 80 | Rake 0 
Board [2s Ah Qd 8h]
Seat 1: kapa77777 (big blind) collected (80)
Seat 2: Zyzz97169 (button) folded before Flop (didn't bet)
Seat 3: Mahu2021 (small blind) folded on the Turn



PokerStars Hand #246422117390: Tournament #3655767476, $0.92+$0.08 USD Hold'em No Limit - Level I (10/20) - 2023/10/08 18:34:56 CET [2023/10/08 12:34:56 ET]
Table '3655767476 1' 3-max Seat #3 is the button
Seat 1: kapa77777 (470 in chips) 
Seat 2: Zyzz97169 (260 in chips) 
Seat 3: Mahu2021 (770 in chips) 
kapa77777: posts small blind 10
Zyzz97169: posts big blind 20
*** HOLE CARDS ***
Dealt to Mahu2021 [Ts 4c]
Mahu2021: folds 
kapa77777: calls 10
Zyzz97169: checks 
*** FLOP *** [5c Qd As]
kapa77777: checks 
Zyzz97169: bets 20
kapa77777: calls 20
*** TURN *** [5c Qd As] [6s]
kapa77777: checks 
Zyzz97169: bets 20
kapa77777: folds 
Uncalled bet (20) returned to Zyzz97169
Zyzz97169 collected 80 from pot
Zyzz97169: doesn't show hand 
*** SUMMARY ***
Total pot 80 | Rake 0 
Board [5c Qd As 6s]
Seat 1: kapa77777 (small blind) folded on the Turn
Seat 2: Zyzz97169 (big blind) collected (80)
Seat 3: Mahu2021 (button) folded before Flop (didn't bet)



PokerStars Hand #246422126194: Tournament #3655767476, $0.92+$0.08 USD Hold'em No Limit - Level II (15/30) - 2023/10/08 18:35:23 CET [2023/10/08 12:35:23 ET]
Table '3655767476 1' 3-max Seat #1 is the button
Seat 1: kapa77777 (430 in chips) 
Seat 2: Zyzz97169 (300 in chips) 
Seat 3: Mahu2021 (770 in chips) 
Zyzz97169: posts small blind 15
Mahu2021: posts big blind 30
*** HOLE CARDS ***
Dealt to Mahu2021 [8d Th]
kapa77777: raises 75 to 105
Zyzz97169: folds 
Mahu2021: folds 
Uncalled bet (75) returned to kapa77777
kapa77777 collected 75 from pot
*** SUMMARY ***
Total pot 75 | Rake 0 
Seat 1: kapa77777 (button) collected (75)
Seat 2: Zyzz97169 (small blind) folded before Flop
Seat 3: Mahu2021 (big blind) folded before Flop



PokerStars Hand #246422129743: Tournament #3655767476, $0.92+$0.08 USD Hold'em No Limit - Level II (15/30) - 2023/10/08 18:35:34 CET [2023/10/08 12:35:34 ET]
Table '3655767476 1' 3-max Seat #2 is the button
Seat 1: kapa77777 (475 in chips) 
Seat 2: Zyzz97169 (285 in chips) 
Seat 3: Mahu2021 (740 in chips) 
Mahu2021: posts small blind 15
kapa77777: posts big blind 30
*** HOLE CARDS ***
Dealt to Mahu2021 [8h 7h]
Zyzz97169: folds 
Mahu2021: raises 30 to 60
kapa77777: folds 
Uncalled bet (30) returned to Mahu2021
Mahu2021 collected 60 from pot
Mahu2021: doesn't show hand 
*** SUMMARY ***
Total pot 60 | Rake 0 
Seat 1: kapa77777 (big blind) folded before Flop
Seat 2: Zyzz97169 (button) folded before Flop (didn't bet)
Seat 3: Mahu2021 (small blind) collected (60)



PokerStars Hand #246422134983: Tournament #3655767476, $0.92+$0.08 USD Hold'em No Limit - Level II (15/30) - 2023/10/08 18:35:50 CET [2023/10/08 12:35:50 ET]
Table '3655767476 1' 3-max Seat #3 is the button
Seat 1: kapa77777 (445 in chips) 
Seat 2: Zyzz97169 (285 in chips) 
Seat 3: Mahu2021 (770 in chips) 
kapa77777: posts small blind 15
Zyzz97169: posts big blind 30
*** HOLE CARDS ***
Dealt to Mahu2021 [9d 7s]
Mahu2021: folds 
kapa77777: raises 30 to 60
Zyzz97169: raises 30 to 90
kapa77777: raises 30 to 120
Zyzz97169: raises 30 to 150
kapa77777: raises 30 to 180
Zyzz97169: raises 30 to 210
kapa77777: raises 30 to 240
Zyzz97169: raises 30 to 270
kapa77777: raises 30 to 300
Zyzz97169: calls 15 and is all-in
Uncalled bet (15) returned to kapa77777
*** FLOP *** [6s Qd Ad]
*** TURN *** [6s Qd Ad] [Kd]
*** RIVER *** [6s Qd Ad Kd] [2c]
*** SHOW DOWN ***
kapa77777: shows [Jc Jd] (a pair of Jacks)
Zyzz97169: shows [5c Ks] (a pair of Kings)
Zyzz97169 collected 570 from pot
*** SUMMARY ***
Total pot 570 | Rake 0 
Board [6s Qd Ad Kd 2c]
Seat 1: kapa77777 (small blind) showed [Jc Jd] and lost with a pair of Jacks
Seat 2: Zyzz97169 (big blind) showed [5c Ks] and won (570) with a pair of Kings
Seat 3: Mahu2021 (button) folded before Flop (didn't bet)



PokerStars Hand #246422143954: Tournament #3655767476, $0.92+$0.08 USD Hold'em No Limit - Level II (15/30) - 2023/10/08 18:36:17 CET [2023/10/08 12:36:17 ET]
Table '3655767476 1' 3-max Seat #1 is the button
Seat 1: kapa77777 (160 in chips) 
Seat 2: Zyzz97169 (570 in chips) 
Seat 3: Mahu2021 (770 in chips) 
Zyzz97169: posts small blind 15
Mahu2021: posts big blind 30
*** HOLE CARDS ***
Dealt to Mahu2021 [2d 9c]
kapa77777: folds 
Zyzz97169: calls 15
Mahu2021: checks 
*** FLOP *** [8h 5d 6c]
Zyzz97169: bets 30
Mahu2021: calls 30
*** TURN *** [8h 5d 6c] [7h]
Zyzz97169: bets 30
Mahu2021: raises 30 to 60
Zyzz97169: calls 30
*** RIVER *** [8h 5d 6c 7h] [Qc]
Zyzz97169: bets 30
Mahu2021: raises 60 to 90
Zyzz97169: calls 60
*** SHOW DOWN ***
Mahu2021: shows [2d 9c] (a straight, Five to Nine)
Zyzz97169: mucks hand 
Mahu2021 collected 420 from pot
*** SUMMARY ***
Total pot 420 | Rake 0 
Board [8h 5d 6c 7h Qc]
Seat 1: kapa77777 (button) folded before Flop (didn't bet)
Seat 2: Zyzz97169 (small blind) mucked [2c 2h]
Seat 3: Mahu2021 (big blind) showed [2d 9c] and won (420) with a straight, Five to Nine



PokerStars Hand #246422153481: Tournament #3655767476, $0.92+$0.08 USD Hold'em No Limit - Level II (15/30) - 2023/10/08 18:36:46 CET [2023/10/08 12:36:46 ET]
Table '3655767476 1' 3-max Seat #2 is the button
Seat 1: kapa77777 (160 in chips) 
Seat 2: Zyzz97169 (360 in chips) 
Seat 3: Mahu2021 (980 in chips) 
Mahu2021: posts small blind 15
kapa77777: posts big blind 30
*** HOLE CARDS ***
Dealt to Mahu2021 [7d Ts]
Zyzz97169: raises 30 to 60
Mahu2021: folds 
kapa77777: raises 100 to 160 and is all-in
Zyzz97169: calls 100
*** FLOP *** [Jc 9h Ks]
*** TURN *** [Jc 9h Ks] [4d]
*** RIVER *** [Jc 9h Ks 4d] [2s]
*** SHOW DOWN ***
kapa77777: shows [6s 6h] (a pair of Sixes)
Zyzz97169: shows [Qc Jd] (a pair of Jacks)
Zyzz97169 collected 335 from pot
kapa77777 finished the tournament in 3rd place
*** SUMMARY ***
Total pot 335 | Rake 0 
Board [Jc 9h Ks 4d 2s]
Seat 1: kapa77777 (big blind) showed [6s 6h] and lost with a pair of Sixes
Seat 2: Zyzz97169 (button) showed [Qc Jd] and won (335) with a pair of Jacks
Seat 3: Mahu2021 (small blind) folded before Flop



PokerStars Hand #246422160421: Tournament #3655767476, $0.92+$0.08 USD Hold'em No Limit - Level II (15/30) - 2023/10/08 18:37:07 CET [2023/10/08 12:37:07 ET]
Table '3655767476 1' 3-max Seat #3 is the button
Seat 2: Zyzz97169 (535 in chips) 
Seat 3: Mahu2021 (965 in chips) 
Mahu2021: posts small blind 15
Zyzz97169: posts big blind 30
*** HOLE CARDS ***
Dealt to Mahu2021 [Kc Ts]
Mahu2021: raises 30 to 60
Zyzz97169: folds 
Uncalled bet (30) returned to Mahu2021
Mahu2021 collected 60 from pot
Mahu2021: doesn't show hand 
*** SUMMARY ***
Total pot 60 | Rake 0 
Seat 2: Zyzz97169 (big blind) folded before Flop
Seat 3: Mahu2021 (button) (small blind) collected (60)



PokerStars Hand #246422165251: Tournament #3655767476, $0.92+$0.08 USD Hold'em No Limit - Level III (20/40) - 2023/10/08 18:37:22 CET [2023/10/08 12:37:22 ET]
Table '3655767476 1' 3-max Seat #2 is the button
Seat 2: Zyzz97169 (505 in chips) 
Seat 3: Mahu2021 (995 in chips) 
Zyzz97169: posts small blind 20
Mahu2021: posts big blind 40
*** HOLE CARDS ***
Dealt to Mahu2021 [5s 3h]
Zyzz97169: calls 20
Mahu2021: checks 
*** FLOP *** [Js 6c 2c]
Mahu2021: checks 
Zyzz97169: bets 40
Mahu2021: calls 40
*** TURN *** [Js 6c 2c] [3c]
Mahu2021: checks 
Zyzz97169: bets 40
Mahu2021: calls 40
*** RIVER *** [Js 6c 2c 3c] [6d]
Mahu2021: checks 
Zyzz97169: bets 40
Mahu2021: calls 40
*** SHOW DOWN ***
Zyzz97169: shows [8c Jh] (two pair, Jacks and Sixes)
Mahu2021: mucks hand 
Zyzz97169 collected 320 from pot
*** SUMMARY ***
Total pot 320 | Rake 0 
Board [Js 6c 2c 3c 6d]
Seat 2: Zyzz97169 (button) (small blind) showed [8c Jh] and won (320) with two pair, Jacks and Sixes
Seat 3: Mahu2021 (big blind) mucked [5s 3h]



PokerStars Hand #246422171221: Tournament #3655767476, $0.92+$0.08 USD Hold'em No Limit - Level III (20/40) - 2023/10/08 18:37:40 CET [2023/10/08 12:37:40 ET]
Table '3655767476 1' 3-max Seat #3 is the button
Seat 2: Zyzz97169 (665 in chips) 
Seat 3: Mahu2021 (835 in chips) 
Mahu2021: posts small blind 20
Zyzz97169: posts big blind 40
*** HOLE CARDS ***
Dealt to Mahu2021 [Qd 8d]
Mahu2021: raises 40 to 80
Zyzz97169: folds 
Uncalled bet (40) returned to Mahu2021
Mahu2021 collected 80 from pot
Mahu2021: doesn't show hand 
*** SUMMARY ***
Total pot 80 | Rake 0 
Seat 2: Zyzz97169 (big blind) folded before Flop
Seat 3: Mahu2021 (button) (small blind) collected (80)



PokerStars Hand #246422173526: Tournament #3655767476, $0.92+$0.08 USD Hold'em No Limit - Level III (20/40) - 2023/10/08 18:37:47 CET [2023/10/08 12:37:47 ET]
Table '3655767476 1' 3-max Seat #2 is the button
Seat 2: Zyzz97169 (625 in chips) 
Seat 3: Mahu2021 (875 in chips) 
Zyzz97169: posts small blind 20
Mahu2021: posts big blind 40
*** HOLE CARDS ***
Dealt to Mahu2021 [8c Kh]
Zyzz97169: folds 
Uncalled bet (20) returned to Mahu2021
Mahu2021 collected 40 from pot
Mahu2021: doesn't show hand 
*** SUMMARY ***
Total pot 40 | Rake 0 
Seat 2: Zyzz97169 (button) (small blind) folded before Flop
Seat 3: Mahu2021 (big blind) collected (40)



PokerStars Hand #246422175638: Tournament #3655767476, $0.92+$0.08 USD Hold'em No Limit - Level III (20/40) - 2023/10/08 18:37:53 CET [2023/10/08 12:37:53 ET]
Table '3655767476 1' 3-max Seat #3 is the button
Seat 2: Zyzz97169 (605 in chips) 
Seat 3: Mahu2021 (895 in chips) 
Mahu2021: posts small blind 20
Zyzz97169: posts big blind 40
*** HOLE CARDS ***
Dealt to Mahu2021 [Kd 7s]
Mahu2021: raises 40 to 80
Zyzz97169: folds 
Uncalled bet (40) returned to Mahu2021
Mahu2021 collected 80 from pot
Mahu2021: doesn't show hand 
*** SUMMARY ***
Total pot 80 | Rake 0 
Seat 2: Zyzz97169 (big blind) folded before Flop
Seat 3: Mahu2021 (button) (small blind) collected (80)



PokerStars Hand #246422178529: Tournament #3655767476, $0.92+$0.08 USD Hold'em No Limit - Level III (20/40) - 2023/10/08 18:38:02 CET [2023/10/08 12:38:02 ET]
Table '3655767476 1' 3-max Seat #2 is the button
Seat 2: Zyzz97169 (565 in chips) 
Seat 3: Mahu2021 (935 in chips) 
Zyzz97169: posts small blind 20
Mahu2021: posts big blind 40
*** HOLE CARDS ***
Dealt to Mahu2021 [8d 2s]
Zyzz97169: calls 20
Mahu2021: checks 
*** FLOP *** [3d 5h 6s]
Mahu2021: checks 
Zyzz97169: bets 525 and is all-in
Mahu2021: folds 
Uncalled bet (525) returned to Zyzz97169
Zyzz97169 collected 80 from pot
Zyzz97169: doesn't show hand 
*** SUMMARY ***
Total pot 80 | Rake 0 
Board [3d 5h 6s]
Seat 2: Zyzz97169 (button) (small blind) collected (80)
Seat 3: Mahu2021 (big blind) folded on the Flop



PokerStars Hand #246422182713: Tournament #3655767476, $0.92+$0.08 USD Hold'em No Limit - Level III (20/40) - 2023/10/08 18:38:14 CET [2023/10/08 12:38:14 ET]
Table '3655767476 1' 3-max Seat #3 is the button
Seat 2: Zyzz97169 (605 in chips) 
Seat 3: Mahu2021 (895 in chips) 
Mahu2021: posts small blind 20
Zyzz97169: posts big blind 40
*** HOLE CARDS ***
Dealt to Mahu2021 [8d 9d]
Mahu2021: raises 40 to 80
Zyzz97169: raises 40 to 120
Mahu2021: calls 40
*** FLOP *** [Td 9h Qs]
Zyzz97169: bets 40
Mahu2021: calls 40
*** TURN *** [Td 9h Qs] [6d]
Zyzz97169: bets 40
Mahu2021: raises 695 to 735 and is all-in
Zyzz97169: calls 405 and is all-in
Uncalled bet (290) returned to Mahu2021
*** RIVER *** [Td 9h Qs 6d] [7s]
*** SHOW DOWN ***
Zyzz97169: shows [Ac Ah] (a pair of Aces)
Mahu2021: shows [8d 9d] (a straight, Six to Ten)
Mahu2021 collected 1210 from pot
Zyzz97169 finished the tournament in 2nd place
Mahu2021 wins the tournament and receives $2.00 - congratulations!
*** SUMMARY ***
Total pot 1210 | Rake 0 
Board [Td 9h Qs 6d 7s]
Seat 2: Zyzz97169 (big blind) showed [Ac Ah] and lost with a pair of Aces
Seat 3: Mahu2021 (button) (small blind) showed [8d 9d] and won (1210) with a straight, Six to Ten



