PokerStars Hand #244336886061: Tournament #3606012275, $0.92+$0.08 USD Hold'em No Limit - Level I (10/20) - 2023/06/18 17:13:16 CET [2023/06/18 11:13:16 ET]
Table '3606012275 1' 3-max Seat #1 is the button
Seat 1: Percybold07 (500 in chips) 
Seat 2: Mahu2021 (500 in chips) 
Seat 3: goldbug9 (500 in chips) 
Mahu2021: posts small blind 10
goldbug9: posts big blind 20
*** HOLE CARDS ***
Dealt to Mahu2021 [Qc 6s]
Percybold07: raises 480 to 500 and is all-in
Mahu2021: folds 
goldbug9: folds 
Uncalled bet (480) returned to Percybold07
Percybold07 collected 50 from pot
Percybold07: doesn't show hand 
*** SUMMARY ***
Total pot 50 | Rake 0 
Seat 1: Percybold07 (button) collected (50)
Seat 2: Mahu2021 (small blind) folded before Flop
Seat 3: goldbug9 (big blind) folded before Flop



PokerStars Hand #244336888769: Tournament #3606012275, $0.92+$0.08 USD Hold'em No Limit - Level I (10/20) - 2023/06/18 17:13:26 CET [2023/06/18 11:13:26 ET]
Table '3606012275 1' 3-max Seat #2 is the button
Seat 1: Percybold07 (530 in chips) 
Seat 2: Mahu2021 (490 in chips) 
Seat 3: goldbug9 (480 in chips) 
goldbug9: posts small blind 10
Percybold07: posts big blind 20
*** HOLE CARDS ***
Dealt to Mahu2021 [9d Qs]
Mahu2021: folds 
goldbug9: raises 20 to 40
Percybold07: calls 20
*** FLOP *** [6d 5h Tc]
goldbug9: checks 
Percybold07: checks 
*** TURN *** [6d 5h Tc] [4d]
goldbug9: checks 
Percybold07: checks 
*** RIVER *** [6d 5h Tc 4d] [As]
goldbug9: bets 20
Percybold07: folds 
Uncalled bet (20) returned to goldbug9
goldbug9 collected 80 from pot
goldbug9: doesn't show hand 
*** SUMMARY ***
Total pot 80 | Rake 0 
Board [6d 5h Tc 4d As]
Seat 1: Percybold07 (big blind) folded on the River
Seat 2: Mahu2021 (button) folded before Flop (didn't bet)
Seat 3: goldbug9 (small blind) collected (80)



PokerStars Hand #244336893432: Tournament #3606012275, $0.92+$0.08 USD Hold'em No Limit - Level I (10/20) - 2023/06/18 17:13:43 CET [2023/06/18 11:13:43 ET]
Table '3606012275 1' 3-max Seat #3 is the button
Seat 1: Percybold07 (490 in chips) 
Seat 2: Mahu2021 (490 in chips) 
Seat 3: goldbug9 (520 in chips) 
Percybold07: posts small blind 10
Mahu2021: posts big blind 20
*** HOLE CARDS ***
Dealt to Mahu2021 [Td 4d]
goldbug9: folds 
Percybold07: calls 10
Mahu2021: checks 
*** FLOP *** [5h Qs Jd]
Percybold07: checks 
Mahu2021: checks 
*** TURN *** [5h Qs Jd] [5d]
Percybold07: checks 
Mahu2021: bets 40
Percybold07: folds 
Uncalled bet (40) returned to Mahu2021
Mahu2021 collected 40 from pot
Mahu2021: doesn't show hand 
*** SUMMARY ***
Total pot 40 | Rake 0 
Board [5h Qs Jd 5d]
Seat 1: Percybold07 (small blind) folded on the Turn
Seat 2: Mahu2021 (big blind) collected (40)
Seat 3: goldbug9 (button) folded before Flop (didn't bet)



PokerStars Hand #244336898893: Tournament #3606012275, $0.92+$0.08 USD Hold'em No Limit - Level I (10/20) - 2023/06/18 17:14:03 CET [2023/06/18 11:14:03 ET]
Table '3606012275 1' 3-max Seat #1 is the button
Seat 1: Percybold07 (470 in chips) 
Seat 2: Mahu2021 (510 in chips) 
Seat 3: goldbug9 (520 in chips) 
Mahu2021: posts small blind 10
goldbug9: posts big blind 20
*** HOLE CARDS ***
Dealt to Mahu2021 [Jc Kc]
Percybold07: calls 20
Mahu2021: calls 10
goldbug9: checks 
*** FLOP *** [Kd Kh 5h]
Mahu2021: checks 
goldbug9: checks 
Percybold07: checks 
*** TURN *** [Kd Kh 5h] [Ad]
Mahu2021: checks 
goldbug9: checks 
Percybold07: checks 
*** RIVER *** [Kd Kh 5h Ad] [Qc]
Mahu2021: bets 60
goldbug9: folds 
Percybold07: folds 
Uncalled bet (60) returned to Mahu2021
Mahu2021 collected 60 from pot
Mahu2021: doesn't show hand 
*** SUMMARY ***
Total pot 60 | Rake 0 
Board [Kd Kh 5h Ad Qc]
Seat 1: Percybold07 (button) folded on the River
Seat 2: Mahu2021 (small blind) collected (60)
Seat 3: goldbug9 (big blind) folded on the River



PokerStars Hand #244336904593: Tournament #3606012275, $0.92+$0.08 USD Hold'em No Limit - Level I (10/20) - 2023/06/18 17:14:24 CET [2023/06/18 11:14:24 ET]
Table '3606012275 1' 3-max Seat #2 is the button
Seat 1: Percybold07 (450 in chips) 
Seat 2: Mahu2021 (550 in chips) 
Seat 3: goldbug9 (500 in chips) 
goldbug9: posts small blind 10
Percybold07: posts big blind 20
*** HOLE CARDS ***
Dealt to Mahu2021 [6c Qs]
Mahu2021: folds 
goldbug9: folds 
Uncalled bet (10) returned to Percybold07
Percybold07 collected 20 from pot
*** SUMMARY ***
Total pot 20 | Rake 0 
Seat 1: Percybold07 (big blind) collected (20)
Seat 2: Mahu2021 (button) folded before Flop (didn't bet)
Seat 3: goldbug9 (small blind) folded before Flop



PokerStars Hand #244336906411: Tournament #3606012275, $0.92+$0.08 USD Hold'em No Limit - Level I (10/20) - 2023/06/18 17:14:31 CET [2023/06/18 11:14:31 ET]
Table '3606012275 1' 3-max Seat #3 is the button
Seat 1: Percybold07 (460 in chips) 
Seat 2: Mahu2021 (550 in chips) 
Seat 3: goldbug9 (490 in chips) 
Percybold07: posts small blind 10
Mahu2021: posts big blind 20
*** HOLE CARDS ***
Dealt to Mahu2021 [Qd 4h]
goldbug9: raises 20 to 40
Percybold07: folds 
Mahu2021: folds 
Uncalled bet (20) returned to goldbug9
goldbug9 collected 50 from pot
goldbug9: doesn't show hand 
*** SUMMARY ***
Total pot 50 | Rake 0 
Seat 1: Percybold07 (small blind) folded before Flop
Seat 2: Mahu2021 (big blind) folded before Flop
Seat 3: goldbug9 (button) collected (50)



PokerStars Hand #244336908599: Tournament #3606012275, $0.92+$0.08 USD Hold'em No Limit - Level I (10/20) - 2023/06/18 17:14:39 CET [2023/06/18 11:14:39 ET]
Table '3606012275 1' 3-max Seat #1 is the button
Seat 1: Percybold07 (450 in chips) 
Seat 2: Mahu2021 (530 in chips) 
Seat 3: goldbug9 (520 in chips) 
Mahu2021: posts small blind 10
goldbug9: posts big blind 20
*** HOLE CARDS ***
Dealt to Mahu2021 [Tc As]
Percybold07: folds 
Mahu2021: calls 10
goldbug9: checks 
*** FLOP *** [Jh Ac 9h]
Mahu2021: bets 20
goldbug9: folds 
Uncalled bet (20) returned to Mahu2021
Mahu2021 collected 40 from pot
Mahu2021: doesn't show hand 
*** SUMMARY ***
Total pot 40 | Rake 0 
Board [Jh Ac 9h]
Seat 1: Percybold07 (button) folded before Flop (didn't bet)
Seat 2: Mahu2021 (small blind) collected (40)
Seat 3: goldbug9 (big blind) folded on the Flop



PokerStars Hand #244336911826: Tournament #3606012275, $0.92+$0.08 USD Hold'em No Limit - Level I (10/20) - 2023/06/18 17:14:50 CET [2023/06/18 11:14:50 ET]
Table '3606012275 1' 3-max Seat #2 is the button
Seat 1: Percybold07 (450 in chips) 
Seat 2: Mahu2021 (550 in chips) 
Seat 3: goldbug9 (500 in chips) 
goldbug9: posts small blind 10
Percybold07: posts big blind 20
*** HOLE CARDS ***
Dealt to Mahu2021 [7h Ac]
Mahu2021: calls 20
goldbug9: calls 10
Percybold07: raises 430 to 450 and is all-in
Mahu2021: folds 
goldbug9: folds 
Uncalled bet (430) returned to Percybold07
Percybold07 collected 60 from pot
*** SUMMARY ***
Total pot 60 | Rake 0 
Seat 1: Percybold07 (big blind) collected (60)
Seat 2: Mahu2021 (button) folded before Flop
Seat 3: goldbug9 (small blind) folded before Flop



PokerStars Hand #244336915694: Tournament #3606012275, $0.92+$0.08 USD Hold'em No Limit - Level I (10/20) - 2023/06/18 17:15:04 CET [2023/06/18 11:15:04 ET]
Table '3606012275 1' 3-max Seat #3 is the button
Seat 1: Percybold07 (490 in chips) 
Seat 2: Mahu2021 (530 in chips) 
Seat 3: goldbug9 (480 in chips) 
Percybold07: posts small blind 10
Mahu2021: posts big blind 20
*** HOLE CARDS ***
Dealt to Mahu2021 [7d Kc]
goldbug9: folds 
Percybold07: raises 20 to 40
Mahu2021: calls 20
*** FLOP *** [3d Kd Qc]
Percybold07: checks 
Mahu2021: bets 40
Percybold07: calls 40
*** TURN *** [3d Kd Qc] [Ks]
Percybold07: checks 
Mahu2021: bets 40
Percybold07: folds 
Uncalled bet (40) returned to Mahu2021
Mahu2021 collected 160 from pot
Mahu2021: doesn't show hand 
*** SUMMARY ***
Total pot 160 | Rake 0 
Board [3d Kd Qc Ks]
Seat 1: Percybold07 (small blind) folded on the Turn
Seat 2: Mahu2021 (big blind) collected (160)
Seat 3: goldbug9 (button) folded before Flop (didn't bet)



PokerStars Hand #244336921794: Tournament #3606012275, $0.92+$0.08 USD Hold'em No Limit - Level I (10/20) - 2023/06/18 17:15:26 CET [2023/06/18 11:15:26 ET]
Table '3606012275 1' 3-max Seat #1 is the button
Seat 1: Percybold07 (410 in chips) 
Seat 2: Mahu2021 (610 in chips) 
Seat 3: goldbug9 (480 in chips) 
Mahu2021: posts small blind 10
goldbug9: posts big blind 20
*** HOLE CARDS ***
Dealt to Mahu2021 [6h 2h]
Percybold07: raises 40 to 60
Mahu2021: folds 
goldbug9: folds 
Uncalled bet (40) returned to Percybold07
Percybold07 collected 50 from pot
*** SUMMARY ***
Total pot 50 | Rake 0 
Seat 1: Percybold07 (button) collected (50)
Seat 2: Mahu2021 (small blind) folded before Flop
Seat 3: goldbug9 (big blind) folded before Flop



PokerStars Hand #244336924377: Tournament #3606012275, $0.92+$0.08 USD Hold'em No Limit - Level I (10/20) - 2023/06/18 17:15:36 CET [2023/06/18 11:15:36 ET]
Table '3606012275 1' 3-max Seat #2 is the button
Seat 1: Percybold07 (440 in chips) 
Seat 2: Mahu2021 (600 in chips) 
Seat 3: goldbug9 (460 in chips) 
goldbug9: posts small blind 10
Percybold07: posts big blind 20
*** HOLE CARDS ***
Dealt to Mahu2021 [As 7c]
Mahu2021: calls 20
goldbug9: folds 
Percybold07: checks 
*** FLOP *** [4s 4d Jd]
Percybold07: bets 60
Mahu2021: folds 
Uncalled bet (60) returned to Percybold07
Percybold07 collected 50 from pot
Percybold07: doesn't show hand 
*** SUMMARY ***
Total pot 50 | Rake 0 
Board [4s 4d Jd]
Seat 1: Percybold07 (big blind) collected (50)
Seat 2: Mahu2021 (button) folded on the Flop
Seat 3: goldbug9 (small blind) folded before Flop



PokerStars Hand #244336928260: Tournament #3606012275, $0.92+$0.08 USD Hold'em No Limit - Level I (10/20) - 2023/06/18 17:15:50 CET [2023/06/18 11:15:50 ET]
Table '3606012275 1' 3-max Seat #3 is the button
Seat 1: Percybold07 (470 in chips) 
Seat 2: Mahu2021 (580 in chips) 
Seat 3: goldbug9 (450 in chips) 
Percybold07: posts small blind 10
Mahu2021: posts big blind 20
*** HOLE CARDS ***
Dealt to Mahu2021 [Tc 9c]
goldbug9: folds 
Percybold07: calls 10
Mahu2021: checks 
*** FLOP *** [2d 5d 2c]
Percybold07: bets 450 and is all-in
Mahu2021: folds 
Uncalled bet (450) returned to Percybold07
Percybold07 collected 40 from pot
Percybold07: doesn't show hand 
*** SUMMARY ***
Total pot 40 | Rake 0 
Board [2d 5d 2c]
Seat 1: Percybold07 (small blind) collected (40)
Seat 2: Mahu2021 (big blind) folded on the Flop
Seat 3: goldbug9 (button) folded before Flop (didn't bet)



PokerStars Hand #244336931867: Tournament #3606012275, $0.92+$0.08 USD Hold'em No Limit - Level I (10/20) - 2023/06/18 17:16:02 CET [2023/06/18 11:16:02 ET]
Table '3606012275 1' 3-max Seat #1 is the button
Seat 1: Percybold07 (490 in chips) 
Seat 2: Mahu2021 (560 in chips) 
Seat 3: goldbug9 (450 in chips) 
Mahu2021: posts small blind 10
goldbug9: posts big blind 20
*** HOLE CARDS ***
Dealt to Mahu2021 [7h Kc]
Percybold07: raises 20 to 40
Mahu2021: folds 
goldbug9: calls 20
*** FLOP *** [5c 2h 8s]
goldbug9: checks 
Percybold07: checks 
*** TURN *** [5c 2h 8s] [3s]
goldbug9: bets 60
Percybold07: calls 60
*** RIVER *** [5c 2h 8s 3s] [Qd]
goldbug9: bets 60
Percybold07: folds 
Uncalled bet (60) returned to goldbug9
goldbug9 collected 210 from pot
goldbug9: doesn't show hand 
*** SUMMARY ***
Total pot 210 | Rake 0 
Board [5c 2h 8s 3s Qd]
Seat 1: Percybold07 (button) folded on the River
Seat 2: Mahu2021 (small blind) folded before Flop
Seat 3: goldbug9 (big blind) collected (210)



PokerStars Hand #244336937900: Tournament #3606012275, $0.92+$0.08 USD Hold'em No Limit - Level II (15/30) - 2023/06/18 17:16:24 CET [2023/06/18 11:16:24 ET]
Table '3606012275 1' 3-max Seat #2 is the button
Seat 1: Percybold07 (390 in chips) 
Seat 2: Mahu2021 (550 in chips) 
Seat 3: goldbug9 (560 in chips) 
goldbug9: posts small blind 15
Percybold07: posts big blind 30
*** HOLE CARDS ***
Dealt to Mahu2021 [Ah 3c]
Mahu2021: folds 
goldbug9: raises 30 to 60
Percybold07: calls 30
*** FLOP *** [Ks 7d 4c]
goldbug9: checks 
Percybold07: checks 
*** TURN *** [Ks 7d 4c] [9h]
goldbug9: checks 
Percybold07: checks 
*** RIVER *** [Ks 7d 4c 9h] [Ad]
goldbug9: checks 
Percybold07: bets 60
goldbug9: calls 60
*** SHOW DOWN ***
Percybold07: shows [Ac 7h] (two pair, Aces and Sevens)
goldbug9: mucks hand 
Percybold07 collected 240 from pot
*** SUMMARY ***
Total pot 240 | Rake 0 
Board [Ks 7d 4c 9h Ad]
Seat 1: Percybold07 (big blind) showed [Ac 7h] and won (240) with two pair, Aces and Sevens
Seat 2: Mahu2021 (button) folded before Flop (didn't bet)
Seat 3: goldbug9 (small blind) mucked [Kd 5d]



PokerStars Hand #244336942924: Tournament #3606012275, $0.92+$0.08 USD Hold'em No Limit - Level II (15/30) - 2023/06/18 17:16:41 CET [2023/06/18 11:16:41 ET]
Table '3606012275 1' 3-max Seat #3 is the button
Seat 1: Percybold07 (510 in chips) 
Seat 2: Mahu2021 (550 in chips) 
Seat 3: goldbug9 (440 in chips) 
Percybold07: posts small blind 15
Mahu2021: posts big blind 30
*** HOLE CARDS ***
Dealt to Mahu2021 [6d 4s]
goldbug9: folds 
Percybold07: calls 15
Mahu2021: checks 
*** FLOP *** [3s 3h Kd]
Percybold07: checks 
Mahu2021: checks 
*** TURN *** [3s 3h Kd] [Jc]
Percybold07: checks 
Mahu2021: checks 
*** RIVER *** [3s 3h Kd Jc] [2d]
Percybold07: checks 
Mahu2021: checks 
*** SHOW DOWN ***
Percybold07: shows [6c As] (a pair of Threes)
Mahu2021: mucks hand 
Percybold07 collected 60 from pot
*** SUMMARY ***
Total pot 60 | Rake 0 
Board [3s 3h Kd Jc 2d]
Seat 1: Percybold07 (small blind) showed [6c As] and won (60) with a pair of Threes
Seat 2: Mahu2021 (big blind) mucked [6d 4s]
Seat 3: goldbug9 (button) folded before Flop (didn't bet)



PokerStars Hand #244336946783: Tournament #3606012275, $0.92+$0.08 USD Hold'em No Limit - Level II (15/30) - 2023/06/18 17:16:55 CET [2023/06/18 11:16:55 ET]
Table '3606012275 1' 3-max Seat #1 is the button
Seat 1: Percybold07 (540 in chips) 
Seat 2: Mahu2021 (520 in chips) 
Seat 3: goldbug9 (440 in chips) 
Mahu2021: posts small blind 15
goldbug9: posts big blind 30
*** HOLE CARDS ***
Dealt to Mahu2021 [Qd Th]
Percybold07: raises 30 to 60
Mahu2021: calls 45
goldbug9: folds 
*** FLOP *** [Qs As 3c]
Mahu2021: checks 
Percybold07: bets 480 and is all-in
Mahu2021: folds 
Uncalled bet (480) returned to Percybold07
Percybold07 collected 150 from pot
Percybold07: doesn't show hand 
*** SUMMARY ***
Total pot 150 | Rake 0 
Board [Qs As 3c]
Seat 1: Percybold07 (button) collected (150)
Seat 2: Mahu2021 (small blind) folded on the Flop
Seat 3: goldbug9 (big blind) folded before Flop



PokerStars Hand #244336950318: Tournament #3606012275, $0.92+$0.08 USD Hold'em No Limit - Level II (15/30) - 2023/06/18 17:17:08 CET [2023/06/18 11:17:08 ET]
Table '3606012275 1' 3-max Seat #2 is the button
Seat 1: Percybold07 (630 in chips) 
Seat 2: Mahu2021 (460 in chips) 
Seat 3: goldbug9 (410 in chips) 
goldbug9: posts small blind 15
Percybold07: posts big blind 30
*** HOLE CARDS ***
Dealt to Mahu2021 [4s 2h]
Mahu2021: calls 30
goldbug9: folds 
Percybold07: checks 
*** FLOP *** [7h Qc 6d]
Percybold07: checks 
Mahu2021: bets 30
Percybold07: calls 30
*** TURN *** [7h Qc 6d] [5s]
Percybold07: checks 
Mahu2021: checks 
*** RIVER *** [7h Qc 6d 5s] [9s]
Percybold07: checks 
Mahu2021: checks 
*** SHOW DOWN ***
Percybold07: shows [4h 5d] (a pair of Fives)
Mahu2021: mucks hand 
Percybold07 collected 135 from pot
*** SUMMARY ***
Total pot 135 | Rake 0 
Board [7h Qc 6d 5s 9s]
Seat 1: Percybold07 (big blind) showed [4h 5d] and won (135) with a pair of Fives
Seat 2: Mahu2021 (button) mucked [4s 2h]
Seat 3: goldbug9 (small blind) folded before Flop



PokerStars Hand #244336955763: Tournament #3606012275, $0.92+$0.08 USD Hold'em No Limit - Level II (15/30) - 2023/06/18 17:17:27 CET [2023/06/18 11:17:27 ET]
Table '3606012275 1' 3-max Seat #3 is the button
Seat 1: Percybold07 (705 in chips) 
Seat 2: Mahu2021 (400 in chips) 
Seat 3: goldbug9 (395 in chips) 
Percybold07: posts small blind 15
Mahu2021: posts big blind 30
*** HOLE CARDS ***
Dealt to Mahu2021 [4s Jh]
goldbug9: raises 30 to 60
Percybold07: calls 45
Mahu2021: folds 
*** FLOP *** [Qs Qc Kh]
Percybold07: checks 
goldbug9: checks 
*** TURN *** [Qs Qc Kh] [4c]
Percybold07: checks 
goldbug9: bets 60
Percybold07: folds 
Uncalled bet (60) returned to goldbug9
goldbug9 collected 150 from pot
goldbug9: doesn't show hand 
*** SUMMARY ***
Total pot 150 | Rake 0 
Board [Qs Qc Kh 4c]
Seat 1: Percybold07 (small blind) folded on the Turn
Seat 2: Mahu2021 (big blind) folded before Flop
Seat 3: goldbug9 (button) collected (150)



PokerStars Hand #244336960460: Tournament #3606012275, $0.92+$0.08 USD Hold'em No Limit - Level II (15/30) - 2023/06/18 17:17:44 CET [2023/06/18 11:17:44 ET]
Table '3606012275 1' 3-max Seat #1 is the button
Seat 1: Percybold07 (645 in chips) 
Seat 2: Mahu2021 (370 in chips) 
Seat 3: goldbug9 (485 in chips) 
Mahu2021: posts small blind 15
goldbug9: posts big blind 30
*** HOLE CARDS ***
Dealt to Mahu2021 [Ah 3h]
Percybold07: raises 30 to 60
Mahu2021: calls 45
goldbug9: calls 30
*** FLOP *** [9h 2s Jc]
Mahu2021: checks 
goldbug9: checks 
Percybold07: checks 
*** TURN *** [9h 2s Jc] [6s]
Mahu2021: checks 
goldbug9: checks 
Percybold07: bets 30
Mahu2021: folds 
goldbug9: calls 30
*** RIVER *** [9h 2s Jc 6s] [Td]
goldbug9: checks 
Percybold07: bets 60
goldbug9: folds 
Uncalled bet (60) returned to Percybold07
Percybold07 collected 240 from pot
Percybold07: shows [Ac 2c] (a pair of Deuces)
*** SUMMARY ***
Total pot 240 | Rake 0 
Board [9h 2s Jc 6s Td]
Seat 1: Percybold07 (button) collected (240)
Seat 2: Mahu2021 (small blind) folded on the Turn
Seat 3: goldbug9 (big blind) folded on the River



PokerStars Hand #244336968154: Tournament #3606012275, $0.92+$0.08 USD Hold'em No Limit - Level II (15/30) - 2023/06/18 17:18:12 CET [2023/06/18 11:18:12 ET]
Table '3606012275 1' 3-max Seat #2 is the button
Seat 1: Percybold07 (795 in chips) 
Seat 2: Mahu2021 (310 in chips) 
Seat 3: goldbug9 (395 in chips) 
goldbug9: posts small blind 15
Percybold07: posts big blind 30
*** HOLE CARDS ***
Dealt to Mahu2021 [4c 4s]
Mahu2021: raises 280 to 310 and is all-in
goldbug9: folds 
Percybold07: folds 
Uncalled bet (280) returned to Mahu2021
Mahu2021 collected 75 from pot
Mahu2021: doesn't show hand 
*** SUMMARY ***
Total pot 75 | Rake 0 
Seat 1: Percybold07 (big blind) folded before Flop
Seat 2: Mahu2021 (button) collected (75)
Seat 3: goldbug9 (small blind) folded before Flop



PokerStars Hand #244336970745: Tournament #3606012275, $0.92+$0.08 USD Hold'em No Limit - Level II (15/30) - 2023/06/18 17:18:22 CET [2023/06/18 11:18:22 ET]
Table '3606012275 1' 3-max Seat #3 is the button
Seat 1: Percybold07 (765 in chips) 
Seat 2: Mahu2021 (355 in chips) 
Seat 3: goldbug9 (380 in chips) 
Percybold07: posts small blind 15
Mahu2021: posts big blind 30
*** HOLE CARDS ***
Dealt to Mahu2021 [Tc Qs]
goldbug9: folds 
Percybold07: calls 15
Mahu2021: checks 
*** FLOP *** [5s Qd 4c]
Percybold07: checks 
Mahu2021: bets 30
Percybold07: calls 30
*** TURN *** [5s Qd 4c] [Qh]
Percybold07: checks 
Mahu2021: bets 30
Percybold07: calls 30
*** RIVER *** [5s Qd 4c Qh] [Td]
Percybold07: checks 
Mahu2021: bets 60
Percybold07: folds 
Uncalled bet (60) returned to Mahu2021
Mahu2021 collected 180 from pot
Mahu2021: doesn't show hand 
*** SUMMARY ***
Total pot 180 | Rake 0 
Board [5s Qd 4c Qh Td]
Seat 1: Percybold07 (small blind) folded on the River
Seat 2: Mahu2021 (big blind) collected (180)
Seat 3: goldbug9 (button) folded before Flop (didn't bet)



PokerStars Hand #244336976419: Tournament #3606012275, $0.92+$0.08 USD Hold'em No Limit - Level II (15/30) - 2023/06/18 17:18:42 CET [2023/06/18 11:18:42 ET]
Table '3606012275 1' 3-max Seat #1 is the button
Seat 1: Percybold07 (675 in chips) 
Seat 2: Mahu2021 (445 in chips) 
Seat 3: goldbug9 (380 in chips) 
Mahu2021: posts small blind 15
goldbug9: posts big blind 30
*** HOLE CARDS ***
Dealt to Mahu2021 [7h 2d]
Percybold07: calls 30
Mahu2021: folds 
goldbug9: raises 90 to 120
Percybold07: folds 
Uncalled bet (90) returned to goldbug9
goldbug9 collected 75 from pot
goldbug9: doesn't show hand 
*** SUMMARY ***
Total pot 75 | Rake 0 
Seat 1: Percybold07 (button) folded before Flop
Seat 2: Mahu2021 (small blind) folded before Flop
Seat 3: goldbug9 (big blind) collected (75)



PokerStars Hand #244336979134: Tournament #3606012275, $0.92+$0.08 USD Hold'em No Limit - Level II (15/30) - 2023/06/18 17:18:52 CET [2023/06/18 11:18:52 ET]
Table '3606012275 1' 3-max Seat #2 is the button
Seat 1: Percybold07 (645 in chips) 
Seat 2: Mahu2021 (430 in chips) 
Seat 3: goldbug9 (425 in chips) 
goldbug9: posts small blind 15
Percybold07: posts big blind 30
*** HOLE CARDS ***
Dealt to Mahu2021 [Qd 6d]
Mahu2021: calls 30
goldbug9: folds 
Percybold07: checks 
*** FLOP *** [Qs 7h 2h]
Percybold07: checks 
Mahu2021: bets 30
Percybold07: calls 30
*** TURN *** [Qs 7h 2h] [7c]
Percybold07: checks 
Mahu2021: bets 30
Percybold07: folds 
Uncalled bet (30) returned to Mahu2021
Mahu2021 collected 135 from pot
Mahu2021: doesn't show hand 
*** SUMMARY ***
Total pot 135 | Rake 0 
Board [Qs 7h 2h 7c]
Seat 1: Percybold07 (big blind) folded on the Turn
Seat 2: Mahu2021 (button) collected (135)
Seat 3: goldbug9 (small blind) folded before Flop



PokerStars Hand #244336984737: Tournament #3606012275, $0.92+$0.08 USD Hold'em No Limit - Level II (15/30) - 2023/06/18 17:19:13 CET [2023/06/18 11:19:13 ET]
Table '3606012275 1' 3-max Seat #3 is the button
Seat 1: Percybold07 (585 in chips) 
Seat 2: Mahu2021 (505 in chips) 
Seat 3: goldbug9 (410 in chips) 
Percybold07: posts small blind 15
Mahu2021: posts big blind 30
*** HOLE CARDS ***
Dealt to Mahu2021 [6c As]
goldbug9: raises 30 to 60
Percybold07: calls 45
Mahu2021: calls 30
*** FLOP *** [2h 7c 8d]
Percybold07: checks 
Mahu2021: checks 
goldbug9: checks 
*** TURN *** [2h 7c 8d] [9c]
Percybold07: checks 
Mahu2021: bets 60
goldbug9: calls 60
Percybold07: calls 60
*** RIVER *** [2h 7c 8d 9c] [4d]
Percybold07: checks 
Mahu2021: checks 
goldbug9: checks 
*** SHOW DOWN ***
Percybold07: shows [4s Ts] (a pair of Fours)
Mahu2021: mucks hand 
goldbug9: mucks hand 
Percybold07 collected 360 from pot
*** SUMMARY ***
Total pot 360 | Rake 0 
Board [2h 7c 8d 9c 4d]
Seat 1: Percybold07 (small blind) showed [4s Ts] and won (360) with a pair of Fours
Seat 2: Mahu2021 (big blind) mucked [6c As]
Seat 3: goldbug9 (button) mucked [5c Kc]



PokerStars Hand #244336994048: Tournament #3606012275, $0.92+$0.08 USD Hold'em No Limit - Level III (20/40) - 2023/06/18 17:19:46 CET [2023/06/18 11:19:46 ET]
Table '3606012275 1' 3-max Seat #1 is the button
Seat 1: Percybold07 (825 in chips) 
Seat 2: Mahu2021 (385 in chips) 
Seat 3: goldbug9 (290 in chips) 
Mahu2021: posts small blind 20
goldbug9: posts big blind 40
*** HOLE CARDS ***
Dealt to Mahu2021 [Kc 9c]
Percybold07: folds 
Mahu2021: calls 20
goldbug9: checks 
*** FLOP *** [Jc 9h 6c]
Mahu2021: bets 40
goldbug9: calls 40
*** TURN *** [Jc 9h 6c] [Kd]
Mahu2021: bets 40
goldbug9: calls 40
*** RIVER *** [Jc 9h 6c Kd] [Js]
Mahu2021: bets 240
goldbug9: folds 
Uncalled bet (240) returned to Mahu2021
Mahu2021 collected 240 from pot
Mahu2021: doesn't show hand 
*** SUMMARY ***
Total pot 240 | Rake 0 
Board [Jc 9h 6c Kd Js]
Seat 1: Percybold07 (button) folded before Flop (didn't bet)
Seat 2: Mahu2021 (small blind) collected (240)
Seat 3: goldbug9 (big blind) folded on the River



PokerStars Hand #244337000062: Tournament #3606012275, $0.92+$0.08 USD Hold'em No Limit - Level III (20/40) - 2023/06/18 17:20:08 CET [2023/06/18 11:20:08 ET]
Table '3606012275 1' 3-max Seat #2 is the button
Seat 1: Percybold07 (825 in chips) 
Seat 2: Mahu2021 (505 in chips) 
Seat 3: goldbug9 (170 in chips) 
goldbug9: posts small blind 20
Percybold07: posts big blind 40
*** HOLE CARDS ***
Dealt to Mahu2021 [5d 8d]
Mahu2021: folds 
goldbug9: folds 
Uncalled bet (20) returned to Percybold07
Percybold07 collected 40 from pot
*** SUMMARY ***
Total pot 40 | Rake 0 
Seat 1: Percybold07 (big blind) collected (40)
Seat 2: Mahu2021 (button) folded before Flop (didn't bet)
Seat 3: goldbug9 (small blind) folded before Flop



PokerStars Hand #244337001953: Tournament #3606012275, $0.92+$0.08 USD Hold'em No Limit - Level III (20/40) - 2023/06/18 17:20:15 CET [2023/06/18 11:20:15 ET]
Table '3606012275 1' 3-max Seat #3 is the button
Seat 1: Percybold07 (845 in chips) 
Seat 2: Mahu2021 (505 in chips) 
Seat 3: goldbug9 (150 in chips) 
Percybold07: posts small blind 20
Mahu2021: posts big blind 40
*** HOLE CARDS ***
Dealt to Mahu2021 [5h Ah]
goldbug9: folds 
Percybold07: calls 20
Mahu2021: checks 
*** FLOP *** [Kh 3s 7s]
Percybold07: bets 40
Mahu2021: folds 
Uncalled bet (40) returned to Percybold07
Percybold07 collected 80 from pot
Percybold07: shows [4h 7c] (a pair of Sevens)
*** SUMMARY ***
Total pot 80 | Rake 0 
Board [Kh 3s 7s]
Seat 1: Percybold07 (small blind) collected (80)
Seat 2: Mahu2021 (big blind) folded on the Flop
Seat 3: goldbug9 (button) folded before Flop (didn't bet)



PokerStars Hand #244337004919: Tournament #3606012275, $0.92+$0.08 USD Hold'em No Limit - Level III (20/40) - 2023/06/18 17:20:26 CET [2023/06/18 11:20:26 ET]
Table '3606012275 1' 3-max Seat #1 is the button
Seat 1: Percybold07 (885 in chips) 
Seat 2: Mahu2021 (465 in chips) 
Seat 3: goldbug9 (150 in chips) 
Mahu2021: posts small blind 20
goldbug9: posts big blind 40
*** HOLE CARDS ***
Dealt to Mahu2021 [Ah Ac]
Percybold07: calls 40
Mahu2021: raises 425 to 465 and is all-in
goldbug9: calls 110 and is all-in
Percybold07: folds 
Uncalled bet (315) returned to Mahu2021
*** FLOP *** [Ad 8c Js]
*** TURN *** [Ad 8c Js] [Kd]
*** RIVER *** [Ad 8c Js Kd] [4s]
*** SHOW DOWN ***
Mahu2021: shows [Ah Ac] (three of a kind, Aces)
goldbug9: shows [9c Ks] (a pair of Kings)
Mahu2021 collected 340 from pot
goldbug9 finished the tournament in 3rd place
*** SUMMARY ***
Total pot 340 | Rake 0 
Board [Ad 8c Js Kd 4s]
Seat 1: Percybold07 (button) folded before Flop
Seat 2: Mahu2021 (small blind) showed [Ah Ac] and won (340) with three of a kind, Aces
Seat 3: goldbug9 (big blind) showed [9c Ks] and lost with a pair of Kings



PokerStars Hand #244337010012: Tournament #3606012275, $0.92+$0.08 USD Hold'em No Limit - Level III (20/40) - 2023/06/18 17:20:44 CET [2023/06/18 11:20:44 ET]
Table '3606012275 1' 3-max Seat #2 is the button
Seat 1: Percybold07 (845 in chips) 
Seat 2: Mahu2021 (655 in chips) 
Mahu2021: posts small blind 20
Percybold07: posts big blind 40
*** HOLE CARDS ***
Dealt to Mahu2021 [3d Jh]
Mahu2021: calls 20
Percybold07: raises 40 to 80
Mahu2021: folds 
Uncalled bet (40) returned to Percybold07
Percybold07 collected 80 from pot
Percybold07: doesn't show hand 
*** SUMMARY ***
Total pot 80 | Rake 0 
Seat 1: Percybold07 (big blind) collected (80)
Seat 2: Mahu2021 (button) (small blind) folded before Flop



PokerStars Hand #244337011919: Tournament #3606012275, $0.92+$0.08 USD Hold'em No Limit - Level III (20/40) - 2023/06/18 17:20:51 CET [2023/06/18 11:20:51 ET]
Table '3606012275 1' 3-max Seat #1 is the button
Seat 1: Percybold07 (885 in chips) 
Seat 2: Mahu2021 (615 in chips) 
Percybold07: posts small blind 20
Mahu2021: posts big blind 40
*** HOLE CARDS ***
Dealt to Mahu2021 [9c Kh]
Percybold07: raises 40 to 80
Mahu2021: calls 40
*** FLOP *** [Th 7c As]
Mahu2021: checks 
Percybold07: bets 805 and is all-in
Mahu2021: folds 
Uncalled bet (805) returned to Percybold07
Percybold07 collected 160 from pot
*** SUMMARY ***
Total pot 160 | Rake 0 
Board [Th 7c As]
Seat 1: Percybold07 (button) (small blind) collected (160)
Seat 2: Mahu2021 (big blind) folded on the Flop



PokerStars Hand #244337014760: Tournament #3606012275, $0.92+$0.08 USD Hold'em No Limit - Level III (20/40) - 2023/06/18 17:21:02 CET [2023/06/18 11:21:02 ET]
Table '3606012275 1' 3-max Seat #2 is the button
Seat 1: Percybold07 (965 in chips) 
Seat 2: Mahu2021 (535 in chips) 
Mahu2021: posts small blind 20
Percybold07: posts big blind 40
*** HOLE CARDS ***
Dealt to Mahu2021 [Qs Ts]
Mahu2021: raises 40 to 80
Percybold07: calls 40
*** FLOP *** [2d 7c Ah]
Percybold07: checks 
Mahu2021: bets 160
Percybold07: folds 
Uncalled bet (160) returned to Mahu2021
Mahu2021 collected 160 from pot
Mahu2021: doesn't show hand 
*** SUMMARY ***
Total pot 160 | Rake 0 
Board [2d 7c Ah]
Seat 1: Percybold07 (big blind) folded on the Flop
Seat 2: Mahu2021 (button) (small blind) collected (160)



PokerStars Hand #244337017923: Tournament #3606012275, $0.92+$0.08 USD Hold'em No Limit - Level III (20/40) - 2023/06/18 17:21:13 CET [2023/06/18 11:21:13 ET]
Table '3606012275 1' 3-max Seat #1 is the button
Seat 1: Percybold07 (885 in chips) 
Seat 2: Mahu2021 (615 in chips) 
Percybold07: posts small blind 20
Mahu2021: posts big blind 40
*** HOLE CARDS ***
Dealt to Mahu2021 [5s Kc]
Percybold07: folds 
Uncalled bet (20) returned to Mahu2021
Mahu2021 collected 40 from pot
Mahu2021: doesn't show hand 
*** SUMMARY ***
Total pot 40 | Rake 0 
Seat 1: Percybold07 (button) (small blind) folded before Flop
Seat 2: Mahu2021 (big blind) collected (40)



PokerStars Hand #244337019853: Tournament #3606012275, $0.92+$0.08 USD Hold'em No Limit - Level III (20/40) - 2023/06/18 17:21:20 CET [2023/06/18 11:21:20 ET]
Table '3606012275 1' 3-max Seat #2 is the button
Seat 1: Percybold07 (865 in chips) 
Seat 2: Mahu2021 (635 in chips) 
Mahu2021: posts small blind 20
Percybold07: posts big blind 40
*** HOLE CARDS ***
Dealt to Mahu2021 [7h Tc]
Mahu2021: calls 20
Percybold07: checks 
*** FLOP *** [8h 4d Kd]
Percybold07: bets 80
Mahu2021: folds 
Uncalled bet (80) returned to Percybold07
Percybold07 collected 80 from pot
*** SUMMARY ***
Total pot 80 | Rake 0 
Board [8h 4d Kd]
Seat 1: Percybold07 (big blind) collected (80)
Seat 2: Mahu2021 (button) (small blind) folded on the Flop



PokerStars Hand #244337023176: Tournament #3606012275, $0.92+$0.08 USD Hold'em No Limit - Level III (20/40) - 2023/06/18 17:21:33 CET [2023/06/18 11:21:33 ET]
Table '3606012275 1' 3-max Seat #1 is the button
Seat 1: Percybold07 (905 in chips) 
Seat 2: Mahu2021 (595 in chips) 
Percybold07: posts small blind 20
Mahu2021: posts big blind 40
*** HOLE CARDS ***
Dealt to Mahu2021 [Jc 8h]
Percybold07: calls 20
Mahu2021: checks 
*** FLOP *** [Qc 9h Qs]
Mahu2021: checks 
Percybold07: checks 
*** TURN *** [Qc 9h Qs] [6h]
Mahu2021: checks 
Percybold07: checks 
*** RIVER *** [Qc 9h Qs 6h] [9s]
Mahu2021: checks 
Percybold07: checks 
*** SHOW DOWN ***
Mahu2021: shows [Jc 8h] (two pair, Queens and Nines)
Percybold07: mucks hand 
Mahu2021 collected 80 from pot
*** SUMMARY ***
Total pot 80 | Rake 0 
Board [Qc 9h Qs 6h 9s]
Seat 1: Percybold07 (button) (small blind) mucked [Th 8d]
Seat 2: Mahu2021 (big blind) showed [Jc 8h] and won (80) with two pair, Queens and Nines



PokerStars Hand #244337027485: Tournament #3606012275, $0.92+$0.08 USD Hold'em No Limit - Level III (20/40) - 2023/06/18 17:21:48 CET [2023/06/18 11:21:48 ET]
Table '3606012275 1' 3-max Seat #2 is the button
Seat 1: Percybold07 (865 in chips) 
Seat 2: Mahu2021 (635 in chips) 
Mahu2021: posts small blind 20
Percybold07: posts big blind 40
*** HOLE CARDS ***
Dealt to Mahu2021 [9h 3c]
Mahu2021: folds 
Uncalled bet (20) returned to Percybold07
Percybold07 collected 40 from pot
*** SUMMARY ***
Total pot 40 | Rake 0 
Seat 1: Percybold07 (big blind) collected (40)
Seat 2: Mahu2021 (button) (small blind) folded before Flop



PokerStars Hand #244337028696: Tournament #3606012275, $0.92+$0.08 USD Hold'em No Limit - Level III (20/40) - 2023/06/18 17:21:52 CET [2023/06/18 11:21:52 ET]
Table '3606012275 1' 3-max Seat #1 is the button
Seat 1: Percybold07 (885 in chips) 
Seat 2: Mahu2021 (615 in chips) 
Percybold07: posts small blind 20
Mahu2021: posts big blind 40
*** HOLE CARDS ***
Dealt to Mahu2021 [Qc Js]
Percybold07: calls 20
Mahu2021: raises 80 to 120
Percybold07: calls 80
*** FLOP *** [2h Th Ac]
Mahu2021: checks 
Percybold07: checks 
*** TURN *** [2h Th Ac] [8s]
Mahu2021: checks 
Percybold07: checks 
*** RIVER *** [2h Th Ac 8s] [Qs]
Mahu2021: bets 120
Percybold07: calls 120
*** SHOW DOWN ***
Mahu2021: shows [Qc Js] (a pair of Queens)
Percybold07: mucks hand 
Mahu2021 collected 480 from pot
*** SUMMARY ***
Total pot 480 | Rake 0 
Board [2h Th Ac 8s Qs]
Seat 1: Percybold07 (button) (small blind) mucked [5d 2d]
Seat 2: Mahu2021 (big blind) showed [Qc Js] and won (480) with a pair of Queens



PokerStars Hand #244337033918: Tournament #3606012275, $0.92+$0.08 USD Hold'em No Limit - Level III (20/40) - 2023/06/18 17:22:12 CET [2023/06/18 11:22:12 ET]
Table '3606012275 1' 3-max Seat #2 is the button
Seat 1: Percybold07 (645 in chips) 
Seat 2: Mahu2021 (855 in chips) 
Mahu2021: posts small blind 20
Percybold07: posts big blind 40
*** HOLE CARDS ***
Dealt to Mahu2021 [2c 3d]
Mahu2021: calls 20
Percybold07: raises 40 to 80
Mahu2021: calls 40
*** FLOP *** [4c 2h 6d]
Percybold07: bets 565 and is all-in
Mahu2021: calls 565
*** TURN *** [4c 2h 6d] [Jh]
*** RIVER *** [4c 2h 6d Jh] [Ks]
*** SHOW DOWN ***
Percybold07: shows [As Qd] (high card Ace)
Mahu2021: shows [2c 3d] (a pair of Deuces)
Mahu2021 collected 1290 from pot
Percybold07 finished the tournament in 2nd place
Mahu2021 wins the tournament and receives $3.00 - congratulations!
*** SUMMARY ***
Total pot 1290 | Rake 0 
Board [4c 2h 6d Jh Ks]
Seat 1: Percybold07 (big blind) showed [As Qd] and lost with high card Ace
Seat 2: Mahu2021 (button) (small blind) showed [2c 3d] and won (1290) with a pair of Deuces



