PokerStars Hand #252441795057: Zoom Tournament #3799228565, $0.00+$10.27+$0.73 USD Hold'em No Limit - Level I (15/30) - 2024/09/14 12:34:36 CET [2024/09/14 6:34:36 ET]
Table '3799228565 58' 2-max Seat #1 is the button
Seat 1: VladimirM626 (2817 in chips, $10.27 bounty) 
Seat 2: Mahu2021 (3000 in chips, $10.27 bounty) 
VladimirM626: posts the ante 4
Mahu2021: posts the ante 4
VladimirM626: posts small blind 15
Mahu2021: posts big blind 30
*** HOLE CARDS ***
Dealt to Mahu2021 [9s Td]
Mahu2021 is disconnected 
VladimirM626: raises 48 to 78
Mahu2021: folds 
Uncalled bet (48) returned to VladimirM626
VladimirM626 collected 68 from pot
VladimirM626: doesn't show hand 
*** SUMMARY ***
Total pot 68 | Rake 0 
Seat 1: VladimirM626 (button) (small blind) collected (68)
Seat 2: Mahu2021 (big blind) folded before Flop



PokerStars Hand #252441796227: Zoom Tournament #3799228565, $0.00+$10.27+$0.73 USD Hold'em No Limit - Level I (15/30) - 2024/09/14 12:34:44 CET [2024/09/14 6:34:44 ET]
Table '3799228565 13' 2-max Seat #1 is the button
Seat 1: Mahu2021 (2966 in chips, $10.27 bounty) 
Seat 2: Erossimo (3777 in chips, $10.27 bounty) 
Mahu2021: posts the ante 4
Erossimo: posts the ante 4
Mahu2021: posts small blind 15
Erossimo: posts big blind 30
*** HOLE CARDS ***
Dealt to Mahu2021 [Kh Jd]
Mahu2021: raises 30 to 60
Erossimo: folds 
Uncalled bet (30) returned to Mahu2021
Mahu2021 collected 68 from pot
Mahu2021: doesn't show hand 
*** SUMMARY ***
Total pot 68 | Rake 0 
Seat 1: Mahu2021 (button) (small blind) collected (68)
Seat 2: Erossimo (big blind) folded before Flop



PokerStars Hand #252441797299: Zoom Tournament #3799228565, $0.00+$10.27+$0.73 USD Hold'em No Limit - Level I (15/30) - 2024/09/14 12:34:52 CET [2024/09/14 6:34:52 ET]
Table '3799228565 36' 2-max Seat #1 is the button
Seat 1: Mahu2021 (3000 in chips, $10.27 bounty) 
Seat 2: buduliss (6002 in chips, $15.40 bounty) 
Mahu2021: posts the ante 4
buduliss: posts the ante 4
Mahu2021: posts small blind 15
buduliss: posts big blind 30
*** HOLE CARDS ***
Dealt to Mahu2021 [7s 6s]
buduliss is disconnected 
Mahu2021: calls 15
buduliss: checks 
*** FLOP *** [3c Ac 2d]
buduliss: checks 
Mahu2021: bets 30
buduliss: folds 
Uncalled bet (30) returned to Mahu2021
Mahu2021 collected 68 from pot
Mahu2021: doesn't show hand 
*** SUMMARY ***
Total pot 68 | Rake 0 
Board [3c Ac 2d]
Seat 1: Mahu2021 (button) (small blind) collected (68)
Seat 2: buduliss (big blind) folded on the Flop



PokerStars Hand #252441798680: Zoom Tournament #3799228565, $0.00+$10.27+$0.73 USD Hold'em No Limit - Level I (15/30) - 2024/09/14 12:35:02 CET [2024/09/14 6:35:02 ET]
Table '3799228565 30' 2-max Seat #1 is the button
Seat 1: rino1430 (3041 in chips, $10.27 bounty) 
Seat 2: Mahu2021 (3034 in chips, $10.27 bounty) 
rino1430: posts the ante 4
Mahu2021: posts the ante 4
rino1430: posts small blind 15
Mahu2021: posts big blind 30
*** HOLE CARDS ***
Dealt to Mahu2021 [Qh 6s]
rino1430: folds 
Uncalled bet (15) returned to Mahu2021
Mahu2021 collected 38 from pot
Mahu2021: doesn't show hand 
*** SUMMARY ***
Total pot 38 | Rake 0 
Seat 1: rino1430 (button) (small blind) folded before Flop
Seat 2: Mahu2021 (big blind) collected (38)



PokerStars Hand #252441799457: Zoom Tournament #3799228565, $0.00+$10.27+$0.73 USD Hold'em No Limit - Level I (15/30) - 2024/09/14 12:35:08 CET [2024/09/14 6:35:08 ET]
Table '3799228565 16' 2-max Seat #1 is the button
Seat 1: Mahu2021 (3053 in chips, $10.27 bounty) 
Seat 2: foxyaNbI4_21 (3213 in chips, $10.27 bounty) 
Mahu2021: posts the ante 4
foxyaNbI4_21: posts the ante 4
Mahu2021: posts small blind 15
foxyaNbI4_21: posts big blind 30
*** HOLE CARDS ***
Dealt to Mahu2021 [Ac Kh]
foxyaNbI4_21 is disconnected 
Mahu2021: raises 30 to 60
foxyaNbI4_21: folds 
Uncalled bet (30) returned to Mahu2021
Mahu2021 collected 68 from pot
Mahu2021: doesn't show hand 
*** SUMMARY ***
Total pot 68 | Rake 0 
Seat 1: Mahu2021 (button) (small blind) collected (68)
Seat 2: foxyaNbI4_21 (big blind) folded before Flop



PokerStars Hand #252441800469: Zoom Tournament #3799228565, $0.00+$10.27+$0.73 USD Hold'em No Limit - Level I (15/30) - 2024/09/14 12:35:15 CET [2024/09/14 6:35:15 ET]
Table '3799228565 59' 2-max Seat #1 is the button
Seat 1: metall_machine (2834 in chips, $10.27 bounty) 
Seat 2: Mahu2021 (3087 in chips, $10.27 bounty) 
metall_machine: posts the ante 4
Mahu2021: posts the ante 4
metall_machine: posts small blind 15
Mahu2021: posts big blind 30
*** HOLE CARDS ***
Dealt to Mahu2021 [4c 2s]
metall_machine: raises 39 to 69
Mahu2021: folds 
Uncalled bet (39) returned to metall_machine
metall_machine collected 68 from pot
metall_machine: doesn't show hand 
*** SUMMARY ***
Total pot 68 | Rake 0 
Seat 1: metall_machine (button) (small blind) collected (68)
Seat 2: Mahu2021 (big blind) folded before Flop



PokerStars Hand #252441801202: Zoom Tournament #3799228565, $0.00+$10.27+$0.73 USD Hold'em No Limit - Level I (15/30) - 2024/09/14 12:35:20 CET [2024/09/14 6:35:20 ET]
Table '3799228565 2' 2-max Seat #1 is the button
Seat 1: VadeInPace21 (2961 in chips, $10.27 bounty) 
Seat 2: Mahu2021 (3053 in chips, $10.27 bounty) 
VadeInPace21: posts the ante 4
Mahu2021: posts the ante 4
VadeInPace21: posts small blind 15
Mahu2021: posts big blind 30
*** HOLE CARDS ***
Dealt to Mahu2021 [Ah 8h]
VadeInPace21 is disconnected 
VadeInPace21: raises 42 to 72
Mahu2021: calls 42
*** FLOP *** [Qc 8d 8s]
Mahu2021: checks 
VadeInPace21: bets 50
Mahu2021: calls 50
*** TURN *** [Qc 8d 8s] [Kd]
Mahu2021: checks 
VadeInPace21: checks 
*** RIVER *** [Qc 8d 8s Kd] [9s]
Mahu2021: bets 252
VadeInPace21: calls 252
*** SHOW DOWN ***
Mahu2021: shows [Ah 8h] (three of a kind, Eights)
VadeInPace21: mucks hand 
Mahu2021 collected 756 from pot
*** SUMMARY ***
Total pot 756 | Rake 0 
Board [Qc 8d 8s Kd 9s]
Seat 1: VadeInPace21 (button) (small blind) mucked [Kh Jc]
Seat 2: Mahu2021 (big blind) showed [Ah 8h] and won (756) with three of a kind, Eights



PokerStars Hand #252441803811: Zoom Tournament #3799228565, $0.00+$10.27+$0.73 USD Hold'em No Limit - Level I (15/30) - 2024/09/14 12:35:39 CET [2024/09/14 6:35:39 ET]
Table '3799228565 28' 2-max Seat #1 is the button
Seat 1: Mahu2021 (3431 in chips, $10.27 bounty) 
Seat 2: HerMiki (2478 in chips, $10.27 bounty) 
Mahu2021: posts the ante 4
HerMiki: posts the ante 4
Mahu2021: posts small blind 15
HerMiki: posts big blind 30
*** HOLE CARDS ***
Dealt to Mahu2021 [5s Qc]
HerMiki is disconnected 
Mahu2021: calls 15
HerMiki: raises 90 to 120
Mahu2021: folds 
Uncalled bet (90) returned to HerMiki
HerMiki collected 68 from pot
HerMiki: doesn't show hand 
*** SUMMARY ***
Total pot 68 | Rake 0 
Seat 1: Mahu2021 (button) (small blind) folded before Flop
Seat 2: HerMiki (big blind) collected (68)



PokerStars Hand #252441805011: Zoom Tournament #3799228565, $0.00+$10.27+$0.73 USD Hold'em No Limit - Level I (15/30) - 2024/09/14 12:35:48 CET [2024/09/14 6:35:48 ET]
Table '3799228565 9' 2-max Seat #1 is the button
Seat 1: Lasth3ro (2579 in chips, $10.27 bounty) 
Seat 2: Mahu2021 (3397 in chips, $10.27 bounty) 
Lasth3ro: posts the ante 4
Mahu2021: posts the ante 4
Lasth3ro: posts small blind 15
Mahu2021: posts big blind 30
*** HOLE CARDS ***
Dealt to Mahu2021 [Td 3d]
Lasth3ro is disconnected 
Lasth3ro: raises 30 to 60
Mahu2021: calls 30
*** FLOP *** [6s 5c 2s]
Mahu2021: checks 
Lasth3ro: checks 
*** TURN *** [6s 5c 2s] [Ac]
Mahu2021: bets 30
Lasth3ro: folds 
Uncalled bet (30) returned to Mahu2021
Mahu2021 collected 128 from pot
Mahu2021: doesn't show hand 
*** SUMMARY ***
Total pot 128 | Rake 0 
Board [6s 5c 2s Ac]
Seat 1: Lasth3ro (button) (small blind) folded on the Turn
Seat 2: Mahu2021 (big blind) collected (128)



PokerStars Hand #252441806785: Zoom Tournament #3799228565, $0.00+$10.27+$0.73 USD Hold'em No Limit - Level II (20/40) - 2024/09/14 12:36:01 CET [2024/09/14 6:36:01 ET]
Table '3799228565 51' 2-max Seat #1 is the button
Seat 1: Mahu2021 (3461 in chips, $10.27 bounty) 
Seat 2: mmishan (4085 in chips, $10.27 bounty) 
Mahu2021: posts the ante 5
mmishan: posts the ante 5
Mahu2021: posts small blind 20
mmishan: posts big blind 40
*** HOLE CARDS ***
Dealt to Mahu2021 [Kd 8h]
Mahu2021: calls 20
mmishan: checks 
*** FLOP *** [3h Qc Ts]
mmishan: checks 
Mahu2021: checks 
*** TURN *** [3h Qc Ts] [Ad]
mmishan: checks 
Mahu2021: bets 40
mmishan: folds 
Uncalled bet (40) returned to Mahu2021
Mahu2021 collected 90 from pot
Mahu2021: doesn't show hand 
*** SUMMARY ***
Total pot 90 | Rake 0 
Board [3h Qc Ts Ad]
Seat 1: Mahu2021 (button) (small blind) collected (90)
Seat 2: mmishan (big blind) folded on the Turn



PokerStars Hand #252441809504: Zoom Tournament #3799228565, $0.00+$10.27+$0.73 USD Hold'em No Limit - Level II (20/40) - 2024/09/14 12:36:21 CET [2024/09/14 6:36:21 ET]
Table '3799228565 31' 2-max Seat #1 is the button
Seat 1: Mahu2021 (3506 in chips, $10.27 bounty) 
Seat 2: buduliss (9804 in chips, $20.53 bounty) 
Mahu2021: posts the ante 5
buduliss: posts the ante 5
Mahu2021: posts small blind 20
buduliss: posts big blind 40
*** HOLE CARDS ***
Dealt to Mahu2021 [Qd 2d]
Mahu2021: calls 20
buduliss: checks 
*** FLOP *** [5d Kd 6s]
buduliss: checks 
Mahu2021: bets 40
buduliss: folds 
Uncalled bet (40) returned to Mahu2021
Mahu2021 collected 90 from pot
Mahu2021: doesn't show hand 
*** SUMMARY ***
Total pot 90 | Rake 0 
Board [5d Kd 6s]
Seat 1: Mahu2021 (button) (small blind) collected (90)
Seat 2: buduliss (big blind) folded on the Flop



PokerStars Hand #252441810984: Zoom Tournament #3799228565, $0.00+$10.27+$0.73 USD Hold'em No Limit - Level II (20/40) - 2024/09/14 12:36:31 CET [2024/09/14 6:36:31 ET]
Table '3799228565 66' 2-max Seat #1 is the button
Seat 1: Mahu2021 (3551 in chips, $10.27 bounty) 
Seat 2: billyke333 (5879 in chips, $10.27 bounty) 
Mahu2021: posts the ante 5
billyke333: posts the ante 5
Mahu2021: posts small blind 20
billyke333: posts big blind 40
*** HOLE CARDS ***
Dealt to Mahu2021 [Tc Qh]
billyke333 is disconnected 
Mahu2021: calls 20
billyke333: checks 
*** FLOP *** [5c Kh 4h]
billyke333: checks 
Mahu2021: checks 
*** TURN *** [5c Kh 4h] [4d]
billyke333: bets 80
Mahu2021: folds 
Uncalled bet (80) returned to billyke333
billyke333 collected 90 from pot
billyke333: doesn't show hand 
*** SUMMARY ***
Total pot 90 | Rake 0 
Board [5c Kh 4h 4d]
Seat 1: Mahu2021 (button) (small blind) folded on the Turn
Seat 2: billyke333 (big blind) collected (90)



PokerStars Hand #252441812459: Zoom Tournament #3799228565, $0.00+$10.27+$0.73 USD Hold'em No Limit - Level II (20/40) - 2024/09/14 12:36:42 CET [2024/09/14 6:36:42 ET]
Table '3799228565 16' 2-max Seat #1 is the button
Seat 1: Strannaya (3058 in chips, $10.27 bounty) 
Seat 2: Mahu2021 (3506 in chips, $10.27 bounty) 
Strannaya: posts the ante 5
Mahu2021: posts the ante 5
Strannaya: posts small blind 20
Mahu2021: posts big blind 40
*** HOLE CARDS ***
Dealt to Mahu2021 [7h 4h]
Strannaya is disconnected 
Strannaya: raises 60 to 100
Mahu2021: calls 60
*** FLOP *** [4c 9h 2h]
Mahu2021: checks 
Strannaya: bets 76
Mahu2021: raises 204 to 280
Strannaya: folds 
Uncalled bet (204) returned to Mahu2021
Mahu2021 collected 362 from pot
Mahu2021: doesn't show hand 
*** SUMMARY ***
Total pot 362 | Rake 0 
Board [4c 9h 2h]
Seat 1: Strannaya (button) (small blind) folded on the Flop
Seat 2: Mahu2021 (big blind) collected (362)



PokerStars Hand #252441815136: Zoom Tournament #3799228565, $0.00+$10.27+$0.73 USD Hold'em No Limit - Level II (20/40) - 2024/09/14 12:37:00 CET [2024/09/14 6:37:00 ET]
Table '3799228565 11' 2-max Seat #1 is the button
Seat 1: LeaderJoe01 (2700 in chips, $10.27 bounty) 
Seat 2: Mahu2021 (3687 in chips, $10.27 bounty) 
LeaderJoe01: posts the ante 5
Mahu2021: posts the ante 5
LeaderJoe01: posts small blind 20
Mahu2021: posts big blind 40
*** HOLE CARDS ***
Dealt to Mahu2021 [7d Qc]
LeaderJoe01 is disconnected 
LeaderJoe01: raises 60 to 100
Mahu2021: folds 
Uncalled bet (60) returned to LeaderJoe01
LeaderJoe01 collected 90 from pot
LeaderJoe01: doesn't show hand 
*** SUMMARY ***
Total pot 90 | Rake 0 
Seat 1: LeaderJoe01 (button) (small blind) collected (90)
Seat 2: Mahu2021 (big blind) folded before Flop



PokerStars Hand #252441815942: Zoom Tournament #3799228565, $0.00+$10.27+$0.73 USD Hold'em No Limit - Level II (20/40) - 2024/09/14 12:37:06 CET [2024/09/14 6:37:06 ET]
Table '3799228565 48' 2-max Seat #1 is the button
Seat 1: Mahu2021 (3642 in chips, $10.27 bounty) 
Seat 2: billyke333 (6034 in chips, $10.27 bounty) 
Mahu2021: posts the ante 5
billyke333: posts the ante 5
Mahu2021: posts small blind 20
billyke333: posts big blind 40
*** HOLE CARDS ***
Dealt to Mahu2021 [Kh 5c]
billyke333 is disconnected 
Mahu2021: calls 20
billyke333: checks 
*** FLOP *** [Ad 3s 4d]
billyke333: checks 
Mahu2021: checks 
*** TURN *** [Ad 3s 4d] [Kc]
billyke333: bets 40
Mahu2021: calls 40
*** RIVER *** [Ad 3s 4d Kc] [7d]
billyke333: bets 5949 and is all-in
Mahu2021: folds 
Uncalled bet (5949) returned to billyke333
billyke333 collected 170 from pot
billyke333: doesn't show hand 
*** SUMMARY ***
Total pot 170 | Rake 0 
Board [Ad 3s 4d Kc 7d]
Seat 1: Mahu2021 (button) (small blind) folded on the River
Seat 2: billyke333 (big blind) collected (170)



PokerStars Hand #252441819089: Zoom Tournament #3799228565, $0.00+$10.27+$0.73 USD Hold'em No Limit - Level II (20/40) - 2024/09/14 12:37:28 CET [2024/09/14 6:37:28 ET]
Table '3799228565 30' 2-max Seat #1 is the button
Seat 1: Hlinkos (1794 in chips, $10.27 bounty) 
Seat 2: Mahu2021 (3557 in chips, $10.27 bounty) 
Hlinkos: posts the ante 5
Mahu2021: posts the ante 5
Hlinkos: posts small blind 20
Mahu2021: posts big blind 40
*** HOLE CARDS ***
Dealt to Mahu2021 [9h Js]
Hlinkos: folds 
Uncalled bet (20) returned to Mahu2021
Mahu2021 collected 50 from pot
Mahu2021: doesn't show hand 
*** SUMMARY ***
Total pot 50 | Rake 0 
Seat 1: Hlinkos (button) (small blind) folded before Flop
Seat 2: Mahu2021 (big blind) collected (50)



PokerStars Hand #252441820438: Zoom Tournament #3799228565, $0.00+$10.27+$0.73 USD Hold'em No Limit - Level II (20/40) - 2024/09/14 12:37:38 CET [2024/09/14 6:37:38 ET]
Table '3799228565 48' 2-max Seat #1 is the button
Seat 1: Mahu2021 (3582 in chips, $10.27 bounty) 
Seat 2: Cannnnnnabiz (3521 in chips, $10.27 bounty) 
Mahu2021: posts the ante 5
Cannnnnnabiz: posts the ante 5
Mahu2021: posts small blind 20
Cannnnnnabiz: posts big blind 40
*** HOLE CARDS ***
Dealt to Mahu2021 [2d 9s]
Mahu2021: folds 
Uncalled bet (20) returned to Cannnnnnabiz
Cannnnnnabiz collected 50 from pot
Cannnnnnabiz: doesn't show hand 
*** SUMMARY ***
Total pot 50 | Rake 0 
Seat 1: Mahu2021 (button) (small blind) folded before Flop
Seat 2: Cannnnnnabiz (big blind) collected (50)



PokerStars Hand #252441821079: Zoom Tournament #3799228565, $0.00+$10.27+$0.73 USD Hold'em No Limit - Level II (20/40) - 2024/09/14 12:37:43 CET [2024/09/14 6:37:43 ET]
Table '3799228565 53' 2-max Seat #1 is the button
Seat 1: Mahu2021 (3557 in chips, $10.27 bounty) 
Seat 2: Neonis7 (1994 in chips, $10.27 bounty) 
Mahu2021: posts the ante 5
Neonis7: posts the ante 5
Mahu2021: posts small blind 20
Neonis7: posts big blind 40
*** HOLE CARDS ***
Dealt to Mahu2021 [3s 4c]
Neonis7 is disconnected 
Mahu2021: folds 
Uncalled bet (20) returned to Neonis7
Neonis7 collected 50 from pot
Neonis7: doesn't show hand 
*** SUMMARY ***
Total pot 50 | Rake 0 
Seat 1: Mahu2021 (button) (small blind) folded before Flop
Seat 2: Neonis7 (big blind) collected (50)



PokerStars Hand #252441821691: Zoom Tournament #3799228565, $0.00+$10.27+$0.73 USD Hold'em No Limit - Level II (20/40) - 2024/09/14 12:37:47 CET [2024/09/14 6:37:47 ET]
Table '3799228565 49' 2-max Seat #1 is the button
Seat 1: costa1102 (3672 in chips, $10.27 bounty) 
Seat 2: Mahu2021 (3532 in chips, $10.27 bounty) 
costa1102: posts the ante 5
Mahu2021: posts the ante 5
costa1102: posts small blind 20
Mahu2021: posts big blind 40
*** HOLE CARDS ***
Dealt to Mahu2021 [7h Kh]
costa1102 is disconnected 
costa1102: folds 
Uncalled bet (20) returned to Mahu2021
Mahu2021 collected 50 from pot
Mahu2021: doesn't show hand 
*** SUMMARY ***
Total pot 50 | Rake 0 
Seat 1: costa1102 (button) (small blind) folded before Flop
Seat 2: Mahu2021 (big blind) collected (50)



PokerStars Hand #252441822356: Zoom Tournament #3799228565, $0.00+$10.27+$0.73 USD Hold'em No Limit - Level II (20/40) - 2024/09/14 12:37:52 CET [2024/09/14 6:37:52 ET]
Table '3799228565 45' 2-max Seat #1 is the button
Seat 1: Mahu2021 (3557 in chips, $10.27 bounty) 
Seat 2: DerKobold1994 (3060 in chips, $10.27 bounty) 
Mahu2021: posts the ante 5
DerKobold1994: posts the ante 5
Mahu2021: posts small blind 20
DerKobold1994: posts big blind 40
*** HOLE CARDS ***
Dealt to Mahu2021 [8s 2c]
Mahu2021: folds 
Uncalled bet (20) returned to DerKobold1994
DerKobold1994 collected 50 from pot
DerKobold1994: doesn't show hand 
*** SUMMARY ***
Total pot 50 | Rake 0 
Seat 1: Mahu2021 (button) (small blind) folded before Flop
Seat 2: DerKobold1994 (big blind) collected (50)



PokerStars Hand #252441822902: Zoom Tournament #3799228565, $0.00+$10.27+$0.73 USD Hold'em No Limit - Level II (20/40) - 2024/09/14 12:37:56 CET [2024/09/14 6:37:56 ET]
Table '3799228565 12' 2-max Seat #1 is the button
Seat 1: Night_Furiaa (5283 in chips, $10.27 bounty) 
Seat 2: Mahu2021 (3532 in chips, $10.27 bounty) 
Night_Furiaa: posts the ante 5
Mahu2021: posts the ante 5
Night_Furiaa: posts small blind 20
Mahu2021: posts big blind 40
*** HOLE CARDS ***
Dealt to Mahu2021 [Js Qc]
Night_Furiaa: raises 40 to 80
Mahu2021: calls 40
*** FLOP *** [3d 3h As]
Mahu2021: checks 
Night_Furiaa: checks 
*** TURN *** [3d 3h As] [Kd]
Mahu2021: checks 
Night_Furiaa: checks 
*** RIVER *** [3d 3h As Kd] [Jd]
Mahu2021: bets 80
Night_Furiaa: folds 
Uncalled bet (80) returned to Mahu2021
Mahu2021 collected 170 from pot
Mahu2021: doesn't show hand 
*** SUMMARY ***
Total pot 170 | Rake 0 
Board [3d 3h As Kd Jd]
Seat 1: Night_Furiaa (button) (small blind) folded on the River
Seat 2: Mahu2021 (big blind) collected (170)



PokerStars Hand #252441824820: Zoom Tournament #3799228565, $0.00+$10.27+$0.73 USD Hold'em No Limit - Level II (20/40) - 2024/09/14 12:38:10 CET [2024/09/14 6:38:10 ET]
Table '3799228565 49' 2-max Seat #1 is the button
Seat 1: Mikkmakk (3000 in chips, $10.27 bounty) 
Seat 2: Mahu2021 (3617 in chips, $10.27 bounty) 
Mikkmakk: posts the ante 5
Mahu2021: posts the ante 5
Mikkmakk: posts small blind 20
Mahu2021: posts big blind 40
*** HOLE CARDS ***
Dealt to Mahu2021 [3h Ts]
Mikkmakk is disconnected 
Mikkmakk: raises 40 to 80
Mahu2021: folds 
Uncalled bet (40) returned to Mikkmakk
Mikkmakk collected 90 from pot
Mikkmakk: doesn't show hand 
*** SUMMARY ***
Total pot 90 | Rake 0 
Seat 1: Mikkmakk (button) (small blind) collected (90)
Seat 2: Mahu2021 (big blind) folded before Flop



PokerStars Hand #252441826803: Zoom Tournament #3799228565, $0.00+$10.27+$0.73 USD Hold'em No Limit - Level II (20/40) - 2024/09/14 12:38:24 CET [2024/09/14 6:38:24 ET]
Table '3799228565 4' 2-max Seat #1 is the button
Seat 1: Mahu2021 (3572 in chips, $10.27 bounty) 
Seat 2: CombinatoRRR (1881 in chips, $10.27 bounty) 
Mahu2021: posts the ante 5
CombinatoRRR: posts the ante 5
Mahu2021: posts small blind 20
CombinatoRRR: posts big blind 40
*** HOLE CARDS ***
Dealt to Mahu2021 [Qc As]
CombinatoRRR is disconnected 
Mahu2021: raises 40 to 80
CombinatoRRR: calls 40
*** FLOP *** [2h 9s 7d]
CombinatoRRR: checks 
Mahu2021: bets 80
CombinatoRRR: folds 
Uncalled bet (80) returned to Mahu2021
Mahu2021 collected 170 from pot
Mahu2021: doesn't show hand 
*** SUMMARY ***
Total pot 170 | Rake 0 
Board [2h 9s 7d]
Seat 1: Mahu2021 (button) (small blind) collected (170)
Seat 2: CombinatoRRR (big blind) folded on the Flop



PokerStars Hand #252441828388: Zoom Tournament #3799228565, $0.00+$10.27+$0.73 USD Hold'em No Limit - Level II (20/40) - 2024/09/14 12:38:36 CET [2024/09/14 6:38:36 ET]
Table '3799228565 55' 2-max Seat #1 is the button
Seat 1: Mahu2021 (3657 in chips, $10.27 bounty) 
Seat 2: elsaki123 (1816 in chips, $10.27 bounty) 
Mahu2021: posts the ante 5
elsaki123: posts the ante 5
Mahu2021: posts small blind 20
elsaki123: posts big blind 40
*** HOLE CARDS ***
Dealt to Mahu2021 [8c 9d]
Mahu2021: calls 20
elsaki123: raises 1771 to 1811 and is all-in
Mahu2021: folds 
Uncalled bet (1771) returned to elsaki123
elsaki123 collected 90 from pot
elsaki123: doesn't show hand 
*** SUMMARY ***
Total pot 90 | Rake 0 
Seat 1: Mahu2021 (button) (small blind) folded before Flop
Seat 2: elsaki123 (big blind) collected (90)



PokerStars Hand #252441829353: Zoom Tournament #3799228565, $0.00+$10.27+$0.73 USD Hold'em No Limit - Level II (20/40) - 2024/09/14 12:38:43 CET [2024/09/14 6:38:43 ET]
Table '3799228565 30' 2-max Seat #1 is the button
Seat 1: jamma31 (3899 in chips, $10.27 bounty) 
Seat 2: Mahu2021 (3612 in chips, $10.27 bounty) 
jamma31: posts the ante 5
Mahu2021: posts the ante 5
jamma31: posts small blind 20
Mahu2021: posts big blind 40
*** HOLE CARDS ***
Dealt to Mahu2021 [Ad 7h]
jamma31 is disconnected 
jamma31: calls 20
Mahu2021: checks 
*** FLOP *** [Th 5h 6h]
Mahu2021: checks 
jamma31: bets 120
Mahu2021: folds 
Uncalled bet (120) returned to jamma31
jamma31 collected 90 from pot
jamma31: doesn't show hand 
*** SUMMARY ***
Total pot 90 | Rake 0 
Board [Th 5h 6h]
Seat 1: jamma31 (button) (small blind) collected (90)
Seat 2: Mahu2021 (big blind) folded on the Flop



PokerStars Hand #252441831818: Zoom Tournament #3799228565, $0.00+$10.27+$0.73 USD Hold'em No Limit - Level III (25/50) - 2024/09/14 12:39:00 CET [2024/09/14 6:39:00 ET]
Table '3799228565 74' 2-max Seat #1 is the button
Seat 1: Lasth3ro (5245 in chips, $10.27 bounty) 
Seat 2: Mahu2021 (3567 in chips, $10.27 bounty) 
Lasth3ro: posts the ante 6
Mahu2021: posts the ante 6
Lasth3ro: posts small blind 25
Mahu2021: posts big blind 50
*** HOLE CARDS ***
Dealt to Mahu2021 [5c 9d]
Lasth3ro is disconnected 
Lasth3ro: raises 50 to 100
Mahu2021: folds 
Uncalled bet (50) returned to Lasth3ro
Lasth3ro collected 112 from pot
Lasth3ro: doesn't show hand 
*** SUMMARY ***
Total pot 112 | Rake 0 
Seat 1: Lasth3ro (button) (small blind) collected (112)
Seat 2: Mahu2021 (big blind) folded before Flop



PokerStars Hand #252441832523: Zoom Tournament #3799228565, $0.00+$10.27+$0.73 USD Hold'em No Limit - Level III (25/50) - 2024/09/14 12:39:05 CET [2024/09/14 6:39:05 ET]
Table '3799228565 20' 2-max Seat #1 is the button
Seat 1: Mahu2021 (3511 in chips, $10.27 bounty) 
Seat 2: Strannaya (3074 in chips, $10.27 bounty) 
Mahu2021: posts the ante 6
Strannaya: posts the ante 6
Mahu2021: posts small blind 25
Strannaya: posts big blind 50
*** HOLE CARDS ***
Dealt to Mahu2021 [2h 3h]
Strannaya is disconnected 
Mahu2021: raises 50 to 100
Strannaya: calls 50
*** FLOP *** [6h 5s Qs]
Strannaya: checks 
Mahu2021: bets 100
Strannaya: calls 100
*** TURN *** [6h 5s Qs] [3d]
Strannaya: checks 
Mahu2021: checks 
*** RIVER *** [6h 5s Qs 3d] [9d]
Strannaya: bets 375
Mahu2021: folds 
Uncalled bet (375) returned to Strannaya
Strannaya collected 412 from pot
Strannaya: doesn't show hand 
*** SUMMARY ***
Total pot 412 | Rake 0 
Board [6h 5s Qs 3d 9d]
Seat 1: Mahu2021 (button) (small blind) folded on the River
Seat 2: Strannaya (big blind) collected (412)



PokerStars Hand #252441836073: Zoom Tournament #3799228565, $0.00+$10.27+$0.73 USD Hold'em No Limit - Level III (25/50) - 2024/09/14 12:39:30 CET [2024/09/14 6:39:30 ET]
Table '3799228565 62' 2-max Seat #1 is the button
Seat 1: Mahu2021 (3305 in chips, $10.27 bounty) 
Seat 2: gaz5522 (2620 in chips, $15.40 bounty) 
Mahu2021: posts the ante 6
gaz5522: posts the ante 6
Mahu2021: posts small blind 25
gaz5522: posts big blind 50
*** HOLE CARDS ***
Dealt to Mahu2021 [6d Td]
Mahu2021: calls 25
gaz5522: checks 
*** FLOP *** [8d 9s 9d]
gaz5522: checks 
Mahu2021: checks 
*** TURN *** [8d 9s 9d] [Jd]
gaz5522: bets 59
Mahu2021: raises 191 to 250
gaz5522: calls 191
*** RIVER *** [8d 9s 9d Jd] [Jc]
gaz5522: checks 
Mahu2021: checks 
*** SHOW DOWN ***
gaz5522: shows [5s 9c] (a full house, Nines full of Jacks)
Mahu2021: mucks hand 
gaz5522 collected 612 from pot
*** SUMMARY ***
Total pot 612 | Rake 0 
Board [8d 9s 9d Jd Jc]
Seat 1: Mahu2021 (button) (small blind) mucked [6d Td]
Seat 2: gaz5522 (big blind) showed [5s 9c] and won (612) with a full house, Nines full of Jacks



PokerStars Hand #252441839693: Zoom Tournament #3799228565, $0.00+$10.27+$0.73 USD Hold'em No Limit - Level III (25/50) - 2024/09/14 12:39:56 CET [2024/09/14 6:39:56 ET]
Table '3799228565 55' 2-max Seat #1 is the button
Seat 1: V3lnias (3415 in chips, $10.27 bounty) 
Seat 2: Mahu2021 (2999 in chips, $10.27 bounty) 
V3lnias: posts the ante 6
Mahu2021: posts the ante 6
V3lnias: posts small blind 25
Mahu2021: posts big blind 50
*** HOLE CARDS ***
Dealt to Mahu2021 [7s Ts]
V3lnias: raises 60 to 110
Mahu2021: calls 60
*** FLOP *** [Ac 5s 6c]
Mahu2021: checks 
V3lnias: bets 116
Mahu2021: folds 
Uncalled bet (116) returned to V3lnias
V3lnias collected 232 from pot
V3lnias: doesn't show hand 
*** SUMMARY ***
Total pot 232 | Rake 0 
Board [Ac 5s 6c]
Seat 1: V3lnias (button) (small blind) collected (232)
Seat 2: Mahu2021 (big blind) folded on the Flop



PokerStars Hand #252441842526: Zoom Tournament #3799228565, $0.00+$10.27+$0.73 USD Hold'em No Limit - Level III (25/50) - 2024/09/14 12:40:16 CET [2024/09/14 6:40:16 ET]
Table '3799228565 29' 2-max Seat #1 is the button
Seat 1: Erbou77 (3065 in chips, $10.27 bounty) 
Seat 2: Mahu2021 (2883 in chips, $10.27 bounty) 
Erbou77: posts the ante 6
Mahu2021: posts the ante 6
Erbou77: posts small blind 25
Mahu2021: posts big blind 50
*** HOLE CARDS ***
Dealt to Mahu2021 [7s 7h]
Erbou77: folds 
Uncalled bet (25) returned to Mahu2021
Mahu2021 collected 62 from pot
Mahu2021: doesn't show hand 
*** SUMMARY ***
Total pot 62 | Rake 0 
Seat 1: Erbou77 (button) (small blind) folded before Flop
Seat 2: Mahu2021 (big blind) collected (62)



PokerStars Hand #252441843246: Zoom Tournament #3799228565, $0.00+$10.27+$0.73 USD Hold'em No Limit - Level III (25/50) - 2024/09/14 12:40:21 CET [2024/09/14 6:40:21 ET]
Table '3799228565 75' 2-max Seat #1 is the button
Seat 1: Mahu2021 (2914 in chips, $10.27 bounty) 
Seat 2: Lasth3ro (6036 in chips, $10.27 bounty) 
Mahu2021: posts the ante 6
Lasth3ro: posts the ante 6
Mahu2021: posts small blind 25
Lasth3ro: posts big blind 50
*** HOLE CARDS ***
Dealt to Mahu2021 [6h Qd]
Lasth3ro is disconnected 
Mahu2021: folds 
Uncalled bet (25) returned to Lasth3ro
Lasth3ro collected 62 from pot
Lasth3ro: doesn't show hand 
*** SUMMARY ***
Total pot 62 | Rake 0 
Seat 1: Mahu2021 (button) (small blind) folded before Flop
Seat 2: Lasth3ro (big blind) collected (62)



PokerStars Hand #252441843946: Zoom Tournament #3799228565, $0.00+$10.27+$0.73 USD Hold'em No Limit - Level III (25/50) - 2024/09/14 12:40:26 CET [2024/09/14 6:40:26 ET]
Table '3799228565 17' 2-max Seat #1 is the button
Seat 1: balonce1996 (3162 in chips, $10.27 bounty) 
Seat 2: Mahu2021 (2883 in chips, $10.27 bounty) 
balonce1996: posts the ante 6
Mahu2021: posts the ante 6
balonce1996: posts small blind 25
Mahu2021: posts big blind 50
*** HOLE CARDS ***
Dealt to Mahu2021 [Kc 5s]
balonce1996 is disconnected 
balonce1996: folds 
Uncalled bet (25) returned to Mahu2021
Mahu2021 collected 62 from pot
Mahu2021: doesn't show hand 
*** SUMMARY ***
Total pot 62 | Rake 0 
Seat 1: balonce1996 (button) (small blind) folded before Flop
Seat 2: Mahu2021 (big blind) collected (62)



PokerStars Hand #252441844541: Zoom Tournament #3799228565, $0.00+$10.27+$0.73 USD Hold'em No Limit - Level III (25/50) - 2024/09/14 12:40:30 CET [2024/09/14 6:40:30 ET]
Table '3799228565 24' 2-max Seat #1 is the button
Seat 1: Mahu2021 (2914 in chips, $10.27 bounty) 
Seat 2: arek11 (2873 in chips, $10.27 bounty) 
Mahu2021: posts the ante 6
arek11: posts the ante 6
Mahu2021: posts small blind 25
arek11: posts big blind 50
*** HOLE CARDS ***
Dealt to Mahu2021 [Jh 6c]
Mahu2021: folds 
Uncalled bet (25) returned to arek11
arek11 collected 62 from pot
arek11: doesn't show hand 
*** SUMMARY ***
Total pot 62 | Rake 0 
Seat 1: Mahu2021 (button) (small blind) folded before Flop
Seat 2: arek11 (big blind) collected (62)



PokerStars Hand #252441845222: Zoom Tournament #3799228565, $0.00+$10.27+$0.73 USD Hold'em No Limit - Level III (25/50) - 2024/09/14 12:40:35 CET [2024/09/14 6:40:35 ET]
Table '3799228565 3' 2-max Seat #1 is the button
Seat 1: paul147 (1824 in chips, $10.27 bounty) 
Seat 2: Mahu2021 (2883 in chips, $10.27 bounty) 
paul147: posts the ante 6
Mahu2021: posts the ante 6
paul147: posts small blind 25
Mahu2021: posts big blind 50
*** HOLE CARDS ***
Dealt to Mahu2021 [Td 2c]
paul147: folds 
Uncalled bet (25) returned to Mahu2021
Mahu2021 collected 62 from pot
Mahu2021: doesn't show hand 
*** SUMMARY ***
Total pot 62 | Rake 0 
Seat 1: paul147 (button) (small blind) folded before Flop
Seat 2: Mahu2021 (big blind) collected (62)



PokerStars Hand #252441846219: Zoom Tournament #3799228565, $0.00+$10.27+$0.73 USD Hold'em No Limit - Level III (25/50) - 2024/09/14 12:40:42 CET [2024/09/14 6:40:42 ET]
Table '3799228565 57' 2-max Seat #1 is the button
Seat 1: Mahu2021 (2914 in chips, $10.27 bounty) 
Seat 2: Strannaya (3700 in chips, $10.27 bounty) 
Mahu2021: posts the ante 6
Strannaya: posts the ante 6
Mahu2021: posts small blind 25
Strannaya: posts big blind 50
*** HOLE CARDS ***
Dealt to Mahu2021 [5h 3c]
Mahu2021: folds 
Uncalled bet (25) returned to Strannaya
Strannaya collected 62 from pot
Strannaya: doesn't show hand 
*** SUMMARY ***
Total pot 62 | Rake 0 
Seat 1: Mahu2021 (button) (small blind) folded before Flop
Seat 2: Strannaya (big blind) collected (62)



PokerStars Hand #252441846899: Zoom Tournament #3799228565, $0.00+$10.27+$0.73 USD Hold'em No Limit - Level III (25/50) - 2024/09/14 12:40:47 CET [2024/09/14 6:40:47 ET]
Table '3799228565 12' 2-max Seat #1 is the button
Seat 1: Nilsmort (7457 in chips, $28.23 bounty) 
Seat 2: Mahu2021 (2883 in chips, $10.27 bounty) 
Nilsmort: posts the ante 6
Mahu2021: posts the ante 6
Nilsmort: posts small blind 25
Mahu2021: posts big blind 50
*** HOLE CARDS ***
Dealt to Mahu2021 [Ah 2c]
Nilsmort: raises 112 to 162
Mahu2021: calls 112
*** FLOP *** [5h Kh 8h]
Mahu2021: checks 
Nilsmort: bets 250
Mahu2021: raises 2465 to 2715 and is all-in
Nilsmort: folds 
Uncalled bet (2465) returned to Mahu2021
Mahu2021 collected 836 from pot
Mahu2021: doesn't show hand 
*** SUMMARY ***
Total pot 836 | Rake 0 
Board [5h Kh 8h]
Seat 1: Nilsmort (button) (small blind) folded on the Flop
Seat 2: Mahu2021 (big blind) collected (836)



PokerStars Hand #252441848747: Zoom Tournament #3799228565, $0.00+$10.27+$0.73 USD Hold'em No Limit - Level III (25/50) - 2024/09/14 12:41:00 CET [2024/09/14 6:41:00 ET]
Table '3799228565 40' 2-max Seat #1 is the button
Seat 1: Mahu2021 (3301 in chips, $10.27 bounty) 
Seat 2: nilesS (6901 in chips, $10.27 bounty) 
Mahu2021: posts the ante 6
nilesS: posts the ante 6
Mahu2021: posts small blind 25
nilesS: posts big blind 50
*** HOLE CARDS ***
Dealt to Mahu2021 [6s 9c]
nilesS is disconnected 
Mahu2021: folds 
Uncalled bet (25) returned to nilesS
nilesS collected 62 from pot
nilesS: doesn't show hand 
*** SUMMARY ***
Total pot 62 | Rake 0 
Seat 1: Mahu2021 (button) (small blind) folded before Flop
Seat 2: nilesS (big blind) collected (62)



PokerStars Hand #252441849597: Zoom Tournament #3799228565, $0.00+$10.27+$0.73 USD Hold'em No Limit - Level III (25/50) - 2024/09/14 12:41:06 CET [2024/09/14 6:41:06 ET]
Table '3799228565 50' 2-max Seat #1 is the button
Seat 1: Mystic_River201 (6582 in chips, $15.40 bounty) 
Seat 2: Mahu2021 (3270 in chips, $10.27 bounty) 
Mystic_River201: posts the ante 6
Mahu2021: posts the ante 6
Mystic_River201: posts small blind 25
Mahu2021: posts big blind 50
*** HOLE CARDS ***
Dealt to Mahu2021 [9s Ks]
Mystic_River201: raises 50 to 100
Mahu2021: calls 50
*** FLOP *** [Ac 8h 3d]
Mahu2021: checks 
Mystic_River201: bets 106
Mahu2021: folds 
Uncalled bet (106) returned to Mystic_River201
Mystic_River201 collected 212 from pot
Mystic_River201: doesn't show hand 
*** SUMMARY ***
Total pot 212 | Rake 0 
Board [Ac 8h 3d]
Seat 1: Mystic_River201 (button) (small blind) collected (212)
Seat 2: Mahu2021 (big blind) folded on the Flop



PokerStars Hand #252441851886: Zoom Tournament #3799228565, $0.00+$10.27+$0.73 USD Hold'em No Limit - Level III (25/50) - 2024/09/14 12:41:22 CET [2024/09/14 6:41:22 ET]
Table '3799228565 28' 2-max Seat #1 is the button
Seat 1: Mahu2021 (3164 in chips, $10.27 bounty) 
Seat 2: Erossimo (9501 in chips, $20.53 bounty) 
Mahu2021: posts the ante 6
Erossimo: posts the ante 6
Mahu2021: posts small blind 25
Erossimo: posts big blind 50
*** HOLE CARDS ***
Dealt to Mahu2021 [4s 2d]
Erossimo is disconnected 
Mahu2021: folds 
Uncalled bet (25) returned to Erossimo
Erossimo collected 62 from pot
Erossimo: doesn't show hand 
*** SUMMARY ***
Total pot 62 | Rake 0 
Seat 1: Mahu2021 (button) (small blind) folded before Flop
Seat 2: Erossimo (big blind) collected (62)



PokerStars Hand #252441852432: Zoom Tournament #3799228565, $0.00+$10.27+$0.73 USD Hold'em No Limit - Level III (25/50) - 2024/09/14 12:41:26 CET [2024/09/14 6:41:26 ET]
Table '3799228565 35' 2-max Seat #1 is the button
Seat 1: Ivan17574 (3660 in chips, $15.40 bounty) 
Seat 2: Mahu2021 (3133 in chips, $10.27 bounty) 
Ivan17574: posts the ante 6
Mahu2021: posts the ante 6
Ivan17574: posts small blind 25
Mahu2021: posts big blind 50
*** HOLE CARDS ***
Dealt to Mahu2021 [Jc Qc]
Ivan17574: raises 50 to 100
Mahu2021: calls 50
*** FLOP *** [As 9s Ah]
Mahu2021: checks 
Ivan17574: bets 100
Mahu2021: raises 150 to 250
Ivan17574: calls 150
*** TURN *** [As 9s Ah] [Ts]
Mahu2021: bets 2777 and is all-in
Ivan17574: folds 
Uncalled bet (2777) returned to Mahu2021
Mahu2021 collected 712 from pot
Mahu2021: doesn't show hand 
*** SUMMARY ***
Total pot 712 | Rake 0 
Board [As 9s Ah Ts]
Seat 1: Ivan17574 (button) (small blind) folded on the Turn
Seat 2: Mahu2021 (big blind) collected (712)



PokerStars Hand #252441856026: Zoom Tournament #3799228565, $0.00+$10.27+$0.73 USD Hold'em No Limit - Level III (25/50) - 2024/09/14 12:41:51 CET [2024/09/14 6:41:51 ET]
Table '3799228565 64' 2-max Seat #1 is the button
Seat 1: Mahu2021 (3489 in chips, $10.27 bounty) 
Seat 2: Strannaya (3324 in chips, $10.27 bounty) 
Mahu2021: posts the ante 6
Strannaya: posts the ante 6
Mahu2021: posts small blind 25
Strannaya: posts big blind 50
*** HOLE CARDS ***
Dealt to Mahu2021 [2h 7c]
Strannaya is disconnected 
Mahu2021: folds 
Uncalled bet (25) returned to Strannaya
Strannaya collected 62 from pot
Strannaya: doesn't show hand 
*** SUMMARY ***
Total pot 62 | Rake 0 
Seat 1: Mahu2021 (button) (small blind) folded before Flop
Seat 2: Strannaya (big blind) collected (62)



PokerStars Hand #252441856683: Zoom Tournament #3799228565, $0.00+$10.27+$0.73 USD Hold'em No Limit - Level III (25/50) - 2024/09/14 12:41:56 CET [2024/09/14 6:41:56 ET]
Table '3799228565 33' 2-max Seat #1 is the button
Seat 1: lolek851 (1751 in chips, $10.27 bounty) 
Seat 2: Mahu2021 (3458 in chips, $10.27 bounty) 
lolek851: posts the ante 6
Mahu2021: posts the ante 6
lolek851: posts small blind 25
Mahu2021: posts big blind 50
*** HOLE CARDS ***
Dealt to Mahu2021 [6d Td]
lolek851: raises 66 to 116
Mahu2021: folds 
Uncalled bet (66) returned to lolek851
lolek851 collected 112 from pot
lolek851: doesn't show hand 
*** SUMMARY ***
Total pot 112 | Rake 0 
Seat 1: lolek851 (button) (small blind) collected (112)
Seat 2: Mahu2021 (big blind) folded before Flop



PokerStars Hand #252441857720: Zoom Tournament #3799228565, $0.00+$10.27+$0.73 USD Hold'em No Limit - Level IV (30/60) - 2024/09/14 12:42:03 CET [2024/09/14 6:42:03 ET]
Table '3799228565 29' 2-max Seat #1 is the button
Seat 1: Mahu2021 (3402 in chips, $10.27 bounty) 
Seat 2: NoWayyy8 (3580 in chips, $10.27 bounty) 
Mahu2021: posts the ante 7
NoWayyy8: posts the ante 7
Mahu2021: posts small blind 30
NoWayyy8: posts big blind 60
*** HOLE CARDS ***
Dealt to Mahu2021 [6c Ah]
Mahu2021: raises 60 to 120
NoWayyy8: calls 60
*** FLOP *** [9h 9c Tc]
NoWayyy8: checks 
Mahu2021: bets 120
NoWayyy8: raises 240 to 360
Mahu2021: folds 
Uncalled bet (240) returned to NoWayyy8
NoWayyy8 collected 494 from pot
NoWayyy8: doesn't show hand 
*** SUMMARY ***
Total pot 494 | Rake 0 
Board [9h 9c Tc]
Seat 1: Mahu2021 (button) (small blind) folded on the Flop
Seat 2: NoWayyy8 (big blind) collected (494)



PokerStars Hand #252441860776: Zoom Tournament #3799228565, $0.00+$10.27+$0.73 USD Hold'em No Limit - Level IV (30/60) - 2024/09/14 12:42:25 CET [2024/09/14 6:42:25 ET]
Table '3799228565 60' 2-max Seat #1 is the button
Seat 1: CAVANATOS77 (4376 in chips, $10.27 bounty) 
Seat 2: Mahu2021 (3155 in chips, $10.27 bounty) 
CAVANATOS77: posts the ante 7
Mahu2021: posts the ante 7
CAVANATOS77: posts small blind 30
Mahu2021: posts big blind 60
*** HOLE CARDS ***
Dealt to Mahu2021 [Ts 4d]
CAVANATOS77: calls 30
Mahu2021: checks 
*** FLOP *** [Th 2d Qc]
Mahu2021: bets 60
CAVANATOS77: calls 60
*** TURN *** [Th 2d Qc] [Jh]
Mahu2021: checks 
CAVANATOS77: bets 74
Mahu2021: calls 74
*** RIVER *** [Th 2d Qc Jh] [6d]
Mahu2021: checks 
CAVANATOS77: checks 
*** SHOW DOWN ***
Mahu2021: shows [Ts 4d] (a pair of Tens)
CAVANATOS77: mucks hand 
Mahu2021 collected 402 from pot
*** SUMMARY ***
Total pot 402 | Rake 0 
Board [Th 2d Qc Jh 6d]
Seat 1: CAVANATOS77 (button) (small blind) mucked [3h As]
Seat 2: Mahu2021 (big blind) showed [Ts 4d] and won (402) with a pair of Tens



PokerStars Hand #252441864746: Zoom Tournament #3799228565, $0.00+$10.27+$0.73 USD Hold'em No Limit - Level IV (30/60) - 2024/09/14 12:42:53 CET [2024/09/14 6:42:53 ET]
Table '3799228565 48' 2-max Seat #1 is the button
Seat 1: Mahu2021 (3356 in chips, $10.27 bounty) 
Seat 2: gaz5522 (2354 in chips, $15.40 bounty) 
Mahu2021: posts the ante 7
gaz5522: posts the ante 7
Mahu2021: posts small blind 30
gaz5522: posts big blind 60
*** HOLE CARDS ***
Dealt to Mahu2021 [Tc Ts]
Mahu2021: raises 3289 to 3349 and is all-in
gaz5522: folds 
Uncalled bet (3289) returned to Mahu2021
Mahu2021 collected 134 from pot
Mahu2021: doesn't show hand 
*** SUMMARY ***
Total pot 134 | Rake 0 
Seat 1: Mahu2021 (button) (small blind) collected (134)
Seat 2: gaz5522 (big blind) folded before Flop



PokerStars Hand #252441865973: Zoom Tournament #3799228565, $0.00+$10.27+$0.73 USD Hold'em No Limit - Level IV (30/60) - 2024/09/14 12:43:01 CET [2024/09/14 6:43:01 ET]
Table '3799228565 7' 2-max Seat #1 is the button
Seat 1: GarryTheKiller (7078 in chips, $15.40 bounty) 
Seat 2: Mahu2021 (3423 in chips, $10.27 bounty) 
GarryTheKiller: posts the ante 7
Mahu2021: posts the ante 7
GarryTheKiller: posts small blind 30
Mahu2021: posts big blind 60
*** HOLE CARDS ***
Dealt to Mahu2021 [Ad Qc]
GarryTheKiller: raises 60 to 120
Mahu2021: raises 3296 to 3416 and is all-in
GarryTheKiller: folds 
Uncalled bet (3296) returned to Mahu2021
Mahu2021 collected 254 from pot
Mahu2021: doesn't show hand 
*** SUMMARY ***
Total pot 254 | Rake 0 
Seat 1: GarryTheKiller (button) (small blind) folded before Flop
Seat 2: Mahu2021 (big blind) collected (254)



PokerStars Hand #252441868997: Zoom Tournament #3799228565, $0.00+$10.27+$0.73 USD Hold'em No Limit - Level IV (30/60) - 2024/09/14 12:43:23 CET [2024/09/14 6:43:23 ET]
Table '3799228565 6' 2-max Seat #1 is the button
Seat 1: jarmari (4995 in chips, $15.40 bounty) 
Seat 2: Mahu2021 (3550 in chips, $10.27 bounty) 
jarmari: posts the ante 7
Mahu2021: posts the ante 7
jarmari: posts small blind 30
Mahu2021: posts big blind 60
*** HOLE CARDS ***
Dealt to Mahu2021 [Th 8d]
jarmari: folds 
Uncalled bet (30) returned to Mahu2021
Mahu2021 collected 74 from pot
Mahu2021: doesn't show hand 
*** SUMMARY ***
Total pot 74 | Rake 0 
Seat 1: jarmari (button) (small blind) folded before Flop
Seat 2: Mahu2021 (big blind) collected (74)



PokerStars Hand #252441869679: Zoom Tournament #3799228565, $0.00+$10.27+$0.73 USD Hold'em No Limit - Level IV (30/60) - 2024/09/14 12:43:27 CET [2024/09/14 6:43:27 ET]
Table '3799228565 24' 2-max Seat #1 is the button
Seat 1: Mahu2021 (3587 in chips, $10.27 bounty) 
Seat 2: bruceleeironman (4435 in chips, $10.27 bounty) 
Mahu2021: posts the ante 7
bruceleeironman: posts the ante 7
Mahu2021: posts small blind 30
bruceleeironman: posts big blind 60
*** HOLE CARDS ***
Dealt to Mahu2021 [Ac 3c]
Mahu2021: raises 60 to 120
bruceleeironman: calls 60
*** FLOP *** [9c Th 2h]
bruceleeironman: checks 
Mahu2021: checks 
*** TURN *** [9c Th 2h] [Tc]
bruceleeironman: bets 240
Mahu2021: calls 240
*** RIVER *** [9c Th 2h Tc] [8c]
bruceleeironman: bets 367
Mahu2021: raises 533 to 900
bruceleeironman: folds 
Uncalled bet (533) returned to Mahu2021
Mahu2021 collected 1468 from pot
Mahu2021: doesn't show hand 
*** SUMMARY ***
Total pot 1468 | Rake 0 
Board [9c Th 2h Tc 8c]
Seat 1: Mahu2021 (button) (small blind) collected (1468)
Seat 2: bruceleeironman (big blind) folded on the River



PokerStars Hand #252441874078: Zoom Tournament #3799228565, $0.00+$10.27+$0.73 USD Hold'em No Limit - Level IV (30/60) - 2024/09/14 12:43:58 CET [2024/09/14 6:43:58 ET]
Table '3799228565 59' 2-max Seat #1 is the button
Seat 1: LeaderJoe01 (3000 in chips, $10.27 bounty) 
Seat 2: Mahu2021 (4321 in chips, $10.27 bounty) 
LeaderJoe01: posts the ante 7
Mahu2021: posts the ante 7
LeaderJoe01: posts small blind 30
Mahu2021: posts big blind 60
*** HOLE CARDS ***
Dealt to Mahu2021 [9c 7d]
LeaderJoe01 is disconnected 
LeaderJoe01: folds 
Uncalled bet (30) returned to Mahu2021
Mahu2021 collected 74 from pot
Mahu2021: doesn't show hand 
*** SUMMARY ***
Total pot 74 | Rake 0 
Seat 1: LeaderJoe01 (button) (small blind) folded before Flop
Seat 2: Mahu2021 (big blind) collected (74)



PokerStars Hand #252441875061: Zoom Tournament #3799228565, $0.00+$10.27+$0.73 USD Hold'em No Limit - Level IV (30/60) - 2024/09/14 12:44:05 CET [2024/09/14 6:44:05 ET]
Table '3799228565 2' 2-max Seat #1 is the button
Seat 1: Mahu2021 (4358 in chips, $10.27 bounty) 
Seat 2: auer_gg (2012 in chips, $10.27 bounty) 
Mahu2021: posts the ante 7
auer_gg: posts the ante 7
Mahu2021: posts small blind 30
auer_gg: posts big blind 60
*** HOLE CARDS ***
Dealt to Mahu2021 [Jc Jd]
Mahu2021: raises 4291 to 4351 and is all-in
auer_gg: calls 1945 and is all-in
Uncalled bet (2346) returned to Mahu2021
*** FLOP *** [Ks Td 5s]
*** TURN *** [Ks Td 5s] [9d]
*** RIVER *** [Ks Td 5s 9d] [Kd]
*** SHOW DOWN ***
auer_gg: shows [4c Ad] (a pair of Kings)
Mahu2021: shows [Jc Jd] (two pair, Kings and Jacks)
Mahu2021 collected 4024 from pot
Mahu2021 wins $5.14 for eliminating auer_gg and their own bounty increases by $5.13 to $15.40
*** SUMMARY ***
Total pot 4024 | Rake 0 
Board [Ks Td 5s 9d Kd]
Seat 1: Mahu2021 (button) (small blind) showed [Jc Jd] and won (4024) with two pair, Kings and Jacks
Seat 2: auer_gg (big blind) showed [4c Ad] and lost with a pair of Kings



PokerStars Hand #252441877356: Zoom Tournament #3799228565, $0.00+$10.27+$0.73 USD Hold'em No Limit - Level IV (30/60) - 2024/09/14 12:44:21 CET [2024/09/14 6:44:21 ET]
Table '3799228565 28' 2-max Seat #1 is the button
Seat 1: DominikLinda (692 in chips, $10.27 bounty) 
Seat 2: Mahu2021 (6370 in chips, $15.40 bounty) 
DominikLinda: posts the ante 7
Mahu2021: posts the ante 7
DominikLinda: posts small blind 30
Mahu2021: posts big blind 60
*** HOLE CARDS ***
Dealt to Mahu2021 [6c 7d]
DominikLinda: folds 
Uncalled bet (30) returned to Mahu2021
Mahu2021 collected 74 from pot
Mahu2021: doesn't show hand 
*** SUMMARY ***
Total pot 74 | Rake 0 
Seat 1: DominikLinda (button) (small blind) folded before Flop
Seat 2: Mahu2021 (big blind) collected (74)



PokerStars Hand #252441878099: Zoom Tournament #3799228565, $0.00+$10.27+$0.73 USD Hold'em No Limit - Level IV (30/60) - 2024/09/14 12:44:26 CET [2024/09/14 6:44:26 ET]
Table '3799228565 41' 2-max Seat #1 is the button
Seat 1: dominik2511 (3923 in chips, $17.97 bounty) 
Seat 2: Mahu2021 (6407 in chips, $15.40 bounty) 
dominik2511: posts the ante 7
Mahu2021: posts the ante 7
dominik2511: posts small blind 30
Mahu2021: posts big blind 60
*** HOLE CARDS ***
Dealt to Mahu2021 [Qs Ac]
dominik2511 is disconnected 
dominik2511: calls 30
Mahu2021: raises 60 to 120
dominik2511: calls 60
*** FLOP *** [9h Jh 5d]
Mahu2021: checks 
dominik2511: checks 
*** TURN *** [9h Jh 5d] [3h]
Mahu2021: checks 
dominik2511: bets 175
Mahu2021: folds 
Uncalled bet (175) returned to dominik2511
dominik2511 collected 254 from pot
dominik2511: doesn't show hand 
*** SUMMARY ***
Total pot 254 | Rake 0 
Board [9h Jh 5d 3h]
Seat 1: dominik2511 (button) (small blind) collected (254)
Seat 2: Mahu2021 (big blind) folded on the Turn



PokerStars Hand #252441881126: Zoom Tournament #3799228565, $0.00+$10.27+$0.73 USD Hold'em No Limit - Level IV (30/60) - 2024/09/14 12:44:47 CET [2024/09/14 6:44:47 ET]
Table '3799228565 44' 2-max Seat #1 is the button
Seat 1: Mahu2021 (6280 in chips, $15.40 bounty) 
Seat 2: 7ferikam7 (5113 in chips, $15.40 bounty) is sitting out
Mahu2021: posts the ante 7
7ferikam7: posts the ante 7
Mahu2021: posts small blind 30
7ferikam7: posts big blind 60
*** HOLE CARDS ***
Dealt to Mahu2021 [Ad Th]
Mahu2021: raises 60 to 120
7ferikam7: folds 
Uncalled bet (60) returned to Mahu2021
Mahu2021 collected 134 from pot
Mahu2021: doesn't show hand 
*** SUMMARY ***
Total pot 134 | Rake 0 
Seat 1: Mahu2021 (button) (small blind) collected (134)
Seat 2: 7ferikam7 (big blind) folded before Flop



PokerStars Hand #252441881845: Zoom Tournament #3799228565, $0.00+$10.27+$0.73 USD Hold'em No Limit - Level IV (30/60) - 2024/09/14 12:44:52 CET [2024/09/14 6:44:52 ET]
Table '3799228565 45' 2-max Seat #1 is the button
Seat 1: Mahu2021 (6347 in chips, $15.40 bounty) 
Seat 2: Kortes[san] (11075 in chips, $20.53 bounty) 
Mahu2021: posts the ante 7
Kortes[san]: posts the ante 7
Mahu2021: posts small blind 30
Kortes[san]: posts big blind 60
*** HOLE CARDS ***
Dealt to Mahu2021 [Jd 6h]
Mahu2021: raises 60 to 120
Kortes[san]: calls 60
*** FLOP *** [Ts 5c 5h]
Kortes[san]: checks 
Mahu2021: bets 60
Kortes[san]: raises 180 to 240
Mahu2021: folds 
Uncalled bet (180) returned to Kortes[san]
Kortes[san] collected 374 from pot
Kortes[san]: doesn't show hand 
*** SUMMARY ***
Total pot 374 | Rake 0 
Board [Ts 5c 5h]
Seat 1: Mahu2021 (button) (small blind) folded on the Flop
Seat 2: Kortes[san] (big blind) collected (374)



PokerStars Hand #252441884472: Zoom Tournament #3799228565, $0.00+$10.27+$0.73 USD Hold'em No Limit - Level V (40/80) - 2024/09/14 12:45:11 CET [2024/09/14 6:45:11 ET]
Table '3799228565 12' 2-max Seat #1 is the button
Seat 1: BratZla (3142 in chips, $10.27 bounty) 
Seat 2: Mahu2021 (6160 in chips, $15.40 bounty) 
BratZla: posts the ante 10
Mahu2021: posts the ante 10
BratZla: posts small blind 40
Mahu2021: posts big blind 80
*** HOLE CARDS ***
Dealt to Mahu2021 [Jh 8h]
BratZla: folds 
Uncalled bet (40) returned to Mahu2021
Mahu2021 collected 100 from pot
Mahu2021: doesn't show hand 
*** SUMMARY ***
Total pot 100 | Rake 0 
Seat 1: BratZla (button) (small blind) folded before Flop
Seat 2: Mahu2021 (big blind) collected (100)



PokerStars Hand #252441885173: Zoom Tournament #3799228565, $0.00+$10.27+$0.73 USD Hold'em No Limit - Level V (40/80) - 2024/09/14 12:45:16 CET [2024/09/14 6:45:16 ET]
Table '3799228565 72' 2-max Seat #1 is the button
Seat 1: Mahu2021 (6210 in chips, $15.40 bounty) 
Seat 2: Ivan17574 (5974 in chips, $20.53 bounty) 
Mahu2021: posts the ante 10
Ivan17574: posts the ante 10
Mahu2021: posts small blind 40
Ivan17574: posts big blind 80
*** HOLE CARDS ***
Dealt to Mahu2021 [2h 5d]
Mahu2021: folds 
Uncalled bet (40) returned to Ivan17574
Ivan17574 collected 100 from pot
Ivan17574: doesn't show hand 
*** SUMMARY ***
Total pot 100 | Rake 0 
Seat 1: Mahu2021 (button) (small blind) folded before Flop
Seat 2: Ivan17574 (big blind) collected (100)



PokerStars Hand #252441885924: Zoom Tournament #3799228565, $0.00+$10.27+$0.73 USD Hold'em No Limit - Level V (40/80) - 2024/09/14 12:45:21 CET [2024/09/14 6:45:21 ET]
Table '3799228565 31' 2-max Seat #1 is the button
Seat 1: Mahu2021 (6160 in chips, $15.40 bounty) 
Seat 2: panagiotis96 (4870 in chips, $10.27 bounty) 
Mahu2021: posts the ante 10
panagiotis96: posts the ante 10
Mahu2021: posts small blind 40
panagiotis96: posts big blind 80
*** HOLE CARDS ***
Dealt to Mahu2021 [4s 6h]
panagiotis96 is disconnected 
Mahu2021: folds 
Uncalled bet (40) returned to panagiotis96
panagiotis96 collected 100 from pot
panagiotis96: doesn't show hand 
*** SUMMARY ***
Total pot 100 | Rake 0 
Seat 1: Mahu2021 (button) (small blind) folded before Flop
Seat 2: panagiotis96 (big blind) collected (100)



PokerStars Hand #252441886715: Zoom Tournament #3799228565, $0.00+$10.27+$0.73 USD Hold'em No Limit - Level V (40/80) - 2024/09/14 12:45:27 CET [2024/09/14 6:45:27 ET]
Table '3799228565 1' 2-max Seat #1 is the button
Seat 1: franciscomls123 (2780 in chips, $10.27 bounty) 
Seat 2: Mahu2021 (6110 in chips, $15.40 bounty) 
franciscomls123: posts the ante 10
Mahu2021: posts the ante 10
franciscomls123: posts small blind 40
Mahu2021: posts big blind 80
*** HOLE CARDS ***
Dealt to Mahu2021 [Kc 2d]
franciscomls123: calls 40
Mahu2021: checks 
*** FLOP *** [5d 6d 8h]
Mahu2021: checks 
franciscomls123: bets 90
Mahu2021: folds 
Uncalled bet (90) returned to franciscomls123
franciscomls123 collected 180 from pot
franciscomls123: doesn't show hand 
*** SUMMARY ***
Total pot 180 | Rake 0 
Board [5d 6d 8h]
Seat 1: franciscomls123 (button) (small blind) collected (180)
Seat 2: Mahu2021 (big blind) folded on the Flop



PokerStars Hand #252441888468: Zoom Tournament #3799228565, $0.00+$10.27+$0.73 USD Hold'em No Limit - Level V (40/80) - 2024/09/14 12:45:40 CET [2024/09/14 6:45:40 ET]
Table '3799228565 30' 2-max Seat #1 is the button
Seat 1: jamma31 (4618 in chips, $10.27 bounty) 
Seat 2: Mahu2021 (6020 in chips, $15.40 bounty) 
jamma31: posts the ante 10
Mahu2021: posts the ante 10
jamma31: posts small blind 40
Mahu2021: posts big blind 80
*** HOLE CARDS ***
Dealt to Mahu2021 [8s Qc]
jamma31 is disconnected 
jamma31: calls 40
Mahu2021: checks 
*** FLOP *** [Jd 6s 3h]
Mahu2021: checks 
jamma31: checks 
*** TURN *** [Jd 6s 3h] [9d]
Mahu2021: bets 80
jamma31: folds 
Uncalled bet (80) returned to Mahu2021
Mahu2021 collected 180 from pot
Mahu2021: doesn't show hand 
*** SUMMARY ***
Total pot 180 | Rake 0 
Board [Jd 6s 3h 9d]
Seat 1: jamma31 (button) (small blind) folded on the Turn
Seat 2: Mahu2021 (big blind) collected (180)



PokerStars Hand #252441890611: Zoom Tournament #3799228565, $0.00+$10.27+$0.73 USD Hold'em No Limit - Level V (40/80) - 2024/09/14 12:45:55 CET [2024/09/14 6:45:55 ET]
Table '3799228565 40' 2-max Seat #1 is the button
Seat 1: Mahu2021 (6110 in chips, $15.40 bounty) 
Seat 2: foxyaNbI4_21 (4368 in chips, $10.27 bounty) 
Mahu2021: posts the ante 10
foxyaNbI4_21: posts the ante 10
Mahu2021: posts small blind 40
foxyaNbI4_21: posts big blind 80
*** HOLE CARDS ***
Dealt to Mahu2021 [Jc 5h]
foxyaNbI4_21 is disconnected 
Mahu2021: folds 
Uncalled bet (40) returned to foxyaNbI4_21
foxyaNbI4_21 collected 100 from pot
foxyaNbI4_21: doesn't show hand 
*** SUMMARY ***
Total pot 100 | Rake 0 
Seat 1: Mahu2021 (button) (small blind) folded before Flop
Seat 2: foxyaNbI4_21 (big blind) collected (100)



PokerStars Hand #252441891367: Zoom Tournament #3799228565, $0.00+$10.27+$0.73 USD Hold'em No Limit - Level V (40/80) - 2024/09/14 12:46:00 CET [2024/09/14 6:46:00 ET]
Table '3799228565 9' 2-max Seat #1 is the button
Seat 1: Mahu2021 (6060 in chips, $15.40 bounty) 
Seat 2: DerKobold1994 (6601 in chips, $10.27 bounty) 
Mahu2021: posts the ante 10
DerKobold1994: posts the ante 10
Mahu2021: posts small blind 40
DerKobold1994: posts big blind 80
*** HOLE CARDS ***
Dealt to Mahu2021 [3c Ad]
Mahu2021: raises 80 to 160
DerKobold1994: calls 80
*** FLOP *** [3s 7d Jh]
DerKobold1994: checks 
Mahu2021: bets 160
DerKobold1994: calls 160
*** TURN *** [3s 7d Jh] [Kd]
DerKobold1994: checks 
Mahu2021: bets 160
DerKobold1994: calls 160
*** RIVER *** [3s 7d Jh Kd] [9c]
DerKobold1994: checks 
Mahu2021: bets 980
DerKobold1994: folds 
Uncalled bet (980) returned to Mahu2021
Mahu2021 collected 980 from pot
Mahu2021: doesn't show hand 
*** SUMMARY ***
Total pot 980 | Rake 0 
Board [3s 7d Jh Kd 9c]
Seat 1: Mahu2021 (button) (small blind) collected (980)
Seat 2: DerKobold1994 (big blind) folded on the River



PokerStars Hand #252441894630: Zoom Tournament #3799228565, $0.00+$10.27+$0.73 USD Hold'em No Limit - Level V (40/80) - 2024/09/14 12:46:23 CET [2024/09/14 6:46:23 ET]
Table '3799228565 57' 2-max Seat #1 is the button
Seat 1: claudinei55 (2900 in chips, $10.27 bounty) 
Seat 2: Mahu2021 (6550 in chips, $15.40 bounty) 
claudinei55: posts the ante 10
Mahu2021: posts the ante 10
claudinei55: posts small blind 40
Mahu2021: posts big blind 80
*** HOLE CARDS ***
Dealt to Mahu2021 [9c 4c]
claudinei55 is disconnected 
claudinei55: calls 40
Mahu2021: checks 
*** FLOP *** [2c Js Th]
Mahu2021: checks 
claudinei55: checks 
*** TURN *** [2c Js Th] [2s]
Mahu2021: checks 
claudinei55: checks 
*** RIVER *** [2c Js Th 2s] [Ah]
Mahu2021: bets 80
claudinei55: folds 
Uncalled bet (80) returned to Mahu2021
Mahu2021 collected 180 from pot
Mahu2021: doesn't show hand 
*** SUMMARY ***
Total pot 180 | Rake 0 
Board [2c Js Th 2s Ah]
Seat 1: claudinei55 (button) (small blind) folded on the River
Seat 2: Mahu2021 (big blind) collected (180)



PokerStars Hand #252441896887: Zoom Tournament #3799228565, $0.00+$10.27+$0.73 USD Hold'em No Limit - Level V (40/80) - 2024/09/14 12:46:39 CET [2024/09/14 6:46:39 ET]
Table '3799228565 12' 2-max Seat #1 is the button
Seat 1: Mahu2021 (6640 in chips, $15.40 bounty) 
Seat 2: VeroniX_X_20 (9447 in chips, $28.23 bounty) 
Mahu2021: posts the ante 10
VeroniX_X_20: posts the ante 10
Mahu2021: posts small blind 40
VeroniX_X_20: posts big blind 80
*** HOLE CARDS ***
Dealt to Mahu2021 [Ad 6h]
VeroniX_X_20 is disconnected 
Mahu2021: raises 80 to 160
VeroniX_X_20: calls 80
*** FLOP *** [2c 9c 4h]
VeroniX_X_20: checks 
Mahu2021: checks 
*** TURN *** [2c 9c 4h] [2d]
VeroniX_X_20: bets 80
Mahu2021: folds 
Uncalled bet (80) returned to VeroniX_X_20
VeroniX_X_20 collected 340 from pot
VeroniX_X_20: doesn't show hand 
*** SUMMARY ***
Total pot 340 | Rake 0 
Board [2c 9c 4h 2d]
Seat 1: Mahu2021 (button) (small blind) folded on the Turn
Seat 2: VeroniX_X_20 (big blind) collected (340)



PokerStars Hand #252441899002: Zoom Tournament #3799228565, $0.00+$10.27+$0.73 USD Hold'em No Limit - Level V (40/80) - 2024/09/14 12:46:54 CET [2024/09/14 6:46:54 ET]
Table '3799228565 16' 2-max Seat #1 is the button
Seat 1: turetskii (6340 in chips, $20.53 bounty) 
Seat 2: Mahu2021 (6470 in chips, $15.40 bounty) 
turetskii: posts the ante 10
Mahu2021: posts the ante 10
turetskii: posts small blind 40
Mahu2021: posts big blind 80
*** HOLE CARDS ***
Dealt to Mahu2021 [8s Kd]
turetskii: raises 135 to 215
Mahu2021: calls 135
*** FLOP *** [6h 9s 9d]
Mahu2021: checks 
turetskii: bets 149
Mahu2021: folds 
Uncalled bet (149) returned to turetskii
turetskii collected 450 from pot
turetskii: doesn't show hand 
*** SUMMARY ***
Total pot 450 | Rake 0 
Board [6h 9s 9d]
Seat 1: turetskii (button) (small blind) collected (450)
Seat 2: Mahu2021 (big blind) folded on the Flop



PokerStars Hand #252441900663: Zoom Tournament #3799228565, $0.00+$10.27+$0.73 USD Hold'em No Limit - Level V (40/80) - 2024/09/14 12:47:06 CET [2024/09/14 6:47:06 ET]
Table '3799228565 32' 2-max Seat #1 is the button
Seat 1: Mahu2021 (6245 in chips, $15.40 bounty) 
Seat 2: jarmari (4501 in chips, $15.40 bounty) 
Mahu2021: posts the ante 10
jarmari: posts the ante 10
Mahu2021: posts small blind 40
jarmari: posts big blind 80
*** HOLE CARDS ***
Dealt to Mahu2021 [2s Qh]
Mahu2021: folds 
Uncalled bet (40) returned to jarmari
jarmari collected 100 from pot
jarmari: doesn't show hand 
*** SUMMARY ***
Total pot 100 | Rake 0 
Seat 1: Mahu2021 (button) (small blind) folded before Flop
Seat 2: jarmari (big blind) collected (100)



PokerStars Hand #252441901359: Zoom Tournament #3799228565, $0.00+$10.27+$0.73 USD Hold'em No Limit - Level V (40/80) - 2024/09/14 12:47:10 CET [2024/09/14 6:47:10 ET]
Table '3799228565 23' 2-max Seat #1 is the button
Seat 1: Elysioum (6724 in chips, $15.40 bounty) 
Seat 2: Mahu2021 (6195 in chips, $15.40 bounty) 
Elysioum: posts the ante 10
Mahu2021: posts the ante 10
Elysioum: posts small blind 40
Mahu2021: posts big blind 80
*** HOLE CARDS ***
Dealt to Mahu2021 [Qd Qh]
Elysioum: raises 80 to 160
Mahu2021: raises 6025 to 6185 and is all-in
Elysioum: folds 
Uncalled bet (6025) returned to Mahu2021
Mahu2021 collected 340 from pot
Mahu2021: doesn't show hand 
*** SUMMARY ***
Total pot 340 | Rake 0 
Seat 1: Elysioum (button) (small blind) folded before Flop
Seat 2: Mahu2021 (big blind) collected (340)



PokerStars Hand #252441902612: Zoom Tournament #3799228565, $0.00+$10.27+$0.73 USD Hold'em No Limit - Level V (40/80) - 2024/09/14 12:47:19 CET [2024/09/14 6:47:19 ET]
Table '3799228565 7' 2-max Seat #1 is the button
Seat 1: stocken08 (7022 in chips, $15.40 bounty) 
Seat 2: Mahu2021 (6365 in chips, $15.40 bounty) 
stocken08: posts the ante 10
Mahu2021: posts the ante 10
stocken08: posts small blind 40
Mahu2021: posts big blind 80
*** HOLE CARDS ***
Dealt to Mahu2021 [Jc 6s]
stocken08: folds 
Uncalled bet (40) returned to Mahu2021
Mahu2021 collected 100 from pot
Mahu2021: doesn't show hand 
*** SUMMARY ***
Total pot 100 | Rake 0 
Seat 1: stocken08 (button) (small blind) folded before Flop
Seat 2: Mahu2021 (big blind) collected (100)



PokerStars Hand #252441903359: Zoom Tournament #3799228565, $0.00+$10.27+$0.73 USD Hold'em No Limit - Level V (40/80) - 2024/09/14 12:47:24 CET [2024/09/14 6:47:24 ET]
Table '3799228565 8' 2-max Seat #1 is the button
Seat 1: Mahu2021 (6415 in chips, $15.40 bounty) 
Seat 2: mayeksl (5072 in chips, $15.40 bounty) 
Mahu2021: posts the ante 10
mayeksl: posts the ante 10
Mahu2021: posts small blind 40
mayeksl: posts big blind 80
*** HOLE CARDS ***
Dealt to Mahu2021 [Qc Jh]
Mahu2021: raises 80 to 160
mayeksl: calls 80
*** FLOP *** [Jc 8s 9h]
mayeksl: checks 
Mahu2021: bets 160
mayeksl: folds 
Uncalled bet (160) returned to Mahu2021
Mahu2021 collected 340 from pot
Mahu2021: doesn't show hand 
*** SUMMARY ***
Total pot 340 | Rake 0 
Board [Jc 8s 9h]
Seat 1: Mahu2021 (button) (small blind) collected (340)
Seat 2: mayeksl (big blind) folded on the Flop



PokerStars Hand #252441905350: Zoom Tournament #3799228565, $0.00+$10.27+$0.73 USD Hold'em No Limit - Level V (40/80) - 2024/09/14 12:47:38 CET [2024/09/14 6:47:38 ET]
Table '3799228565 9' 2-max Seat #1 is the button
Seat 1: BLEF0077 (4054 in chips, $10.27 bounty) 
Seat 2: Mahu2021 (6585 in chips, $15.40 bounty) 
BLEF0077: posts the ante 10
Mahu2021: posts the ante 10
BLEF0077: posts small blind 40
Mahu2021: posts big blind 80
*** HOLE CARDS ***
Dealt to Mahu2021 [Kc As]
BLEF0077: raises 80 to 160
Mahu2021: raises 6415 to 6575 and is all-in
BLEF0077: calls 3884 and is all-in
Uncalled bet (2531) returned to Mahu2021
*** FLOP *** [3h 7d Js]
*** TURN *** [3h 7d Js] [Ks]
*** RIVER *** [3h 7d Js Ks] [9c]
*** SHOW DOWN ***
Mahu2021: shows [Kc As] (a pair of Kings)
BLEF0077: shows [4s 4c] (a pair of Fours)
Mahu2021 collected 8108 from pot
Mahu2021 wins $5.14 for eliminating BLEF0077 and their own bounty increases by $5.13 to $20.53
*** SUMMARY ***
Total pot 8108 | Rake 0 
Board [3h 7d Js Ks 9c]
Seat 1: BLEF0077 (button) (small blind) showed [4s 4c] and lost with a pair of Fours
Seat 2: Mahu2021 (big blind) showed [Kc As] and won (8108) with a pair of Kings



PokerStars Hand #252441907562: Zoom Tournament #3799228565, $0.00+$10.27+$0.73 USD Hold'em No Limit - Level V (40/80) - 2024/09/14 12:47:54 CET [2024/09/14 6:47:54 ET]
Table '3799228565 58' 2-max Seat #1 is the button
Seat 1: Mahu2021 (10639 in chips, $20.53 bounty) 
Seat 2: Ivan17574 (6411 in chips, $20.53 bounty) 
Mahu2021: posts the ante 10
Ivan17574: posts the ante 10
Mahu2021: posts small blind 40
Ivan17574: posts big blind 80
*** HOLE CARDS ***
Dealt to Mahu2021 [8s Jh]
Mahu2021: calls 40
Ivan17574: checks 
*** FLOP *** [Ts 5s Th]
Ivan17574: checks 
Mahu2021: checks 
*** TURN *** [Ts 5s Th] [Qh]
Ivan17574: checks 
Mahu2021: bets 160
Ivan17574: folds 
Uncalled bet (160) returned to Mahu2021
Mahu2021 collected 180 from pot
Mahu2021: doesn't show hand 
*** SUMMARY ***
Total pot 180 | Rake 0 
Board [Ts 5s Th Qh]
Seat 1: Mahu2021 (button) (small blind) collected (180)
Seat 2: Ivan17574 (big blind) folded on the Turn



PokerStars Hand #252441910921: Zoom Tournament #3799228565, $0.00+$10.27+$0.73 USD Hold'em No Limit - Level VI (50/100) - 2024/09/14 12:48:18 CET [2024/09/14 6:48:18 ET]
Table '3799228565 3' 2-max Seat #1 is the button
Seat 1: Mahu2021 (10729 in chips, $20.53 bounty) 
Seat 2: panzram79 (4804 in chips, $17.97 bounty) 
Mahu2021: posts the ante 12
panzram79: posts the ante 12
Mahu2021: posts small blind 50
panzram79: posts big blind 100
*** HOLE CARDS ***
Dealt to Mahu2021 [3c Kc]
Mahu2021: raises 100 to 200
panzram79: raises 4592 to 4792 and is all-in
Mahu2021: folds 
Uncalled bet (4592) returned to panzram79
panzram79 collected 424 from pot
panzram79: doesn't show hand 
*** SUMMARY ***
Total pot 424 | Rake 0 
Seat 1: Mahu2021 (button) (small blind) folded before Flop
Seat 2: panzram79 (big blind) collected (424)



PokerStars Hand #252441912450: Zoom Tournament #3799228565, $0.00+$10.27+$0.73 USD Hold'em No Limit - Level VI (50/100) - 2024/09/14 12:48:29 CET [2024/09/14 6:48:29 ET]
Table '3799228565 54' 2-max Seat #1 is the button
Seat 1: krasimir9669 (4648 in chips, $10.27 bounty) 
Seat 2: Mahu2021 (10517 in chips, $20.53 bounty) 
krasimir9669: posts the ante 12
Mahu2021: posts the ante 12
krasimir9669: posts small blind 50
Mahu2021: posts big blind 100
*** HOLE CARDS ***
Dealt to Mahu2021 [Th 8d]
krasimir9669: raises 100 to 200
Mahu2021: calls 100
*** FLOP *** [2d Kc Qd]
Mahu2021: checks 
krasimir9669: bets 424
Mahu2021: folds 
Uncalled bet (424) returned to krasimir9669
krasimir9669 collected 424 from pot
krasimir9669: doesn't show hand 
*** SUMMARY ***
Total pot 424 | Rake 0 
Board [2d Kc Qd]
Seat 1: krasimir9669 (button) (small blind) collected (424)
Seat 2: Mahu2021 (big blind) folded on the Flop



PokerStars Hand #252441914287: Zoom Tournament #3799228565, $0.00+$10.27+$0.73 USD Hold'em No Limit - Level VI (50/100) - 2024/09/14 12:48:42 CET [2024/09/14 6:48:42 ET]
Table '3799228565 19' 2-max Seat #1 is the button
Seat 1: Aquablast22 (9692 in chips, $15.40 bounty) 
Seat 2: Mahu2021 (10305 in chips, $20.53 bounty) 
Aquablast22: posts the ante 12
Mahu2021: posts the ante 12
Aquablast22: posts small blind 50
Mahu2021: posts big blind 100
*** HOLE CARDS ***
Dealt to Mahu2021 [Ad 2s]
Aquablast22: folds 
Uncalled bet (50) returned to Mahu2021
Mahu2021 collected 124 from pot
Mahu2021: doesn't show hand 
*** SUMMARY ***
Total pot 124 | Rake 0 
Seat 1: Aquablast22 (button) (small blind) folded before Flop
Seat 2: Mahu2021 (big blind) collected (124)



PokerStars Hand #252441915079: Zoom Tournament #3799228565, $0.00+$10.27+$0.73 USD Hold'em No Limit - Level VI (50/100) - 2024/09/14 12:48:47 CET [2024/09/14 6:48:47 ET]
Table '3799228565 34' 2-max Seat #1 is the button
Seat 1: Mahu2021 (10367 in chips, $20.53 bounty) 
Seat 2: nilesS (5343 in chips, $10.27 bounty) 
Mahu2021: posts the ante 12
nilesS: posts the ante 12
Mahu2021: posts small blind 50
nilesS: posts big blind 100
*** HOLE CARDS ***
Dealt to Mahu2021 [Qs 8c]
nilesS is disconnected 
Mahu2021: raises 100 to 200
nilesS: calls 100
*** FLOP *** [5h 6c 6d]
nilesS: checks 
Mahu2021: checks 
*** TURN *** [5h 6c 6d] [9s]
nilesS: bets 233
Mahu2021: calls 233
*** RIVER *** [5h 6c 6d 9s] [8s]
nilesS: bets 765
Mahu2021: folds 
Uncalled bet (765) returned to nilesS
nilesS collected 890 from pot
nilesS: doesn't show hand 
*** SUMMARY ***
Total pot 890 | Rake 0 
Board [5h 6c 6d 9s 8s]
Seat 1: Mahu2021 (button) (small blind) folded on the River
Seat 2: nilesS (big blind) collected (890)



PokerStars Hand #252441917834: Zoom Tournament #3799228565, $0.00+$10.27+$0.73 USD Hold'em No Limit - Level VI (50/100) - 2024/09/14 12:49:07 CET [2024/09/14 6:49:07 ET]
Table '3799228565 33' 2-max Seat #1 is the button
Seat 1: Mahu2021 (9922 in chips, $20.53 bounty) 
Seat 2: Kareke151 (4486 in chips, $10.27 bounty) 
Mahu2021: posts the ante 12
Kareke151: posts the ante 12
Mahu2021: posts small blind 50
Kareke151: posts big blind 100
*** HOLE CARDS ***
Dealt to Mahu2021 [6d Js]
Kareke151 is disconnected 
Mahu2021: folds 
Uncalled bet (50) returned to Kareke151
Kareke151 collected 124 from pot
Kareke151: doesn't show hand 
*** SUMMARY ***
Total pot 124 | Rake 0 
Seat 1: Mahu2021 (button) (small blind) folded before Flop
Seat 2: Kareke151 (big blind) collected (124)



PokerStars Hand #252441918816: Zoom Tournament #3799228565, $0.00+$10.27+$0.73 USD Hold'em No Limit - Level VI (50/100) - 2024/09/14 12:49:14 CET [2024/09/14 6:49:14 ET]
Table '3799228565 21' 2-max Seat #1 is the button
Seat 1: icakinen (4492 in chips, $10.27 bounty) 
Seat 2: Mahu2021 (9860 in chips, $20.53 bounty) 
icakinen: posts the ante 12
Mahu2021: posts the ante 12
icakinen: posts small blind 50
Mahu2021: posts big blind 100
*** HOLE CARDS ***
Dealt to Mahu2021 [Qs 9c]
icakinen is disconnected 
icakinen: calls 50
Mahu2021: checks 
*** FLOP *** [Kh 4h Jd]
Mahu2021: checks 
icakinen: checks 
*** TURN *** [Kh 4h Jd] [7d]
Mahu2021: bets 100
icakinen: calls 100
*** RIVER *** [Kh 4h Jd 7d] [6s]
Mahu2021: checks 
icakinen: bets 100
Mahu2021: folds 
Uncalled bet (100) returned to icakinen
icakinen collected 424 from pot
icakinen: doesn't show hand 
*** SUMMARY ***
Total pot 424 | Rake 0 
Board [Kh 4h Jd 7d 6s]
Seat 1: icakinen (button) (small blind) collected (424)
Seat 2: Mahu2021 (big blind) folded on the River



PokerStars Hand #252441921632: Zoom Tournament #3799228565, $0.00+$10.27+$0.73 USD Hold'em No Limit - Level VI (50/100) - 2024/09/14 12:49:33 CET [2024/09/14 6:49:33 ET]
Table '3799228565 18' 2-max Seat #1 is the button
Seat 1: schlüti2104 (6598 in chips, $10.27 bounty) 
Seat 2: Mahu2021 (9648 in chips, $20.53 bounty) 
schlüti2104: posts the ante 12
Mahu2021: posts the ante 12
schlüti2104: posts small blind 50
Mahu2021: posts big blind 100
*** HOLE CARDS ***
Dealt to Mahu2021 [Ad 5c]
schlüti2104: calls 50
Mahu2021: checks 
*** FLOP *** [6h 4s 3c]
Mahu2021: checks 
schlüti2104: bets 112
Mahu2021: calls 112
*** TURN *** [6h 4s 3c] [9h]
Mahu2021: checks 
schlüti2104: bets 224
Mahu2021: calls 224
*** RIVER *** [6h 4s 3c 9h] [7h]
Mahu2021: bets 896
schlüti2104: folds 
Uncalled bet (896) returned to Mahu2021
Mahu2021 collected 896 from pot
Mahu2021: doesn't show hand 
*** SUMMARY ***
Total pot 896 | Rake 0 
Board [6h 4s 3c 9h 7h]
Seat 1: schlüti2104 (button) (small blind) folded on the River
Seat 2: Mahu2021 (big blind) collected (896)



PokerStars Hand #252441925896: Zoom Tournament #3799228565, $0.00+$10.27+$0.73 USD Hold'em No Limit - Level VI (50/100) - 2024/09/14 12:50:02 CET [2024/09/14 6:50:02 ET]
Table '3799228565 52' 2-max Seat #1 is the button
Seat 1: Mahu2021 (10096 in chips, $20.53 bounty) 
Seat 2: Ivan17574 (6469 in chips, $20.53 bounty) 
Mahu2021: posts the ante 12
Ivan17574: posts the ante 12
Mahu2021: posts small blind 50
Ivan17574: posts big blind 100
*** HOLE CARDS ***
Dealt to Mahu2021 [Kh Tc]
Mahu2021 is disconnected 
Mahu2021: raises 100 to 200
Ivan17574: calls 100
*** FLOP *** [9s 9c Kc]
Ivan17574: bets 200
Mahu2021: raises 9684 to 9884 and is all-in
Ivan17574: folds 
Uncalled bet (9684) returned to Mahu2021
Mahu2021 collected 824 from pot
Mahu2021: doesn't show hand 
*** SUMMARY ***
Total pot 824 | Rake 0 
Board [9s 9c Kc]
Seat 1: Mahu2021 (button) (small blind) collected (824)
Seat 2: Ivan17574 (big blind) folded on the Flop



PokerStars Hand #252441928211: Zoom Tournament #3799228565, $0.00+$10.27+$0.73 USD Hold'em No Limit - Level VI (50/100) - 2024/09/14 12:50:18 CET [2024/09/14 6:50:18 ET]
Table '3799228565 56' 2-max Seat #1 is the button
Seat 1: kessekå (6998 in chips, $10.27 bounty) 
Seat 2: Mahu2021 (10508 in chips, $20.53 bounty) 
kessekå: posts the ante 12
Mahu2021: posts the ante 12
kessekå: posts small blind 50
Mahu2021: posts big blind 100
*** HOLE CARDS ***
Dealt to Mahu2021 [Js Th]
kessekå is disconnected 
kessekå: folds 
Uncalled bet (50) returned to Mahu2021
Mahu2021 collected 124 from pot
Mahu2021: doesn't show hand 
*** SUMMARY ***
Total pot 124 | Rake 0 
Seat 1: kessekå (button) (small blind) folded before Flop
Seat 2: Mahu2021 (big blind) collected (124)



PokerStars Hand #252441928934: Zoom Tournament #3799228565, $0.00+$10.27+$0.73 USD Hold'em No Limit - Level VI (50/100) - 2024/09/14 12:50:24 CET [2024/09/14 6:50:24 ET]
Table '3799228565 33' 2-max Seat #1 is the button
Seat 1: dimitrov_r (4047 in chips, $10.27 bounty) 
Seat 2: Mahu2021 (10570 in chips, $20.53 bounty) 
dimitrov_r: posts the ante 12
Mahu2021: posts the ante 12
dimitrov_r: posts small blind 50
Mahu2021: posts big blind 100
*** HOLE CARDS ***
Dealt to Mahu2021 [Ts 4h]
dimitrov_r is disconnected 
dimitrov_r: folds 
Uncalled bet (50) returned to Mahu2021
Mahu2021 collected 124 from pot
Mahu2021: doesn't show hand 
*** SUMMARY ***
Total pot 124 | Rake 0 
Seat 1: dimitrov_r (button) (small blind) folded before Flop
Seat 2: Mahu2021 (big blind) collected (124)



PokerStars Hand #252441929859: Zoom Tournament #3799228565, $0.00+$10.27+$0.73 USD Hold'em No Limit - Level VI (50/100) - 2024/09/14 12:50:30 CET [2024/09/14 6:50:30 ET]
Table '3799228565 51' 2-max Seat #1 is the button
Seat 1: Mahu2021 (10632 in chips, $20.53 bounty) 
Seat 2: claudinei55 (4122 in chips, $10.27 bounty) 
Mahu2021: posts the ante 12
claudinei55: posts the ante 12
Mahu2021: posts small blind 50
claudinei55: posts big blind 100
*** HOLE CARDS ***
Dealt to Mahu2021 [7d Tc]
Mahu2021: folds 
Uncalled bet (50) returned to claudinei55
claudinei55 collected 124 from pot
claudinei55: doesn't show hand 
*** SUMMARY ***
Total pot 124 | Rake 0 
Seat 1: Mahu2021 (button) (small blind) folded before Flop
Seat 2: claudinei55 (big blind) collected (124)



PokerStars Hand #252441930452: Zoom Tournament #3799228565, $0.00+$10.27+$0.73 USD Hold'em No Limit - Level VI (50/100) - 2024/09/14 12:50:35 CET [2024/09/14 6:50:35 ET]
Table '3799228565 38' 2-max Seat #1 is the button
Seat 1: Mahu2021 (10570 in chips, $20.53 bounty) 
Seat 2: jamma31 (7968 in chips, $15.40 bounty) 
Mahu2021: posts the ante 12
jamma31: posts the ante 12
Mahu2021: posts small blind 50
jamma31: posts big blind 100
*** HOLE CARDS ***
Dealt to Mahu2021 [Ad 5s]
Mahu2021: raises 100 to 200
jamma31: calls 100
*** FLOP *** [3c 3d Ah]
jamma31: checks 
Mahu2021: bets 200
jamma31: raises 200 to 400
Mahu2021: raises 300 to 700
jamma31: calls 300
*** TURN *** [3c 3d Ah] [Jd]
jamma31: checks 
Mahu2021: checks 
*** RIVER *** [3c 3d Ah Jd] [5d]
jamma31: bets 400
Mahu2021: raises 9258 to 9658 and is all-in
jamma31: folds 
Uncalled bet (9258) returned to Mahu2021
Mahu2021 collected 2624 from pot
Mahu2021: doesn't show hand 
*** SUMMARY ***
Total pot 2624 | Rake 0 
Board [3c 3d Ah Jd 5d]
Seat 1: Mahu2021 (button) (small blind) collected (2624)
Seat 2: jamma31 (big blind) folded on the River



PokerStars Hand #252441936154: Zoom Tournament #3799228565, $0.00+$10.27+$0.73 USD Hold'em No Limit - Level VII (60/120) - 2024/09/14 12:51:15 CET [2024/09/14 6:51:15 ET]
Table '3799228565 42' 2-max Seat #1 is the button
Seat 1: Mahu2021 (11882 in chips, $20.53 bounty) 
Seat 2: shtitko1 (5328 in chips, $10.27 bounty) 
Mahu2021: posts the ante 15
shtitko1: posts the ante 15
Mahu2021: posts small blind 60
shtitko1: posts big blind 120
*** HOLE CARDS ***
Dealt to Mahu2021 [Qh 3h]
Mahu2021: raises 120 to 240
shtitko1: calls 120
*** FLOP *** [3s 6s Th]
shtitko1: checks 
Mahu2021: checks 
*** TURN *** [3s 6s Th] [7d]
shtitko1: checks 
Mahu2021: bets 120
shtitko1: calls 120
*** RIVER *** [3s 6s Th 7d] [As]
shtitko1: checks 
Mahu2021: checks 
*** SHOW DOWN ***
shtitko1: shows [Js 9c] (high card Ace)
Mahu2021: shows [Qh 3h] (a pair of Threes)
Mahu2021 collected 750 from pot
*** SUMMARY ***
Total pot 750 | Rake 0 
Board [3s 6s Th 7d As]
Seat 1: Mahu2021 (button) (small blind) showed [Qh 3h] and won (750) with a pair of Threes
Seat 2: shtitko1 (big blind) showed [Js 9c] and lost with high card Ace



PokerStars Hand #252441942818: Zoom Tournament #3799228565, $0.00+$10.27+$0.73 USD Hold'em No Limit - Level VII (60/120) - 2024/09/14 12:52:02 CET [2024/09/14 6:52:02 ET]
Table '3799228565 54' 2-max Seat #1 is the button
Seat 1: rino1430 (2715 in chips, $10.27 bounty) 
Seat 2: Mahu2021 (12257 in chips, $20.53 bounty) 
rino1430: posts the ante 15
Mahu2021: posts the ante 15
rino1430: posts small blind 60
Mahu2021: posts big blind 120
*** HOLE CARDS ***
Dealt to Mahu2021 [Jd Qd]
rino1430: folds 
Uncalled bet (60) returned to Mahu2021
Mahu2021 collected 150 from pot
Mahu2021: doesn't show hand 
*** SUMMARY ***
Total pot 150 | Rake 0 
Seat 1: rino1430 (button) (small blind) folded before Flop
Seat 2: Mahu2021 (big blind) collected (150)



PokerStars Hand #252441943582: Zoom Tournament #3799228565, $0.00+$10.27+$0.73 USD Hold'em No Limit - Level VII (60/120) - 2024/09/14 12:52:07 CET [2024/09/14 6:52:07 ET]
Table '3799228565 45' 2-max Seat #1 is the button
Seat 1: motzi666 (5557 in chips, $10.27 bounty) 
Seat 2: Mahu2021 (12332 in chips, $20.53 bounty) 
motzi666: posts the ante 15
Mahu2021: posts the ante 15
motzi666: posts small blind 60
Mahu2021: posts big blind 120
*** HOLE CARDS ***
Dealt to Mahu2021 [Ts 5c]
motzi666: folds 
Uncalled bet (60) returned to Mahu2021
Mahu2021 collected 150 from pot
Mahu2021: doesn't show hand 
*** SUMMARY ***
Total pot 150 | Rake 0 
Seat 1: motzi666 (button) (small blind) folded before Flop
Seat 2: Mahu2021 (big blind) collected (150)



PokerStars Hand #252441944273: Zoom Tournament #3799228565, $0.00+$10.27+$0.73 USD Hold'em No Limit - Level VII (60/120) - 2024/09/14 12:52:12 CET [2024/09/14 6:52:12 ET]
Table '3799228565 19' 2-max Seat #1 is the button
Seat 1: Mahu2021 (12407 in chips, $20.53 bounty) 
Seat 2: Flakon2010 (9550 in chips, $32.08 bounty) 
Mahu2021: posts the ante 15
Flakon2010: posts the ante 15
Mahu2021: posts small blind 60
Flakon2010: posts big blind 120
*** HOLE CARDS ***
Dealt to Mahu2021 [6s 4d]
Mahu2021: folds 
Uncalled bet (60) returned to Flakon2010
Flakon2010 collected 150 from pot
Flakon2010: doesn't show hand 
*** SUMMARY ***
Total pot 150 | Rake 0 
Seat 1: Mahu2021 (button) (small blind) folded before Flop
Seat 2: Flakon2010 (big blind) collected (150)



PokerStars Hand #252441945016: Zoom Tournament #3799228565, $0.00+$10.27+$0.73 USD Hold'em No Limit - Level VII (60/120) - 2024/09/14 12:52:17 CET [2024/09/14 6:52:17 ET]
Table '3799228565 21' 2-max Seat #1 is the button
Seat 1: Night_Furiaa (9771 in chips, $10.27 bounty) 
Seat 2: Mahu2021 (12332 in chips, $20.53 bounty) 
Night_Furiaa: posts the ante 15
Mahu2021: posts the ante 15
Night_Furiaa: posts small blind 60
Mahu2021: posts big blind 120
*** HOLE CARDS ***
Dealt to Mahu2021 [Js Ac]
Night_Furiaa is disconnected 
Night_Furiaa: raises 144 to 264
Mahu2021: raises 12053 to 12317 and is all-in
Night_Furiaa: folds 
Uncalled bet (12053) returned to Mahu2021
Mahu2021 collected 558 from pot
Mahu2021: doesn't show hand 
*** SUMMARY ***
Total pot 558 | Rake 0 
Seat 1: Night_Furiaa (button) (small blind) folded before Flop
Seat 2: Mahu2021 (big blind) collected (558)



PokerStars Hand #252441946191: Zoom Tournament #3799228565, $0.00+$10.27+$0.73 USD Hold'em No Limit - Level VII (60/120) - 2024/09/14 12:52:26 CET [2024/09/14 6:52:26 ET]
Table '3799228565 4' 2-max Seat #1 is the button
Seat 1: Mahu2021 (12611 in chips, $20.53 bounty) 
Seat 2: RadjaN44 (7759 in chips, $10.27 bounty) 
Mahu2021: posts the ante 15
RadjaN44: posts the ante 15
Mahu2021: posts small blind 60
RadjaN44: posts big blind 120
*** HOLE CARDS ***
Dealt to Mahu2021 [Kc 9s]
Mahu2021: calls 60
RadjaN44: checks 
*** FLOP *** [3d Qh 4s]
RadjaN44: bets 120
Mahu2021: folds 
Uncalled bet (120) returned to RadjaN44
RadjaN44 collected 270 from pot
RadjaN44: doesn't show hand 
*** SUMMARY ***
Total pot 270 | Rake 0 
Board [3d Qh 4s]
Seat 1: Mahu2021 (button) (small blind) folded on the Flop
Seat 2: RadjaN44 (big blind) collected (270)



PokerStars Hand #252441947714: Zoom Tournament #3799228565, $0.00+$10.27+$0.73 USD Hold'em No Limit - Level VII (60/120) - 2024/09/14 12:52:36 CET [2024/09/14 6:52:36 ET]
Table '3799228565 12' 2-max Seat #1 is the button
Seat 1: BratZla (1077 in chips, $17.97 bounty) 
Seat 2: Mahu2021 (12476 in chips, $20.53 bounty) 
BratZla: posts the ante 15
Mahu2021: posts the ante 15
BratZla: posts small blind 60
Mahu2021: posts big blind 120
*** HOLE CARDS ***
Dealt to Mahu2021 [9h 6d]
BratZla is disconnected 
BratZla: raises 942 to 1062 and is all-in
Mahu2021: folds 
Uncalled bet (942) returned to BratZla
BratZla collected 270 from pot
BratZla: doesn't show hand 
*** SUMMARY ***
Total pot 270 | Rake 0 
Seat 1: BratZla (button) (small blind) collected (270)
Seat 2: Mahu2021 (big blind) folded before Flop



PokerStars Hand #252441948471: Zoom Tournament #3799228565, $0.00+$10.27+$0.73 USD Hold'em No Limit - Level VII (60/120) - 2024/09/14 12:52:42 CET [2024/09/14 6:52:42 ET]
Table '3799228565 32' 2-max Seat #1 is the button
Seat 1: Mahu2021 (12341 in chips, $20.53 bounty) 
Seat 2: panagiotis96 (5743 in chips, $10.27 bounty) 
Mahu2021: posts the ante 15
panagiotis96: posts the ante 15
Mahu2021: posts small blind 60
panagiotis96: posts big blind 120
*** HOLE CARDS ***
Dealt to Mahu2021 [9s 6s]
panagiotis96 is disconnected 
Mahu2021: calls 60
panagiotis96: checks 
*** FLOP *** [9d Qd Qh]
panagiotis96: checks 
Mahu2021: bets 120
panagiotis96: calls 120
*** TURN *** [9d Qd Qh] [4d]
panagiotis96: checks 
Mahu2021: bets 120
panagiotis96: calls 120
*** RIVER *** [9d Qd Qh 4d] [4h]
panagiotis96: checks 
Mahu2021: checks 
*** SHOW DOWN ***
panagiotis96: shows [Td 8c] (two pair, Queens and Fours)
Mahu2021: shows [9s 6s] (two pair, Queens and Nines)
Mahu2021 collected 750 from pot
*** SUMMARY ***
Total pot 750 | Rake 0 
Board [9d Qd Qh 4d 4h]
Seat 1: Mahu2021 (button) (small blind) showed [9s 6s] and won (750) with two pair, Queens and Nines
Seat 2: panagiotis96 (big blind) showed [Td 8c] and lost with two pair, Queens and Fours



PokerStars Hand #252441951877: Zoom Tournament #3799228565, $0.00+$10.27+$0.73 USD Hold'em No Limit - Level VII (60/120) - 2024/09/14 12:53:06 CET [2024/09/14 6:53:06 ET]
Table '3799228565 23' 2-max Seat #1 is the button
Seat 1: Elysioum (7553 in chips, $20.53 bounty) 
Seat 2: Mahu2021 (12716 in chips, $20.53 bounty) 
Elysioum: posts the ante 15
Mahu2021: posts the ante 15
Elysioum: posts small blind 60
Mahu2021: posts big blind 120
*** HOLE CARDS ***
Dealt to Mahu2021 [2h Qs]
Elysioum: folds 
Uncalled bet (60) returned to Mahu2021
Mahu2021 collected 150 from pot
Mahu2021: doesn't show hand 
*** SUMMARY ***
Total pot 150 | Rake 0 
Seat 1: Elysioum (button) (small blind) folded before Flop
Seat 2: Mahu2021 (big blind) collected (150)



PokerStars Hand #252441952605: Zoom Tournament #3799228565, $0.00+$10.27+$0.73 USD Hold'em No Limit - Level VII (60/120) - 2024/09/14 12:53:11 CET [2024/09/14 6:53:11 ET]
Table '3799228565 54' 2-max Seat #1 is the button
Seat 1: DerKobold1994 (11549 in chips, $20.53 bounty) 
Seat 2: Mahu2021 (12791 in chips, $20.53 bounty) 
DerKobold1994: posts the ante 15
Mahu2021: posts the ante 15
DerKobold1994: posts small blind 60
Mahu2021: posts big blind 120
*** HOLE CARDS ***
Dealt to Mahu2021 [Th Qc]
DerKobold1994: folds 
Uncalled bet (60) returned to Mahu2021
Mahu2021 collected 150 from pot
Mahu2021: doesn't show hand 
*** SUMMARY ***
Total pot 150 | Rake 0 
Seat 1: DerKobold1994 (button) (small blind) folded before Flop
Seat 2: Mahu2021 (big blind) collected (150)



PokerStars Hand #252441953379: Zoom Tournament #3799228565, $0.00+$10.27+$0.73 USD Hold'em No Limit - Level VII (60/120) - 2024/09/14 12:53:17 CET [2024/09/14 6:53:17 ET]
Table '3799228565 34' 2-max Seat #1 is the button
Seat 1: Mahu2021 (12866 in chips, $20.53 bounty) 
Seat 2: icakinen (6864 in chips, $15.40 bounty) 
Mahu2021: posts the ante 15
icakinen: posts the ante 15
Mahu2021: posts small blind 60
icakinen: posts big blind 120
*** HOLE CARDS ***
Dealt to Mahu2021 [Ks 8d]
icakinen is disconnected 
Mahu2021: raises 120 to 240
icakinen: raises 6609 to 6849 and is all-in
Mahu2021: folds 
Uncalled bet (6609) returned to icakinen
icakinen collected 510 from pot
icakinen: doesn't show hand 
*** SUMMARY ***
Total pot 510 | Rake 0 
Seat 1: Mahu2021 (button) (small blind) folded before Flop
Seat 2: icakinen (big blind) collected (510)



PokerStars Hand #252441955272: Zoom Tournament #3799228565, $0.00+$10.27+$0.73 USD Hold'em No Limit - Level VII (60/120) - 2024/09/14 12:53:30 CET [2024/09/14 6:53:30 ET]
Table '3799228565 18' 2-max Seat #1 is the button
Seat 1: Mahu2021 (12611 in chips, $20.53 bounty) 
Seat 2: SLAPORSB (8622 in chips, $15.40 bounty) 
Mahu2021: posts the ante 15
SLAPORSB: posts the ante 15
Mahu2021: posts small blind 60
SLAPORSB: posts big blind 120
*** HOLE CARDS ***
Dealt to Mahu2021 [Kd 9h]
SLAPORSB is disconnected 
Mahu2021: raises 120 to 240
SLAPORSB: folds 
Uncalled bet (120) returned to Mahu2021
Mahu2021 collected 270 from pot
Mahu2021: doesn't show hand 
*** SUMMARY ***
Total pot 270 | Rake 0 
Seat 1: Mahu2021 (button) (small blind) collected (270)
Seat 2: SLAPORSB (big blind) folded before Flop



PokerStars Hand #252441956376: Zoom Tournament #3799228565, $0.00+$10.27+$0.73 USD Hold'em No Limit - Level VII (60/120) - 2024/09/14 12:53:39 CET [2024/09/14 6:53:39 ET]
Table '3799228565 10' 2-max Seat #1 is the button
Seat 1: Night_Furiaa (8989 in chips, $10.27 bounty) 
Seat 2: Mahu2021 (12746 in chips, $20.53 bounty) 
Night_Furiaa: posts the ante 15
Mahu2021: posts the ante 15
Night_Furiaa: posts small blind 60
Mahu2021: posts big blind 120
*** HOLE CARDS ***
Dealt to Mahu2021 [Ac 6d]
Night_Furiaa is disconnected 
Night_Furiaa: folds 
Uncalled bet (60) returned to Mahu2021
Mahu2021 collected 150 from pot
Mahu2021: doesn't show hand 
*** SUMMARY ***
Total pot 150 | Rake 0 
Seat 1: Night_Furiaa (button) (small blind) folded before Flop
Seat 2: Mahu2021 (big blind) collected (150)



PokerStars Hand #252441957038: Zoom Tournament #3799228565, $0.00+$10.27+$0.73 USD Hold'em No Limit - Level VII (60/120) - 2024/09/14 12:53:43 CET [2024/09/14 6:53:43 ET]
Table '3799228565 7' 2-max Seat #1 is the button
Seat 1: Mahu2021 (12821 in chips, $20.53 bounty) 
Seat 2: AC-Puma (10888 in chips, $15.40 bounty) 
Mahu2021: posts the ante 15
AC-Puma: posts the ante 15
Mahu2021: posts small blind 60
AC-Puma: posts big blind 120
*** HOLE CARDS ***
Dealt to Mahu2021 [5d 3h]
Mahu2021: folds 
Uncalled bet (60) returned to AC-Puma
AC-Puma collected 150 from pot
AC-Puma: doesn't show hand 
*** SUMMARY ***
Total pot 150 | Rake 0 
Seat 1: Mahu2021 (button) (small blind) folded before Flop
Seat 2: AC-Puma (big blind) collected (150)



PokerStars Hand #252441957828: Zoom Tournament #3799228565, $0.00+$10.27+$0.73 USD Hold'em No Limit - Level VII (60/120) - 2024/09/14 12:53:49 CET [2024/09/14 6:53:49 ET]
Table '3799228565 24' 2-max Seat #1 is the button
Seat 1: claudinei55 (2847 in chips, $10.27 bounty) 
Seat 2: Mahu2021 (12746 in chips, $20.53 bounty) 
claudinei55: posts the ante 15
Mahu2021: posts the ante 15
claudinei55: posts small blind 60
Mahu2021: posts big blind 120
*** HOLE CARDS ***
Dealt to Mahu2021 [Ad 2h]
claudinei55 is disconnected 
claudinei55: raises 2712 to 2832 and is all-in
Mahu2021: folds 
Uncalled bet (2712) returned to claudinei55
claudinei55 collected 270 from pot
claudinei55: doesn't show hand 
*** SUMMARY ***
Total pot 270 | Rake 0 
Seat 1: claudinei55 (button) (small blind) collected (270)
Seat 2: Mahu2021 (big blind) folded before Flop



PokerStars Hand #252441960370: Zoom Tournament #3799228565, $0.00+$10.27+$0.73 USD Hold'em No Limit - Level VIII (75/150) - 2024/09/14 12:54:07 CET [2024/09/14 6:54:07 ET]
Table '3799228565 48' 2-max Seat #1 is the button
Seat 1: santus8 (8731 in chips, $15.40 bounty) 
Seat 2: Mahu2021 (12611 in chips, $20.53 bounty) 
santus8: posts the ante 20
Mahu2021: posts the ante 20
santus8: posts small blind 75
Mahu2021: posts big blind 150
*** HOLE CARDS ***
Dealt to Mahu2021 [3s 7h]
santus8: folds 
Uncalled bet (75) returned to Mahu2021
Mahu2021 collected 190 from pot
Mahu2021: doesn't show hand 
*** SUMMARY ***
Total pot 190 | Rake 0 
Seat 1: santus8 (button) (small blind) folded before Flop
Seat 2: Mahu2021 (big blind) collected (190)



PokerStars Hand #252441961092: Zoom Tournament #3799228565, $0.00+$10.27+$0.73 USD Hold'em No Limit - Level VIII (75/150) - 2024/09/14 12:54:13 CET [2024/09/14 6:54:13 ET]
Table '3799228565 47' 2-max Seat #1 is the button
Seat 1: Mahu2021 (12706 in chips, $20.53 bounty) 
Seat 2: icakinen (3199 in chips, $15.40 bounty) 
Mahu2021: posts the ante 20
icakinen: posts the ante 20
Mahu2021: posts small blind 75
icakinen: posts big blind 150
*** HOLE CARDS ***
Dealt to Mahu2021 [5d Qc]
icakinen is disconnected 
Mahu2021: calls 75
icakinen: checks 
*** FLOP *** [3d 2c 6c]
icakinen: checks 
Mahu2021: checks 
*** TURN *** [3d 2c 6c] [6s]
icakinen: checks 
Mahu2021: checks 
*** RIVER *** [3d 2c 6c 6s] [8c]
icakinen: checks 
Mahu2021: bets 150
icakinen: folds 
Uncalled bet (150) returned to Mahu2021
Mahu2021 collected 340 from pot
Mahu2021: doesn't show hand 
*** SUMMARY ***
Total pot 340 | Rake 0 
Board [3d 2c 6c 6s 8c]
Seat 1: Mahu2021 (button) (small blind) collected (340)
Seat 2: icakinen (big blind) folded on the River



PokerStars Hand #252441964172: Zoom Tournament #3799228565, $0.00+$10.27+$0.73 USD Hold'em No Limit - Level VIII (75/150) - 2024/09/14 12:54:34 CET [2024/09/14 6:54:34 ET]
Table '3799228565 42' 2-max Seat #1 is the button
Seat 1: MaxiJazz10 (9663 in chips, $25.66 bounty) 
Seat 2: Mahu2021 (12876 in chips, $20.53 bounty) 
MaxiJazz10: posts the ante 20
Mahu2021: posts the ante 20
MaxiJazz10: posts small blind 75
Mahu2021: posts big blind 150
*** HOLE CARDS ***
Dealt to Mahu2021 [Ts 7h]
Mahu2021 is disconnected 
MaxiJazz10: folds 
Uncalled bet (75) returned to Mahu2021
Mahu2021 collected 190 from pot
Mahu2021: doesn't show hand 
*** SUMMARY ***
Total pot 190 | Rake 0 
Seat 1: MaxiJazz10 (button) (small blind) folded before Flop
Seat 2: Mahu2021 (big blind) collected (190)



PokerStars Hand #252441964865: Zoom Tournament #3799228565, $0.00+$10.27+$0.73 USD Hold'em No Limit - Level VIII (75/150) - 2024/09/14 12:54:39 CET [2024/09/14 6:54:39 ET]
Table '3799228565 2' 2-max Seat #1 is the button
Seat 1: Mahu2021 (12971 in chips, $20.53 bounty) 
Seat 2: Zy5io (10900 in chips, $23.10 bounty) 
Mahu2021: posts the ante 20
Zy5io: posts the ante 20
Mahu2021: posts small blind 75
Zy5io: posts big blind 150
*** HOLE CARDS ***
Dealt to Mahu2021 [Ad 5d]
Zy5io is disconnected 
Mahu2021 is disconnected 
Mahu2021: raises 150 to 300
Zy5io: folds 
Uncalled bet (150) returned to Mahu2021
Mahu2021 collected 340 from pot
Mahu2021: doesn't show hand 
*** SUMMARY ***
Total pot 340 | Rake 0 
Seat 1: Mahu2021 (button) (small blind) collected (340)
Seat 2: Zy5io (big blind) folded before Flop



PokerStars Hand #252441965830: Zoom Tournament #3799228565, $0.00+$10.27+$0.73 USD Hold'em No Limit - Level VIII (75/150) - 2024/09/14 12:54:46 CET [2024/09/14 6:54:46 ET]
Table '3799228565 6' 2-max Seat #1 is the button
Seat 1: Mahu2021 (13141 in chips, $20.53 bounty) 
Seat 2: LencsA (3448 in chips, $23.10 bounty) 
Mahu2021: posts the ante 20
LencsA: posts the ante 20
Mahu2021: posts small blind 75
LencsA: posts big blind 150
*** HOLE CARDS ***
Dealt to Mahu2021 [Jc Ah]
Mahu2021: raises 150 to 300
LencsA: raises 3128 to 3428 and is all-in
Mahu2021: calls 3128
*** FLOP *** [6h 2c 5h]
*** TURN *** [6h 2c 5h] [2d]
*** RIVER *** [6h 2c 5h 2d] [3h]
*** SHOW DOWN ***
LencsA: shows [Td Ts] (two pair, Tens and Deuces)
Mahu2021: shows [Jc Ah] (a pair of Deuces)
LencsA collected 6896 from pot
*** SUMMARY ***
Total pot 6896 | Rake 0 
Board [6h 2c 5h 2d 3h]
Seat 1: Mahu2021 (button) (small blind) showed [Jc Ah] and lost with a pair of Deuces
Seat 2: LencsA (big blind) showed [Td Ts] and won (6896) with two pair, Tens and Deuces



PokerStars Hand #252441968485: Zoom Tournament #3799228565, $0.00+$10.27+$0.73 USD Hold'em No Limit - Level VIII (75/150) - 2024/09/14 12:55:05 CET [2024/09/14 6:55:05 ET]
Table '3799228565 50' 2-max Seat #1 is the button
Seat 1: mandalor1an13 (9972 in chips, $15.40 bounty) 
Seat 2: Mahu2021 (9693 in chips, $20.53 bounty) 
mandalor1an13: posts the ante 20
Mahu2021: posts the ante 20
mandalor1an13: posts small blind 75
Mahu2021: posts big blind 150
*** HOLE CARDS ***
Dealt to Mahu2021 [4s Js]
mandalor1an13 is disconnected 
mandalor1an13: raises 150 to 300
Mahu2021: calls 150
*** FLOP *** [8h 9c Qc]
Mahu2021: checks 
mandalor1an13: checks 
*** TURN *** [8h 9c Qc] [Ts]
Mahu2021: bets 150
mandalor1an13: folds 
Uncalled bet (150) returned to Mahu2021
Mahu2021 collected 640 from pot
Mahu2021: doesn't show hand 
*** SUMMARY ***
Total pot 640 | Rake 0 
Board [8h 9c Qc Ts]
Seat 1: mandalor1an13 (button) (small blind) folded on the Turn
Seat 2: Mahu2021 (big blind) collected (640)



PokerStars Hand #252442006923: Zoom Tournament #3799228565, $0.00+$10.27+$0.73 USD Hold'em No Limit - Level VIII (75/150) - 2024/09/14 13:00:31 CET [2024/09/14 7:00:31 ET]
Table '3799228565 78' 2-max Seat #1 is the button
Seat 1: Mahu2021 (10013 in chips, $20.53 bounty) 
Seat 2: turetskii (7644 in chips, $25.66 bounty) 
Mahu2021: posts the ante 20
turetskii: posts the ante 20
Mahu2021: posts small blind 75
turetskii: posts big blind 150
*** HOLE CARDS ***
Dealt to Mahu2021 [3d 8s]
Mahu2021: folds 
Uncalled bet (75) returned to turetskii
turetskii collected 190 from pot
turetskii: doesn't show hand 
*** SUMMARY ***
Total pot 190 | Rake 0 
Seat 1: Mahu2021 (button) (small blind) folded before Flop
Seat 2: turetskii (big blind) collected (190)



PokerStars Hand #252442007668: Zoom Tournament #3799228565, $0.00+$10.27+$0.73 USD Hold'em No Limit - Level VIII (75/150) - 2024/09/14 13:00:37 CET [2024/09/14 7:00:37 ET]
Table '3799228565 16' 2-max Seat #1 is the button
Seat 1: santus8 (4906 in chips, $15.40 bounty) 
Seat 2: Mahu2021 (9918 in chips, $20.53 bounty) 
santus8: posts the ante 20
Mahu2021: posts the ante 20
santus8: posts small blind 75
Mahu2021: posts big blind 150
*** HOLE CARDS ***
Dealt to Mahu2021 [3c Js]
santus8: folds 
Uncalled bet (75) returned to Mahu2021
Mahu2021 collected 190 from pot
Mahu2021: doesn't show hand 
*** SUMMARY ***
Total pot 190 | Rake 0 
Seat 1: santus8 (button) (small blind) folded before Flop
Seat 2: Mahu2021 (big blind) collected (190)



PokerStars Hand #252442008304: Zoom Tournament #3799228565, $0.00+$10.27+$0.73 USD Hold'em No Limit - Level VIII (75/150) - 2024/09/14 13:00:42 CET [2024/09/14 7:00:42 ET]
Table '3799228565 6' 2-max Seat #1 is the button
Seat 1: hillohillo05 (11925 in chips, $10.27 bounty) 
Seat 2: Mahu2021 (10013 in chips, $20.53 bounty) 
hillohillo05: posts the ante 20
Mahu2021: posts the ante 20
hillohillo05: posts small blind 75
Mahu2021: posts big blind 150
*** HOLE CARDS ***
Dealt to Mahu2021 [2s 4c]
hillohillo05: calls 75
Mahu2021: checks 
*** FLOP *** [5c 4s 2c]
Mahu2021: bets 150
hillohillo05: calls 150
*** TURN *** [5c 4s 2c] [5s]
Mahu2021: bets 150
hillohillo05: calls 150
*** RIVER *** [5c 4s 2c 5s] [5d]
Mahu2021: bets 940
hillohillo05: folds 
Uncalled bet (940) returned to Mahu2021
Mahu2021 collected 940 from pot
Mahu2021: doesn't show hand 
*** SUMMARY ***
Total pot 940 | Rake 0 
Board [5c 4s 2c 5s 5d]
Seat 1: hillohillo05 (button) (small blind) folded on the River
Seat 2: Mahu2021 (big blind) collected (940)



PokerStars Hand #252442010726: Zoom Tournament #3799228565, $0.00+$10.27+$0.73 USD Hold'em No Limit - Level VIII (75/150) - 2024/09/14 13:00:58 CET [2024/09/14 7:00:58 ET]
Table '3799228565 20' 2-max Seat #1 is the button
Seat 1: Mahu2021 (10483 in chips, $20.53 bounty) 
Seat 2: Mila3812 (8908 in chips, $19.25 bounty) is sitting out
Mahu2021: posts the ante 20
Mila3812: posts the ante 20
Mahu2021: posts small blind 75
Mila3812: posts big blind 150
*** HOLE CARDS ***
Dealt to Mahu2021 [Js Kc]
Mahu2021: raises 150 to 300
Mila3812: folds 
Uncalled bet (150) returned to Mahu2021
Mahu2021 collected 340 from pot
Mahu2021: doesn't show hand 
*** SUMMARY ***
Total pot 340 | Rake 0 
Seat 1: Mahu2021 (button) (small blind) collected (340)
Seat 2: Mila3812 (big blind) folded before Flop



PokerStars Hand #252442011488: Zoom Tournament #3799228565, $0.00+$10.27+$0.73 USD Hold'em No Limit - Level VIII (75/150) - 2024/09/14 13:01:04 CET [2024/09/14 7:01:04 ET]
Table '3799228565 49' 2-max Seat #1 is the button
Seat 1: buduliss (11301 in chips, $41.05 bounty) 
Seat 2: Mahu2021 (10653 in chips, $20.53 bounty) 
buduliss: posts the ante 20
Mahu2021: posts the ante 20
buduliss: posts small blind 75
Mahu2021: posts big blind 150
*** HOLE CARDS ***
Dealt to Mahu2021 [8h 4h]
buduliss: raises 262 to 412
Mahu2021: calls 262
*** FLOP *** [9s Jc Td]
Mahu2021: checks 
buduliss: bets 576
Mahu2021: folds 
Uncalled bet (576) returned to buduliss
buduliss collected 864 from pot
buduliss: doesn't show hand 
*** SUMMARY ***
Total pot 864 | Rake 0 
Board [9s Jc Td]
Seat 1: buduliss (button) (small blind) collected (864)
Seat 2: Mahu2021 (big blind) folded on the Flop



PokerStars Hand #252442013042: Zoom Tournament #3799228565, $0.00+$10.27+$0.73 USD Hold'em No Limit - Level VIII (75/150) - 2024/09/14 13:01:15 CET [2024/09/14 7:01:15 ET]
Table '3799228565 47' 2-max Seat #1 is the button
Seat 1: Mahu2021 (10221 in chips, $20.53 bounty) 
Seat 2: Hlinkos (12862 in chips, $28.23 bounty) 
Mahu2021: posts the ante 20
Hlinkos: posts the ante 20
Mahu2021: posts small blind 75
Hlinkos: posts big blind 150
*** HOLE CARDS ***
Dealt to Mahu2021 [Kc 2d]
Mahu2021: raises 150 to 300
Hlinkos: folds 
Uncalled bet (150) returned to Mahu2021
Mahu2021 collected 340 from pot
Mahu2021: doesn't show hand 
*** SUMMARY ***
Total pot 340 | Rake 0 
Seat 1: Mahu2021 (button) (small blind) collected (340)
Seat 2: Hlinkos (big blind) folded before Flop



PokerStars Hand #252442013979: Zoom Tournament #3799228565, $0.00+$10.27+$0.73 USD Hold'em No Limit - Level VIII (75/150) - 2024/09/14 13:01:21 CET [2024/09/14 7:01:21 ET]
Table '3799228565 25' 2-max Seat #1 is the button
Seat 1: SloveNIA 23 (2640 in chips, $10.27 bounty) 
Seat 2: Mahu2021 (10391 in chips, $20.53 bounty) 
SloveNIA 23: posts the ante 20
Mahu2021: posts the ante 20
SloveNIA 23: posts small blind 75
Mahu2021: posts big blind 150
*** HOLE CARDS ***
Dealt to Mahu2021 [Ac Jc]
SloveNIA 23: folds 
Uncalled bet (75) returned to Mahu2021
Mahu2021 collected 190 from pot
Mahu2021: doesn't show hand 
*** SUMMARY ***
Total pot 190 | Rake 0 
Seat 1: SloveNIA 23 (button) (small blind) folded before Flop
Seat 2: Mahu2021 (big blind) collected (190)



PokerStars Hand #252442014809: Zoom Tournament #3799228565, $0.00+$10.27+$0.73 USD Hold'em No Limit - Level VIII (75/150) - 2024/09/14 13:01:28 CET [2024/09/14 7:01:28 ET]
Table '3799228565 19' 2-max Seat #1 is the button
Seat 1: Mahu2021 (10486 in chips, $20.53 bounty) 
Seat 2: ya Mishutka (9550 in chips, $10.27 bounty) 
Mahu2021: posts the ante 20
ya Mishutka: posts the ante 20
Mahu2021: posts small blind 75
ya Mishutka: posts big blind 150
*** HOLE CARDS ***
Dealt to Mahu2021 [5c 9d]
Mahu2021: folds 
Uncalled bet (75) returned to ya Mishutka
ya Mishutka collected 190 from pot
ya Mishutka: doesn't show hand 
*** SUMMARY ***
Total pot 190 | Rake 0 
Seat 1: Mahu2021 (button) (small blind) folded before Flop
Seat 2: ya Mishutka (big blind) collected (190)



PokerStars Hand #252442015375: Zoom Tournament #3799228565, $0.00+$10.27+$0.73 USD Hold'em No Limit - Level VIII (75/150) - 2024/09/14 13:01:31 CET [2024/09/14 7:01:31 ET]
Table '3799228565 14' 2-max Seat #1 is the button
Seat 1: bgbuster (6379 in chips, $10.27 bounty) 
Seat 2: Mahu2021 (10391 in chips, $20.53 bounty) 
bgbuster: posts the ante 20
Mahu2021: posts the ante 20
bgbuster: posts small blind 75
Mahu2021: posts big blind 150
*** HOLE CARDS ***
Dealt to Mahu2021 [7d 9s]
Mahu2021 is disconnected 
bgbuster: calls 75
Mahu2021: checks 
*** FLOP *** [9h 4c 2s]
Mahu2021: bets 300
bgbuster: folds 
Uncalled bet (300) returned to Mahu2021
Mahu2021 collected 340 from pot
Mahu2021: doesn't show hand 
*** SUMMARY ***
Total pot 340 | Rake 0 
Board [9h 4c 2s]
Seat 1: bgbuster (button) (small blind) folded on the Flop
Seat 2: Mahu2021 (big blind) collected (340)



PokerStars Hand #252442016934: Zoom Tournament #3799228565, $0.00+$10.27+$0.73 USD Hold'em No Limit - Level VIII (75/150) - 2024/09/14 13:01:43 CET [2024/09/14 7:01:43 ET]
Table '3799228565 21' 2-max Seat #1 is the button
Seat 1: Mahu2021 (10561 in chips, $20.53 bounty) 
Seat 2: schlüti2104 (1130 in chips, $10.27 bounty) 
Mahu2021: posts the ante 20
schlüti2104: posts the ante 20
Mahu2021: posts small blind 75
schlüti2104: posts big blind 150
*** HOLE CARDS ***
Dealt to Mahu2021 [4s 9h]
Mahu2021: folds 
Uncalled bet (75) returned to schlüti2104
schlüti2104 collected 190 from pot
schlüti2104: doesn't show hand 
*** SUMMARY ***
Total pot 190 | Rake 0 
Seat 1: Mahu2021 (button) (small blind) folded before Flop
Seat 2: schlüti2104 (big blind) collected (190)



PokerStars Hand #252442017645: Zoom Tournament #3799228565, $0.00+$10.27+$0.73 USD Hold'em No Limit - Level VIII (75/150) - 2024/09/14 13:01:47 CET [2024/09/14 7:01:47 ET]
Table '3799228565 26' 2-max Seat #1 is the button
Seat 1: Alexx7996 (11101 in chips, $15.40 bounty) 
Seat 2: Mahu2021 (10466 in chips, $20.53 bounty) 
Alexx7996: posts the ante 20
Mahu2021: posts the ante 20
Alexx7996: posts small blind 75
Mahu2021: posts big blind 150
*** HOLE CARDS ***
Dealt to Mahu2021 [6d 8c]
Alexx7996 is disconnected 
Alexx7996: raises 10931 to 11081 and is all-in
Mahu2021: folds 
Uncalled bet (10931) returned to Alexx7996
Alexx7996 collected 340 from pot
Alexx7996: doesn't show hand 
*** SUMMARY ***
Total pot 340 | Rake 0 
Seat 1: Alexx7996 (button) (small blind) collected (340)
Seat 2: Mahu2021 (big blind) folded before Flop



PokerStars Hand #252442018522: Zoom Tournament #3799228565, $0.00+$10.27+$0.73 USD Hold'em No Limit - Level VIII (75/150) - 2024/09/14 13:01:54 CET [2024/09/14 7:01:54 ET]
Table '3799228565 12' 2-max Seat #1 is the button
Seat 1: Sören F. (5920 in chips, $10.27 bounty) 
Seat 2: Mahu2021 (10296 in chips, $20.53 bounty) 
Sören F.: posts the ante 20
Mahu2021: posts the ante 20
Sören F.: posts small blind 75
Mahu2021: posts big blind 150
*** HOLE CARDS ***
Dealt to Mahu2021 [Kc 3d]
Sören F.: folds 
Uncalled bet (75) returned to Mahu2021
Mahu2021 collected 190 from pot
Mahu2021: doesn't show hand 
*** SUMMARY ***
Total pot 190 | Rake 0 
Seat 1: Sören F. (button) (small blind) folded before Flop
Seat 2: Mahu2021 (big blind) collected (190)



PokerStars Hand #252442019525: Zoom Tournament #3799228565, $0.00+$10.27+$0.73 USD Hold'em No Limit - Level VIII (75/150) - 2024/09/14 13:02:01 CET [2024/09/14 7:02:01 ET]
Table '3799228565 42' 2-max Seat #1 is the button
Seat 1: Mahu2021 (10391 in chips, $20.53 bounty) 
Seat 2: buduliss (11693 in chips, $41.05 bounty) 
Mahu2021: posts the ante 20
buduliss: posts the ante 20
Mahu2021: posts small blind 75
buduliss: posts big blind 150
*** HOLE CARDS ***
Dealt to Mahu2021 [9d Td]
buduliss is disconnected 
Mahu2021: raises 150 to 300
buduliss: calls 150
*** FLOP *** [Kh As 5h]
buduliss: checks 
Mahu2021: checks 
*** TURN *** [Kh As 5h] [7h]
buduliss: bets 427
Mahu2021: folds 
Uncalled bet (427) returned to buduliss
buduliss collected 640 from pot
buduliss: doesn't show hand 
*** SUMMARY ***
Total pot 640 | Rake 0 
Board [Kh As 5h 7h]
Seat 1: Mahu2021 (button) (small blind) folded on the Turn
Seat 2: buduliss (big blind) collected (640)



PokerStars Hand #252442021312: Zoom Tournament #3799228565, $0.00+$10.27+$0.73 USD Hold'em No Limit - Level VIII (75/150) - 2024/09/14 13:02:13 CET [2024/09/14 7:02:13 ET]
Table '3799228565 31' 2-max Seat #1 is the button
Seat 1: deginerez (8174 in chips, $26.95 bounty) 
Seat 2: Mahu2021 (10071 in chips, $20.53 bounty) 
deginerez: posts the ante 20
Mahu2021: posts the ante 20
deginerez: posts small blind 75
Mahu2021: posts big blind 150
*** HOLE CARDS ***
Dealt to Mahu2021 [6s Ac]
deginerez is disconnected 
deginerez: raises 150 to 300
Mahu2021: calls 150
*** FLOP *** [Jc Ah 3c]
Mahu2021: bets 300
deginerez: folds 
Uncalled bet (300) returned to Mahu2021
Mahu2021 collected 640 from pot
Mahu2021: doesn't show hand 
*** SUMMARY ***
Total pot 640 | Rake 0 
Board [Jc Ah 3c]
Seat 1: deginerez (button) (small blind) folded on the Flop
Seat 2: Mahu2021 (big blind) collected (640)



PokerStars Hand #252442023021: Zoom Tournament #3799228565, $0.00+$10.27+$0.73 USD Hold'em No Limit - Level IX (100/200) - 2024/09/14 13:02:24 CET [2024/09/14 7:02:24 ET]
Table '3799228565 27' 2-max Seat #1 is the button
Seat 1: Mahu2021 (10391 in chips, $20.53 bounty) 
Seat 2: SLAPORSB (8077 in chips, $15.40 bounty) 
Mahu2021: posts the ante 25
SLAPORSB: posts the ante 25
Mahu2021: posts small blind 100
SLAPORSB: posts big blind 200
*** HOLE CARDS ***
Dealt to Mahu2021 [5c Qd]
Mahu2021: folds 
Uncalled bet (100) returned to SLAPORSB
SLAPORSB collected 250 from pot
SLAPORSB: doesn't show hand 
*** SUMMARY ***
Total pot 250 | Rake 0 
Seat 1: Mahu2021 (button) (small blind) folded before Flop
Seat 2: SLAPORSB (big blind) collected (250)



PokerStars Hand #252442023940: Zoom Tournament #3799228565, $0.00+$10.27+$0.73 USD Hold'em No Limit - Level IX (100/200) - 2024/09/14 13:02:31 CET [2024/09/14 7:02:31 ET]
Table '3799228565 42' 2-max Seat #1 is the button
Seat 1: santus8 (4696 in chips, $15.40 bounty) 
Seat 2: Mahu2021 (10266 in chips, $20.53 bounty) 
santus8: posts the ante 25
Mahu2021: posts the ante 25
santus8: posts small blind 100
Mahu2021: posts big blind 200
*** HOLE CARDS ***
Dealt to Mahu2021 [Tc Th]
santus8: folds 
Uncalled bet (100) returned to Mahu2021
Mahu2021 collected 250 from pot
Mahu2021: doesn't show hand 
*** SUMMARY ***
Total pot 250 | Rake 0 
Seat 1: santus8 (button) (small blind) folded before Flop
Seat 2: Mahu2021 (big blind) collected (250)



PokerStars Hand #252442024786: Zoom Tournament #3799228565, $0.00+$10.27+$0.73 USD Hold'em No Limit - Level IX (100/200) - 2024/09/14 13:02:36 CET [2024/09/14 7:02:36 ET]
Table '3799228565 12' 2-max Seat #1 is the button
Seat 1: Mahu2021 (10391 in chips, $20.53 bounty) 
Seat 2: LencsA (8270 in chips, $23.10 bounty) 
Mahu2021: posts the ante 25
LencsA: posts the ante 25
Mahu2021: posts small blind 100
LencsA: posts big blind 200
*** HOLE CARDS ***
Dealt to Mahu2021 [7c Ks]
LencsA is disconnected 
Mahu2021: calls 100
LencsA: checks 
*** FLOP *** [Qc 4c Qd]
LencsA: checks 
Mahu2021: bets 200
LencsA: folds 
Uncalled bet (200) returned to Mahu2021
Mahu2021 collected 450 from pot
Mahu2021: doesn't show hand 
*** SUMMARY ***
Total pot 450 | Rake 0 
Board [Qc 4c Qd]
Seat 1: Mahu2021 (button) (small blind) collected (450)
Seat 2: LencsA (big blind) folded on the Flop



PokerStars Hand #252442026376: Zoom Tournament #3799228565, $0.00+$10.27+$0.73 USD Hold'em No Limit - Level IX (100/200) - 2024/09/14 13:02:48 CET [2024/09/14 7:02:48 ET]
Table '3799228565 18' 2-max Seat #1 is the button
Seat 1: billyke333 (7540 in chips, $10.27 bounty) 
Seat 2: Mahu2021 (10616 in chips, $20.53 bounty) 
billyke333: posts the ante 25
Mahu2021: posts the ante 25
billyke333: posts small blind 100
Mahu2021: posts big blind 200
*** HOLE CARDS ***
Dealt to Mahu2021 [4c 9c]
billyke333 is disconnected 
billyke333: folds 
Uncalled bet (100) returned to Mahu2021
Mahu2021 collected 250 from pot
Mahu2021: doesn't show hand 
*** SUMMARY ***
Total pot 250 | Rake 0 
Seat 1: billyke333 (button) (small blind) folded before Flop
Seat 2: Mahu2021 (big blind) collected (250)



PokerStars Hand #252442027107: Zoom Tournament #3799228565, $0.00+$10.27+$0.73 USD Hold'em No Limit - Level IX (100/200) - 2024/09/14 13:02:53 CET [2024/09/14 7:02:53 ET]
Table '3799228565 8' 2-max Seat #1 is the button
Seat 1: Mahu2021 (10741 in chips, $20.53 bounty) 
Seat 2: Zy5io (12334 in chips, $23.10 bounty) 
Mahu2021: posts the ante 25
Zy5io: posts the ante 25
Mahu2021: posts small blind 100
Zy5io: posts big blind 200
*** HOLE CARDS ***
Dealt to Mahu2021 [3d 9d]
Mahu2021: folds 
Uncalled bet (100) returned to Zy5io
Zy5io collected 250 from pot
Zy5io: doesn't show hand 
*** SUMMARY ***
Total pot 250 | Rake 0 
Seat 1: Mahu2021 (button) (small blind) folded before Flop
Seat 2: Zy5io (big blind) collected (250)



PokerStars Hand #252442028071: Zoom Tournament #3799228565, $0.00+$10.27+$0.73 USD Hold'em No Limit - Level IX (100/200) - 2024/09/14 13:02:59 CET [2024/09/14 7:02:59 ET]
Table '3799228565 2' 2-max Seat #1 is the button
Seat 1: franciscomls123 (8421 in chips, $10.27 bounty) 
Seat 2: Mahu2021 (10616 in chips, $20.53 bounty) 
franciscomls123: posts the ante 25
Mahu2021: posts the ante 25
franciscomls123: posts small blind 100
Mahu2021: posts big blind 200
*** HOLE CARDS ***
Dealt to Mahu2021 [5d Ks]
franciscomls123: folds 
Uncalled bet (100) returned to Mahu2021
Mahu2021 collected 250 from pot
Mahu2021: doesn't show hand 
*** SUMMARY ***
Total pot 250 | Rake 0 
Seat 1: franciscomls123 (button) (small blind) folded before Flop
Seat 2: Mahu2021 (big blind) collected (250)



PokerStars Hand #252442028656: Zoom Tournament #3799228565, $0.00+$10.27+$0.73 USD Hold'em No Limit - Level IX (100/200) - 2024/09/14 13:03:04 CET [2024/09/14 7:03:04 ET]
Table '3799228565 37' 2-max Seat #1 is the button
Seat 1: Mahu2021 (10741 in chips, $20.53 bounty) 
Seat 2: Erbou77 (5560 in chips, $10.27 bounty) 
Mahu2021: posts the ante 25
Erbou77: posts the ante 25
Mahu2021: posts small blind 100
Erbou77: posts big blind 200
*** HOLE CARDS ***
Dealt to Mahu2021 [Ad 9c]
Mahu2021: raises 200 to 400
Erbou77: folds 
Uncalled bet (200) returned to Mahu2021
Mahu2021 collected 450 from pot
Mahu2021: doesn't show hand 
*** SUMMARY ***
Total pot 450 | Rake 0 
Seat 1: Mahu2021 (button) (small blind) collected (450)
Seat 2: Erbou77 (big blind) folded before Flop



PokerStars Hand #252442029856: Zoom Tournament #3799228565, $0.00+$10.27+$0.73 USD Hold'em No Limit - Level IX (100/200) - 2024/09/14 13:03:11 CET [2024/09/14 7:03:11 ET]
Table '3799228565 9' 2-max Seat #1 is the button
Seat 1: TMoura (23561 in chips, $50.04 bounty) 
Seat 2: Mahu2021 (10966 in chips, $20.53 bounty) 
TMoura: posts the ante 25
Mahu2021: posts the ante 25
TMoura: posts small blind 100
Mahu2021: posts big blind 200
*** HOLE CARDS ***
Dealt to Mahu2021 [9d 5h]
TMoura is disconnected 
TMoura: raises 200 to 400
Mahu2021: folds 
Uncalled bet (200) returned to TMoura
TMoura collected 450 from pot
TMoura: doesn't show hand 
*** SUMMARY ***
Total pot 450 | Rake 0 
Seat 1: TMoura (button) (small blind) collected (450)
Seat 2: Mahu2021 (big blind) folded before Flop



PokerStars Hand #252442030709: Zoom Tournament #3799228565, $0.00+$10.27+$0.73 USD Hold'em No Limit - Level IX (100/200) - 2024/09/14 13:03:17 CET [2024/09/14 7:03:17 ET]
Table '3799228565 37' 2-max Seat #1 is the button
Seat 1: Mahu2021 (10741 in chips, $20.53 bounty) 
Seat 2: ya Mishutka (9620 in chips, $10.27 bounty) 
Mahu2021: posts the ante 25
ya Mishutka: posts the ante 25
Mahu2021: posts small blind 100
ya Mishutka: posts big blind 200
*** HOLE CARDS ***
Dealt to Mahu2021 [Qc 4h]
Mahu2021: calls 100
ya Mishutka: checks 
*** FLOP *** [Ah 9h As]
ya Mishutka: checks 
Mahu2021: bets 200
ya Mishutka: folds 
Uncalled bet (200) returned to Mahu2021
Mahu2021 collected 450 from pot
Mahu2021: doesn't show hand 
*** SUMMARY ***
Total pot 450 | Rake 0 
Board [Ah 9h As]
Seat 1: Mahu2021 (button) (small blind) collected (450)
Seat 2: ya Mishutka (big blind) folded on the Flop



PokerStars Hand #252442032168: Zoom Tournament #3799228565, $0.00+$10.27+$0.73 USD Hold'em No Limit - Level IX (100/200) - 2024/09/14 13:03:28 CET [2024/09/14 7:03:28 ET]
Table '3799228565 29' 2-max Seat #1 is the button
Seat 1: mayeksl (19794 in chips, $20.53 bounty) 
Seat 2: Mahu2021 (10966 in chips, $20.53 bounty) 
mayeksl: posts the ante 25
Mahu2021: posts the ante 25
mayeksl: posts small blind 100
Mahu2021: posts big blind 200
*** HOLE CARDS ***
Dealt to Mahu2021 [Td 8d]
mayeksl is disconnected 
mayeksl: raises 300 to 500
Mahu2021: folds 
Uncalled bet (300) returned to mayeksl
mayeksl collected 450 from pot
mayeksl: doesn't show hand 
*** SUMMARY ***
Total pot 450 | Rake 0 
Seat 1: mayeksl (button) (small blind) collected (450)
Seat 2: Mahu2021 (big blind) folded before Flop



PokerStars Hand #252442033289: Zoom Tournament #3799228565, $0.00+$10.27+$0.73 USD Hold'em No Limit - Level IX (100/200) - 2024/09/14 13:03:35 CET [2024/09/14 7:03:35 ET]
Table '3799228565 19' 2-max Seat #1 is the button
Seat 1: Flakon2010 (28783 in chips, $60.30 bounty) 
Seat 2: Mahu2021 (10741 in chips, $20.53 bounty) 
Flakon2010: posts the ante 25
Mahu2021: posts the ante 25
Flakon2010: posts small blind 100
Mahu2021: posts big blind 200
*** HOLE CARDS ***
Dealt to Mahu2021 [Ks Qd]
Flakon2010 is disconnected 
Flakon2010: raises 400 to 600
Mahu2021: calls 400
*** FLOP *** [5h Tc 3d]
Mahu2021: checks 
Flakon2010: bets 625
Mahu2021: calls 625
*** TURN *** [5h Tc 3d] [9h]
Mahu2021: checks 
Flakon2010: checks 
*** RIVER *** [5h Tc 3d 9h] [2c]
Mahu2021: bets 2500
Flakon2010: folds 
Uncalled bet (2500) returned to Mahu2021
Mahu2021 collected 2500 from pot
Mahu2021: doesn't show hand 
*** SUMMARY ***
Total pot 2500 | Rake 0 
Board [5h Tc 3d 9h 2c]
Seat 1: Flakon2010 (button) (small blind) folded on the River
Seat 2: Mahu2021 (big blind) collected (2500)



PokerStars Hand #252442036108: Zoom Tournament #3799228565, $0.00+$10.27+$0.73 USD Hold'em No Limit - Level IX (100/200) - 2024/09/14 13:03:54 CET [2024/09/14 7:03:54 ET]
Table '3799228565 21' 2-max Seat #1 is the button
Seat 1: Mahu2021 (11991 in chips, $20.53 bounty) 
Seat 2: franciscomls123 (9868 in chips, $10.27 bounty) 
Mahu2021: posts the ante 25
franciscomls123: posts the ante 25
Mahu2021: posts small blind 100
franciscomls123: posts big blind 200
*** HOLE CARDS ***
Dealt to Mahu2021 [2h 9c]
Mahu2021: folds 
Uncalled bet (100) returned to franciscomls123
franciscomls123 collected 250 from pot
franciscomls123: doesn't show hand 
*** SUMMARY ***
Total pot 250 | Rake 0 
Seat 1: Mahu2021 (button) (small blind) folded before Flop
Seat 2: franciscomls123 (big blind) collected (250)



PokerStars Hand #252442036735: Zoom Tournament #3799228565, $0.00+$10.27+$0.73 USD Hold'em No Limit - Level IX (100/200) - 2024/09/14 13:03:59 CET [2024/09/14 7:03:59 ET]
Table '3799228565 40' 2-max Seat #1 is the button
Seat 1: Mahu2021 (11866 in chips, $20.53 bounty) 
Seat 2: schlüti2104 (3285 in chips, $10.27 bounty) 
Mahu2021: posts the ante 25
schlüti2104: posts the ante 25
Mahu2021: posts small blind 100
schlüti2104: posts big blind 200
*** HOLE CARDS ***
Dealt to Mahu2021 [Jh 9s]
Mahu2021: calls 100
schlüti2104: raises 3060 to 3260 and is all-in
Mahu2021: folds 
Uncalled bet (3060) returned to schlüti2104
schlüti2104 collected 450 from pot
schlüti2104: doesn't show hand 
*** SUMMARY ***
Total pot 450 | Rake 0 
Seat 1: Mahu2021 (button) (small blind) folded before Flop
Seat 2: schlüti2104 (big blind) collected (450)



PokerStars Hand #252442039359: Zoom Tournament #3799228565, $0.00+$10.27+$0.73 USD Hold'em No Limit - Level IX (100/200) - 2024/09/14 13:04:17 CET [2024/09/14 7:04:17 ET]
Table '3799228565 7' 2-max Seat #1 is the button
Seat 1: Elysioum (12978 in chips, $28.23 bounty) 
Seat 2: Mahu2021 (11641 in chips, $20.53 bounty) 
Elysioum: posts the ante 25
Mahu2021: posts the ante 25
Elysioum: posts small blind 100
Mahu2021: posts big blind 200
*** HOLE CARDS ***
Dealt to Mahu2021 [5c Ad]
Mahu2021 is disconnected 
Elysioum: raises 200 to 400
Mahu2021: calls 200
*** FLOP *** [Ah 5s 3c]
Mahu2021: bets 400
Elysioum: folds 
Uncalled bet (400) returned to Mahu2021
Mahu2021 collected 850 from pot
Mahu2021: doesn't show hand 
*** SUMMARY ***
Total pot 850 | Rake 0 
Board [Ah 5s 3c]
Seat 1: Elysioum (button) (small blind) folded on the Flop
Seat 2: Mahu2021 (big blind) collected (850)



PokerStars Hand #252442041307: Zoom Tournament #3799228565, $0.00+$10.27+$0.73 USD Hold'em No Limit - Level IX (100/200) - 2024/09/14 13:04:30 CET [2024/09/14 7:04:30 ET]
Table '3799228565 34' 2-max Seat #1 is the button
Seat 1: Mahu2021 (12066 in chips, $20.53 bounty) 
Seat 2: arek11 (14275 in chips, $15.40 bounty) 
Mahu2021: posts the ante 25
arek11: posts the ante 25
Mahu2021: posts small blind 100
arek11: posts big blind 200
*** HOLE CARDS ***
Dealt to Mahu2021 [Th Kh]
Mahu2021: calls 100
arek11: checks 
*** FLOP *** [Ad 3h Kd]
arek11: bets 450
Mahu2021: calls 450
*** TURN *** [Ad 3h Kd] [5d]
arek11: bets 1350
Mahu2021: folds 
Uncalled bet (1350) returned to arek11
arek11 collected 1350 from pot
arek11: doesn't show hand 
*** SUMMARY ***
Total pot 1350 | Rake 0 
Board [Ad 3h Kd 5d]
Seat 1: Mahu2021 (button) (small blind) folded on the Turn
Seat 2: arek11 (big blind) collected (1350)



PokerStars Hand #252442043745: Zoom Tournament #3799228565, $0.00+$10.27+$0.73 USD Hold'em No Limit - Level IX (100/200) - 2024/09/14 13:04:47 CET [2024/09/14 7:04:47 ET]
Table '3799228565 12' 2-max Seat #1 is the button
Seat 1: Mahu2021 (11391 in chips, $20.53 bounty) 
Seat 2: veltnerjunge (7266 in chips, $30.15 bounty) 
Mahu2021: posts the ante 25
veltnerjunge: posts the ante 25
Mahu2021: posts small blind 100
veltnerjunge: posts big blind 200
*** HOLE CARDS ***
Dealt to Mahu2021 [4h 4s]
Mahu2021: raises 200 to 400
veltnerjunge: raises 6841 to 7241 and is all-in
Mahu2021: calls 6841
*** FLOP *** [5c Ad 3s]
*** TURN *** [5c Ad 3s] [3h]
*** RIVER *** [5c Ad 3s 3h] [8s]
*** SHOW DOWN ***
veltnerjunge: shows [Ks Ac] (two pair, Aces and Threes)
Mahu2021: shows [4h 4s] (two pair, Fours and Threes)
veltnerjunge collected 14532 from pot
*** SUMMARY ***
Total pot 14532 | Rake 0 
Board [5c Ad 3s 3h 8s]
Seat 1: Mahu2021 (button) (small blind) showed [4h 4s] and lost with two pair, Fours and Threes
Seat 2: veltnerjunge (big blind) showed [Ks Ac] and won (14532) with two pair, Aces and Threes



PokerStars Hand #252442046119: Zoom Tournament #3799228565, $0.00+$10.27+$0.73 USD Hold'em No Limit - Level IX (100/200) - 2024/09/14 13:05:03 CET [2024/09/14 7:05:03 ET]
Table '3799228565 7' 2-max Seat #1 is the button
Seat 1: veltnerjunge (14532 in chips, $30.15 bounty) 
Seat 2: Mahu2021 (4125 in chips, $20.53 bounty) 
veltnerjunge: posts the ante 25
Mahu2021: posts the ante 25
veltnerjunge: posts small blind 100
Mahu2021: posts big blind 200
*** HOLE CARDS ***
Dealt to Mahu2021 [8c 6h]
veltnerjunge is disconnected 
veltnerjunge: raises 14307 to 14507 and is all-in
Mahu2021: folds 
Uncalled bet (14307) returned to veltnerjunge
veltnerjunge collected 450 from pot
veltnerjunge: doesn't show hand 
*** SUMMARY ***
Total pot 450 | Rake 0 
Seat 1: veltnerjunge (button) (small blind) collected (450)
Seat 2: Mahu2021 (big blind) folded before Flop



PokerStars Hand #252442046856: Zoom Tournament #3799228565, $0.00+$10.27+$0.73 USD Hold'em No Limit - Level IX (100/200) - 2024/09/14 13:05:08 CET [2024/09/14 7:05:08 ET]
Table '3799228565 11' 2-max Seat #1 is the button
Seat 1: turetskii (17343 in chips, $25.66 bounty) 
Seat 2: Mahu2021 (3900 in chips, $20.53 bounty) 
turetskii: posts the ante 25
Mahu2021: posts the ante 25
turetskii: posts small blind 100
Mahu2021: posts big blind 200
*** HOLE CARDS ***
Dealt to Mahu2021 [9h Kd]
turetskii is disconnected 
turetskii: raises 17118 to 17318 and is all-in
Mahu2021: folds 
Uncalled bet (17118) returned to turetskii
turetskii collected 450 from pot
turetskii: doesn't show hand 
*** SUMMARY ***
Total pot 450 | Rake 0 
Seat 1: turetskii (button) (small blind) collected (450)
Seat 2: Mahu2021 (big blind) folded before Flop



PokerStars Hand #252442047601: Zoom Tournament #3799228565, $0.00+$10.27+$0.73 USD Hold'em No Limit - Level IX (100/200) - 2024/09/14 13:05:13 CET [2024/09/14 7:05:13 ET]
Table '3799228565 8' 2-max Seat #1 is the button
Seat 1: Mahu2021 (3675 in chips, $20.53 bounty) 
Seat 2: Night_Furiaa (11513 in chips, $25.66 bounty) 
Mahu2021: posts the ante 25
Night_Furiaa: posts the ante 25
Mahu2021: posts small blind 100
Night_Furiaa: posts big blind 200
*** HOLE CARDS ***
Dealt to Mahu2021 [4d Tc]
Mahu2021: folds 
Uncalled bet (100) returned to Night_Furiaa
Night_Furiaa collected 250 from pot
Night_Furiaa: doesn't show hand 
*** SUMMARY ***
Total pot 250 | Rake 0 
Seat 1: Mahu2021 (button) (small blind) folded before Flop
Seat 2: Night_Furiaa (big blind) collected (250)



PokerStars Hand #252442048257: Zoom Tournament #3799228565, $0.00+$10.27+$0.73 USD Hold'em No Limit - Level IX (100/200) - 2024/09/14 13:05:17 CET [2024/09/14 7:05:17 ET]
Table '3799228565 9' 2-max Seat #1 is the button
Seat 1: sheylakeyla (5835 in chips, $10.27 bounty) 
Seat 2: Mahu2021 (3550 in chips, $20.53 bounty) 
sheylakeyla: posts the ante 25
Mahu2021: posts the ante 25
sheylakeyla: posts small blind 100
Mahu2021: posts big blind 200
*** HOLE CARDS ***
Dealt to Mahu2021 [7d 4c]
sheylakeyla: calls 100
Mahu2021: checks 
*** FLOP *** [7h 7c Ah]
Mahu2021: checks 
sheylakeyla: checks 
*** TURN *** [7h 7c Ah] [8s]
Mahu2021: bets 200
sheylakeyla: calls 200
*** RIVER *** [7h 7c Ah 8s] [2s]
Mahu2021: bets 400
sheylakeyla: calls 400
*** SHOW DOWN ***
Mahu2021: shows [7d 4c] (three of a kind, Sevens)
sheylakeyla: mucks hand 
Mahu2021 collected 1650 from pot
*** SUMMARY ***
Total pot 1650 | Rake 0 
Board [7h 7c Ah 8s 2s]
Seat 1: sheylakeyla (button) (small blind) mucked [Qh Kh]
Seat 2: Mahu2021 (big blind) showed [7d 4c] and won (1650) with three of a kind, Sevens



PokerStars Hand #252442051073: Zoom Tournament #3799228565, $0.00+$10.27+$0.73 USD Hold'em No Limit - Level X (125/250) - 2024/09/14 13:05:36 CET [2024/09/14 7:05:36 ET]
Table '3799228565 10' 2-max Seat #1 is the button
Seat 1: Mahu2021 (4375 in chips, $20.53 bounty) 
Seat 2: sheylakeyla (5010 in chips, $10.27 bounty) 
Mahu2021: posts the ante 30
sheylakeyla: posts the ante 30
Mahu2021: posts small blind 125
sheylakeyla: posts big blind 250
*** HOLE CARDS ***
Dealt to Mahu2021 [3d 9s]
Mahu2021: folds 
Uncalled bet (125) returned to sheylakeyla
sheylakeyla collected 310 from pot
sheylakeyla: doesn't show hand 
*** SUMMARY ***
Total pot 310 | Rake 0 
Seat 1: Mahu2021 (button) (small blind) folded before Flop
Seat 2: sheylakeyla (big blind) collected (310)



PokerStars Hand #252442051659: Zoom Tournament #3799228565, $0.00+$10.27+$0.73 USD Hold'em No Limit - Level X (125/250) - 2024/09/14 13:05:40 CET [2024/09/14 7:05:40 ET]
Table '3799228565 38' 2-max Seat #1 is the button
Seat 1: Mila3812 (5629 in chips, $19.25 bounty) 
Seat 2: Mahu2021 (4220 in chips, $20.53 bounty) 
Mila3812: posts the ante 30
Mahu2021: posts the ante 30
Mila3812: posts small blind 125
Mahu2021: posts big blind 250
*** HOLE CARDS ***
Dealt to Mahu2021 [Kc Ac]
Mahu2021 is disconnected 
Mila3812: folds 
Uncalled bet (125) returned to Mahu2021
Mahu2021 collected 310 from pot
Mahu2021: doesn't show hand 
*** SUMMARY ***
Total pot 310 | Rake 0 
Seat 1: Mila3812 (button) (small blind) folded before Flop
Seat 2: Mahu2021 (big blind) collected (310)



PokerStars Hand #252442052593: Zoom Tournament #3799228565, $0.00+$10.27+$0.73 USD Hold'em No Limit - Level X (125/250) - 2024/09/14 13:05:47 CET [2024/09/14 7:05:47 ET]
Table '3799228565 21' 2-max Seat #1 is the button
Seat 1: Mahu2021 (4375 in chips, $20.53 bounty) 
Seat 2: Sören F. (7000 in chips, $10.27 bounty) 
Mahu2021: posts the ante 30
Sören F.: posts the ante 30
Mahu2021: posts small blind 125
Sören F.: posts big blind 250
*** HOLE CARDS ***
Dealt to Mahu2021 [4d Qs]
Sören F. is disconnected 
Mahu2021: folds 
Uncalled bet (125) returned to Sören F.
Sören F. collected 310 from pot
Sören F.: doesn't show hand 
*** SUMMARY ***
Total pot 310 | Rake 0 
Seat 1: Mahu2021 (button) (small blind) folded before Flop
Seat 2: Sören F. (big blind) collected (310)



PokerStars Hand #252442053163: Zoom Tournament #3799228565, $0.00+$10.27+$0.73 USD Hold'em No Limit - Level X (125/250) - 2024/09/14 13:05:51 CET [2024/09/14 7:05:51 ET]
Table '3799228565 11' 2-max Seat #1 is the button
Seat 1: Makas1234 (17613 in chips, $37.21 bounty) 
Seat 2: Mahu2021 (4220 in chips, $20.53 bounty) 
Makas1234: posts the ante 30
Mahu2021: posts the ante 30
Makas1234: posts small blind 125
Mahu2021: posts big blind 250
*** HOLE CARDS ***
Dealt to Mahu2021 [4c As]
Makas1234: raises 500 to 750
Mahu2021: raises 3440 to 4190 and is all-in
Makas1234: calls 3440
*** FLOP *** [Jh 8h Qd]
*** TURN *** [Jh 8h Qd] [Tc]
*** RIVER *** [Jh 8h Qd Tc] [8d]
*** SHOW DOWN ***
Mahu2021: shows [4c As] (a pair of Eights)
Makas1234: shows [6s 6h] (two pair, Eights and Sixes)
Makas1234 collected 8440 from pot
Makas1234 wins $10.27 for eliminating Mahu2021 and their own bounty increases by $10.26 to $47.47
*** SUMMARY ***
Total pot 8440 | Rake 0 
Board [Jh 8h Qd Tc 8d]
Seat 1: Makas1234 (button) (small blind) showed [6s 6h] and won (8440) with two pair, Eights and Sixes
Seat 2: Mahu2021 (big blind) showed [4c As] and lost with a pair of Eights



