PokerStars Hand #244562154896: Tournament #3611197733, $0.92+$0.08 USD Hold'em No Limit - Level I (10/20) - 2023/07/01 13:39:46 CET [2023/07/01 7:39:46 ET]
Table '3611197733 1' 3-max Seat #1 is the button
Seat 1: bamboozle66 (500 in chips) 
Seat 2: Mahu2021 (500 in chips) 
Seat 3: CPXCXS (500 in chips) 
Mahu2021: posts small blind 10
CPXCXS: posts big blind 20
*** HOLE CARDS ***
Dealt to Mahu2021 [Qc Th]
bamboozle66: folds 
Mahu2021: calls 10
CPXCXS: checks 
*** FLOP *** [5c 3d Kc]
Mahu2021: checks 
CPXCXS: checks 
*** TURN *** [5c 3d Kc] [9s]
Mahu2021: bets 20
CPXCXS: folds 
Uncalled bet (20) returned to Mahu2021
Mahu2021 collected 40 from pot
Mahu2021: doesn't show hand 
*** SUMMARY ***
Total pot 40 | Rake 0 
Board [5c 3d Kc 9s]
Seat 1: bamboozle66 (button) folded before Flop (didn't bet)
Seat 2: Mahu2021 (small blind) collected (40)
Seat 3: CPXCXS (big blind) folded on the Turn



PokerStars Hand #244562157575: Tournament #3611197733, $0.92+$0.08 USD Hold'em No Limit - Level I (10/20) - 2023/07/01 13:40:01 CET [2023/07/01 7:40:01 ET]
Table '3611197733 1' 3-max Seat #2 is the button
Seat 1: bamboozle66 (500 in chips) 
Seat 2: Mahu2021 (520 in chips) 
Seat 3: CPXCXS (480 in chips) 
CPXCXS: posts small blind 10
bamboozle66: posts big blind 20
*** HOLE CARDS ***
Dealt to Mahu2021 [5c Js]
Mahu2021: folds 
CPXCXS: raises 40 to 60
bamboozle66: folds 
Uncalled bet (40) returned to CPXCXS
CPXCXS collected 40 from pot
CPXCXS: doesn't show hand 
*** SUMMARY ***
Total pot 40 | Rake 0 
Seat 1: bamboozle66 (big blind) folded before Flop
Seat 2: Mahu2021 (button) folded before Flop (didn't bet)
Seat 3: CPXCXS (small blind) collected (40)



PokerStars Hand #244562159321: Tournament #3611197733, $0.92+$0.08 USD Hold'em No Limit - Level I (10/20) - 2023/07/01 13:40:11 CET [2023/07/01 7:40:11 ET]
Table '3611197733 1' 3-max Seat #3 is the button
Seat 1: bamboozle66 (480 in chips) 
Seat 2: Mahu2021 (520 in chips) 
Seat 3: CPXCXS (500 in chips) 
bamboozle66: posts small blind 10
Mahu2021: posts big blind 20
*** HOLE CARDS ***
Dealt to Mahu2021 [Ah Kd]
CPXCXS: calls 20
bamboozle66: folds 
Mahu2021: raises 60 to 80
CPXCXS: folds 
Uncalled bet (60) returned to Mahu2021
Mahu2021 collected 50 from pot
Mahu2021: doesn't show hand 
*** SUMMARY ***
Total pot 50 | Rake 0 
Seat 1: bamboozle66 (small blind) folded before Flop
Seat 2: Mahu2021 (big blind) collected (50)
Seat 3: CPXCXS (button) folded before Flop



PokerStars Hand #244562161324: Tournament #3611197733, $0.92+$0.08 USD Hold'em No Limit - Level I (10/20) - 2023/07/01 13:40:22 CET [2023/07/01 7:40:22 ET]
Table '3611197733 1' 3-max Seat #1 is the button
Seat 1: bamboozle66 (470 in chips) 
Seat 2: Mahu2021 (550 in chips) 
Seat 3: CPXCXS (480 in chips) 
Mahu2021: posts small blind 10
CPXCXS: posts big blind 20
*** HOLE CARDS ***
Dealt to Mahu2021 [Ts Jh]
bamboozle66: folds 
Mahu2021: calls 10
CPXCXS: raises 40 to 60
Mahu2021: calls 40
*** FLOP *** [Ad Js Tc]
Mahu2021: checks 
CPXCXS: bets 120
Mahu2021: raises 370 to 490 and is all-in
CPXCXS: calls 300 and is all-in
Uncalled bet (70) returned to Mahu2021
*** TURN *** [Ad Js Tc] [7c]
*** RIVER *** [Ad Js Tc 7c] [8h]
*** SHOW DOWN ***
Mahu2021: shows [Ts Jh] (two pair, Jacks and Tens)
CPXCXS: shows [3d Kd] (high card Ace)
Mahu2021 collected 960 from pot
CPXCXS finished the tournament in 3rd place
*** SUMMARY ***
Total pot 960 | Rake 0 
Board [Ad Js Tc 7c 8h]
Seat 1: bamboozle66 (button) folded before Flop (didn't bet)
Seat 2: Mahu2021 (small blind) showed [Ts Jh] and won (960) with two pair, Jacks and Tens
Seat 3: CPXCXS (big blind) showed [3d Kd] and lost with high card Ace



PokerStars Hand #244562166796: Tournament #3611197733, $0.92+$0.08 USD Hold'em No Limit - Level I (10/20) - 2023/07/01 13:40:53 CET [2023/07/01 7:40:53 ET]
Table '3611197733 1' 3-max Seat #2 is the button
Seat 1: bamboozle66 (470 in chips) 
Seat 2: Mahu2021 (1030 in chips) 
Mahu2021: posts small blind 10
bamboozle66: posts big blind 20
*** HOLE CARDS ***
Dealt to Mahu2021 [8h Kd]
Mahu2021: calls 10
bamboozle66: checks 
*** FLOP *** [3d Ad 4c]
bamboozle66: checks 
Mahu2021: checks 
*** TURN *** [3d Ad 4c] [Kc]
bamboozle66: checks 
Mahu2021: bets 20
bamboozle66: calls 20
*** RIVER *** [3d Ad 4c Kc] [9c]
bamboozle66: checks 
Mahu2021: checks 
*** SHOW DOWN ***
bamboozle66: shows [Qs 8s] (high card Ace)
Mahu2021: shows [8h Kd] (a pair of Kings)
Mahu2021 collected 80 from pot
*** SUMMARY ***
Total pot 80 | Rake 0 
Board [3d Ad 4c Kc 9c]
Seat 1: bamboozle66 (big blind) showed [Qs 8s] and lost with high card Ace
Seat 2: Mahu2021 (button) (small blind) showed [8h Kd] and won (80) with a pair of Kings



PokerStars Hand #244562171047: Tournament #3611197733, $0.92+$0.08 USD Hold'em No Limit - Level I (10/20) - 2023/07/01 13:41:17 CET [2023/07/01 7:41:17 ET]
Table '3611197733 1' 3-max Seat #1 is the button
Seat 1: bamboozle66 (430 in chips) 
Seat 2: Mahu2021 (1070 in chips) 
bamboozle66: posts small blind 10
Mahu2021: posts big blind 20
*** HOLE CARDS ***
Dealt to Mahu2021 [Ks 8d]
bamboozle66: raises 40 to 60
Mahu2021: calls 40
*** FLOP *** [4s 2s 7d]
Mahu2021: checks 
bamboozle66: bets 60
Mahu2021: folds 
Uncalled bet (60) returned to bamboozle66
bamboozle66 collected 120 from pot
*** SUMMARY ***
Total pot 120 | Rake 0 
Board [4s 2s 7d]
Seat 1: bamboozle66 (button) (small blind) collected (120)
Seat 2: Mahu2021 (big blind) folded on the Flop



PokerStars Hand #244562173620: Tournament #3611197733, $0.92+$0.08 USD Hold'em No Limit - Level I (10/20) - 2023/07/01 13:41:32 CET [2023/07/01 7:41:32 ET]
Table '3611197733 1' 3-max Seat #2 is the button
Seat 1: bamboozle66 (490 in chips) 
Seat 2: Mahu2021 (1010 in chips) 
Mahu2021: posts small blind 10
bamboozle66: posts big blind 20
*** HOLE CARDS ***
Dealt to Mahu2021 [2d Ad]
Mahu2021: raises 20 to 40
bamboozle66: folds 
Uncalled bet (20) returned to Mahu2021
Mahu2021 collected 40 from pot
Mahu2021: doesn't show hand 
*** SUMMARY ***
Total pot 40 | Rake 0 
Seat 1: bamboozle66 (big blind) folded before Flop
Seat 2: Mahu2021 (button) (small blind) collected (40)



PokerStars Hand #244562174723: Tournament #3611197733, $0.92+$0.08 USD Hold'em No Limit - Level I (10/20) - 2023/07/01 13:41:38 CET [2023/07/01 7:41:38 ET]
Table '3611197733 1' 3-max Seat #1 is the button
Seat 1: bamboozle66 (470 in chips) 
Seat 2: Mahu2021 (1030 in chips) 
bamboozle66: posts small blind 10
Mahu2021: posts big blind 20
*** HOLE CARDS ***
Dealt to Mahu2021 [4c 2s]
bamboozle66: raises 40 to 60
Mahu2021: folds 
Uncalled bet (40) returned to bamboozle66
bamboozle66 collected 40 from pot
*** SUMMARY ***
Total pot 40 | Rake 0 
Seat 1: bamboozle66 (button) (small blind) collected (40)
Seat 2: Mahu2021 (big blind) folded before Flop



PokerStars Hand #244562175760: Tournament #3611197733, $0.92+$0.08 USD Hold'em No Limit - Level I (10/20) - 2023/07/01 13:41:44 CET [2023/07/01 7:41:44 ET]
Table '3611197733 1' 3-max Seat #2 is the button
Seat 1: bamboozle66 (490 in chips) 
Seat 2: Mahu2021 (1010 in chips) 
Mahu2021: posts small blind 10
bamboozle66: posts big blind 20
*** HOLE CARDS ***
Dealt to Mahu2021 [As 9d]
Mahu2021: raises 20 to 40
bamboozle66: calls 20
*** FLOP *** [6s 4c Jd]
bamboozle66: checks 
Mahu2021: bets 20
bamboozle66: folds 
Uncalled bet (20) returned to Mahu2021
Mahu2021 collected 80 from pot
Mahu2021: doesn't show hand 
*** SUMMARY ***
Total pot 80 | Rake 0 
Board [6s 4c Jd]
Seat 1: bamboozle66 (big blind) folded on the Flop
Seat 2: Mahu2021 (button) (small blind) collected (80)



PokerStars Hand #244562180661: Tournament #3611197733, $0.92+$0.08 USD Hold'em No Limit - Level II (15/30) - 2023/07/01 13:42:12 CET [2023/07/01 7:42:12 ET]
Table '3611197733 1' 3-max Seat #1 is the button
Seat 1: bamboozle66 (450 in chips) 
Seat 2: Mahu2021 (1050 in chips) 
bamboozle66: posts small blind 15
Mahu2021: posts big blind 30
*** HOLE CARDS ***
Dealt to Mahu2021 [8c Kd]
bamboozle66: raises 30 to 60
Mahu2021: calls 30
*** FLOP *** [Js 3h 4d]
Mahu2021: checks 
bamboozle66: bets 60
Mahu2021: folds 
Uncalled bet (60) returned to bamboozle66
bamboozle66 collected 120 from pot
*** SUMMARY ***
Total pot 120 | Rake 0 
Board [Js 3h 4d]
Seat 1: bamboozle66 (button) (small blind) collected (120)
Seat 2: Mahu2021 (big blind) folded on the Flop



PokerStars Hand #244562183360: Tournament #3611197733, $0.92+$0.08 USD Hold'em No Limit - Level II (15/30) - 2023/07/01 13:42:27 CET [2023/07/01 7:42:27 ET]
Table '3611197733 1' 3-max Seat #2 is the button
Seat 1: bamboozle66 (510 in chips) 
Seat 2: Mahu2021 (990 in chips) 
Mahu2021: posts small blind 15
bamboozle66: posts big blind 30
*** HOLE CARDS ***
Dealt to Mahu2021 [5c 6h]
Mahu2021: calls 15
bamboozle66: checks 
*** FLOP *** [6d 8c 5s]
bamboozle66: bets 30
Mahu2021: raises 930 to 960 and is all-in
bamboozle66: calls 450 and is all-in
Uncalled bet (480) returned to Mahu2021
*** TURN *** [6d 8c 5s] [4h]
*** RIVER *** [6d 8c 5s 4h] [Th]
*** SHOW DOWN ***
bamboozle66: shows [5h 8s] (two pair, Eights and Fives)
Mahu2021: shows [5c 6h] (two pair, Sixes and Fives)
bamboozle66 collected 1020 from pot
*** SUMMARY ***
Total pot 1020 | Rake 0 
Board [6d 8c 5s 4h Th]
Seat 1: bamboozle66 (big blind) showed [5h 8s] and won (1020) with two pair, Eights and Fives
Seat 2: Mahu2021 (button) (small blind) showed [5c 6h] and lost with two pair, Sixes and Fives



PokerStars Hand #244562187362: Tournament #3611197733, $0.92+$0.08 USD Hold'em No Limit - Level II (15/30) - 2023/07/01 13:42:50 CET [2023/07/01 7:42:50 ET]
Table '3611197733 1' 3-max Seat #1 is the button
Seat 1: bamboozle66 (1020 in chips) 
Seat 2: Mahu2021 (480 in chips) 
bamboozle66: posts small blind 15
Mahu2021: posts big blind 30
*** HOLE CARDS ***
Dealt to Mahu2021 [Ad 7d]
bamboozle66: raises 30 to 60
Mahu2021: calls 30
*** FLOP *** [Ah 2h 3h]
Mahu2021: bets 420 and is all-in
bamboozle66: folds 
Uncalled bet (420) returned to Mahu2021
Mahu2021 collected 120 from pot
Mahu2021: doesn't show hand 
*** SUMMARY ***
Total pot 120 | Rake 0 
Board [Ah 2h 3h]
Seat 1: bamboozle66 (button) (small blind) folded on the Flop
Seat 2: Mahu2021 (big blind) collected (120)



PokerStars Hand #244562189529: Tournament #3611197733, $0.92+$0.08 USD Hold'em No Limit - Level II (15/30) - 2023/07/01 13:43:02 CET [2023/07/01 7:43:02 ET]
Table '3611197733 1' 3-max Seat #2 is the button
Seat 1: bamboozle66 (960 in chips) 
Seat 2: Mahu2021 (540 in chips) 
Mahu2021: posts small blind 15
bamboozle66: posts big blind 30
*** HOLE CARDS ***
Dealt to Mahu2021 [Jh 3d]
Mahu2021: calls 15
bamboozle66: checks 
*** FLOP *** [4c 9s 8s]
bamboozle66: checks 
Mahu2021: checks 
*** TURN *** [4c 9s 8s] [6s]
bamboozle66: checks 
Mahu2021: checks 
*** RIVER *** [4c 9s 8s 6s] [Jc]
bamboozle66: checks 
Mahu2021: bets 60
bamboozle66: folds 
Uncalled bet (60) returned to Mahu2021
Mahu2021 collected 60 from pot
Mahu2021: doesn't show hand 
*** SUMMARY ***
Total pot 60 | Rake 0 
Board [4c 9s 8s 6s Jc]
Seat 1: bamboozle66 (big blind) folded on the River
Seat 2: Mahu2021 (button) (small blind) collected (60)



PokerStars Hand #244562193192: Tournament #3611197733, $0.92+$0.08 USD Hold'em No Limit - Level II (15/30) - 2023/07/01 13:43:23 CET [2023/07/01 7:43:23 ET]
Table '3611197733 1' 3-max Seat #1 is the button
Seat 1: bamboozle66 (930 in chips) 
Seat 2: Mahu2021 (570 in chips) 
bamboozle66: posts small blind 15
Mahu2021: posts big blind 30
*** HOLE CARDS ***
Dealt to Mahu2021 [Ah Jd]
bamboozle66: raises 30 to 60
Mahu2021: raises 510 to 570 and is all-in
bamboozle66: folds 
Uncalled bet (510) returned to Mahu2021
Mahu2021 collected 120 from pot
Mahu2021: doesn't show hand 
*** SUMMARY ***
Total pot 120 | Rake 0 
Seat 1: bamboozle66 (button) (small blind) folded before Flop
Seat 2: Mahu2021 (big blind) collected (120)



PokerStars Hand #244562194896: Tournament #3611197733, $0.92+$0.08 USD Hold'em No Limit - Level II (15/30) - 2023/07/01 13:43:33 CET [2023/07/01 7:43:33 ET]
Table '3611197733 1' 3-max Seat #2 is the button
Seat 1: bamboozle66 (870 in chips) 
Seat 2: Mahu2021 (630 in chips) 
Mahu2021: posts small blind 15
bamboozle66: posts big blind 30
*** HOLE CARDS ***
Dealt to Mahu2021 [9d Kd]
Mahu2021: raises 30 to 60
bamboozle66: calls 30
*** FLOP *** [3s Ad Qs]
bamboozle66: checks 
Mahu2021: checks 
*** TURN *** [3s Ad Qs] [9s]
bamboozle66: checks 
Mahu2021: bets 60
bamboozle66: folds 
Uncalled bet (60) returned to Mahu2021
Mahu2021 collected 120 from pot
Mahu2021: doesn't show hand 
*** SUMMARY ***
Total pot 120 | Rake 0 
Board [3s Ad Qs 9s]
Seat 1: bamboozle66 (big blind) folded on the Turn
Seat 2: Mahu2021 (button) (small blind) collected (120)



PokerStars Hand #244562198802: Tournament #3611197733, $0.92+$0.08 USD Hold'em No Limit - Level III (20/40) - 2023/07/01 13:43:55 CET [2023/07/01 7:43:55 ET]
Table '3611197733 1' 3-max Seat #1 is the button
Seat 1: bamboozle66 (810 in chips) 
Seat 2: Mahu2021 (690 in chips) 
bamboozle66: posts small blind 20
Mahu2021: posts big blind 40
*** HOLE CARDS ***
Dealt to Mahu2021 [3c 4c]
bamboozle66: raises 40 to 80
Mahu2021: calls 40
*** FLOP *** [Ts As 7h]
Mahu2021: checks 
bamboozle66: bets 80
Mahu2021: folds 
Uncalled bet (80) returned to bamboozle66
bamboozle66 collected 160 from pot
*** SUMMARY ***
Total pot 160 | Rake 0 
Board [Ts As 7h]
Seat 1: bamboozle66 (button) (small blind) collected (160)
Seat 2: Mahu2021 (big blind) folded on the Flop



PokerStars Hand #244562201273: Tournament #3611197733, $0.92+$0.08 USD Hold'em No Limit - Level III (20/40) - 2023/07/01 13:44:09 CET [2023/07/01 7:44:09 ET]
Table '3611197733 1' 3-max Seat #2 is the button
Seat 1: bamboozle66 (890 in chips) 
Seat 2: Mahu2021 (610 in chips) 
Mahu2021: posts small blind 20
bamboozle66: posts big blind 40
*** HOLE CARDS ***
Dealt to Mahu2021 [5s Qh]
Mahu2021: folds 
Uncalled bet (20) returned to bamboozle66
bamboozle66 collected 40 from pot
*** SUMMARY ***
Total pot 40 | Rake 0 
Seat 1: bamboozle66 (big blind) collected (40)
Seat 2: Mahu2021 (button) (small blind) folded before Flop



PokerStars Hand #244562202033: Tournament #3611197733, $0.92+$0.08 USD Hold'em No Limit - Level III (20/40) - 2023/07/01 13:44:13 CET [2023/07/01 7:44:13 ET]
Table '3611197733 1' 3-max Seat #1 is the button
Seat 1: bamboozle66 (910 in chips) 
Seat 2: Mahu2021 (590 in chips) 
bamboozle66: posts small blind 20
Mahu2021: posts big blind 40
*** HOLE CARDS ***
Dealt to Mahu2021 [Ad 3c]
bamboozle66: raises 40 to 80
Mahu2021: calls 40
*** FLOP *** [2s 4h 3h]
Mahu2021: bets 510 and is all-in
bamboozle66: calls 510
*** TURN *** [2s 4h 3h] [Qs]
*** RIVER *** [2s 4h 3h Qs] [9c]
*** SHOW DOWN ***
Mahu2021: shows [Ad 3c] (a pair of Threes)
bamboozle66: shows [8h Ah] (high card Ace)
Mahu2021 collected 1180 from pot
*** SUMMARY ***
Total pot 1180 | Rake 0 
Board [2s 4h 3h Qs 9c]
Seat 1: bamboozle66 (button) (small blind) showed [8h Ah] and lost with high card Ace
Seat 2: Mahu2021 (big blind) showed [Ad 3c] and won (1180) with a pair of Threes



PokerStars Hand #244562205345: Tournament #3611197733, $0.92+$0.08 USD Hold'em No Limit - Level III (20/40) - 2023/07/01 13:44:32 CET [2023/07/01 7:44:32 ET]
Table '3611197733 1' 3-max Seat #2 is the button
Seat 1: bamboozle66 (320 in chips) 
Seat 2: Mahu2021 (1180 in chips) 
Mahu2021: posts small blind 20
bamboozle66: posts big blind 40
*** HOLE CARDS ***
Dealt to Mahu2021 [5s Ad]
Mahu2021: raises 1140 to 1180 and is all-in
bamboozle66: calls 280 and is all-in
Uncalled bet (860) returned to Mahu2021
*** FLOP *** [2h 7s 6d]
*** TURN *** [2h 7s 6d] [9d]
*** RIVER *** [2h 7s 6d 9d] [9h]
*** SHOW DOWN ***
bamboozle66: shows [9s Th] (three of a kind, Nines)
Mahu2021: shows [5s Ad] (a pair of Nines)
bamboozle66 collected 640 from pot
*** SUMMARY ***
Total pot 640 | Rake 0 
Board [2h 7s 6d 9d 9h]
Seat 1: bamboozle66 (big blind) showed [9s Th] and won (640) with three of a kind, Nines
Seat 2: Mahu2021 (button) (small blind) showed [5s Ad] and lost with a pair of Nines



PokerStars Hand #244562207781: Tournament #3611197733, $0.92+$0.08 USD Hold'em No Limit - Level III (20/40) - 2023/07/01 13:44:46 CET [2023/07/01 7:44:46 ET]
Table '3611197733 1' 3-max Seat #1 is the button
Seat 1: bamboozle66 (640 in chips) 
Seat 2: Mahu2021 (860 in chips) 
bamboozle66: posts small blind 20
Mahu2021: posts big blind 40
*** HOLE CARDS ***
Dealt to Mahu2021 [2h Qd]
bamboozle66: raises 40 to 80
Mahu2021: folds 
Uncalled bet (40) returned to bamboozle66
bamboozle66 collected 80 from pot
*** SUMMARY ***
Total pot 80 | Rake 0 
Seat 1: bamboozle66 (button) (small blind) collected (80)
Seat 2: Mahu2021 (big blind) folded before Flop



PokerStars Hand #244562209156: Tournament #3611197733, $0.92+$0.08 USD Hold'em No Limit - Level III (20/40) - 2023/07/01 13:44:54 CET [2023/07/01 7:44:54 ET]
Table '3611197733 1' 3-max Seat #2 is the button
Seat 1: bamboozle66 (680 in chips) 
Seat 2: Mahu2021 (820 in chips) 
Mahu2021: posts small blind 20
bamboozle66: posts big blind 40
*** HOLE CARDS ***
Dealt to Mahu2021 [Th 9s]
Mahu2021: calls 20
bamboozle66: checks 
*** FLOP *** [7d 2d 6c]
bamboozle66: checks 
Mahu2021: checks 
*** TURN *** [7d 2d 6c] [8h]
bamboozle66: bets 40
Mahu2021: calls 40
*** RIVER *** [7d 2d 6c 8h] [9c]
bamboozle66: checks 
Mahu2021: bets 160
bamboozle66: calls 160
*** SHOW DOWN ***
Mahu2021: shows [Th 9s] (a straight, Six to Ten)
bamboozle66: mucks hand 
Mahu2021 collected 480 from pot
*** SUMMARY ***
Total pot 480 | Rake 0 
Board [7d 2d 6c 8h 9c]
Seat 1: bamboozle66 (big blind) mucked [8c 7s]
Seat 2: Mahu2021 (button) (small blind) showed [Th 9s] and won (480) with a straight, Six to Ten



PokerStars Hand #244562216397: Tournament #3611197733, $0.92+$0.08 USD Hold'em No Limit - Level III (20/40) - 2023/07/01 13:45:34 CET [2023/07/01 7:45:34 ET]
Table '3611197733 1' 3-max Seat #1 is the button
Seat 1: bamboozle66 (440 in chips) 
Seat 2: Mahu2021 (1060 in chips) 
bamboozle66: posts small blind 20
Mahu2021: posts big blind 40
*** HOLE CARDS ***
Dealt to Mahu2021 [8h Th]
bamboozle66: raises 400 to 440 and is all-in
Mahu2021: folds 
Uncalled bet (400) returned to bamboozle66
bamboozle66 collected 80 from pot
*** SUMMARY ***
Total pot 80 | Rake 0 
Seat 1: bamboozle66 (button) (small blind) collected (80)
Seat 2: Mahu2021 (big blind) folded before Flop



PokerStars Hand #244562217779: Tournament #3611197733, $0.92+$0.08 USD Hold'em No Limit - Level III (20/40) - 2023/07/01 13:45:42 CET [2023/07/01 7:45:42 ET]
Table '3611197733 1' 3-max Seat #2 is the button
Seat 1: bamboozle66 (480 in chips) 
Seat 2: Mahu2021 (1020 in chips) 
Mahu2021: posts small blind 20
bamboozle66: posts big blind 40
*** HOLE CARDS ***
Dealt to Mahu2021 [6d Kd]
Mahu2021: calls 20
bamboozle66: checks 
*** FLOP *** [Kc 8d Ac]
bamboozle66: checks 
Mahu2021: bets 40
bamboozle66: folds 
Uncalled bet (40) returned to Mahu2021
Mahu2021 collected 80 from pot
Mahu2021: doesn't show hand 
*** SUMMARY ***
Total pot 80 | Rake 0 
Board [Kc 8d Ac]
Seat 1: bamboozle66 (big blind) folded on the Flop
Seat 2: Mahu2021 (button) (small blind) collected (80)



PokerStars Hand #244562220295: Tournament #3611197733, $0.92+$0.08 USD Hold'em No Limit - Level IV (30/60) - 2023/07/01 13:45:56 CET [2023/07/01 7:45:56 ET]
Table '3611197733 1' 3-max Seat #1 is the button
Seat 1: bamboozle66 (440 in chips) 
Seat 2: Mahu2021 (1060 in chips) 
bamboozle66: posts small blind 30
Mahu2021: posts big blind 60
*** HOLE CARDS ***
Dealt to Mahu2021 [6d Kc]
bamboozle66: raises 60 to 120
Mahu2021: calls 60
*** FLOP *** [3d Ks Js]
Mahu2021: bets 940 and is all-in
bamboozle66: folds 
Uncalled bet (940) returned to Mahu2021
Mahu2021 collected 240 from pot
Mahu2021: doesn't show hand 
*** SUMMARY ***
Total pot 240 | Rake 0 
Board [3d Ks Js]
Seat 1: bamboozle66 (button) (small blind) folded on the Flop
Seat 2: Mahu2021 (big blind) collected (240)



PokerStars Hand #244562222792: Tournament #3611197733, $0.92+$0.08 USD Hold'em No Limit - Level IV (30/60) - 2023/07/01 13:46:10 CET [2023/07/01 7:46:10 ET]
Table '3611197733 1' 3-max Seat #2 is the button
Seat 1: bamboozle66 (320 in chips) 
Seat 2: Mahu2021 (1180 in chips) 
Mahu2021: posts small blind 30
bamboozle66: posts big blind 60
*** HOLE CARDS ***
Dealt to Mahu2021 [8s Td]
Mahu2021: calls 30
bamboozle66: checks 
*** FLOP *** [5d Ts Js]
bamboozle66: checks 
Mahu2021: bets 60
bamboozle66: raises 200 to 260 and is all-in
Mahu2021: calls 200
*** TURN *** [5d Ts Js] [Qd]
*** RIVER *** [5d Ts Js Qd] [6d]
*** SHOW DOWN ***
bamboozle66: shows [Kh Ks] (a pair of Kings)
Mahu2021: shows [8s Td] (a pair of Tens)
bamboozle66 collected 640 from pot
*** SUMMARY ***
Total pot 640 | Rake 0 
Board [5d Ts Js Qd 6d]
Seat 1: bamboozle66 (big blind) showed [Kh Ks] and won (640) with a pair of Kings
Seat 2: Mahu2021 (button) (small blind) showed [8s Td] and lost with a pair of Tens



PokerStars Hand #244562226534: Tournament #3611197733, $0.92+$0.08 USD Hold'em No Limit - Level IV (30/60) - 2023/07/01 13:46:31 CET [2023/07/01 7:46:31 ET]
Table '3611197733 1' 3-max Seat #1 is the button
Seat 1: bamboozle66 (640 in chips) 
Seat 2: Mahu2021 (860 in chips) 
bamboozle66: posts small blind 30
Mahu2021: posts big blind 60
*** HOLE CARDS ***
Dealt to Mahu2021 [Jc 6s]
bamboozle66: raises 60 to 120
Mahu2021: folds 
Uncalled bet (60) returned to bamboozle66
bamboozle66 collected 120 from pot
*** SUMMARY ***
Total pot 120 | Rake 0 
Seat 1: bamboozle66 (button) (small blind) collected (120)
Seat 2: Mahu2021 (big blind) folded before Flop



PokerStars Hand #244562228182: Tournament #3611197733, $0.92+$0.08 USD Hold'em No Limit - Level IV (30/60) - 2023/07/01 13:46:40 CET [2023/07/01 7:46:40 ET]
Table '3611197733 1' 3-max Seat #2 is the button
Seat 1: bamboozle66 (700 in chips) 
Seat 2: Mahu2021 (800 in chips) 
Mahu2021: posts small blind 30
bamboozle66: posts big blind 60
*** HOLE CARDS ***
Dealt to Mahu2021 [3s 9c]
Mahu2021: folds 
Uncalled bet (30) returned to bamboozle66
bamboozle66 collected 60 from pot
*** SUMMARY ***
Total pot 60 | Rake 0 
Seat 1: bamboozle66 (big blind) collected (60)
Seat 2: Mahu2021 (button) (small blind) folded before Flop



PokerStars Hand #244562228932: Tournament #3611197733, $0.92+$0.08 USD Hold'em No Limit - Level IV (30/60) - 2023/07/01 13:46:45 CET [2023/07/01 7:46:45 ET]
Table '3611197733 1' 3-max Seat #1 is the button
Seat 1: bamboozle66 (730 in chips) 
Seat 2: Mahu2021 (770 in chips) 
bamboozle66: posts small blind 30
Mahu2021: posts big blind 60
*** HOLE CARDS ***
Dealt to Mahu2021 [Td Qh]
bamboozle66: folds 
Uncalled bet (30) returned to Mahu2021
Mahu2021 collected 60 from pot
Mahu2021: doesn't show hand 
*** SUMMARY ***
Total pot 60 | Rake 0 
Seat 1: bamboozle66 (button) (small blind) folded before Flop
Seat 2: Mahu2021 (big blind) collected (60)



PokerStars Hand #244562229823: Tournament #3611197733, $0.92+$0.08 USD Hold'em No Limit - Level IV (30/60) - 2023/07/01 13:46:49 CET [2023/07/01 7:46:49 ET]
Table '3611197733 1' 3-max Seat #2 is the button
Seat 1: bamboozle66 (700 in chips) 
Seat 2: Mahu2021 (800 in chips) 
Mahu2021: posts small blind 30
bamboozle66: posts big blind 60
*** HOLE CARDS ***
Dealt to Mahu2021 [7d 2d]
Mahu2021: calls 30
bamboozle66: checks 
*** FLOP *** [5h As 7s]
bamboozle66: checks 
Mahu2021: bets 60
bamboozle66: calls 60
*** TURN *** [5h As 7s] [Jh]
bamboozle66: checks 
Mahu2021: checks 
*** RIVER *** [5h As 7s Jh] [7h]
bamboozle66: checks 
Mahu2021: bets 120
bamboozle66: folds 
Uncalled bet (120) returned to Mahu2021
Mahu2021 collected 240 from pot
Mahu2021: doesn't show hand 
*** SUMMARY ***
Total pot 240 | Rake 0 
Board [5h As 7s Jh 7h]
Seat 1: bamboozle66 (big blind) folded on the River
Seat 2: Mahu2021 (button) (small blind) collected (240)



PokerStars Hand #244562235257: Tournament #3611197733, $0.92+$0.08 USD Hold'em No Limit - Level IV (30/60) - 2023/07/01 13:47:19 CET [2023/07/01 7:47:19 ET]
Table '3611197733 1' 3-max Seat #1 is the button
Seat 1: bamboozle66 (580 in chips) 
Seat 2: Mahu2021 (920 in chips) 
bamboozle66: posts small blind 30
Mahu2021: posts big blind 60
*** HOLE CARDS ***
Dealt to Mahu2021 [Ac 2c]
bamboozle66: raises 60 to 120
Mahu2021: calls 60
*** FLOP *** [9d 8h Js]
Mahu2021: checks 
bamboozle66: bets 120
Mahu2021: folds 
Uncalled bet (120) returned to bamboozle66
bamboozle66 collected 240 from pot
*** SUMMARY ***
Total pot 240 | Rake 0 
Board [9d 8h Js]
Seat 1: bamboozle66 (button) (small blind) collected (240)
Seat 2: Mahu2021 (big blind) folded on the Flop



PokerStars Hand #244562237939: Tournament #3611197733, $0.92+$0.08 USD Hold'em No Limit - Level IV (30/60) - 2023/07/01 13:47:34 CET [2023/07/01 7:47:34 ET]
Table '3611197733 1' 3-max Seat #2 is the button
Seat 1: bamboozle66 (700 in chips) 
Seat 2: Mahu2021 (800 in chips) 
Mahu2021: posts small blind 30
bamboozle66: posts big blind 60
*** HOLE CARDS ***
Dealt to Mahu2021 [7c 9c]
Mahu2021: calls 30
bamboozle66: checks 
*** FLOP *** [4c Ts 8c]
bamboozle66: checks 
Mahu2021: bets 60
bamboozle66: calls 60
*** TURN *** [4c Ts 8c] [Jd]
bamboozle66: checks 
Mahu2021: bets 60
bamboozle66: folds 
Uncalled bet (60) returned to Mahu2021
Mahu2021 collected 240 from pot
Mahu2021: doesn't show hand 
*** SUMMARY ***
Total pot 240 | Rake 0 
Board [4c Ts 8c Jd]
Seat 1: bamboozle66 (big blind) folded on the Turn
Seat 2: Mahu2021 (button) (small blind) collected (240)



PokerStars Hand #244562242433: Tournament #3611197733, $0.92+$0.08 USD Hold'em No Limit - Level V (40/80) - 2023/07/01 13:47:59 CET [2023/07/01 7:47:59 ET]
Table '3611197733 1' 3-max Seat #1 is the button
Seat 1: bamboozle66 (580 in chips) 
Seat 2: Mahu2021 (920 in chips) 
bamboozle66: posts small blind 40
Mahu2021: posts big blind 80
*** HOLE CARDS ***
Dealt to Mahu2021 [4h 6c]
bamboozle66: raises 500 to 580 and is all-in
Mahu2021: folds 
Uncalled bet (500) returned to bamboozle66
bamboozle66 collected 160 from pot
*** SUMMARY ***
Total pot 160 | Rake 0 
Seat 1: bamboozle66 (button) (small blind) collected (160)
Seat 2: Mahu2021 (big blind) folded before Flop



PokerStars Hand #244562244443: Tournament #3611197733, $0.92+$0.08 USD Hold'em No Limit - Level V (40/80) - 2023/07/01 13:48:10 CET [2023/07/01 7:48:10 ET]
Table '3611197733 1' 3-max Seat #2 is the button
Seat 1: bamboozle66 (660 in chips) 
Seat 2: Mahu2021 (840 in chips) 
Mahu2021: posts small blind 40
bamboozle66: posts big blind 80
*** HOLE CARDS ***
Dealt to Mahu2021 [Ks Ah]
Mahu2021: raises 80 to 160
bamboozle66: calls 80
*** FLOP *** [As 8c Jc]
bamboozle66: checks 
Mahu2021: bets 80
bamboozle66: raises 420 to 500 and is all-in
Mahu2021: calls 420
*** TURN *** [As 8c Jc] [4d]
*** RIVER *** [As 8c Jc 4d] [Td]
*** SHOW DOWN ***
bamboozle66: shows [Js 5s] (a pair of Jacks)
Mahu2021: shows [Ks Ah] (a pair of Aces)
Mahu2021 collected 1320 from pot
bamboozle66 finished the tournament in 2nd place
Mahu2021 wins the tournament and receives $2.00 - congratulations!
*** SUMMARY ***
Total pot 1320 | Rake 0 
Board [As 8c Jc 4d Td]
Seat 1: bamboozle66 (big blind) showed [Js 5s] and lost with a pair of Jacks
Seat 2: Mahu2021 (button) (small blind) showed [Ks Ah] and won (1320) with a pair of Aces



