PokerStars Hand #243381196443: Tournament #3584133191, $0.92+$0.08 USD Hold'em No Limit - Level I (10/20) - 2023/04/29 8:39:50 CET [2023/04/29 2:39:50 ET]
Table '3584133191 1' 3-max Seat #1 is the button
Seat 1: jimmyjonesy23 (500 in chips) 
Seat 2: Mahu2021 (500 in chips) 
Seat 3: viniciopala (500 in chips) 
Mahu2021: posts small blind 10
viniciopala: posts big blind 20
*** HOLE CARDS ***
Dealt to Mahu2021 [Th 8d]
jimmyjonesy23: calls 20
Mahu2021: folds 
viniciopala: checks 
*** FLOP *** [Kh 5c Jh]
viniciopala: checks 
jimmyjonesy23: checks 
*** TURN *** [Kh 5c Jh] [Qs]
viniciopala: checks 
jimmyjonesy23: checks 
*** RIVER *** [Kh 5c Jh Qs] [6d]
viniciopala: checks 
jimmyjonesy23: checks 
*** SHOW DOWN ***
viniciopala: shows [Ts 7h] (high card King)
jimmyjonesy23: shows [Qd 9d] (a pair of Queens)
jimmyjonesy23 collected 50 from pot
*** SUMMARY ***
Total pot 50 | Rake 0 
Board [Kh 5c Jh Qs 6d]
Seat 1: jimmyjonesy23 (button) showed [Qd 9d] and won (50) with a pair of Queens
Seat 2: Mahu2021 (small blind) folded before Flop
Seat 3: viniciopala (big blind) showed [Ts 7h] and lost with high card King



PokerStars Hand #243381199227: Tournament #3584133191, $0.92+$0.08 USD Hold'em No Limit - Level I (10/20) - 2023/04/29 8:40:14 CET [2023/04/29 2:40:14 ET]
Table '3584133191 1' 3-max Seat #2 is the button
Seat 1: jimmyjonesy23 (530 in chips) 
Seat 2: Mahu2021 (490 in chips) 
Seat 3: viniciopala (480 in chips) 
viniciopala: posts small blind 10
jimmyjonesy23: posts big blind 20
*** HOLE CARDS ***
Dealt to Mahu2021 [7c Js]
Mahu2021: folds 
viniciopala: folds 
Uncalled bet (10) returned to jimmyjonesy23
jimmyjonesy23 collected 20 from pot
jimmyjonesy23: doesn't show hand 
*** SUMMARY ***
Total pot 20 | Rake 0 
Seat 1: jimmyjonesy23 (big blind) collected (20)
Seat 2: Mahu2021 (button) folded before Flop (didn't bet)
Seat 3: viniciopala (small blind) folded before Flop



PokerStars Hand #243381199899: Tournament #3584133191, $0.92+$0.08 USD Hold'em No Limit - Level I (10/20) - 2023/04/29 8:40:19 CET [2023/04/29 2:40:19 ET]
Table '3584133191 1' 3-max Seat #3 is the button
Seat 1: jimmyjonesy23 (540 in chips) 
Seat 2: Mahu2021 (490 in chips) 
Seat 3: viniciopala (470 in chips) 
jimmyjonesy23: posts small blind 10
Mahu2021: posts big blind 20
*** HOLE CARDS ***
Dealt to Mahu2021 [Kc Qd]
viniciopala: calls 20
jimmyjonesy23: calls 10
Mahu2021: checks 
*** FLOP *** [3h As Qh]
jimmyjonesy23: checks 
Mahu2021: bets 20
viniciopala: folds 
jimmyjonesy23: folds 
Uncalled bet (20) returned to Mahu2021
Mahu2021 collected 60 from pot
Mahu2021: doesn't show hand 
*** SUMMARY ***
Total pot 60 | Rake 0 
Board [3h As Qh]
Seat 1: jimmyjonesy23 (small blind) folded on the Flop
Seat 2: Mahu2021 (big blind) collected (60)
Seat 3: viniciopala (button) folded on the Flop



PokerStars Hand #243381202559: Tournament #3584133191, $0.92+$0.08 USD Hold'em No Limit - Level I (10/20) - 2023/04/29 8:40:41 CET [2023/04/29 2:40:41 ET]
Table '3584133191 1' 3-max Seat #1 is the button
Seat 1: jimmyjonesy23 (520 in chips) 
Seat 2: Mahu2021 (530 in chips) 
Seat 3: viniciopala (450 in chips) 
Mahu2021: posts small blind 10
viniciopala: posts big blind 20
*** HOLE CARDS ***
Dealt to Mahu2021 [8d 7c]
jimmyjonesy23: folds 
Mahu2021: calls 10
viniciopala: checks 
*** FLOP *** [Tc Js Jh]
Mahu2021: checks 
viniciopala: checks 
*** TURN *** [Tc Js Jh] [2s]
Mahu2021: checks 
viniciopala: checks 
*** RIVER *** [Tc Js Jh 2s] [9d]
Mahu2021: bets 40
viniciopala: calls 40
*** SHOW DOWN ***
Mahu2021: shows [8d 7c] (a straight, Seven to Jack)
viniciopala: mucks hand 
Mahu2021 collected 120 from pot
*** SUMMARY ***
Total pot 120 | Rake 0 
Board [Tc Js Jh 2s 9d]
Seat 1: jimmyjonesy23 (button) folded before Flop (didn't bet)
Seat 2: Mahu2021 (small blind) showed [8d 7c] and won (120) with a straight, Seven to Jack
Seat 3: viniciopala (big blind) mucked [9h 3h]



PokerStars Hand #243381204963: Tournament #3584133191, $0.92+$0.08 USD Hold'em No Limit - Level I (10/20) - 2023/04/29 8:41:02 CET [2023/04/29 2:41:02 ET]
Table '3584133191 1' 3-max Seat #2 is the button
Seat 1: jimmyjonesy23 (520 in chips) 
Seat 2: Mahu2021 (590 in chips) 
Seat 3: viniciopala (390 in chips) 
viniciopala: posts small blind 10
jimmyjonesy23: posts big blind 20
*** HOLE CARDS ***
Dealt to Mahu2021 [Qh 9h]
Mahu2021: calls 20
viniciopala: folds 
jimmyjonesy23: checks 
*** FLOP *** [Js As Qd]
jimmyjonesy23: checks 
Mahu2021: bets 20
jimmyjonesy23: folds 
Uncalled bet (20) returned to Mahu2021
Mahu2021 collected 50 from pot
Mahu2021: doesn't show hand 
*** SUMMARY ***
Total pot 50 | Rake 0 
Board [Js As Qd]
Seat 1: jimmyjonesy23 (big blind) folded on the Flop
Seat 2: Mahu2021 (button) collected (50)
Seat 3: viniciopala (small blind) folded before Flop



PokerStars Hand #243381206605: Tournament #3584133191, $0.92+$0.08 USD Hold'em No Limit - Level I (10/20) - 2023/04/29 8:41:15 CET [2023/04/29 2:41:15 ET]
Table '3584133191 1' 3-max Seat #3 is the button
Seat 1: jimmyjonesy23 (500 in chips) 
Seat 2: Mahu2021 (620 in chips) 
Seat 3: viniciopala (380 in chips) 
jimmyjonesy23: posts small blind 10
Mahu2021: posts big blind 20
*** HOLE CARDS ***
Dealt to Mahu2021 [8h 3c]
viniciopala: raises 20 to 40
jimmyjonesy23: raises 460 to 500 and is all-in
Mahu2021: folds 
viniciopala: calls 340 and is all-in
Uncalled bet (120) returned to jimmyjonesy23
*** FLOP *** [6c 4s 5c]
*** TURN *** [6c 4s 5c] [2c]
*** RIVER *** [6c 4s 5c 2c] [9h]
*** SHOW DOWN ***
jimmyjonesy23: shows [Kh Ad] (high card Ace)
viniciopala: shows [Kc Ac] (a flush, Ace high)
viniciopala collected 780 from pot
*** SUMMARY ***
Total pot 780 | Rake 0 
Board [6c 4s 5c 2c 9h]
Seat 1: jimmyjonesy23 (small blind) showed [Kh Ad] and lost with high card Ace
Seat 2: Mahu2021 (big blind) folded before Flop
Seat 3: viniciopala (button) showed [Kc Ac] and won (780) with a flush, Ace high



PokerStars Hand #243381208833: Tournament #3584133191, $0.92+$0.08 USD Hold'em No Limit - Level I (10/20) - 2023/04/29 8:41:34 CET [2023/04/29 2:41:34 ET]
Table '3584133191 1' 3-max Seat #1 is the button
Seat 1: jimmyjonesy23 (120 in chips) 
Seat 2: Mahu2021 (600 in chips) 
Seat 3: viniciopala (780 in chips) 
Mahu2021: posts small blind 10
viniciopala: posts big blind 20
*** HOLE CARDS ***
Dealt to Mahu2021 [Td Jd]
jimmyjonesy23: folds 
Mahu2021: calls 10
viniciopala: checks 
*** FLOP *** [4d Ks 9c]
Mahu2021: bets 20
viniciopala: folds 
Uncalled bet (20) returned to Mahu2021
Mahu2021 collected 40 from pot
Mahu2021: doesn't show hand 
*** SUMMARY ***
Total pot 40 | Rake 0 
Board [4d Ks 9c]
Seat 1: jimmyjonesy23 (button) folded before Flop (didn't bet)
Seat 2: Mahu2021 (small blind) collected (40)
Seat 3: viniciopala (big blind) folded on the Flop



PokerStars Hand #243381210396: Tournament #3584133191, $0.92+$0.08 USD Hold'em No Limit - Level I (10/20) - 2023/04/29 8:41:47 CET [2023/04/29 2:41:47 ET]
Table '3584133191 1' 3-max Seat #2 is the button
Seat 1: jimmyjonesy23 (120 in chips) 
Seat 2: Mahu2021 (620 in chips) 
Seat 3: viniciopala (760 in chips) 
viniciopala: posts small blind 10
jimmyjonesy23: posts big blind 20
*** HOLE CARDS ***
Dealt to Mahu2021 [3d Ac]
Mahu2021: calls 20
viniciopala: calls 10
jimmyjonesy23: checks 
*** FLOP *** [2c Js 3c]
viniciopala: checks 
jimmyjonesy23: checks 
Mahu2021: bets 40
viniciopala: folds 
jimmyjonesy23: folds 
Uncalled bet (40) returned to Mahu2021
Mahu2021 collected 60 from pot
Mahu2021: doesn't show hand 
*** SUMMARY ***
Total pot 60 | Rake 0 
Board [2c Js 3c]
Seat 1: jimmyjonesy23 (big blind) folded on the Flop
Seat 2: Mahu2021 (button) collected (60)
Seat 3: viniciopala (small blind) folded on the Flop



PokerStars Hand #243381213278: Tournament #3584133191, $0.92+$0.08 USD Hold'em No Limit - Level II (15/30) - 2023/04/29 8:42:10 CET [2023/04/29 2:42:10 ET]
Table '3584133191 1' 3-max Seat #3 is the button
Seat 1: jimmyjonesy23 (100 in chips) 
Seat 2: Mahu2021 (660 in chips) 
Seat 3: viniciopala (740 in chips) 
jimmyjonesy23: posts small blind 15
Mahu2021: posts big blind 30
*** HOLE CARDS ***
Dealt to Mahu2021 [6c Kh]
viniciopala: folds 
jimmyjonesy23: raises 70 to 100 and is all-in
Mahu2021: calls 70
*** FLOP *** [2c 3h Ah]
*** TURN *** [2c 3h Ah] [2s]
*** RIVER *** [2c 3h Ah 2s] [Jd]
*** SHOW DOWN ***
jimmyjonesy23: shows [4d Qc] (a pair of Deuces)
Mahu2021: shows [6c Kh] (a pair of Deuces - Ace+King kicker)
Mahu2021 collected 200 from pot
jimmyjonesy23 finished the tournament in 3rd place
*** SUMMARY ***
Total pot 200 | Rake 0 
Board [2c 3h Ah 2s Jd]
Seat 1: jimmyjonesy23 (small blind) showed [4d Qc] and lost with a pair of Deuces
Seat 2: Mahu2021 (big blind) showed [6c Kh] and won (200) with a pair of Deuces
Seat 3: viniciopala (button) folded before Flop (didn't bet)



PokerStars Hand #243381215986: Tournament #3584133191, $0.92+$0.08 USD Hold'em No Limit - Level II (15/30) - 2023/04/29 8:42:32 CET [2023/04/29 2:42:32 ET]
Table '3584133191 1' 3-max Seat #2 is the button
Seat 2: Mahu2021 (760 in chips) 
Seat 3: viniciopala (740 in chips) 
Mahu2021: posts small blind 15
viniciopala: posts big blind 30
*** HOLE CARDS ***
Dealt to Mahu2021 [6c Th]
Mahu2021: folds 
Uncalled bet (15) returned to viniciopala
viniciopala collected 30 from pot
viniciopala: doesn't show hand 
*** SUMMARY ***
Total pot 30 | Rake 0 
Seat 2: Mahu2021 (button) (small blind) folded before Flop
Seat 3: viniciopala (big blind) collected (30)



PokerStars Hand #243381216637: Tournament #3584133191, $0.92+$0.08 USD Hold'em No Limit - Level II (15/30) - 2023/04/29 8:42:38 CET [2023/04/29 2:42:38 ET]
Table '3584133191 1' 3-max Seat #3 is the button
Seat 2: Mahu2021 (745 in chips) 
Seat 3: viniciopala (755 in chips) 
viniciopala: posts small blind 15
Mahu2021: posts big blind 30
*** HOLE CARDS ***
Dealt to Mahu2021 [As Qd]
viniciopala: raises 30 to 60
Mahu2021: calls 30
*** FLOP *** [5s 8c 4s]
Mahu2021: checks 
viniciopala: bets 60
Mahu2021: calls 60
*** TURN *** [5s 8c 4s] [9h]
Mahu2021: checks 
viniciopala: bets 160
Mahu2021: folds 
Uncalled bet (160) returned to viniciopala
viniciopala collected 240 from pot
viniciopala: doesn't show hand 
*** SUMMARY ***
Total pot 240 | Rake 0 
Board [5s 8c 4s 9h]
Seat 2: Mahu2021 (big blind) folded on the Turn
Seat 3: viniciopala (button) (small blind) collected (240)



PokerStars Hand #243381218809: Tournament #3584133191, $0.92+$0.08 USD Hold'em No Limit - Level II (15/30) - 2023/04/29 8:42:55 CET [2023/04/29 2:42:55 ET]
Table '3584133191 1' 3-max Seat #2 is the button
Seat 2: Mahu2021 (625 in chips) 
Seat 3: viniciopala (875 in chips) 
Mahu2021: posts small blind 15
viniciopala: posts big blind 30
*** HOLE CARDS ***
Dealt to Mahu2021 [5s Jd]
Mahu2021: calls 15
viniciopala: checks 
*** FLOP *** [4h 5h 5c]
viniciopala: checks 
Mahu2021: bets 30
viniciopala: folds 
Uncalled bet (30) returned to Mahu2021
Mahu2021 collected 60 from pot
Mahu2021: doesn't show hand 
*** SUMMARY ***
Total pot 60 | Rake 0 
Board [4h 5h 5c]
Seat 2: Mahu2021 (button) (small blind) collected (60)
Seat 3: viniciopala (big blind) folded on the Flop



PokerStars Hand #243381220504: Tournament #3584133191, $0.92+$0.08 USD Hold'em No Limit - Level II (15/30) - 2023/04/29 8:43:09 CET [2023/04/29 2:43:09 ET]
Table '3584133191 1' 3-max Seat #3 is the button
Seat 2: Mahu2021 (655 in chips) 
Seat 3: viniciopala (845 in chips) 
viniciopala: posts small blind 15
Mahu2021: posts big blind 30
*** HOLE CARDS ***
Dealt to Mahu2021 [6h 8d]
viniciopala: folds 
Uncalled bet (15) returned to Mahu2021
Mahu2021 collected 30 from pot
Mahu2021: doesn't show hand 
*** SUMMARY ***
Total pot 30 | Rake 0 
Seat 2: Mahu2021 (big blind) collected (30)
Seat 3: viniciopala (button) (small blind) folded before Flop



PokerStars Hand #243381221135: Tournament #3584133191, $0.92+$0.08 USD Hold'em No Limit - Level II (15/30) - 2023/04/29 8:43:14 CET [2023/04/29 2:43:14 ET]
Table '3584133191 1' 3-max Seat #2 is the button
Seat 2: Mahu2021 (670 in chips) 
Seat 3: viniciopala (830 in chips) 
Mahu2021: posts small blind 15
viniciopala: posts big blind 30
*** HOLE CARDS ***
Dealt to Mahu2021 [4d 9h]
Mahu2021: folds 
Uncalled bet (15) returned to viniciopala
viniciopala collected 30 from pot
viniciopala: doesn't show hand 
*** SUMMARY ***
Total pot 30 | Rake 0 
Seat 2: Mahu2021 (button) (small blind) folded before Flop
Seat 3: viniciopala (big blind) collected (30)



PokerStars Hand #243381221733: Tournament #3584133191, $0.92+$0.08 USD Hold'em No Limit - Level II (15/30) - 2023/04/29 8:43:19 CET [2023/04/29 2:43:19 ET]
Table '3584133191 1' 3-max Seat #3 is the button
Seat 2: Mahu2021 (655 in chips) 
Seat 3: viniciopala (845 in chips) 
viniciopala: posts small blind 15
Mahu2021: posts big blind 30
*** HOLE CARDS ***
Dealt to Mahu2021 [7c 9c]
viniciopala: calls 15
Mahu2021: checks 
*** FLOP *** [9s Js 2d]
Mahu2021: bets 30
viniciopala: folds 
Uncalled bet (30) returned to Mahu2021
Mahu2021 collected 60 from pot
Mahu2021: doesn't show hand 
*** SUMMARY ***
Total pot 60 | Rake 0 
Board [9s Js 2d]
Seat 2: Mahu2021 (big blind) collected (60)
Seat 3: viniciopala (button) (small blind) folded on the Flop



PokerStars Hand #243381223235: Tournament #3584133191, $0.92+$0.08 USD Hold'em No Limit - Level II (15/30) - 2023/04/29 8:43:31 CET [2023/04/29 2:43:31 ET]
Table '3584133191 1' 3-max Seat #2 is the button
Seat 2: Mahu2021 (685 in chips) 
Seat 3: viniciopala (815 in chips) 
Mahu2021: posts small blind 15
viniciopala: posts big blind 30
*** HOLE CARDS ***
Dealt to Mahu2021 [Td Kh]
Mahu2021: raises 30 to 60
viniciopala: folds 
Uncalled bet (30) returned to Mahu2021
Mahu2021 collected 60 from pot
Mahu2021: doesn't show hand 
*** SUMMARY ***
Total pot 60 | Rake 0 
Seat 2: Mahu2021 (button) (small blind) collected (60)
Seat 3: viniciopala (big blind) folded before Flop



PokerStars Hand #243381224770: Tournament #3584133191, $0.92+$0.08 USD Hold'em No Limit - Level II (15/30) - 2023/04/29 8:43:44 CET [2023/04/29 2:43:44 ET]
Table '3584133191 1' 3-max Seat #3 is the button
Seat 2: Mahu2021 (715 in chips) 
Seat 3: viniciopala (785 in chips) 
viniciopala: posts small blind 15
Mahu2021: posts big blind 30
*** HOLE CARDS ***
Dealt to Mahu2021 [6s Ts]
viniciopala: folds 
Uncalled bet (15) returned to Mahu2021
Mahu2021 collected 30 from pot
Mahu2021: doesn't show hand 
*** SUMMARY ***
Total pot 30 | Rake 0 
Seat 2: Mahu2021 (big blind) collected (30)
Seat 3: viniciopala (button) (small blind) folded before Flop



PokerStars Hand #243381225406: Tournament #3584133191, $0.92+$0.08 USD Hold'em No Limit - Level II (15/30) - 2023/04/29 8:43:49 CET [2023/04/29 2:43:49 ET]
Table '3584133191 1' 3-max Seat #2 is the button
Seat 2: Mahu2021 (730 in chips) 
Seat 3: viniciopala (770 in chips) 
Mahu2021: posts small blind 15
viniciopala: posts big blind 30
*** HOLE CARDS ***
Dealt to Mahu2021 [Ks 9c]
Mahu2021: raises 30 to 60
viniciopala: folds 
Uncalled bet (30) returned to Mahu2021
Mahu2021 collected 60 from pot
Mahu2021: doesn't show hand 
*** SUMMARY ***
Total pot 60 | Rake 0 
Seat 2: Mahu2021 (button) (small blind) collected (60)
Seat 3: viniciopala (big blind) folded before Flop



PokerStars Hand #243381226729: Tournament #3584133191, $0.92+$0.08 USD Hold'em No Limit - Level III (20/40) - 2023/04/29 8:44:00 CET [2023/04/29 2:44:00 ET]
Table '3584133191 1' 3-max Seat #3 is the button
Seat 2: Mahu2021 (760 in chips) 
Seat 3: viniciopala (740 in chips) 
viniciopala: posts small blind 20
Mahu2021: posts big blind 40
*** HOLE CARDS ***
Dealt to Mahu2021 [5s Jh]
viniciopala: raises 40 to 80
Mahu2021: calls 40
*** FLOP *** [8d Kc 4h]
Mahu2021: checks 
viniciopala: checks 
*** TURN *** [8d Kc 4h] [5d]
Mahu2021: checks 
viniciopala: checks 
*** RIVER *** [8d Kc 4h 5d] [9c]
Mahu2021: bets 80
viniciopala: folds 
Uncalled bet (80) returned to Mahu2021
Mahu2021 collected 160 from pot
Mahu2021: doesn't show hand 
*** SUMMARY ***
Total pot 160 | Rake 0 
Board [8d Kc 4h 5d 9c]
Seat 2: Mahu2021 (big blind) collected (160)
Seat 3: viniciopala (button) (small blind) folded on the River



PokerStars Hand #243381229569: Tournament #3584133191, $0.92+$0.08 USD Hold'em No Limit - Level III (20/40) - 2023/04/29 8:44:23 CET [2023/04/29 2:44:23 ET]
Table '3584133191 1' 3-max Seat #2 is the button
Seat 2: Mahu2021 (840 in chips) 
Seat 3: viniciopala (660 in chips) 
Mahu2021: posts small blind 20
viniciopala: posts big blind 40
*** HOLE CARDS ***
Dealt to Mahu2021 [8h Kd]
Mahu2021: calls 20
viniciopala: raises 40 to 80
Mahu2021: calls 40
*** FLOP *** [8s 6d 2c]
viniciopala: checks 
Mahu2021: bets 120
viniciopala: folds 
Uncalled bet (120) returned to Mahu2021
Mahu2021 collected 160 from pot
Mahu2021: doesn't show hand 
*** SUMMARY ***
Total pot 160 | Rake 0 
Board [8s 6d 2c]
Seat 2: Mahu2021 (button) (small blind) collected (160)
Seat 3: viniciopala (big blind) folded on the Flop



PokerStars Hand #243381232050: Tournament #3584133191, $0.92+$0.08 USD Hold'em No Limit - Level III (20/40) - 2023/04/29 8:44:43 CET [2023/04/29 2:44:43 ET]
Table '3584133191 1' 3-max Seat #3 is the button
Seat 2: Mahu2021 (920 in chips) 
Seat 3: viniciopala (580 in chips) 
viniciopala: posts small blind 20
Mahu2021: posts big blind 40
*** HOLE CARDS ***
Dealt to Mahu2021 [3c 8c]
viniciopala: calls 20
Mahu2021: checks 
*** FLOP *** [6c 8d Th]
Mahu2021: checks 
viniciopala: bets 80
Mahu2021: calls 80
*** TURN *** [6c 8d Th] [Td]
Mahu2021: checks 
viniciopala: bets 80
Mahu2021: calls 80
*** RIVER *** [6c 8d Th Td] [4d]
Mahu2021: checks 
viniciopala: bets 380 and is all-in
Mahu2021: folds 
Uncalled bet (380) returned to viniciopala
viniciopala collected 400 from pot
viniciopala: doesn't show hand 
*** SUMMARY ***
Total pot 400 | Rake 0 
Board [6c 8d Th Td 4d]
Seat 2: Mahu2021 (big blind) folded on the River
Seat 3: viniciopala (button) (small blind) collected (400)



PokerStars Hand #243381235155: Tournament #3584133191, $0.92+$0.08 USD Hold'em No Limit - Level III (20/40) - 2023/04/29 8:45:08 CET [2023/04/29 2:45:08 ET]
Table '3584133191 1' 3-max Seat #2 is the button
Seat 2: Mahu2021 (720 in chips) 
Seat 3: viniciopala (780 in chips) 
Mahu2021: posts small blind 20
viniciopala: posts big blind 40
*** HOLE CARDS ***
Dealt to Mahu2021 [Jc 2h]
Mahu2021: folds 
Uncalled bet (20) returned to viniciopala
viniciopala collected 40 from pot
viniciopala: doesn't show hand 
*** SUMMARY ***
Total pot 40 | Rake 0 
Seat 2: Mahu2021 (button) (small blind) folded before Flop
Seat 3: viniciopala (big blind) collected (40)



PokerStars Hand #243381236443: Tournament #3584133191, $0.92+$0.08 USD Hold'em No Limit - Level III (20/40) - 2023/04/29 8:45:19 CET [2023/04/29 2:45:19 ET]
Table '3584133191 1' 3-max Seat #3 is the button
Seat 2: Mahu2021 (700 in chips) 
Seat 3: viniciopala (800 in chips) 
viniciopala: posts small blind 20
Mahu2021: posts big blind 40
*** HOLE CARDS ***
Dealt to Mahu2021 [3c 8c]
viniciopala: folds 
Uncalled bet (20) returned to Mahu2021
Mahu2021 collected 40 from pot
Mahu2021: doesn't show hand 
*** SUMMARY ***
Total pot 40 | Rake 0 
Seat 2: Mahu2021 (big blind) collected (40)
Seat 3: viniciopala (button) (small blind) folded before Flop



PokerStars Hand #243381237051: Tournament #3584133191, $0.92+$0.08 USD Hold'em No Limit - Level III (20/40) - 2023/04/29 8:45:24 CET [2023/04/29 2:45:24 ET]
Table '3584133191 1' 3-max Seat #2 is the button
Seat 2: Mahu2021 (720 in chips) 
Seat 3: viniciopala (780 in chips) 
Mahu2021: posts small blind 20
viniciopala: posts big blind 40
*** HOLE CARDS ***
Dealt to Mahu2021 [3d 6h]
Mahu2021: folds 
Uncalled bet (20) returned to viniciopala
viniciopala collected 40 from pot
viniciopala: doesn't show hand 
*** SUMMARY ***
Total pot 40 | Rake 0 
Seat 2: Mahu2021 (button) (small blind) folded before Flop
Seat 3: viniciopala (big blind) collected (40)



PokerStars Hand #243381237664: Tournament #3584133191, $0.92+$0.08 USD Hold'em No Limit - Level III (20/40) - 2023/04/29 8:45:29 CET [2023/04/29 2:45:29 ET]
Table '3584133191 1' 3-max Seat #3 is the button
Seat 2: Mahu2021 (700 in chips) 
Seat 3: viniciopala (800 in chips) 
viniciopala: posts small blind 20
Mahu2021: posts big blind 40
*** HOLE CARDS ***
Dealt to Mahu2021 [7h 2d]
viniciopala: folds 
Uncalled bet (20) returned to Mahu2021
Mahu2021 collected 40 from pot
Mahu2021: doesn't show hand 
*** SUMMARY ***
Total pot 40 | Rake 0 
Seat 2: Mahu2021 (big blind) collected (40)
Seat 3: viniciopala (button) (small blind) folded before Flop



PokerStars Hand #243381238323: Tournament #3584133191, $0.92+$0.08 USD Hold'em No Limit - Level III (20/40) - 2023/04/29 8:45:34 CET [2023/04/29 2:45:34 ET]
Table '3584133191 1' 3-max Seat #2 is the button
Seat 2: Mahu2021 (720 in chips) 
Seat 3: viniciopala (780 in chips) 
Mahu2021: posts small blind 20
viniciopala: posts big blind 40
*** HOLE CARDS ***
Dealt to Mahu2021 [2s 3c]
Mahu2021: calls 20
viniciopala: raises 80 to 120
Mahu2021: folds 
Uncalled bet (80) returned to viniciopala
viniciopala collected 80 from pot
viniciopala: doesn't show hand 
*** SUMMARY ***
Total pot 80 | Rake 0 
Seat 2: Mahu2021 (button) (small blind) folded before Flop
Seat 3: viniciopala (big blind) collected (80)



PokerStars Hand #243381240157: Tournament #3584133191, $0.92+$0.08 USD Hold'em No Limit - Level III (20/40) - 2023/04/29 8:45:49 CET [2023/04/29 2:45:49 ET]
Table '3584133191 1' 3-max Seat #3 is the button
Seat 2: Mahu2021 (680 in chips) 
Seat 3: viniciopala (820 in chips) 
viniciopala: posts small blind 20
Mahu2021: posts big blind 40
*** HOLE CARDS ***
Dealt to Mahu2021 [Ac 9d]
viniciopala: calls 20
Mahu2021: raises 80 to 120
viniciopala: folds 
Uncalled bet (80) returned to Mahu2021
Mahu2021 collected 80 from pot
Mahu2021: doesn't show hand 
*** SUMMARY ***
Total pot 80 | Rake 0 
Seat 2: Mahu2021 (big blind) collected (80)
Seat 3: viniciopala (button) (small blind) folded before Flop



PokerStars Hand #243381241593: Tournament #3584133191, $0.92+$0.08 USD Hold'em No Limit - Level IV (30/60) - 2023/04/29 8:46:00 CET [2023/04/29 2:46:00 ET]
Table '3584133191 1' 3-max Seat #2 is the button
Seat 2: Mahu2021 (720 in chips) 
Seat 3: viniciopala (780 in chips) 
Mahu2021: posts small blind 30
viniciopala: posts big blind 60
*** HOLE CARDS ***
Dealt to Mahu2021 [Js 8h]
Mahu2021: calls 30
viniciopala: checks 
*** FLOP *** [4c Ah 8s]
viniciopala: checks 
Mahu2021: bets 60
viniciopala: calls 60
*** TURN *** [4c Ah 8s] [8c]
viniciopala: checks 
Mahu2021: bets 180
viniciopala: folds 
Uncalled bet (180) returned to Mahu2021
Mahu2021 collected 240 from pot
Mahu2021: doesn't show hand 
*** SUMMARY ***
Total pot 240 | Rake 0 
Board [4c Ah 8s 8c]
Seat 2: Mahu2021 (button) (small blind) collected (240)
Seat 3: viniciopala (big blind) folded on the Turn



PokerStars Hand #243381244921: Tournament #3584133191, $0.92+$0.08 USD Hold'em No Limit - Level IV (30/60) - 2023/04/29 8:46:27 CET [2023/04/29 2:46:27 ET]
Table '3584133191 1' 3-max Seat #3 is the button
Seat 2: Mahu2021 (840 in chips) 
Seat 3: viniciopala (660 in chips) 
viniciopala: posts small blind 30
Mahu2021: posts big blind 60
*** HOLE CARDS ***
Dealt to Mahu2021 [2h 9h]
viniciopala: folds 
Uncalled bet (30) returned to Mahu2021
Mahu2021 collected 60 from pot
Mahu2021: doesn't show hand 
*** SUMMARY ***
Total pot 60 | Rake 0 
Seat 2: Mahu2021 (big blind) collected (60)
Seat 3: viniciopala (button) (small blind) folded before Flop



PokerStars Hand #243381245554: Tournament #3584133191, $0.92+$0.08 USD Hold'em No Limit - Level IV (30/60) - 2023/04/29 8:46:32 CET [2023/04/29 2:46:32 ET]
Table '3584133191 1' 3-max Seat #2 is the button
Seat 2: Mahu2021 (870 in chips) 
Seat 3: viniciopala (630 in chips) 
Mahu2021: posts small blind 30
viniciopala: posts big blind 60
*** HOLE CARDS ***
Dealt to Mahu2021 [4c 8h]
Mahu2021: folds 
Uncalled bet (30) returned to viniciopala
viniciopala collected 60 from pot
viniciopala: doesn't show hand 
*** SUMMARY ***
Total pot 60 | Rake 0 
Seat 2: Mahu2021 (button) (small blind) folded before Flop
Seat 3: viniciopala (big blind) collected (60)



PokerStars Hand #243381246102: Tournament #3584133191, $0.92+$0.08 USD Hold'em No Limit - Level IV (30/60) - 2023/04/29 8:46:37 CET [2023/04/29 2:46:37 ET]
Table '3584133191 1' 3-max Seat #3 is the button
Seat 2: Mahu2021 (840 in chips) 
Seat 3: viniciopala (660 in chips) 
viniciopala: posts small blind 30
Mahu2021: posts big blind 60
*** HOLE CARDS ***
Dealt to Mahu2021 [7s 8c]
viniciopala: calls 30
Mahu2021: checks 
*** FLOP *** [Ah 5c Ad]
Mahu2021: checks 
viniciopala: checks 
*** TURN *** [Ah 5c Ad] [9s]
Mahu2021: bets 60
viniciopala: folds 
Uncalled bet (60) returned to Mahu2021
Mahu2021 collected 120 from pot
Mahu2021: doesn't show hand 
*** SUMMARY ***
Total pot 120 | Rake 0 
Board [Ah 5c Ad 9s]
Seat 2: Mahu2021 (big blind) collected (120)
Seat 3: viniciopala (button) (small blind) folded on the Turn



PokerStars Hand #243381248104: Tournament #3584133191, $0.92+$0.08 USD Hold'em No Limit - Level IV (30/60) - 2023/04/29 8:46:53 CET [2023/04/29 2:46:53 ET]
Table '3584133191 1' 3-max Seat #2 is the button
Seat 2: Mahu2021 (900 in chips) 
Seat 3: viniciopala (600 in chips) 
Mahu2021: posts small blind 30
viniciopala: posts big blind 60
*** HOLE CARDS ***
Dealt to Mahu2021 [3c 4c]
Mahu2021: calls 30
viniciopala: raises 540 to 600 and is all-in
Mahu2021: folds 
Uncalled bet (540) returned to viniciopala
viniciopala collected 120 from pot
viniciopala: doesn't show hand 
*** SUMMARY ***
Total pot 120 | Rake 0 
Seat 2: Mahu2021 (button) (small blind) folded before Flop
Seat 3: viniciopala (big blind) collected (120)



PokerStars Hand #243381249129: Tournament #3584133191, $0.92+$0.08 USD Hold'em No Limit - Level IV (30/60) - 2023/04/29 8:47:01 CET [2023/04/29 2:47:01 ET]
Table '3584133191 1' 3-max Seat #3 is the button
Seat 2: Mahu2021 (840 in chips) 
Seat 3: viniciopala (660 in chips) 
viniciopala: posts small blind 30
Mahu2021: posts big blind 60
*** HOLE CARDS ***
Dealt to Mahu2021 [5h Qc]
viniciopala: raises 600 to 660 and is all-in
Mahu2021: folds 
Uncalled bet (600) returned to viniciopala
viniciopala collected 120 from pot
viniciopala: doesn't show hand 
*** SUMMARY ***
Total pot 120 | Rake 0 
Seat 2: Mahu2021 (big blind) folded before Flop
Seat 3: viniciopala (button) (small blind) collected (120)



PokerStars Hand #243381250241: Tournament #3584133191, $0.92+$0.08 USD Hold'em No Limit - Level IV (30/60) - 2023/04/29 8:47:09 CET [2023/04/29 2:47:09 ET]
Table '3584133191 1' 3-max Seat #2 is the button
Seat 2: Mahu2021 (780 in chips) 
Seat 3: viniciopala (720 in chips) 
Mahu2021: posts small blind 30
viniciopala: posts big blind 60
*** HOLE CARDS ***
Dealt to Mahu2021 [7c Qh]
Mahu2021: calls 30
viniciopala: checks 
*** FLOP *** [4s 6h Ks]
viniciopala: checks 
Mahu2021: bets 60
viniciopala: calls 60
*** TURN *** [4s 6h Ks] [8s]
viniciopala: checks 
Mahu2021: checks 
*** RIVER *** [4s 6h Ks 8s] [Kd]
viniciopala: bets 160
Mahu2021: folds 
Uncalled bet (160) returned to viniciopala
viniciopala collected 240 from pot
viniciopala: doesn't show hand 
*** SUMMARY ***
Total pot 240 | Rake 0 
Board [4s 6h Ks 8s Kd]
Seat 2: Mahu2021 (button) (small blind) folded on the River
Seat 3: viniciopala (big blind) collected (240)



PokerStars Hand #243381252909: Tournament #3584133191, $0.92+$0.08 USD Hold'em No Limit - Level IV (30/60) - 2023/04/29 8:47:31 CET [2023/04/29 2:47:31 ET]
Table '3584133191 1' 3-max Seat #3 is the button
Seat 2: Mahu2021 (660 in chips) 
Seat 3: viniciopala (840 in chips) 
viniciopala: posts small blind 30
Mahu2021: posts big blind 60
*** HOLE CARDS ***
Dealt to Mahu2021 [4c Qh]
viniciopala: calls 30
Mahu2021: checks 
*** FLOP *** [Jh 6c Qc]
Mahu2021: bets 120
viniciopala: calls 120
*** TURN *** [Jh 6c Qc] [Ac]
Mahu2021: checks 
viniciopala: checks 
*** RIVER *** [Jh 6c Qc Ac] [7h]
Mahu2021: checks 
viniciopala: checks 
*** SHOW DOWN ***
Mahu2021: shows [4c Qh] (a pair of Queens)
viniciopala: mucks hand 
Mahu2021 collected 360 from pot
*** SUMMARY ***
Total pot 360 | Rake 0 
Board [Jh 6c Qc Ac 7h]
Seat 2: Mahu2021 (big blind) showed [4c Qh] and won (360) with a pair of Queens
Seat 3: viniciopala (button) (small blind) mucked [Js 9h]



PokerStars Hand #243381256161: Tournament #3584133191, $0.92+$0.08 USD Hold'em No Limit - Level V (40/80) - 2023/04/29 8:47:57 CET [2023/04/29 2:47:57 ET]
Table '3584133191 1' 3-max Seat #2 is the button
Seat 2: Mahu2021 (840 in chips) 
Seat 3: viniciopala (660 in chips) 
Mahu2021: posts small blind 40
viniciopala: posts big blind 80
*** HOLE CARDS ***
Dealt to Mahu2021 [9c 3s]
Mahu2021: folds 
Uncalled bet (40) returned to viniciopala
viniciopala collected 80 from pot
viniciopala: doesn't show hand 
*** SUMMARY ***
Total pot 80 | Rake 0 
Seat 2: Mahu2021 (button) (small blind) folded before Flop
Seat 3: viniciopala (big blind) collected (80)



PokerStars Hand #243381256713: Tournament #3584133191, $0.92+$0.08 USD Hold'em No Limit - Level V (40/80) - 2023/04/29 8:48:01 CET [2023/04/29 2:48:01 ET]
Table '3584133191 1' 3-max Seat #3 is the button
Seat 2: Mahu2021 (800 in chips) 
Seat 3: viniciopala (700 in chips) 
viniciopala: posts small blind 40
Mahu2021: posts big blind 80
*** HOLE CARDS ***
Dealt to Mahu2021 [Kc 8c]
viniciopala: raises 80 to 160
Mahu2021: calls 80
*** FLOP *** [Qs 9h Kd]
Mahu2021: bets 640 and is all-in
viniciopala: calls 540 and is all-in
Uncalled bet (100) returned to Mahu2021
*** TURN *** [Qs 9h Kd] [5c]
*** RIVER *** [Qs 9h Kd 5c] [Jc]
*** SHOW DOWN ***
Mahu2021: shows [Kc 8c] (a pair of Kings)
viniciopala: shows [Jh Qh] (two pair, Queens and Jacks)
viniciopala collected 1400 from pot
*** SUMMARY ***
Total pot 1400 | Rake 0 
Board [Qs 9h Kd 5c Jc]
Seat 2: Mahu2021 (big blind) showed [Kc 8c] and lost with a pair of Kings
Seat 3: viniciopala (button) (small blind) showed [Jh Qh] and won (1400) with two pair, Queens and Jacks



PokerStars Hand #243381259014: Tournament #3584133191, $0.92+$0.08 USD Hold'em No Limit - Level V (40/80) - 2023/04/29 8:48:20 CET [2023/04/29 2:48:20 ET]
Table '3584133191 1' 3-max Seat #2 is the button
Seat 2: Mahu2021 (100 in chips) 
Seat 3: viniciopala (1400 in chips) 
Mahu2021: posts small blind 40
viniciopala: posts big blind 80
*** HOLE CARDS ***
Dealt to Mahu2021 [7h 6h]
Mahu2021: raises 20 to 100 and is all-in
viniciopala: calls 20
*** FLOP *** [4h Jc 7d]
*** TURN *** [4h Jc 7d] [Qs]
*** RIVER *** [4h Jc 7d Qs] [9s]
*** SHOW DOWN ***
viniciopala: shows [5d 3s] (high card Queen)
Mahu2021: shows [7h 6h] (a pair of Sevens)
Mahu2021 collected 200 from pot
*** SUMMARY ***
Total pot 200 | Rake 0 
Board [4h Jc 7d Qs 9s]
Seat 2: Mahu2021 (button) (small blind) showed [7h 6h] and won (200) with a pair of Sevens
Seat 3: viniciopala (big blind) showed [5d 3s] and lost with high card Queen



PokerStars Hand #243381260673: Tournament #3584133191, $0.92+$0.08 USD Hold'em No Limit - Level V (40/80) - 2023/04/29 8:48:33 CET [2023/04/29 2:48:33 ET]
Table '3584133191 1' 3-max Seat #3 is the button
Seat 2: Mahu2021 (200 in chips) 
Seat 3: viniciopala (1300 in chips) 
viniciopala: posts small blind 40
Mahu2021: posts big blind 80
*** HOLE CARDS ***
Dealt to Mahu2021 [Ks Ad]
viniciopala: raises 80 to 160
Mahu2021: raises 40 to 200 and is all-in
viniciopala: calls 40
*** FLOP *** [8c 6c Tc]
*** TURN *** [8c 6c Tc] [Ac]
*** RIVER *** [8c 6c Tc Ac] [Jh]
*** SHOW DOWN ***
Mahu2021: shows [Ks Ad] (a pair of Aces)
viniciopala: shows [3d Qc] (a flush, Ace high)
viniciopala collected 400 from pot
Mahu2021 finished the tournament in 2nd place
viniciopala wins the tournament and receives $2.00 - congratulations!
*** SUMMARY ***
Total pot 400 | Rake 0 
Board [8c 6c Tc Ac Jh]
Seat 2: Mahu2021 (big blind) showed [Ks Ad] and lost with a pair of Aces
Seat 3: viniciopala (button) (small blind) showed [3d Qc] and won (400) with a flush, Ace high



