PokerStars Hand #249558431791: Tournament #3732089264, $1.84+$0.16 USD Hold'em No Limit - Level I (10/20) - 2024/03/22 15:06:26 CET [2024/03/22 10:06:26 ET]
Table '3732089264 1' 3-max Seat #1 is the button
Seat 1: BAMBAMGRANA (500 in chips) is sitting out
Seat 2: Mahu2021 (500 in chips) 
Seat 3: Al Mancino (500 in chips) 
Mahu2021: posts small blind 10
Al Mancino: posts big blind 20
*** HOLE CARDS ***
Dealt to Mahu2021 [Kc 8h]
BAMBAMGRANA: folds 
BAMBAMGRANA has returned
Mahu2021: calls 10
Al Mancino: raises 20 to 40
Mahu2021: calls 20
*** FLOP *** [Kd Ts As]
Mahu2021: checks 
Al Mancino: bets 20
Mahu2021: calls 20
*** TURN *** [Kd Ts As] [Qd]
Mahu2021: checks 
Al Mancino: bets 20
Mahu2021: calls 20
*** RIVER *** [Kd Ts As Qd] [7d]
Mahu2021: checks 
Al Mancino: bets 160
Mahu2021: folds 
Uncalled bet (160) returned to Al Mancino
Al Mancino collected 160 from pot
Al Mancino: doesn't show hand 
*** SUMMARY ***
Total pot 160 | Rake 0 
Board [Kd Ts As Qd 7d]
Seat 1: BAMBAMGRANA (button) folded before Flop (didn't bet)
Seat 2: Mahu2021 (small blind) folded on the River
Seat 3: Al Mancino (big blind) collected (160)



PokerStars Hand #249558435509: Tournament #3732089264, $1.84+$0.16 USD Hold'em No Limit - Level I (10/20) - 2024/03/22 15:06:45 CET [2024/03/22 10:06:45 ET]
Table '3732089264 1' 3-max Seat #2 is the button
Seat 1: BAMBAMGRANA (500 in chips) 
Seat 2: Mahu2021 (420 in chips) 
Seat 3: Al Mancino (580 in chips) 
Al Mancino: posts small blind 10
BAMBAMGRANA: posts big blind 20
*** HOLE CARDS ***
Dealt to Mahu2021 [Th 5c]
Mahu2021: folds 
Al Mancino: calls 10
BAMBAMGRANA: checks 
*** FLOP *** [8s 8c As]
Al Mancino: bets 20
BAMBAMGRANA: folds 
Uncalled bet (20) returned to Al Mancino
Al Mancino collected 40 from pot
Al Mancino: doesn't show hand 
*** SUMMARY ***
Total pot 40 | Rake 0 
Board [8s 8c As]
Seat 1: BAMBAMGRANA (big blind) folded on the Flop
Seat 2: Mahu2021 (button) folded before Flop (didn't bet)
Seat 3: Al Mancino (small blind) collected (40)



PokerStars Hand #249558439281: Tournament #3732089264, $1.84+$0.16 USD Hold'em No Limit - Level I (10/20) - 2024/03/22 15:07:04 CET [2024/03/22 10:07:04 ET]
Table '3732089264 1' 3-max Seat #3 is the button
Seat 1: BAMBAMGRANA (480 in chips) 
Seat 2: Mahu2021 (420 in chips) 
Seat 3: Al Mancino (600 in chips) 
BAMBAMGRANA: posts small blind 10
Mahu2021: posts big blind 20
*** HOLE CARDS ***
Dealt to Mahu2021 [6h 3d]
Al Mancino: calls 20
BAMBAMGRANA: raises 20 to 40
Mahu2021: folds 
Al Mancino: calls 20
*** FLOP *** [5d Td Qh]
BAMBAMGRANA: bets 40
Al Mancino: raises 520 to 560 and is all-in
BAMBAMGRANA: folds 
Uncalled bet (520) returned to Al Mancino
Al Mancino collected 180 from pot
Al Mancino: doesn't show hand 
*** SUMMARY ***
Total pot 180 | Rake 0 
Board [5d Td Qh]
Seat 1: BAMBAMGRANA (small blind) folded on the Flop
Seat 2: Mahu2021 (big blind) folded before Flop
Seat 3: Al Mancino (button) collected (180)



PokerStars Hand #249558444004: Tournament #3732089264, $1.84+$0.16 USD Hold'em No Limit - Level I (10/20) - 2024/03/22 15:07:28 CET [2024/03/22 10:07:28 ET]
Table '3732089264 1' 3-max Seat #1 is the button
Seat 1: BAMBAMGRANA (400 in chips) 
Seat 2: Mahu2021 (400 in chips) 
Seat 3: Al Mancino (700 in chips) 
Mahu2021: posts small blind 10
Al Mancino: posts big blind 20
*** HOLE CARDS ***
Dealt to Mahu2021 [9h 8c]
BAMBAMGRANA: folds 
Mahu2021: raises 20 to 40
Al Mancino: folds 
Uncalled bet (20) returned to Mahu2021
Mahu2021 collected 40 from pot
Mahu2021: doesn't show hand 
*** SUMMARY ***
Total pot 40 | Rake 0 
Seat 1: BAMBAMGRANA (button) folded before Flop (didn't bet)
Seat 2: Mahu2021 (small blind) collected (40)
Seat 3: Al Mancino (big blind) folded before Flop



PokerStars Hand #249558446579: Tournament #3732089264, $1.84+$0.16 USD Hold'em No Limit - Level I (10/20) - 2024/03/22 15:07:41 CET [2024/03/22 10:07:41 ET]
Table '3732089264 1' 3-max Seat #2 is the button
Seat 1: BAMBAMGRANA (400 in chips) 
Seat 2: Mahu2021 (420 in chips) 
Seat 3: Al Mancino (680 in chips) 
Al Mancino: posts small blind 10
BAMBAMGRANA: posts big blind 20
*** HOLE CARDS ***
Dealt to Mahu2021 [Tc 2c]
Mahu2021: folds 
Al Mancino: calls 10
BAMBAMGRANA: checks 
*** FLOP *** [Qc 8h Ks]
Al Mancino: checks 
BAMBAMGRANA: bets 40
Al Mancino: folds 
Uncalled bet (40) returned to BAMBAMGRANA
BAMBAMGRANA collected 40 from pot
*** SUMMARY ***
Total pot 40 | Rake 0 
Board [Qc 8h Ks]
Seat 1: BAMBAMGRANA (big blind) collected (40)
Seat 2: Mahu2021 (button) folded before Flop (didn't bet)
Seat 3: Al Mancino (small blind) folded on the Flop



PokerStars Hand #249558450254: Tournament #3732089264, $1.84+$0.16 USD Hold'em No Limit - Level I (10/20) - 2024/03/22 15:07:59 CET [2024/03/22 10:07:59 ET]
Table '3732089264 1' 3-max Seat #3 is the button
Seat 1: BAMBAMGRANA (420 in chips) 
Seat 2: Mahu2021 (420 in chips) 
Seat 3: Al Mancino (660 in chips) 
BAMBAMGRANA: posts small blind 10
Mahu2021: posts big blind 20
*** HOLE CARDS ***
Dealt to Mahu2021 [2d Jc]
Al Mancino: calls 20
BAMBAMGRANA: folds 
Mahu2021: checks 
*** FLOP *** [Ac 7d 3s]
Mahu2021: checks 
Al Mancino: bets 20
Mahu2021: folds 
Uncalled bet (20) returned to Al Mancino
Al Mancino collected 50 from pot
Al Mancino: doesn't show hand 
*** SUMMARY ***
Total pot 50 | Rake 0 
Board [Ac 7d 3s]
Seat 1: BAMBAMGRANA (small blind) folded before Flop
Seat 2: Mahu2021 (big blind) folded on the Flop
Seat 3: Al Mancino (button) collected (50)



PokerStars Hand #249558452621: Tournament #3732089264, $1.84+$0.16 USD Hold'em No Limit - Level I (10/20) - 2024/03/22 15:08:11 CET [2024/03/22 10:08:11 ET]
Table '3732089264 1' 3-max Seat #1 is the button
Seat 1: BAMBAMGRANA (410 in chips) 
Seat 2: Mahu2021 (400 in chips) 
Seat 3: Al Mancino (690 in chips) 
Mahu2021: posts small blind 10
Al Mancino: posts big blind 20
*** HOLE CARDS ***
Dealt to Mahu2021 [2s Kc]
BAMBAMGRANA: folds 
Mahu2021: raises 20 to 40
Al Mancino: calls 20
*** FLOP *** [Ah 8s 7c]
Mahu2021: checks 
Al Mancino: checks 
*** TURN *** [Ah 8s 7c] [6s]
Mahu2021: checks 
Al Mancino: checks 
*** RIVER *** [Ah 8s 7c 6s] [8c]
Mahu2021: checks 
Al Mancino: checks 
*** SHOW DOWN ***
Mahu2021: shows [2s Kc] (a pair of Eights)
Al Mancino: mucks hand 
Mahu2021 collected 80 from pot
*** SUMMARY ***
Total pot 80 | Rake 0 
Board [Ah 8s 7c 6s 8c]
Seat 1: BAMBAMGRANA (button) folded before Flop (didn't bet)
Seat 2: Mahu2021 (small blind) showed [2s Kc] and won (80) with a pair of Eights
Seat 3: Al Mancino (big blind) mucked [9c 2c]



PokerStars Hand #249558456347: Tournament #3732089264, $1.84+$0.16 USD Hold'em No Limit - Level II (15/30) - 2024/03/22 15:08:30 CET [2024/03/22 10:08:30 ET]
Table '3732089264 1' 3-max Seat #2 is the button
Seat 1: BAMBAMGRANA (410 in chips) 
Seat 2: Mahu2021 (440 in chips) 
Seat 3: Al Mancino (650 in chips) 
Al Mancino: posts small blind 15
BAMBAMGRANA: posts big blind 30
*** HOLE CARDS ***
Dealt to Mahu2021 [Qs Kh]
Mahu2021: raises 30 to 60
Al Mancino: folds 
BAMBAMGRANA: folds 
Uncalled bet (30) returned to Mahu2021
Mahu2021 collected 75 from pot
Mahu2021: doesn't show hand 
*** SUMMARY ***
Total pot 75 | Rake 0 
Seat 1: BAMBAMGRANA (big blind) folded before Flop
Seat 2: Mahu2021 (button) collected (75)
Seat 3: Al Mancino (small blind) folded before Flop



PokerStars Hand #249558459040: Tournament #3732089264, $1.84+$0.16 USD Hold'em No Limit - Level II (15/30) - 2024/03/22 15:08:44 CET [2024/03/22 10:08:44 ET]
Table '3732089264 1' 3-max Seat #3 is the button
Seat 1: BAMBAMGRANA (380 in chips) 
Seat 2: Mahu2021 (485 in chips) 
Seat 3: Al Mancino (635 in chips) 
BAMBAMGRANA: posts small blind 15
Mahu2021: posts big blind 30
*** HOLE CARDS ***
Dealt to Mahu2021 [9d 5s]
Al Mancino: calls 30
BAMBAMGRANA: folds 
Mahu2021: checks 
*** FLOP *** [As 4h Jh]
Mahu2021: checks 
Al Mancino: bets 30
Mahu2021: folds 
Uncalled bet (30) returned to Al Mancino
Al Mancino collected 75 from pot
Al Mancino: doesn't show hand 
*** SUMMARY ***
Total pot 75 | Rake 0 
Board [As 4h Jh]
Seat 1: BAMBAMGRANA (small blind) folded before Flop
Seat 2: Mahu2021 (big blind) folded on the Flop
Seat 3: Al Mancino (button) collected (75)



PokerStars Hand #249558461567: Tournament #3732089264, $1.84+$0.16 USD Hold'em No Limit - Level II (15/30) - 2024/03/22 15:08:57 CET [2024/03/22 10:08:57 ET]
Table '3732089264 1' 3-max Seat #1 is the button
Seat 1: BAMBAMGRANA (365 in chips) 
Seat 2: Mahu2021 (455 in chips) 
Seat 3: Al Mancino (680 in chips) 
Mahu2021: posts small blind 15
Al Mancino: posts big blind 30
*** HOLE CARDS ***
Dealt to Mahu2021 [8h 2s]
BAMBAMGRANA: folds 
Mahu2021: folds 
Uncalled bet (15) returned to Al Mancino
Al Mancino collected 30 from pot
Al Mancino: doesn't show hand 
*** SUMMARY ***
Total pot 30 | Rake 0 
Seat 1: BAMBAMGRANA (button) folded before Flop (didn't bet)
Seat 2: Mahu2021 (small blind) folded before Flop
Seat 3: Al Mancino (big blind) collected (30)



PokerStars Hand #249558463359: Tournament #3732089264, $1.84+$0.16 USD Hold'em No Limit - Level II (15/30) - 2024/03/22 15:09:06 CET [2024/03/22 10:09:06 ET]
Table '3732089264 1' 3-max Seat #2 is the button
Seat 1: BAMBAMGRANA (365 in chips) 
Seat 2: Mahu2021 (440 in chips) 
Seat 3: Al Mancino (695 in chips) 
Al Mancino: posts small blind 15
BAMBAMGRANA: posts big blind 30
*** HOLE CARDS ***
Dealt to Mahu2021 [8h Qs]
Mahu2021: calls 30
Al Mancino: calls 15
BAMBAMGRANA: checks 
*** FLOP *** [Kh 6s Ts]
Al Mancino: bets 30
BAMBAMGRANA: folds 
Mahu2021: folds 
Uncalled bet (30) returned to Al Mancino
Al Mancino collected 90 from pot
Al Mancino: doesn't show hand 
*** SUMMARY ***
Total pot 90 | Rake 0 
Board [Kh 6s Ts]
Seat 1: BAMBAMGRANA (big blind) folded on the Flop
Seat 2: Mahu2021 (button) folded on the Flop
Seat 3: Al Mancino (small blind) collected (90)



PokerStars Hand #249558467180: Tournament #3732089264, $1.84+$0.16 USD Hold'em No Limit - Level II (15/30) - 2024/03/22 15:09:25 CET [2024/03/22 10:09:25 ET]
Table '3732089264 1' 3-max Seat #3 is the button
Seat 1: BAMBAMGRANA (335 in chips) 
Seat 2: Mahu2021 (410 in chips) 
Seat 3: Al Mancino (755 in chips) 
BAMBAMGRANA: posts small blind 15
Mahu2021: posts big blind 30
*** HOLE CARDS ***
Dealt to Mahu2021 [4h 5s]
Al Mancino: calls 30
BAMBAMGRANA: folds 
Mahu2021: checks 
*** FLOP *** [2h Td Qd]
Mahu2021: checks 
Al Mancino: checks 
*** TURN *** [2h Td Qd] [3c]
Mahu2021: checks 
Al Mancino: bets 30
Mahu2021: calls 30
*** RIVER *** [2h Td Qd 3c] [7d]
Mahu2021: checks 
Al Mancino: checks 
*** SHOW DOWN ***
Mahu2021: shows [4h 5s] (high card Queen)
Al Mancino: shows [2s Ad] (a pair of Deuces)
Al Mancino collected 135 from pot
*** SUMMARY ***
Total pot 135 | Rake 0 
Board [2h Td Qd 3c 7d]
Seat 1: BAMBAMGRANA (small blind) folded before Flop
Seat 2: Mahu2021 (big blind) showed [4h 5s] and lost with high card Queen
Seat 3: Al Mancino (button) showed [2s Ad] and won (135) with a pair of Deuces



PokerStars Hand #249558473057: Tournament #3732089264, $1.84+$0.16 USD Hold'em No Limit - Level II (15/30) - 2024/03/22 15:09:56 CET [2024/03/22 10:09:56 ET]
Table '3732089264 1' 3-max Seat #1 is the button
Seat 1: BAMBAMGRANA (320 in chips) 
Seat 2: Mahu2021 (350 in chips) 
Seat 3: Al Mancino (830 in chips) 
Mahu2021: posts small blind 15
Al Mancino: posts big blind 30
*** HOLE CARDS ***
Dealt to Mahu2021 [7h Qc]
BAMBAMGRANA: folds 
Mahu2021: folds 
Uncalled bet (15) returned to Al Mancino
Al Mancino collected 30 from pot
Al Mancino: doesn't show hand 
*** SUMMARY ***
Total pot 30 | Rake 0 
Seat 1: BAMBAMGRANA (button) folded before Flop (didn't bet)
Seat 2: Mahu2021 (small blind) folded before Flop
Seat 3: Al Mancino (big blind) collected (30)



PokerStars Hand #249558474497: Tournament #3732089264, $1.84+$0.16 USD Hold'em No Limit - Level II (15/30) - 2024/03/22 15:10:03 CET [2024/03/22 10:10:03 ET]
Table '3732089264 1' 3-max Seat #2 is the button
Seat 1: BAMBAMGRANA (320 in chips) 
Seat 2: Mahu2021 (335 in chips) 
Seat 3: Al Mancino (845 in chips) 
Al Mancino: posts small blind 15
BAMBAMGRANA: posts big blind 30
*** HOLE CARDS ***
Dealt to Mahu2021 [4d 9c]
Mahu2021: folds 
Al Mancino: calls 15
BAMBAMGRANA: checks 
*** FLOP *** [4h 8s 3h]
Al Mancino: checks 
BAMBAMGRANA: bets 30
Al Mancino: folds 
Uncalled bet (30) returned to BAMBAMGRANA
BAMBAMGRANA collected 60 from pot
BAMBAMGRANA: doesn't show hand 
*** SUMMARY ***
Total pot 60 | Rake 0 
Board [4h 8s 3h]
Seat 1: BAMBAMGRANA (big blind) collected (60)
Seat 2: Mahu2021 (button) folded before Flop (didn't bet)
Seat 3: Al Mancino (small blind) folded on the Flop



PokerStars Hand #249558478428: Tournament #3732089264, $1.84+$0.16 USD Hold'em No Limit - Level II (15/30) - 2024/03/22 15:10:22 CET [2024/03/22 10:10:22 ET]
Table '3732089264 1' 3-max Seat #3 is the button
Seat 1: BAMBAMGRANA (350 in chips) 
Seat 2: Mahu2021 (335 in chips) 
Seat 3: Al Mancino (815 in chips) 
BAMBAMGRANA: posts small blind 15
Mahu2021: posts big blind 30
*** HOLE CARDS ***
Dealt to Mahu2021 [6s Jd]
Al Mancino: raises 30 to 60
BAMBAMGRANA: folds 
Mahu2021: folds 
Uncalled bet (30) returned to Al Mancino
Al Mancino collected 75 from pot
Al Mancino: doesn't show hand 
*** SUMMARY ***
Total pot 75 | Rake 0 
Seat 1: BAMBAMGRANA (small blind) folded before Flop
Seat 2: Mahu2021 (big blind) folded before Flop
Seat 3: Al Mancino (button) collected (75)



PokerStars Hand #249558480719: Tournament #3732089264, $1.84+$0.16 USD Hold'em No Limit - Level III (20/40) - 2024/03/22 15:10:34 CET [2024/03/22 10:10:34 ET]
Table '3732089264 1' 3-max Seat #1 is the button
Seat 1: BAMBAMGRANA (335 in chips) 
Seat 2: Mahu2021 (305 in chips) 
Seat 3: Al Mancino (860 in chips) 
Mahu2021: posts small blind 20
Al Mancino: posts big blind 40
*** HOLE CARDS ***
Dealt to Mahu2021 [8s 8d]
BAMBAMGRANA: folds 
Mahu2021: raises 265 to 305 and is all-in
Al Mancino: folds 
Uncalled bet (265) returned to Mahu2021
Mahu2021 collected 80 from pot
Mahu2021: doesn't show hand 
*** SUMMARY ***
Total pot 80 | Rake 0 
Seat 1: BAMBAMGRANA (button) folded before Flop (didn't bet)
Seat 2: Mahu2021 (small blind) collected (80)
Seat 3: Al Mancino (big blind) folded before Flop



PokerStars Hand #249558483428: Tournament #3732089264, $1.84+$0.16 USD Hold'em No Limit - Level III (20/40) - 2024/03/22 15:10:48 CET [2024/03/22 10:10:48 ET]
Table '3732089264 1' 3-max Seat #2 is the button
Seat 1: BAMBAMGRANA (335 in chips) 
Seat 2: Mahu2021 (345 in chips) 
Seat 3: Al Mancino (820 in chips) 
Al Mancino: posts small blind 20
BAMBAMGRANA: posts big blind 40
*** HOLE CARDS ***
Dealt to Mahu2021 [6d 4c]
Mahu2021: folds 
Al Mancino: calls 20
BAMBAMGRANA: checks 
*** FLOP *** [Ac 3h 5d]
Al Mancino: checks 
BAMBAMGRANA: bets 40
Al Mancino: folds 
Uncalled bet (40) returned to BAMBAMGRANA
BAMBAMGRANA collected 80 from pot
BAMBAMGRANA: doesn't show hand 
*** SUMMARY ***
Total pot 80 | Rake 0 
Board [Ac 3h 5d]
Seat 1: BAMBAMGRANA (big blind) collected (80)
Seat 2: Mahu2021 (button) folded before Flop (didn't bet)
Seat 3: Al Mancino (small blind) folded on the Flop



PokerStars Hand #249558487354: Tournament #3732089264, $1.84+$0.16 USD Hold'em No Limit - Level III (20/40) - 2024/03/22 15:11:08 CET [2024/03/22 10:11:08 ET]
Table '3732089264 1' 3-max Seat #3 is the button
Seat 1: BAMBAMGRANA (375 in chips) 
Seat 2: Mahu2021 (345 in chips) 
Seat 3: Al Mancino (780 in chips) 
BAMBAMGRANA: posts small blind 20
Mahu2021: posts big blind 40
*** HOLE CARDS ***
Dealt to Mahu2021 [5h Kc]
Al Mancino: calls 40
BAMBAMGRANA: folds 
Mahu2021: checks 
*** FLOP *** [Ac 5c Qc]
Mahu2021: checks 
Al Mancino: bets 40
Mahu2021: calls 40
*** TURN *** [Ac 5c Qc] [4c]
Mahu2021: checks 
Al Mancino: checks 
*** RIVER *** [Ac 5c Qc 4c] [6c]
Mahu2021: bets 265 and is all-in
Al Mancino: folds 
Uncalled bet (265) returned to Mahu2021
Mahu2021 collected 180 from pot
Mahu2021: doesn't show hand 
*** SUMMARY ***
Total pot 180 | Rake 0 
Board [Ac 5c Qc 4c 6c]
Seat 1: BAMBAMGRANA (small blind) folded before Flop
Seat 2: Mahu2021 (big blind) collected (180)
Seat 3: Al Mancino (button) folded on the River



PokerStars Hand #249558490896: Tournament #3732089264, $1.84+$0.16 USD Hold'em No Limit - Level III (20/40) - 2024/03/22 15:11:26 CET [2024/03/22 10:11:26 ET]
Table '3732089264 1' 3-max Seat #1 is the button
Seat 1: BAMBAMGRANA (355 in chips) 
Seat 2: Mahu2021 (445 in chips) 
Seat 3: Al Mancino (700 in chips) 
Mahu2021: posts small blind 20
Al Mancino: posts big blind 40
*** HOLE CARDS ***
Dealt to Mahu2021 [3d Kd]
BAMBAMGRANA: raises 40 to 80
Mahu2021: folds 
Al Mancino: calls 40
*** FLOP *** [8h 4d As]
Al Mancino: checks 
BAMBAMGRANA: checks 
*** TURN *** [8h 4d As] [Td]
Al Mancino: checks 
BAMBAMGRANA: bets 80
Al Mancino: calls 80
*** RIVER *** [8h 4d As Td] [6d]
Al Mancino: bets 240
BAMBAMGRANA: folds 
Uncalled bet (240) returned to Al Mancino
Al Mancino collected 340 from pot
Al Mancino: doesn't show hand 
*** SUMMARY ***
Total pot 340 | Rake 0 
Board [8h 4d As Td 6d]
Seat 1: BAMBAMGRANA (button) folded on the River
Seat 2: Mahu2021 (small blind) folded before Flop
Seat 3: Al Mancino (big blind) collected (340)



PokerStars Hand #249558499780: Tournament #3732089264, $1.84+$0.16 USD Hold'em No Limit - Level III (20/40) - 2024/03/22 15:12:11 CET [2024/03/22 10:12:11 ET]
Table '3732089264 1' 3-max Seat #2 is the button
Seat 1: BAMBAMGRANA (195 in chips) 
Seat 2: Mahu2021 (425 in chips) 
Seat 3: Al Mancino (880 in chips) 
Al Mancino: posts small blind 20
BAMBAMGRANA: posts big blind 40
*** HOLE CARDS ***
Dealt to Mahu2021 [3d 2c]
Mahu2021: folds 
Al Mancino: calls 20
BAMBAMGRANA: checks 
*** FLOP *** [Jh 9d Qh]
Al Mancino: checks 
BAMBAMGRANA: checks 
*** TURN *** [Jh 9d Qh] [2s]
Al Mancino: checks 
BAMBAMGRANA: checks 
*** RIVER *** [Jh 9d Qh 2s] [As]
Al Mancino: checks 
BAMBAMGRANA: checks 
*** SHOW DOWN ***
Al Mancino: shows [8s 6c] (high card Ace)
BAMBAMGRANA: shows [3h 8d] (high card Ace)
Al Mancino collected 40 from pot
BAMBAMGRANA collected 40 from pot
*** SUMMARY ***
Total pot 80 | Rake 0 
Board [Jh 9d Qh 2s As]
Seat 1: BAMBAMGRANA (big blind) showed [3h 8d] and won (40) with high card Ace
Seat 2: Mahu2021 (button) folded before Flop (didn't bet)
Seat 3: Al Mancino (small blind) showed [8s 6c] and won (40) with high card Ace



PokerStars Hand #249558507211: Tournament #3732089264, $1.84+$0.16 USD Hold'em No Limit - Level IV (30/60) - 2024/03/22 15:12:49 CET [2024/03/22 10:12:49 ET]
Table '3732089264 1' 3-max Seat #3 is the button
Seat 1: BAMBAMGRANA (195 in chips) 
Seat 2: Mahu2021 (425 in chips) 
Seat 3: Al Mancino (880 in chips) 
BAMBAMGRANA: posts small blind 30
Mahu2021: posts big blind 60
*** HOLE CARDS ***
Dealt to Mahu2021 [8s 6d]
Al Mancino: folds 
BAMBAMGRANA: calls 30
Mahu2021: checks 
*** FLOP *** [Jh 3d 6s]
BAMBAMGRANA: bets 60
Mahu2021: calls 60
*** TURN *** [Jh 3d 6s] [9h]
BAMBAMGRANA: bets 60
Mahu2021: raises 60 to 120
BAMBAMGRANA: calls 15 and is all-in
Uncalled bet (45) returned to Mahu2021
*** RIVER *** [Jh 3d 6s 9h] [8h]
*** SHOW DOWN ***
BAMBAMGRANA: shows [Jd 7d] (a pair of Jacks)
Mahu2021: shows [8s 6d] (two pair, Eights and Sixes)
Mahu2021 collected 390 from pot
BAMBAMGRANA finished the tournament in 3rd place
*** SUMMARY ***
Total pot 390 | Rake 0 
Board [Jh 3d 6s 9h 8h]
Seat 1: BAMBAMGRANA (small blind) showed [Jd 7d] and lost with a pair of Jacks
Seat 2: Mahu2021 (big blind) showed [8s 6d] and won (390) with two pair, Eights and Sixes
Seat 3: Al Mancino (button) folded before Flop (didn't bet)



PokerStars Hand #249558513321: Tournament #3732089264, $1.84+$0.16 USD Hold'em No Limit - Level IV (30/60) - 2024/03/22 15:13:19 CET [2024/03/22 10:13:19 ET]
Table '3732089264 1' 3-max Seat #2 is the button
Seat 2: Mahu2021 (620 in chips) 
Seat 3: Al Mancino (880 in chips) 
Mahu2021: posts small blind 30
Al Mancino: posts big blind 60
*** HOLE CARDS ***
Dealt to Mahu2021 [9d Kd]
Mahu2021: raises 60 to 120
Al Mancino: folds 
Uncalled bet (60) returned to Mahu2021
Mahu2021 collected 120 from pot
Mahu2021: doesn't show hand 
*** SUMMARY ***
Total pot 120 | Rake 0 
Seat 2: Mahu2021 (button) (small blind) collected (120)
Seat 3: Al Mancino (big blind) folded before Flop



PokerStars Hand #249558514458: Tournament #3732089264, $1.84+$0.16 USD Hold'em No Limit - Level IV (30/60) - 2024/03/22 15:13:25 CET [2024/03/22 10:13:25 ET]
Table '3732089264 1' 3-max Seat #3 is the button
Seat 2: Mahu2021 (680 in chips) 
Seat 3: Al Mancino (820 in chips) 
Al Mancino: posts small blind 30
Mahu2021: posts big blind 60
*** HOLE CARDS ***
Dealt to Mahu2021 [7d 2h]
Al Mancino: calls 30
Mahu2021: checks 
*** FLOP *** [2c 8d 4h]
Mahu2021: checks 
Al Mancino: bets 60
Mahu2021: calls 60
*** TURN *** [2c 8d 4h] [5c]
Mahu2021: checks 
Al Mancino: bets 300
Mahu2021: folds 
Uncalled bet (300) returned to Al Mancino
Al Mancino collected 240 from pot
Al Mancino: doesn't show hand 
*** SUMMARY ***
Total pot 240 | Rake 0 
Board [2c 8d 4h 5c]
Seat 2: Mahu2021 (big blind) folded on the Turn
Seat 3: Al Mancino (button) (small blind) collected (240)



PokerStars Hand #249558517616: Tournament #3732089264, $1.84+$0.16 USD Hold'em No Limit - Level IV (30/60) - 2024/03/22 15:13:40 CET [2024/03/22 10:13:40 ET]
Table '3732089264 1' 3-max Seat #2 is the button
Seat 2: Mahu2021 (560 in chips) 
Seat 3: Al Mancino (940 in chips) 
Mahu2021: posts small blind 30
Al Mancino: posts big blind 60
*** HOLE CARDS ***
Dealt to Mahu2021 [4h Ah]
Mahu2021: raises 60 to 120
Al Mancino: calls 60
*** FLOP *** [3h 7d 9c]
Al Mancino: bets 820 and is all-in
Mahu2021: folds 
Uncalled bet (820) returned to Al Mancino
Al Mancino collected 240 from pot
Al Mancino: doesn't show hand 
*** SUMMARY ***
Total pot 240 | Rake 0 
Board [3h 7d 9c]
Seat 2: Mahu2021 (button) (small blind) folded on the Flop
Seat 3: Al Mancino (big blind) collected (240)



PokerStars Hand #249558519668: Tournament #3732089264, $1.84+$0.16 USD Hold'em No Limit - Level IV (30/60) - 2024/03/22 15:13:51 CET [2024/03/22 10:13:51 ET]
Table '3732089264 1' 3-max Seat #3 is the button
Seat 2: Mahu2021 (440 in chips) 
Seat 3: Al Mancino (1060 in chips) 
Al Mancino: posts small blind 30
Mahu2021: posts big blind 60
*** HOLE CARDS ***
Dealt to Mahu2021 [8d 6c]
Al Mancino: calls 30
Mahu2021: checks 
*** FLOP *** [5s Td Qd]
Mahu2021: checks 
Al Mancino: bets 60
Mahu2021: folds 
Uncalled bet (60) returned to Al Mancino
Al Mancino collected 120 from pot
Al Mancino: doesn't show hand 
*** SUMMARY ***
Total pot 120 | Rake 0 
Board [5s Td Qd]
Seat 2: Mahu2021 (big blind) folded on the Flop
Seat 3: Al Mancino (button) (small blind) collected (120)



PokerStars Hand #249558521665: Tournament #3732089264, $1.84+$0.16 USD Hold'em No Limit - Level IV (30/60) - 2024/03/22 15:14:01 CET [2024/03/22 10:14:01 ET]
Table '3732089264 1' 3-max Seat #2 is the button
Seat 2: Mahu2021 (380 in chips) 
Seat 3: Al Mancino (1120 in chips) 
Mahu2021: posts small blind 30
Al Mancino: posts big blind 60
*** HOLE CARDS ***
Dealt to Mahu2021 [Td Ks]
Mahu2021: calls 30
Al Mancino: checks 
*** FLOP *** [8s 7s 3h]
Al Mancino: checks 
Mahu2021: bets 60
Al Mancino: folds 
Uncalled bet (60) returned to Mahu2021
Mahu2021 collected 120 from pot
Mahu2021: doesn't show hand 
*** SUMMARY ***
Total pot 120 | Rake 0 
Board [8s 7s 3h]
Seat 2: Mahu2021 (button) (small blind) collected (120)
Seat 3: Al Mancino (big blind) folded on the Flop



PokerStars Hand #249558523821: Tournament #3732089264, $1.84+$0.16 USD Hold'em No Limit - Level IV (30/60) - 2024/03/22 15:14:11 CET [2024/03/22 10:14:11 ET]
Table '3732089264 1' 3-max Seat #3 is the button
Seat 2: Mahu2021 (440 in chips) 
Seat 3: Al Mancino (1060 in chips) 
Al Mancino: posts small blind 30
Mahu2021: posts big blind 60
*** HOLE CARDS ***
Dealt to Mahu2021 [Ac 8s]
Al Mancino: calls 30
Mahu2021: raises 380 to 440 and is all-in
Al Mancino: folds 
Uncalled bet (380) returned to Mahu2021
Mahu2021 collected 120 from pot
Mahu2021: doesn't show hand 
*** SUMMARY ***
Total pot 120 | Rake 0 
Seat 2: Mahu2021 (big blind) collected (120)
Seat 3: Al Mancino (button) (small blind) folded before Flop



PokerStars Hand #249558526209: Tournament #3732089264, $1.84+$0.16 USD Hold'em No Limit - Level IV (30/60) - 2024/03/22 15:14:23 CET [2024/03/22 10:14:23 ET]
Table '3732089264 1' 3-max Seat #2 is the button
Seat 2: Mahu2021 (500 in chips) 
Seat 3: Al Mancino (1000 in chips) 
Mahu2021: posts small blind 30
Al Mancino: posts big blind 60
*** HOLE CARDS ***
Dealt to Mahu2021 [3s 8h]
Mahu2021: folds 
Uncalled bet (30) returned to Al Mancino
Al Mancino collected 60 from pot
Al Mancino: doesn't show hand 
*** SUMMARY ***
Total pot 60 | Rake 0 
Seat 2: Mahu2021 (button) (small blind) folded before Flop
Seat 3: Al Mancino (big blind) collected (60)



PokerStars Hand #249558527757: Tournament #3732089264, $1.84+$0.16 USD Hold'em No Limit - Level V (40/80) - 2024/03/22 15:14:31 CET [2024/03/22 10:14:31 ET]
Table '3732089264 1' 3-max Seat #3 is the button
Seat 2: Mahu2021 (470 in chips) 
Seat 3: Al Mancino (1030 in chips) 
Al Mancino: posts small blind 40
Mahu2021: posts big blind 80
*** HOLE CARDS ***
Dealt to Mahu2021 [8d Qs]
Al Mancino: raises 80 to 160
Mahu2021: folds 
Uncalled bet (80) returned to Al Mancino
Al Mancino collected 160 from pot
Al Mancino: doesn't show hand 
*** SUMMARY ***
Total pot 160 | Rake 0 
Seat 2: Mahu2021 (big blind) folded before Flop
Seat 3: Al Mancino (button) (small blind) collected (160)



PokerStars Hand #249558529275: Tournament #3732089264, $1.84+$0.16 USD Hold'em No Limit - Level V (40/80) - 2024/03/22 15:14:38 CET [2024/03/22 10:14:38 ET]
Table '3732089264 1' 3-max Seat #2 is the button
Seat 2: Mahu2021 (390 in chips) 
Seat 3: Al Mancino (1110 in chips) 
Mahu2021: posts small blind 40
Al Mancino: posts big blind 80
*** HOLE CARDS ***
Dealt to Mahu2021 [8s Jd]
Mahu2021: calls 40
Al Mancino: checks 
*** FLOP *** [Jc 8d 5d]
Al Mancino: checks 
Mahu2021: checks 
*** TURN *** [Jc 8d 5d] [Kc]
Al Mancino: bets 80
Mahu2021: calls 80
*** RIVER *** [Jc 8d 5d Kc] [Ks]
Al Mancino: checks 
Mahu2021: bets 80
Al Mancino: folds 
Uncalled bet (80) returned to Mahu2021
Mahu2021 collected 320 from pot
Mahu2021: doesn't show hand 
*** SUMMARY ***
Total pot 320 | Rake 0 
Board [Jc 8d 5d Kc Ks]
Seat 2: Mahu2021 (button) (small blind) collected (320)
Seat 3: Al Mancino (big blind) folded on the River



PokerStars Hand #249558532765: Tournament #3732089264, $1.84+$0.16 USD Hold'em No Limit - Level V (40/80) - 2024/03/22 15:14:56 CET [2024/03/22 10:14:56 ET]
Table '3732089264 1' 3-max Seat #3 is the button
Seat 2: Mahu2021 (550 in chips) 
Seat 3: Al Mancino (950 in chips) 
Al Mancino: posts small blind 40
Mahu2021: posts big blind 80
*** HOLE CARDS ***
Dealt to Mahu2021 [Ad Qh]
Al Mancino: calls 40
Mahu2021: raises 470 to 550 and is all-in
Al Mancino: calls 470
*** FLOP *** [2d Kd 3h]
*** TURN *** [2d Kd 3h] [3c]
*** RIVER *** [2d Kd 3h 3c] [Ts]
*** SHOW DOWN ***
Mahu2021: shows [Ad Qh] (a pair of Threes)
Al Mancino: shows [Qc Kc] (two pair, Kings and Threes)
Al Mancino collected 1100 from pot
Mahu2021 finished the tournament in 2nd place
Al Mancino wins the tournament and receives $4.00 - congratulations!
*** SUMMARY ***
Total pot 1100 | Rake 0 
Board [2d Kd 3h 3c Ts]
Seat 2: Mahu2021 (big blind) showed [Ad Qh] and lost with a pair of Threes
Seat 3: Al Mancino (button) (small blind) showed [Qc Kc] and won (1100) with two pair, Kings and Threes



