PokerStars Hand #243171048530: Tournament #3579328586, $0.92+$0.08 USD Hold'em No Limit - Level I (10/20) - 2023/04/18 18:29:40 CET [2023/04/18 12:29:40 ET]
Table '3579328586 1' 3-max Seat #1 is the button
Seat 1: fanilu3 (500 in chips) 
Seat 2: Mahu2021 (500 in chips) 
Seat 3: Sandra0610 (500 in chips) 
Mahu2021: posts small blind 10
Sandra0610: posts big blind 20
*** HOLE CARDS ***
Dealt to Mahu2021 [4d 8c]
fanilu3: calls 20
Mahu2021: folds 
Sandra0610: checks 
*** FLOP *** [6h As 5c]
Sandra0610: checks 
fanilu3: checks 
*** TURN *** [6h As 5c] [Qh]
Sandra0610: checks 
fanilu3: checks 
*** RIVER *** [6h As 5c Qh] [2d]
Sandra0610: checks 
fanilu3: checks 
*** SHOW DOWN ***
Sandra0610: shows [4s Th] (high card Ace)
fanilu3: mucks hand 
Sandra0610 collected 50 from pot
*** SUMMARY ***
Total pot 50 | Rake 0 
Board [6h As 5c Qh 2d]
Seat 1: fanilu3 (button) mucked [9h 3h]
Seat 2: Mahu2021 (small blind) folded before Flop
Seat 3: Sandra0610 (big blind) showed [4s Th] and won (50) with high card Ace



PokerStars Hand #243171054633: Tournament #3579328586, $0.92+$0.08 USD Hold'em No Limit - Level I (10/20) - 2023/04/18 18:29:59 CET [2023/04/18 12:29:59 ET]
Table '3579328586 1' 3-max Seat #2 is the button
Seat 1: fanilu3 (480 in chips) 
Seat 2: Mahu2021 (490 in chips) 
Seat 3: Sandra0610 (530 in chips) 
Sandra0610: posts small blind 10
fanilu3: posts big blind 20
*** HOLE CARDS ***
Dealt to Mahu2021 [Qd Ks]
Mahu2021: raises 20 to 40
Sandra0610: calls 30
fanilu3: calls 20
*** FLOP *** [7d 8s 4c]
Sandra0610: checks 
fanilu3: bets 20
Mahu2021: calls 20
Sandra0610: calls 20
*** TURN *** [7d 8s 4c] [Jd]
Sandra0610: checks 
fanilu3: bets 20
Mahu2021: folds 
Sandra0610: calls 20
*** RIVER *** [7d 8s 4c Jd] [Qc]
Sandra0610: checks 
fanilu3: bets 20
Sandra0610: folds 
Uncalled bet (20) returned to fanilu3
fanilu3 collected 220 from pot
*** SUMMARY ***
Total pot 220 | Rake 0 
Board [7d 8s 4c Jd Qc]
Seat 1: fanilu3 (big blind) collected (220)
Seat 2: Mahu2021 (button) folded on the Turn
Seat 3: Sandra0610 (small blind) folded on the River



PokerStars Hand #243171065811: Tournament #3579328586, $0.92+$0.08 USD Hold'em No Limit - Level I (10/20) - 2023/04/18 18:30:34 CET [2023/04/18 12:30:34 ET]
Table '3579328586 1' 3-max Seat #3 is the button
Seat 1: fanilu3 (620 in chips) 
Seat 2: Mahu2021 (430 in chips) 
Seat 3: Sandra0610 (450 in chips) 
fanilu3: posts small blind 10
Mahu2021: posts big blind 20
*** HOLE CARDS ***
Dealt to Mahu2021 [4h Kd]
Sandra0610: calls 20
fanilu3: calls 10
Mahu2021: checks 
*** FLOP *** [Ts 4d 8d]
fanilu3: checks 
Mahu2021: bets 20
Sandra0610: calls 20
fanilu3: calls 20
*** TURN *** [Ts 4d 8d] [4c]
fanilu3: checks 
Mahu2021: bets 20
Sandra0610: folds 
fanilu3: calls 20
*** RIVER *** [Ts 4d 8d 4c] [Qd]
fanilu3: checks 
Mahu2021: bets 80
fanilu3: folds 
Uncalled bet (80) returned to Mahu2021
Mahu2021 collected 160 from pot
Mahu2021: doesn't show hand 
*** SUMMARY ***
Total pot 160 | Rake 0 
Board [Ts 4d 8d 4c Qd]
Seat 1: fanilu3 (small blind) folded on the River
Seat 2: Mahu2021 (big blind) collected (160)
Seat 3: Sandra0610 (button) folded on the Turn



PokerStars Hand #243171075006: Tournament #3579328586, $0.92+$0.08 USD Hold'em No Limit - Level I (10/20) - 2023/04/18 18:31:04 CET [2023/04/18 12:31:04 ET]
Table '3579328586 1' 3-max Seat #1 is the button
Seat 1: fanilu3 (560 in chips) 
Seat 2: Mahu2021 (530 in chips) 
Seat 3: Sandra0610 (410 in chips) 
Mahu2021: posts small blind 10
Sandra0610: posts big blind 20
*** HOLE CARDS ***
Dealt to Mahu2021 [Qc Tc]
fanilu3: folds 
Mahu2021: calls 10
Sandra0610: checks 
*** FLOP *** [4c 8h 5d]
Mahu2021: checks 
Sandra0610: checks 
*** TURN *** [4c 8h 5d] [Kd]
Mahu2021: bets 20
Sandra0610: folds 
Uncalled bet (20) returned to Mahu2021
Mahu2021 collected 40 from pot
Mahu2021: doesn't show hand 
*** SUMMARY ***
Total pot 40 | Rake 0 
Board [4c 8h 5d Kd]
Seat 1: fanilu3 (button) folded before Flop (didn't bet)
Seat 2: Mahu2021 (small blind) collected (40)
Seat 3: Sandra0610 (big blind) folded on the Turn



PokerStars Hand #243171079708: Tournament #3579328586, $0.92+$0.08 USD Hold'em No Limit - Level I (10/20) - 2023/04/18 18:31:19 CET [2023/04/18 12:31:19 ET]
Table '3579328586 1' 3-max Seat #2 is the button
Seat 1: fanilu3 (560 in chips) 
Seat 2: Mahu2021 (550 in chips) 
Seat 3: Sandra0610 (390 in chips) 
Sandra0610: posts small blind 10
fanilu3: posts big blind 20
*** HOLE CARDS ***
Dealt to Mahu2021 [As Ac]
Mahu2021: raises 530 to 550 and is all-in
Sandra0610: calls 380 and is all-in
fanilu3: folds 
Uncalled bet (160) returned to Mahu2021
*** FLOP *** [5c Td 7s]
*** TURN *** [5c Td 7s] [5h]
*** RIVER *** [5c Td 7s 5h] [8h]
*** SHOW DOWN ***
Sandra0610: shows [Kh Qh] (a pair of Fives)
Mahu2021: shows [As Ac] (two pair, Aces and Fives)
Mahu2021 collected 800 from pot
Sandra0610 finished the tournament in 3rd place
*** SUMMARY ***
Total pot 800 | Rake 0 
Board [5c Td 7s 5h 8h]
Seat 1: fanilu3 (big blind) folded before Flop
Seat 2: Mahu2021 (button) showed [As Ac] and won (800) with two pair, Aces and Fives
Seat 3: Sandra0610 (small blind) showed [Kh Qh] and lost with a pair of Fives



PokerStars Hand #243171085971: Tournament #3579328586, $0.92+$0.08 USD Hold'em No Limit - Level I (10/20) - 2023/04/18 18:31:38 CET [2023/04/18 12:31:38 ET]
Table '3579328586 1' 3-max Seat #1 is the button
Seat 1: fanilu3 (540 in chips) 
Seat 2: Mahu2021 (960 in chips) 
fanilu3: posts small blind 10
Mahu2021: posts big blind 20
*** HOLE CARDS ***
Dealt to Mahu2021 [6c 9c]
fanilu3: calls 10
Mahu2021: checks 
*** FLOP *** [2d 5d 2h]
Mahu2021: checks 
fanilu3: bets 20
Mahu2021: folds 
Uncalled bet (20) returned to fanilu3
fanilu3 collected 40 from pot
*** SUMMARY ***
Total pot 40 | Rake 0 
Board [2d 5d 2h]
Seat 1: fanilu3 (button) (small blind) collected (40)
Seat 2: Mahu2021 (big blind) folded on the Flop



PokerStars Hand #243171089686: Tournament #3579328586, $0.92+$0.08 USD Hold'em No Limit - Level I (10/20) - 2023/04/18 18:31:50 CET [2023/04/18 12:31:50 ET]
Table '3579328586 1' 3-max Seat #2 is the button
Seat 1: fanilu3 (560 in chips) 
Seat 2: Mahu2021 (940 in chips) 
Mahu2021: posts small blind 10
fanilu3: posts big blind 20
*** HOLE CARDS ***
Dealt to Mahu2021 [9d 8c]
Mahu2021: calls 10
fanilu3: checks 
*** FLOP *** [8d 2c 7d]
fanilu3: checks 
Mahu2021: bets 20
fanilu3: folds 
Uncalled bet (20) returned to Mahu2021
Mahu2021 collected 40 from pot
Mahu2021: doesn't show hand 
*** SUMMARY ***
Total pot 40 | Rake 0 
Board [8d 2c 7d]
Seat 1: fanilu3 (big blind) folded on the Flop
Seat 2: Mahu2021 (button) (small blind) collected (40)



PokerStars Hand #243171093149: Tournament #3579328586, $0.92+$0.08 USD Hold'em No Limit - Level I (10/20) - 2023/04/18 18:32:01 CET [2023/04/18 12:32:01 ET]
Table '3579328586 1' 3-max Seat #1 is the button
Seat 1: fanilu3 (540 in chips) 
Seat 2: Mahu2021 (960 in chips) 
fanilu3: posts small blind 10
Mahu2021: posts big blind 20
*** HOLE CARDS ***
Dealt to Mahu2021 [Qs 5s]
fanilu3: calls 10
Mahu2021: checks 
*** FLOP *** [3h Tc Jd]
Mahu2021: checks 
fanilu3: bets 20
Mahu2021: calls 20
*** TURN *** [3h Tc Jd] [6h]
Mahu2021: checks 
fanilu3: bets 20
Mahu2021: folds 
Uncalled bet (20) returned to fanilu3
fanilu3 collected 80 from pot
*** SUMMARY ***
Total pot 80 | Rake 0 
Board [3h Tc Jd 6h]
Seat 1: fanilu3 (button) (small blind) collected (80)
Seat 2: Mahu2021 (big blind) folded on the Turn



PokerStars Hand #243171097773: Tournament #3579328586, $0.92+$0.08 USD Hold'em No Limit - Level I (10/20) - 2023/04/18 18:32:16 CET [2023/04/18 12:32:16 ET]
Table '3579328586 1' 3-max Seat #2 is the button
Seat 1: fanilu3 (580 in chips) 
Seat 2: Mahu2021 (920 in chips) 
Mahu2021: posts small blind 10
fanilu3: posts big blind 20
*** HOLE CARDS ***
Dealt to Mahu2021 [Qs 7h]
Mahu2021: calls 10
fanilu3: checks 
*** FLOP *** [Ad 4s 6c]
fanilu3: checks 
Mahu2021: bets 20
fanilu3: folds 
Uncalled bet (20) returned to Mahu2021
Mahu2021 collected 40 from pot
Mahu2021: doesn't show hand 
*** SUMMARY ***
Total pot 40 | Rake 0 
Board [Ad 4s 6c]
Seat 1: fanilu3 (big blind) folded on the Flop
Seat 2: Mahu2021 (button) (small blind) collected (40)



PokerStars Hand #243171100884: Tournament #3579328586, $0.92+$0.08 USD Hold'em No Limit - Level I (10/20) - 2023/04/18 18:32:26 CET [2023/04/18 12:32:26 ET]
Table '3579328586 1' 3-max Seat #1 is the button
Seat 1: fanilu3 (560 in chips) 
Seat 2: Mahu2021 (940 in chips) 
fanilu3: posts small blind 10
Mahu2021: posts big blind 20
*** HOLE CARDS ***
Dealt to Mahu2021 [7c 2s]
fanilu3: calls 10
Mahu2021: checks 
*** FLOP *** [7h 2d 2c]
Mahu2021: checks 
fanilu3: checks 
*** TURN *** [7h 2d 2c] [8d]
Mahu2021: checks 
fanilu3: bets 20
Mahu2021: raises 20 to 40
fanilu3: calls 20
*** RIVER *** [7h 2d 2c 8d] [4d]
Mahu2021: bets 120
fanilu3: folds 
Uncalled bet (120) returned to Mahu2021
Mahu2021 collected 120 from pot
Mahu2021: doesn't show hand 
*** SUMMARY ***
Total pot 120 | Rake 0 
Board [7h 2d 2c 8d 4d]
Seat 1: fanilu3 (button) (small blind) folded on the River
Seat 2: Mahu2021 (big blind) collected (120)



PokerStars Hand #243171107880: Tournament #3579328586, $0.92+$0.08 USD Hold'em No Limit - Level II (15/30) - 2023/04/18 18:32:48 CET [2023/04/18 12:32:48 ET]
Table '3579328586 1' 3-max Seat #2 is the button
Seat 1: fanilu3 (500 in chips) 
Seat 2: Mahu2021 (1000 in chips) 
Mahu2021: posts small blind 15
fanilu3: posts big blind 30
*** HOLE CARDS ***
Dealt to Mahu2021 [8c 2h]
Mahu2021: folds 
Uncalled bet (15) returned to fanilu3
fanilu3 collected 30 from pot
*** SUMMARY ***
Total pot 30 | Rake 0 
Seat 1: fanilu3 (big blind) collected (30)
Seat 2: Mahu2021 (button) (small blind) folded before Flop



PokerStars Hand #243171109346: Tournament #3579328586, $0.92+$0.08 USD Hold'em No Limit - Level II (15/30) - 2023/04/18 18:32:52 CET [2023/04/18 12:32:52 ET]
Table '3579328586 1' 3-max Seat #1 is the button
Seat 1: fanilu3 (515 in chips) 
Seat 2: Mahu2021 (985 in chips) 
fanilu3: posts small blind 15
Mahu2021: posts big blind 30
*** HOLE CARDS ***
Dealt to Mahu2021 [6c 3s]
fanilu3: calls 15
Mahu2021: checks 
*** FLOP *** [Qc Qs Ks]
Mahu2021: checks 
fanilu3: checks 
*** TURN *** [Qc Qs Ks] [5d]
Mahu2021: checks 
fanilu3: checks 
*** RIVER *** [Qc Qs Ks 5d] [Tc]
Mahu2021: checks 
fanilu3: checks 
*** SHOW DOWN ***
Mahu2021: shows [6c 3s] (a pair of Queens)
fanilu3: shows [3h 9s] (a pair of Queens - King+Ten+Nine kicker)
fanilu3 collected 60 from pot
*** SUMMARY ***
Total pot 60 | Rake 0 
Board [Qc Qs Ks 5d Tc]
Seat 1: fanilu3 (button) (small blind) showed [3h 9s] and won (60) with a pair of Queens
Seat 2: Mahu2021 (big blind) showed [6c 3s] and lost with a pair of Queens



PokerStars Hand #243171113389: Tournament #3579328586, $0.92+$0.08 USD Hold'em No Limit - Level II (15/30) - 2023/04/18 18:33:05 CET [2023/04/18 12:33:05 ET]
Table '3579328586 1' 3-max Seat #2 is the button
Seat 1: fanilu3 (545 in chips) 
Seat 2: Mahu2021 (955 in chips) 
Mahu2021: posts small blind 15
fanilu3: posts big blind 30
*** HOLE CARDS ***
Dealt to Mahu2021 [2h Td]
Mahu2021: folds 
Uncalled bet (15) returned to fanilu3
fanilu3 collected 30 from pot
*** SUMMARY ***
Total pot 30 | Rake 0 
Seat 1: fanilu3 (big blind) collected (30)
Seat 2: Mahu2021 (button) (small blind) folded before Flop



PokerStars Hand #243171114952: Tournament #3579328586, $0.92+$0.08 USD Hold'em No Limit - Level II (15/30) - 2023/04/18 18:33:10 CET [2023/04/18 12:33:10 ET]
Table '3579328586 1' 3-max Seat #1 is the button
Seat 1: fanilu3 (560 in chips) 
Seat 2: Mahu2021 (940 in chips) 
fanilu3: posts small blind 15
Mahu2021: posts big blind 30
*** HOLE CARDS ***
Dealt to Mahu2021 [4d 4h]
fanilu3: calls 15
Mahu2021: raises 910 to 940 and is all-in
fanilu3: folds 
Uncalled bet (910) returned to Mahu2021
Mahu2021 collected 60 from pot
Mahu2021: doesn't show hand 
*** SUMMARY ***
Total pot 60 | Rake 0 
Seat 1: fanilu3 (button) (small blind) folded before Flop
Seat 2: Mahu2021 (big blind) collected (60)



PokerStars Hand #243171117345: Tournament #3579328586, $0.92+$0.08 USD Hold'em No Limit - Level II (15/30) - 2023/04/18 18:33:18 CET [2023/04/18 12:33:18 ET]
Table '3579328586 1' 3-max Seat #2 is the button
Seat 1: fanilu3 (530 in chips) 
Seat 2: Mahu2021 (970 in chips) 
Mahu2021: posts small blind 15
fanilu3: posts big blind 30
*** HOLE CARDS ***
Dealt to Mahu2021 [7h Th]
Mahu2021: calls 15
fanilu3: checks 
*** FLOP *** [Tc 4h 3s]
fanilu3: checks 
Mahu2021: bets 30
fanilu3: folds 
Uncalled bet (30) returned to Mahu2021
Mahu2021 collected 60 from pot
Mahu2021: doesn't show hand 
*** SUMMARY ***
Total pot 60 | Rake 0 
Board [Tc 4h 3s]
Seat 1: fanilu3 (big blind) folded on the Flop
Seat 2: Mahu2021 (button) (small blind) collected (60)



PokerStars Hand #243171120787: Tournament #3579328586, $0.92+$0.08 USD Hold'em No Limit - Level II (15/30) - 2023/04/18 18:33:28 CET [2023/04/18 12:33:28 ET]
Table '3579328586 1' 3-max Seat #1 is the button
Seat 1: fanilu3 (500 in chips) 
Seat 2: Mahu2021 (1000 in chips) 
fanilu3: posts small blind 15
Mahu2021: posts big blind 30
*** HOLE CARDS ***
Dealt to Mahu2021 [6d 5c]
fanilu3: raises 30 to 60
Mahu2021: calls 30
*** FLOP *** [Ac 3d Kd]
Mahu2021: checks 
fanilu3: bets 30
Mahu2021: folds 
Uncalled bet (30) returned to fanilu3
fanilu3 collected 120 from pot
*** SUMMARY ***
Total pot 120 | Rake 0 
Board [Ac 3d Kd]
Seat 1: fanilu3 (button) (small blind) collected (120)
Seat 2: Mahu2021 (big blind) folded on the Flop



PokerStars Hand #243171124458: Tournament #3579328586, $0.92+$0.08 USD Hold'em No Limit - Level II (15/30) - 2023/04/18 18:33:40 CET [2023/04/18 12:33:40 ET]
Table '3579328586 1' 3-max Seat #2 is the button
Seat 1: fanilu3 (560 in chips) 
Seat 2: Mahu2021 (940 in chips) 
Mahu2021: posts small blind 15
fanilu3: posts big blind 30
*** HOLE CARDS ***
Dealt to Mahu2021 [3s 5h]
Mahu2021: calls 15
fanilu3: checks 
*** FLOP *** [Qs 6d Ad]
fanilu3: checks 
Mahu2021: bets 30
fanilu3: folds 
Uncalled bet (30) returned to Mahu2021
Mahu2021 collected 60 from pot
Mahu2021: doesn't show hand 
*** SUMMARY ***
Total pot 60 | Rake 0 
Board [Qs 6d Ad]
Seat 1: fanilu3 (big blind) folded on the Flop
Seat 2: Mahu2021 (button) (small blind) collected (60)



PokerStars Hand #243171127667: Tournament #3579328586, $0.92+$0.08 USD Hold'em No Limit - Level II (15/30) - 2023/04/18 18:33:50 CET [2023/04/18 12:33:50 ET]
Table '3579328586 1' 3-max Seat #1 is the button
Seat 1: fanilu3 (530 in chips) 
Seat 2: Mahu2021 (970 in chips) 
fanilu3: posts small blind 15
Mahu2021: posts big blind 30
*** HOLE CARDS ***
Dealt to Mahu2021 [9d 5d]
fanilu3: raises 30 to 60
Mahu2021: calls 30
*** FLOP *** [Ad 4d Jh]
Mahu2021: checks 
fanilu3: bets 60
Mahu2021: calls 60
*** TURN *** [Ad 4d Jh] [8d]
Mahu2021: checks 
fanilu3: bets 60
Mahu2021: raises 120 to 180
fanilu3: calls 120
*** RIVER *** [Ad 4d Jh 8d] [4h]
Mahu2021: bets 670 and is all-in
fanilu3: calls 230 and is all-in
Uncalled bet (440) returned to Mahu2021
*** SHOW DOWN ***
Mahu2021: shows [9d 5d] (a flush, Ace high)
fanilu3: shows [4s 8s] (a full house, Fours full of Eights)
fanilu3 collected 1060 from pot
*** SUMMARY ***
Total pot 1060 | Rake 0 
Board [Ad 4d Jh 8d 4h]
Seat 1: fanilu3 (button) (small blind) showed [4s 8s] and won (1060) with a full house, Fours full of Eights
Seat 2: Mahu2021 (big blind) showed [9d 5d] and lost with a flush, Ace high



PokerStars Hand #243171136741: Tournament #3579328586, $0.92+$0.08 USD Hold'em No Limit - Level II (15/30) - 2023/04/18 18:34:18 CET [2023/04/18 12:34:18 ET]
Table '3579328586 1' 3-max Seat #2 is the button
Seat 1: fanilu3 (1060 in chips) 
Seat 2: Mahu2021 (440 in chips) 
Mahu2021: posts small blind 15
fanilu3: posts big blind 30
*** HOLE CARDS ***
Dealt to Mahu2021 [Js 9s]
Mahu2021: raises 30 to 60
fanilu3: folds 
Uncalled bet (30) returned to Mahu2021
Mahu2021 collected 60 from pot
Mahu2021: doesn't show hand 
*** SUMMARY ***
Total pot 60 | Rake 0 
Seat 1: fanilu3 (big blind) folded before Flop
Seat 2: Mahu2021 (button) (small blind) collected (60)



PokerStars Hand #243171139225: Tournament #3579328586, $0.92+$0.08 USD Hold'em No Limit - Level II (15/30) - 2023/04/18 18:34:26 CET [2023/04/18 12:34:26 ET]
Table '3579328586 1' 3-max Seat #1 is the button
Seat 1: fanilu3 (1030 in chips) 
Seat 2: Mahu2021 (470 in chips) 
fanilu3: posts small blind 15
Mahu2021: posts big blind 30
*** HOLE CARDS ***
Dealt to Mahu2021 [Ah Th]
fanilu3: calls 15
Mahu2021: raises 60 to 90
fanilu3: calls 60
*** FLOP *** [Qh 3c 8c]
Mahu2021: checks 
fanilu3: checks 
*** TURN *** [Qh 3c 8c] [Ts]
Mahu2021: bets 180
fanilu3: raises 760 to 940 and is all-in
Mahu2021: calls 200 and is all-in
Uncalled bet (560) returned to fanilu3
*** RIVER *** [Qh 3c 8c Ts] [2d]
*** SHOW DOWN ***
Mahu2021: shows [Ah Th] (a pair of Tens)
fanilu3: shows [4h 8h] (a pair of Eights)
Mahu2021 collected 940 from pot
*** SUMMARY ***
Total pot 940 | Rake 0 
Board [Qh 3c 8c Ts 2d]
Seat 1: fanilu3 (button) (small blind) showed [4h 8h] and lost with a pair of Eights
Seat 2: Mahu2021 (big blind) showed [Ah Th] and won (940) with a pair of Tens



PokerStars Hand #243171146259: Tournament #3579328586, $0.92+$0.08 USD Hold'em No Limit - Level II (15/30) - 2023/04/18 18:34:48 CET [2023/04/18 12:34:48 ET]
Table '3579328586 1' 3-max Seat #2 is the button
Seat 1: fanilu3 (560 in chips) 
Seat 2: Mahu2021 (940 in chips) 
Mahu2021: posts small blind 15
fanilu3: posts big blind 30
*** HOLE CARDS ***
Dealt to Mahu2021 [Th Qs]
Mahu2021: raises 30 to 60
fanilu3: calls 30
*** FLOP *** [6s Ks 7s]
fanilu3: bets 500 and is all-in
Mahu2021: folds 
Uncalled bet (500) returned to fanilu3
fanilu3 collected 120 from pot
*** SUMMARY ***
Total pot 120 | Rake 0 
Board [6s Ks 7s]
Seat 1: fanilu3 (big blind) collected (120)
Seat 2: Mahu2021 (button) (small blind) folded on the Flop



PokerStars Hand #243171151077: Tournament #3579328586, $0.92+$0.08 USD Hold'em No Limit - Level II (15/30) - 2023/04/18 18:35:03 CET [2023/04/18 12:35:03 ET]
Table '3579328586 1' 3-max Seat #1 is the button
Seat 1: fanilu3 (620 in chips) 
Seat 2: Mahu2021 (880 in chips) 
fanilu3: posts small blind 15
Mahu2021: posts big blind 30
*** HOLE CARDS ***
Dealt to Mahu2021 [2c 2d]
fanilu3: raises 30 to 60
Mahu2021: raises 820 to 880 and is all-in
fanilu3: calls 560 and is all-in
Uncalled bet (260) returned to Mahu2021
*** FLOP *** [As Jh 9s]
*** TURN *** [As Jh 9s] [Qh]
*** RIVER *** [As Jh 9s Qh] [6d]
*** SHOW DOWN ***
Mahu2021: shows [2c 2d] (a pair of Deuces)
fanilu3: shows [Jc Kc] (a pair of Jacks)
fanilu3 collected 1240 from pot
*** SUMMARY ***
Total pot 1240 | Rake 0 
Board [As Jh 9s Qh 6d]
Seat 1: fanilu3 (button) (small blind) showed [Jc Kc] and won (1240) with a pair of Jacks
Seat 2: Mahu2021 (big blind) showed [2c 2d] and lost with a pair of Deuces



PokerStars Hand #243171155467: Tournament #3579328586, $0.92+$0.08 USD Hold'em No Limit - Level II (15/30) - 2023/04/18 18:35:17 CET [2023/04/18 12:35:17 ET]
Table '3579328586 1' 3-max Seat #2 is the button
Seat 1: fanilu3 (1240 in chips) 
Seat 2: Mahu2021 (260 in chips) 
Mahu2021: posts small blind 15
fanilu3: posts big blind 30
*** HOLE CARDS ***
Dealt to Mahu2021 [As 9s]
Mahu2021: raises 230 to 260 and is all-in
fanilu3: calls 230
*** FLOP *** [9c 8s 7c]
*** TURN *** [9c 8s 7c] [6h]
*** RIVER *** [9c 8s 7c 6h] [2h]
*** SHOW DOWN ***
fanilu3: shows [Kh 9d] (a pair of Nines)
Mahu2021: shows [As 9s] (a pair of Nines - Ace kicker)
Mahu2021 collected 520 from pot
*** SUMMARY ***
Total pot 520 | Rake 0 
Board [9c 8s 7c 6h 2h]
Seat 1: fanilu3 (big blind) showed [Kh 9d] and lost with a pair of Nines
Seat 2: Mahu2021 (button) (small blind) showed [As 9s] and won (520) with a pair of Nines



PokerStars Hand #243171159693: Tournament #3579328586, $0.92+$0.08 USD Hold'em No Limit - Level II (15/30) - 2023/04/18 18:35:30 CET [2023/04/18 12:35:30 ET]
Table '3579328586 1' 3-max Seat #1 is the button
Seat 1: fanilu3 (980 in chips) 
Seat 2: Mahu2021 (520 in chips) 
fanilu3: posts small blind 15
Mahu2021: posts big blind 30
*** HOLE CARDS ***
Dealt to Mahu2021 [3c 6d]
fanilu3: calls 15
Mahu2021: checks 
*** FLOP *** [2s Kd 7c]
Mahu2021: checks 
fanilu3: checks 
*** TURN *** [2s Kd 7c] [5d]
Mahu2021: bets 30
fanilu3: folds 
Uncalled bet (30) returned to Mahu2021
Mahu2021 collected 60 from pot
Mahu2021: doesn't show hand 
*** SUMMARY ***
Total pot 60 | Rake 0 
Board [2s Kd 7c 5d]
Seat 1: fanilu3 (button) (small blind) folded on the Turn
Seat 2: Mahu2021 (big blind) collected (60)



PokerStars Hand #243171164157: Tournament #3579328586, $0.92+$0.08 USD Hold'em No Limit - Level III (20/40) - 2023/04/18 18:35:44 CET [2023/04/18 12:35:44 ET]
Table '3579328586 1' 3-max Seat #2 is the button
Seat 1: fanilu3 (950 in chips) 
Seat 2: Mahu2021 (550 in chips) 
Mahu2021: posts small blind 20
fanilu3: posts big blind 40
*** HOLE CARDS ***
Dealt to Mahu2021 [Ad Ks]
Mahu2021: raises 510 to 550 and is all-in
fanilu3: folds 
Uncalled bet (510) returned to Mahu2021
Mahu2021 collected 80 from pot
Mahu2021: doesn't show hand 
*** SUMMARY ***
Total pot 80 | Rake 0 
Seat 1: fanilu3 (big blind) folded before Flop
Seat 2: Mahu2021 (button) (small blind) collected (80)



PokerStars Hand #243171166200: Tournament #3579328586, $0.92+$0.08 USD Hold'em No Limit - Level III (20/40) - 2023/04/18 18:35:51 CET [2023/04/18 12:35:51 ET]
Table '3579328586 1' 3-max Seat #1 is the button
Seat 1: fanilu3 (910 in chips) 
Seat 2: Mahu2021 (590 in chips) 
fanilu3: posts small blind 20
Mahu2021: posts big blind 40
*** HOLE CARDS ***
Dealt to Mahu2021 [Qh 5c]
fanilu3: raises 40 to 80
Mahu2021: calls 40
*** FLOP *** [8s Jc 6c]
Mahu2021: checks 
fanilu3: bets 40
Mahu2021: folds 
Uncalled bet (40) returned to fanilu3
fanilu3 collected 160 from pot
*** SUMMARY ***
Total pot 160 | Rake 0 
Board [8s Jc 6c]
Seat 1: fanilu3 (button) (small blind) collected (160)
Seat 2: Mahu2021 (big blind) folded on the Flop



PokerStars Hand #243171169621: Tournament #3579328586, $0.92+$0.08 USD Hold'em No Limit - Level III (20/40) - 2023/04/18 18:36:02 CET [2023/04/18 12:36:02 ET]
Table '3579328586 1' 3-max Seat #2 is the button
Seat 1: fanilu3 (990 in chips) 
Seat 2: Mahu2021 (510 in chips) 
Mahu2021: posts small blind 20
fanilu3: posts big blind 40
*** HOLE CARDS ***
Dealt to Mahu2021 [5s 3h]
Mahu2021: calls 20
fanilu3: checks 
*** FLOP *** [6s Qd 4d]
fanilu3: checks 
Mahu2021: bets 40
fanilu3: folds 
Uncalled bet (40) returned to Mahu2021
Mahu2021 collected 80 from pot
Mahu2021: doesn't show hand 
*** SUMMARY ***
Total pot 80 | Rake 0 
Board [6s Qd 4d]
Seat 1: fanilu3 (big blind) folded on the Flop
Seat 2: Mahu2021 (button) (small blind) collected (80)



PokerStars Hand #243171173736: Tournament #3579328586, $0.92+$0.08 USD Hold'em No Limit - Level III (20/40) - 2023/04/18 18:36:14 CET [2023/04/18 12:36:14 ET]
Table '3579328586 1' 3-max Seat #1 is the button
Seat 1: fanilu3 (950 in chips) 
Seat 2: Mahu2021 (550 in chips) 
fanilu3: posts small blind 20
Mahu2021: posts big blind 40
*** HOLE CARDS ***
Dealt to Mahu2021 [Ad 8s]
fanilu3: calls 20
Mahu2021: checks 
*** FLOP *** [5s 7d 4d]
Mahu2021: bets 40
fanilu3: calls 40
*** TURN *** [5s 7d 4d] [9c]
Mahu2021: checks 
fanilu3: bets 40
Mahu2021: calls 40
*** RIVER *** [5s 7d 4d 9c] [8h]
Mahu2021: bets 430 and is all-in
fanilu3: calls 430
*** SHOW DOWN ***
Mahu2021: shows [Ad 8s] (a pair of Eights)
fanilu3: shows [6d 9s] (a straight, Five to Nine)
fanilu3 collected 1100 from pot
Mahu2021 finished the tournament in 2nd place
fanilu3 wins the tournament and receives $3.00 - congratulations!
*** SUMMARY ***
Total pot 1100 | Rake 0 
Board [5s 7d 4d 9c 8h]
Seat 1: fanilu3 (button) (small blind) showed [6d 9s] and won (1100) with a straight, Five to Nine
Seat 2: Mahu2021 (big blind) showed [Ad 8s] and lost with a pair of Eights



