PokerStars Hand #249594416526: Tournament #3732945074, $1.84+$0.16 USD Hold'em No Limit - Level I (10/20) - 2024/03/24 14:03:38 CET [2024/03/24 9:03:38 ET]
Table '3732945074 1' 3-max Seat #1 is the button
Seat 1: Leritoros (500 in chips) 
Seat 2: Mahu2021 (500 in chips) 
Seat 3: asana702 (500 in chips) 
Mahu2021: posts small blind 10
asana702: posts big blind 20
*** HOLE CARDS ***
Dealt to Mahu2021 [Th Kc]
Leritoros: raises 20 to 40
Mahu2021: calls 30
asana702: raises 460 to 500 and is all-in
Leritoros: folds 
Mahu2021: folds 
Uncalled bet (460) returned to asana702
asana702 collected 120 from pot
asana702: doesn't show hand 
*** SUMMARY ***
Total pot 120 | Rake 0 
Seat 1: Leritoros (button) folded before Flop
Seat 2: Mahu2021 (small blind) folded before Flop
Seat 3: asana702 (big blind) collected (120)



PokerStars Hand #249594419032: Tournament #3732945074, $1.84+$0.16 USD Hold'em No Limit - Level I (10/20) - 2024/03/24 14:03:51 CET [2024/03/24 9:03:51 ET]
Table '3732945074 1' 3-max Seat #2 is the button
Seat 1: Leritoros (460 in chips) 
Seat 2: Mahu2021 (460 in chips) 
Seat 3: asana702 (580 in chips) 
asana702: posts small blind 10
Leritoros: posts big blind 20
*** HOLE CARDS ***
Dealt to Mahu2021 [8h Kh]
Mahu2021: raises 20 to 40
asana702: folds 
Leritoros: calls 20
*** FLOP *** [Ts Ad 7d]
Leritoros: checks 
Mahu2021: bets 40
Leritoros: folds 
Uncalled bet (40) returned to Mahu2021
Mahu2021 collected 90 from pot
Mahu2021: doesn't show hand 
*** SUMMARY ***
Total pot 90 | Rake 0 
Board [Ts Ad 7d]
Seat 1: Leritoros (big blind) folded on the Flop
Seat 2: Mahu2021 (button) collected (90)
Seat 3: asana702 (small blind) folded before Flop



PokerStars Hand #249594421832: Tournament #3732945074, $1.84+$0.16 USD Hold'em No Limit - Level I (10/20) - 2024/03/24 14:04:04 CET [2024/03/24 9:04:04 ET]
Table '3732945074 1' 3-max Seat #3 is the button
Seat 1: Leritoros (420 in chips) 
Seat 2: Mahu2021 (510 in chips) 
Seat 3: asana702 (570 in chips) 
Leritoros: posts small blind 10
Mahu2021: posts big blind 20
*** HOLE CARDS ***
Dealt to Mahu2021 [As Jh]
asana702: raises 550 to 570 and is all-in
Leritoros: folds 
Mahu2021: calls 490 and is all-in
Uncalled bet (60) returned to asana702
*** FLOP *** [Kh 2s 9d]
*** TURN *** [Kh 2s 9d] [4c]
*** RIVER *** [Kh 2s 9d 4c] [Qd]
*** SHOW DOWN ***
Mahu2021: shows [As Jh] (high card Ace)
asana702: shows [Ah Kc] (a pair of Kings)
asana702 collected 1030 from pot
Mahu2021 finished the tournament in 3rd place
*** SUMMARY ***
Total pot 1030 | Rake 0 
Board [Kh 2s 9d 4c Qd]
Seat 1: Leritoros (small blind) folded before Flop
Seat 2: Mahu2021 (big blind) showed [As Jh] and lost with high card Ace
Seat 3: asana702 (button) showed [Ah Kc] and won (1030) with a pair of Kings



