PokerStars Hand #244374838864: Tournament #3606849068, $0.92+$0.08 USD Hold'em No Limit - Level I (10/20) - 2023/06/20 19:46:21 CET [2023/06/20 13:46:21 ET]
Table '3606849068 1' 3-max Seat #1 is the button
Seat 1: Blyfas (500 in chips) 
Seat 2: Genesis3435 (500 in chips) 
Seat 3: Mahu2021 (500 in chips) 
Genesis3435: posts small blind 10
Mahu2021: posts big blind 20
*** HOLE CARDS ***
Dealt to Mahu2021 [Ac 6d]
Blyfas: raises 20 to 40
Genesis3435: folds 
Mahu2021: calls 20
*** FLOP *** [2s Kh 4s]
Mahu2021: checks 
Blyfas: checks 
*** TURN *** [2s Kh 4s] [8d]
Mahu2021: checks 
Blyfas: bets 20
Mahu2021: calls 20
*** RIVER *** [2s Kh 4s 8d] [4c]
Mahu2021: checks 
Blyfas: bets 50
Mahu2021: folds 
Uncalled bet (50) returned to Blyfas
Blyfas collected 130 from pot
Blyfas: doesn't show hand 
*** SUMMARY ***
Total pot 130 | Rake 0 
Board [2s Kh 4s 8d 4c]
Seat 1: Blyfas (button) collected (130)
Seat 2: Genesis3435 (small blind) folded before Flop
Seat 3: Mahu2021 (big blind) folded on the River



PokerStars Hand #244374846196: Tournament #3606849068, $0.92+$0.08 USD Hold'em No Limit - Level I (10/20) - 2023/06/20 19:46:48 CET [2023/06/20 13:46:48 ET]
Table '3606849068 1' 3-max Seat #2 is the button
Seat 1: Blyfas (570 in chips) 
Seat 2: Genesis3435 (490 in chips) 
Seat 3: Mahu2021 (440 in chips) 
Mahu2021: posts small blind 10
Blyfas: posts big blind 20
*** HOLE CARDS ***
Dealt to Mahu2021 [8s 2d]
Genesis3435: folds 
Mahu2021: folds 
Uncalled bet (10) returned to Blyfas
Blyfas collected 20 from pot
Blyfas: doesn't show hand 
*** SUMMARY ***
Total pot 20 | Rake 0 
Seat 1: Blyfas (big blind) collected (20)
Seat 2: Genesis3435 (button) folded before Flop (didn't bet)
Seat 3: Mahu2021 (small blind) folded before Flop



PokerStars Hand #244374847468: Tournament #3606849068, $0.92+$0.08 USD Hold'em No Limit - Level I (10/20) - 2023/06/20 19:46:52 CET [2023/06/20 13:46:52 ET]
Table '3606849068 1' 3-max Seat #3 is the button
Seat 1: Blyfas (580 in chips) 
Seat 2: Genesis3435 (490 in chips) 
Seat 3: Mahu2021 (430 in chips) 
Blyfas: posts small blind 10
Genesis3435: posts big blind 20
*** HOLE CARDS ***
Dealt to Mahu2021 [5c Kh]
Mahu2021: folds 
Blyfas: calls 10
Genesis3435: checks 
*** FLOP *** [8c Th 9c]
Blyfas: checks 
Genesis3435: checks 
*** TURN *** [8c Th 9c] [6h]
Blyfas: checks 
Genesis3435: bets 20
Blyfas: calls 20
*** RIVER *** [8c Th 9c 6h] [4d]
Blyfas: checks 
Genesis3435: checks 
*** SHOW DOWN ***
Blyfas: shows [5s Ks] (high card King)
Genesis3435: mucks hand 
Blyfas collected 80 from pot
*** SUMMARY ***
Total pot 80 | Rake 0 
Board [8c Th 9c 6h 4d]
Seat 1: Blyfas (small blind) showed [5s Ks] and won (80) with high card King
Seat 2: Genesis3435 (big blind) mucked [Qh 3d]
Seat 3: Mahu2021 (button) folded before Flop (didn't bet)



PokerStars Hand #244374854772: Tournament #3606849068, $0.92+$0.08 USD Hold'em No Limit - Level I (10/20) - 2023/06/20 19:47:18 CET [2023/06/20 13:47:18 ET]
Table '3606849068 1' 3-max Seat #1 is the button
Seat 1: Blyfas (620 in chips) 
Seat 2: Genesis3435 (450 in chips) 
Seat 3: Mahu2021 (430 in chips) 
Genesis3435: posts small blind 10
Mahu2021: posts big blind 20
*** HOLE CARDS ***
Dealt to Mahu2021 [Jc 8h]
Blyfas: raises 20 to 40
Genesis3435: calls 30
Mahu2021: calls 20
*** FLOP *** [Ah 7s Ac]
Genesis3435: checks 
Mahu2021: checks 
Blyfas: bets 20
Genesis3435: folds 
Mahu2021: folds 
Uncalled bet (20) returned to Blyfas
Blyfas collected 120 from pot
Blyfas: doesn't show hand 
*** SUMMARY ***
Total pot 120 | Rake 0 
Board [Ah 7s Ac]
Seat 1: Blyfas (button) collected (120)
Seat 2: Genesis3435 (small blind) folded on the Flop
Seat 3: Mahu2021 (big blind) folded on the Flop



PokerStars Hand #244374859461: Tournament #3606849068, $0.92+$0.08 USD Hold'em No Limit - Level I (10/20) - 2023/06/20 19:47:35 CET [2023/06/20 13:47:35 ET]
Table '3606849068 1' 3-max Seat #2 is the button
Seat 1: Blyfas (700 in chips) 
Seat 2: Genesis3435 (410 in chips) 
Seat 3: Mahu2021 (390 in chips) 
Mahu2021: posts small blind 10
Blyfas: posts big blind 20
*** HOLE CARDS ***
Dealt to Mahu2021 [Td 7s]
Genesis3435: folds 
Mahu2021: folds 
Uncalled bet (10) returned to Blyfas
Blyfas collected 20 from pot
Blyfas: doesn't show hand 
*** SUMMARY ***
Total pot 20 | Rake 0 
Seat 1: Blyfas (big blind) collected (20)
Seat 2: Genesis3435 (button) folded before Flop (didn't bet)
Seat 3: Mahu2021 (small blind) folded before Flop



PokerStars Hand #244374860854: Tournament #3606849068, $0.92+$0.08 USD Hold'em No Limit - Level I (10/20) - 2023/06/20 19:47:40 CET [2023/06/20 13:47:40 ET]
Table '3606849068 1' 3-max Seat #3 is the button
Seat 1: Blyfas (710 in chips) 
Seat 2: Genesis3435 (410 in chips) 
Seat 3: Mahu2021 (380 in chips) 
Blyfas: posts small blind 10
Genesis3435: posts big blind 20
*** HOLE CARDS ***
Dealt to Mahu2021 [2d 6c]
Mahu2021: folds 
Blyfas: folds 
Uncalled bet (10) returned to Genesis3435
Genesis3435 collected 20 from pot
*** SUMMARY ***
Total pot 20 | Rake 0 
Seat 1: Blyfas (small blind) folded before Flop
Seat 2: Genesis3435 (big blind) collected (20)
Seat 3: Mahu2021 (button) folded before Flop (didn't bet)



PokerStars Hand #244374865113: Tournament #3606849068, $0.92+$0.08 USD Hold'em No Limit - Level I (10/20) - 2023/06/20 19:47:56 CET [2023/06/20 13:47:56 ET]
Table '3606849068 1' 3-max Seat #1 is the button
Seat 1: Blyfas (700 in chips) 
Seat 2: Genesis3435 (420 in chips) 
Seat 3: Mahu2021 (380 in chips) 
Genesis3435: posts small blind 10
Mahu2021: posts big blind 20
*** HOLE CARDS ***
Dealt to Mahu2021 [7h Jd]
Blyfas: folds 
Genesis3435: calls 10
Mahu2021: checks 
*** FLOP *** [3h Qd 7d]
Genesis3435: bets 20
Mahu2021: calls 20
*** TURN *** [3h Qd 7d] [4d]
Genesis3435: checks 
Mahu2021: bets 40
Genesis3435: calls 40
*** RIVER *** [3h Qd 7d 4d] [4c]
Genesis3435: checks 
Mahu2021: checks 
*** SHOW DOWN ***
Genesis3435: shows [5d Kh] (a pair of Fours)
Mahu2021: shows [7h Jd] (two pair, Sevens and Fours)
Mahu2021 collected 160 from pot
*** SUMMARY ***
Total pot 160 | Rake 0 
Board [3h Qd 7d 4d 4c]
Seat 1: Blyfas (button) folded before Flop (didn't bet)
Seat 2: Genesis3435 (small blind) showed [5d Kh] and lost with a pair of Fours
Seat 3: Mahu2021 (big blind) showed [7h Jd] and won (160) with two pair, Sevens and Fours



PokerStars Hand #244374871402: Tournament #3606849068, $0.92+$0.08 USD Hold'em No Limit - Level I (10/20) - 2023/06/20 19:48:18 CET [2023/06/20 13:48:18 ET]
Table '3606849068 1' 3-max Seat #2 is the button
Seat 1: Blyfas (700 in chips) 
Seat 2: Genesis3435 (340 in chips) 
Seat 3: Mahu2021 (460 in chips) 
Mahu2021: posts small blind 10
Blyfas: posts big blind 20
*** HOLE CARDS ***
Dealt to Mahu2021 [9d Ah]
Genesis3435: raises 320 to 340 and is all-in
Mahu2021: folds 
Blyfas: folds 
Uncalled bet (320) returned to Genesis3435
Genesis3435 collected 50 from pot
*** SUMMARY ***
Total pot 50 | Rake 0 
Seat 1: Blyfas (big blind) folded before Flop
Seat 2: Genesis3435 (button) collected (50)
Seat 3: Mahu2021 (small blind) folded before Flop



PokerStars Hand #244374873564: Tournament #3606849068, $0.92+$0.08 USD Hold'em No Limit - Level I (10/20) - 2023/06/20 19:48:26 CET [2023/06/20 13:48:26 ET]
Table '3606849068 1' 3-max Seat #3 is the button
Seat 1: Blyfas (680 in chips) 
Seat 2: Genesis3435 (370 in chips) 
Seat 3: Mahu2021 (450 in chips) 
Blyfas: posts small blind 10
Genesis3435: posts big blind 20
*** HOLE CARDS ***
Dealt to Mahu2021 [Jh 6s]
Mahu2021: folds 
Blyfas: calls 10
Genesis3435: raises 350 to 370 and is all-in
Blyfas: calls 350
*** FLOP *** [Ac 6c 7s]
*** TURN *** [Ac 6c 7s] [Qd]
*** RIVER *** [Ac 6c 7s Qd] [9d]
*** SHOW DOWN ***
Blyfas: shows [7h 7c] (three of a kind, Sevens)
Genesis3435: shows [5d Ah] (a pair of Aces)
Blyfas collected 740 from pot
Genesis3435 finished the tournament in 3rd place
*** SUMMARY ***
Total pot 740 | Rake 0 
Board [Ac 6c 7s Qd 9d]
Seat 1: Blyfas (small blind) showed [7h 7c] and won (740) with three of a kind, Sevens
Seat 2: Genesis3435 (big blind) showed [5d Ah] and lost with a pair of Aces
Seat 3: Mahu2021 (button) folded before Flop (didn't bet)



PokerStars Hand #244374880460: Tournament #3606849068, $0.92+$0.08 USD Hold'em No Limit - Level I (10/20) - 2023/06/20 19:48:50 CET [2023/06/20 13:48:50 ET]
Table '3606849068 1' 3-max Seat #1 is the button
Seat 1: Blyfas (1050 in chips) 
Seat 3: Mahu2021 (450 in chips) 
Blyfas: posts small blind 10
Mahu2021: posts big blind 20
*** HOLE CARDS ***
Dealt to Mahu2021 [6h Kc]
Blyfas: calls 10
Mahu2021: checks 
*** FLOP *** [5d Qc 8d]
Mahu2021: checks 
Blyfas: checks 
*** TURN *** [5d Qc 8d] [4h]
Mahu2021: bets 20
Blyfas: calls 20
*** RIVER *** [5d Qc 8d 4h] [2h]
Mahu2021: checks 
Blyfas: bets 70
Mahu2021: folds 
Uncalled bet (70) returned to Blyfas
Blyfas collected 80 from pot
Blyfas: doesn't show hand 
*** SUMMARY ***
Total pot 80 | Rake 0 
Board [5d Qc 8d 4h 2h]
Seat 1: Blyfas (button) (small blind) collected (80)
Seat 3: Mahu2021 (big blind) folded on the River



PokerStars Hand #244374890721: Tournament #3606849068, $0.92+$0.08 USD Hold'em No Limit - Level II (15/30) - 2023/06/20 19:49:27 CET [2023/06/20 13:49:27 ET]
Table '3606849068 1' 3-max Seat #3 is the button
Seat 1: Blyfas (1090 in chips) 
Seat 3: Mahu2021 (410 in chips) 
Mahu2021: posts small blind 15
Blyfas: posts big blind 30
*** HOLE CARDS ***
Dealt to Mahu2021 [Ts 2h]
Mahu2021: folds 
Uncalled bet (15) returned to Blyfas
Blyfas collected 30 from pot
Blyfas: doesn't show hand 
*** SUMMARY ***
Total pot 30 | Rake 0 
Seat 1: Blyfas (big blind) collected (30)
Seat 3: Mahu2021 (button) (small blind) folded before Flop



PokerStars Hand #244374892016: Tournament #3606849068, $0.92+$0.08 USD Hold'em No Limit - Level II (15/30) - 2023/06/20 19:49:32 CET [2023/06/20 13:49:32 ET]
Table '3606849068 1' 3-max Seat #1 is the button
Seat 1: Blyfas (1105 in chips) 
Seat 3: Mahu2021 (395 in chips) 
Blyfas: posts small blind 15
Mahu2021: posts big blind 30
*** HOLE CARDS ***
Dealt to Mahu2021 [Ad 7c]
Blyfas: calls 15
Mahu2021: raises 365 to 395 and is all-in
Blyfas: calls 365
*** FLOP *** [5s 2d Kd]
*** TURN *** [5s 2d Kd] [4h]
*** RIVER *** [5s 2d Kd 4h] [Jd]
*** SHOW DOWN ***
Mahu2021: shows [Ad 7c] (high card Ace)
Blyfas: shows [Tc Td] (a pair of Tens)
Blyfas collected 790 from pot
Mahu2021 finished the tournament in 2nd place
Blyfas wins the tournament and receives $3.00 - congratulations!
*** SUMMARY ***
Total pot 790 | Rake 0 
Board [5s 2d Kd 4h Jd]
Seat 1: Blyfas (button) (small blind) showed [Tc Td] and won (790) with a pair of Tens
Seat 3: Mahu2021 (big blind) showed [Ad 7c] and lost with high card Ace



