PokerStars Hand #244635642872: Tournament #3612833229, $0.92+$0.08 USD Hold'em No Limit - Level I (10/20) - 2023/07/05 8:16:47 CET [2023/07/05 2:16:47 ET]
Table '3612833229 1' 3-max Seat #1 is the button
Seat 1: Rusyabest (500 in chips) 
Seat 2: The Pituc (500 in chips) 
Seat 3: Mahu2021 (500 in chips) 
The Pituc: posts small blind 10
Mahu2021: posts big blind 20
*** HOLE CARDS ***
Dealt to Mahu2021 [Ts 8c]
Rusyabest: folds 
The Pituc: raises 20 to 40
Mahu2021: calls 20
*** FLOP *** [7s 6c 4s]
The Pituc: checks 
Mahu2021: bets 80
The Pituc: folds 
Uncalled bet (80) returned to Mahu2021
Mahu2021 collected 80 from pot
Mahu2021: doesn't show hand 
*** SUMMARY ***
Total pot 80 | Rake 0 
Board [7s 6c 4s]
Seat 1: Rusyabest (button) folded before Flop (didn't bet)
Seat 2: The Pituc (small blind) folded on the Flop
Seat 3: Mahu2021 (big blind) collected (80)



PokerStars Hand #244635644900: Tournament #3612833229, $0.92+$0.08 USD Hold'em No Limit - Level I (10/20) - 2023/07/05 8:17:08 CET [2023/07/05 2:17:08 ET]
Table '3612833229 1' 3-max Seat #2 is the button
Seat 1: Rusyabest (500 in chips) 
Seat 2: The Pituc (460 in chips) 
Seat 3: Mahu2021 (540 in chips) 
Mahu2021: posts small blind 10
Rusyabest: posts big blind 20
*** HOLE CARDS ***
Dealt to Mahu2021 [6d Qh]
The Pituc: folds 
Mahu2021: folds 
Uncalled bet (10) returned to Rusyabest
Rusyabest collected 20 from pot
Rusyabest: doesn't show hand 
*** SUMMARY ***
Total pot 20 | Rake 0 
Seat 1: Rusyabest (big blind) collected (20)
Seat 2: The Pituc (button) folded before Flop (didn't bet)
Seat 3: Mahu2021 (small blind) folded before Flop



PokerStars Hand #244635646035: Tournament #3612833229, $0.92+$0.08 USD Hold'em No Limit - Level I (10/20) - 2023/07/05 8:17:20 CET [2023/07/05 2:17:20 ET]
Table '3612833229 1' 3-max Seat #3 is the button
Seat 1: Rusyabest (510 in chips) 
Seat 2: The Pituc (460 in chips) 
Seat 3: Mahu2021 (530 in chips) 
Rusyabest: posts small blind 10
The Pituc: posts big blind 20
*** HOLE CARDS ***
Dealt to Mahu2021 [Ad 8s]
Mahu2021: raises 20 to 40
Rusyabest: folds 
The Pituc: folds 
Uncalled bet (20) returned to Mahu2021
Mahu2021 collected 50 from pot
Mahu2021: doesn't show hand 
*** SUMMARY ***
Total pot 50 | Rake 0 
Seat 1: Rusyabest (small blind) folded before Flop
Seat 2: The Pituc (big blind) folded before Flop
Seat 3: Mahu2021 (button) collected (50)



PokerStars Hand #244635646784: Tournament #3612833229, $0.92+$0.08 USD Hold'em No Limit - Level I (10/20) - 2023/07/05 8:17:27 CET [2023/07/05 2:17:27 ET]
Table '3612833229 1' 3-max Seat #1 is the button
Seat 1: Rusyabest (500 in chips) 
Seat 2: The Pituc (440 in chips) 
Seat 3: Mahu2021 (560 in chips) 
The Pituc: posts small blind 10
Mahu2021: posts big blind 20
*** HOLE CARDS ***
Dealt to Mahu2021 [Jd 3d]
Rusyabest: calls 20
The Pituc: calls 10
Mahu2021: checks 
*** FLOP *** [Qh Qs 5s]
The Pituc: checks 
Mahu2021: checks 
Rusyabest: checks 
*** TURN *** [Qh Qs 5s] [5h]
The Pituc: checks 
Mahu2021: checks 
Rusyabest: checks 
*** RIVER *** [Qh Qs 5s 5h] [4d]
The Pituc: checks 
Mahu2021: checks 
Rusyabest: checks 
*** SHOW DOWN ***
The Pituc: shows [Kd 9d] (two pair, Queens and Fives)
Mahu2021: mucks hand 
Rusyabest: shows [Ad 8s] (two pair, Queens and Fives - Ace kicker)
Rusyabest collected 60 from pot
*** SUMMARY ***
Total pot 60 | Rake 0 
Board [Qh Qs 5s 5h 4d]
Seat 1: Rusyabest (button) showed [Ad 8s] and won (60) with two pair, Queens and Fives
Seat 2: The Pituc (small blind) showed [Kd 9d] and lost with two pair, Queens and Fives
Seat 3: Mahu2021 (big blind) mucked [Jd 3d]



PokerStars Hand #244635649743: Tournament #3612833229, $0.92+$0.08 USD Hold'em No Limit - Level I (10/20) - 2023/07/05 8:17:58 CET [2023/07/05 2:17:58 ET]
Table '3612833229 1' 3-max Seat #2 is the button
Seat 1: Rusyabest (540 in chips) 
Seat 2: The Pituc (420 in chips) 
Seat 3: Mahu2021 (540 in chips) 
Mahu2021: posts small blind 10
Rusyabest: posts big blind 20
*** HOLE CARDS ***
Dealt to Mahu2021 [8h 9c]
The Pituc: folds 
Mahu2021: calls 10
Rusyabest: checks 
*** FLOP *** [5d Kh 8s]
Mahu2021: bets 20
Rusyabest: folds 
Uncalled bet (20) returned to Mahu2021
Mahu2021 collected 40 from pot
Mahu2021: doesn't show hand 
*** SUMMARY ***
Total pot 40 | Rake 0 
Board [5d Kh 8s]
Seat 1: Rusyabest (big blind) folded on the Flop
Seat 2: The Pituc (button) folded before Flop (didn't bet)
Seat 3: Mahu2021 (small blind) collected (40)



PokerStars Hand #244635651232: Tournament #3612833229, $0.92+$0.08 USD Hold'em No Limit - Level I (10/20) - 2023/07/05 8:18:14 CET [2023/07/05 2:18:14 ET]
Table '3612833229 1' 3-max Seat #3 is the button
Seat 1: Rusyabest (520 in chips) 
Seat 2: The Pituc (420 in chips) 
Seat 3: Mahu2021 (560 in chips) 
Rusyabest: posts small blind 10
The Pituc: posts big blind 20
*** HOLE CARDS ***
Dealt to Mahu2021 [Qh 6d]
Mahu2021: folds 
Rusyabest: raises 28 to 48
The Pituc: folds 
Uncalled bet (28) returned to Rusyabest
Rusyabest collected 40 from pot
Rusyabest: doesn't show hand 
*** SUMMARY ***
Total pot 40 | Rake 0 
Seat 1: Rusyabest (small blind) collected (40)
Seat 2: The Pituc (big blind) folded before Flop
Seat 3: Mahu2021 (button) folded before Flop (didn't bet)



PokerStars Hand #244635652243: Tournament #3612833229, $0.92+$0.08 USD Hold'em No Limit - Level I (10/20) - 2023/07/05 8:18:25 CET [2023/07/05 2:18:25 ET]
Table '3612833229 1' 3-max Seat #1 is the button
Seat 1: Rusyabest (540 in chips) 
Seat 2: The Pituc (400 in chips) 
Seat 3: Mahu2021 (560 in chips) 
The Pituc: posts small blind 10
Mahu2021: posts big blind 20
*** HOLE CARDS ***
Dealt to Mahu2021 [Ks 9s]
Rusyabest: folds 
The Pituc: calls 10
Mahu2021: raises 40 to 60
The Pituc: calls 40
*** FLOP *** [6h 2d As]
The Pituc: checks 
Mahu2021: bets 60
The Pituc: folds 
Uncalled bet (60) returned to Mahu2021
Mahu2021 collected 120 from pot
Mahu2021: doesn't show hand 
*** SUMMARY ***
Total pot 120 | Rake 0 
Board [6h 2d As]
Seat 1: Rusyabest (button) folded before Flop (didn't bet)
Seat 2: The Pituc (small blind) folded on the Flop
Seat 3: Mahu2021 (big blind) collected (120)



PokerStars Hand #244635654030: Tournament #3612833229, $0.92+$0.08 USD Hold'em No Limit - Level I (10/20) - 2023/07/05 8:18:44 CET [2023/07/05 2:18:44 ET]
Table '3612833229 1' 3-max Seat #2 is the button
Seat 1: Rusyabest (540 in chips) 
Seat 2: The Pituc (340 in chips) 
Seat 3: Mahu2021 (620 in chips) 
Mahu2021: posts small blind 10
Rusyabest: posts big blind 20
*** HOLE CARDS ***
Dealt to Mahu2021 [Jc 3s]
The Pituc: calls 20
Mahu2021: folds 
Rusyabest: checks 
*** FLOP *** [Tc Jh 4s]
Rusyabest: checks 
The Pituc: checks 
*** TURN *** [Tc Jh 4s] [Kc]
Rusyabest: checks 
The Pituc: bets 40
Rusyabest: folds 
Uncalled bet (40) returned to The Pituc
The Pituc collected 50 from pot
The Pituc: doesn't show hand 
*** SUMMARY ***
Total pot 50 | Rake 0 
Board [Tc Jh 4s Kc]
Seat 1: Rusyabest (big blind) folded on the Turn
Seat 2: The Pituc (button) collected (50)
Seat 3: Mahu2021 (small blind) folded before Flop



PokerStars Hand #244635655686: Tournament #3612833229, $0.92+$0.08 USD Hold'em No Limit - Level I (10/20) - 2023/07/05 8:19:01 CET [2023/07/05 2:19:01 ET]
Table '3612833229 1' 3-max Seat #3 is the button
Seat 1: Rusyabest (520 in chips) 
Seat 2: The Pituc (370 in chips) 
Seat 3: Mahu2021 (610 in chips) 
Rusyabest: posts small blind 10
The Pituc: posts big blind 20
*** HOLE CARDS ***
Dealt to Mahu2021 [6d 9h]
Mahu2021: folds 
Rusyabest: folds 
Uncalled bet (10) returned to The Pituc
The Pituc collected 20 from pot
The Pituc: doesn't show hand 
*** SUMMARY ***
Total pot 20 | Rake 0 
Seat 1: Rusyabest (small blind) folded before Flop
Seat 2: The Pituc (big blind) collected (20)
Seat 3: Mahu2021 (button) folded before Flop (didn't bet)



PokerStars Hand #244635656174: Tournament #3612833229, $0.92+$0.08 USD Hold'em No Limit - Level I (10/20) - 2023/07/05 8:19:06 CET [2023/07/05 2:19:06 ET]
Table '3612833229 1' 3-max Seat #1 is the button
Seat 1: Rusyabest (510 in chips) 
Seat 2: The Pituc (380 in chips) 
Seat 3: Mahu2021 (610 in chips) 
The Pituc: posts small blind 10
Mahu2021: posts big blind 20
*** HOLE CARDS ***
Dealt to Mahu2021 [3d Tc]
Rusyabest: calls 20
The Pituc: folds 
Mahu2021: checks 
*** FLOP *** [2c 2h Th]
Mahu2021: bets 20
Rusyabest: folds 
Uncalled bet (20) returned to Mahu2021
Mahu2021 collected 50 from pot
Mahu2021: doesn't show hand 
*** SUMMARY ***
Total pot 50 | Rake 0 
Board [2c 2h Th]
Seat 1: Rusyabest (button) folded on the Flop
Seat 2: The Pituc (small blind) folded before Flop
Seat 3: Mahu2021 (big blind) collected (50)



PokerStars Hand #244635658752: Tournament #3612833229, $0.92+$0.08 USD Hold'em No Limit - Level I (10/20) - 2023/07/05 8:19:33 CET [2023/07/05 2:19:33 ET]
Table '3612833229 1' 3-max Seat #2 is the button
Seat 1: Rusyabest (490 in chips) 
Seat 2: The Pituc (370 in chips) 
Seat 3: Mahu2021 (640 in chips) 
Mahu2021: posts small blind 10
Rusyabest: posts big blind 20
*** HOLE CARDS ***
Dealt to Mahu2021 [Js Jc]
The Pituc: raises 20 to 40
Mahu2021: raises 600 to 640 and is all-in
Rusyabest: folds 
The Pituc: calls 330 and is all-in
Uncalled bet (270) returned to Mahu2021
*** FLOP *** [3d Jh 2s]
*** TURN *** [3d Jh 2s] [4c]
*** RIVER *** [3d Jh 2s 4c] [Kc]
*** SHOW DOWN ***
Mahu2021: shows [Js Jc] (three of a kind, Jacks)
The Pituc: shows [4h Ad] (a pair of Fours)
Mahu2021 collected 760 from pot
The Pituc finished the tournament in 3rd place
*** SUMMARY ***
Total pot 760 | Rake 0 
Board [3d Jh 2s 4c Kc]
Seat 1: Rusyabest (big blind) folded before Flop
Seat 2: The Pituc (button) showed [4h Ad] and lost with a pair of Fours
Seat 3: Mahu2021 (small blind) showed [Js Jc] and won (760) with three of a kind, Jacks



PokerStars Hand #244635660807: Tournament #3612833229, $0.92+$0.08 USD Hold'em No Limit - Level II (15/30) - 2023/07/05 8:19:54 CET [2023/07/05 2:19:54 ET]
Table '3612833229 1' 3-max Seat #1 is the button
Seat 1: Rusyabest (470 in chips) 
Seat 3: Mahu2021 (1030 in chips) 
Rusyabest: posts small blind 15
Mahu2021: posts big blind 30
*** HOLE CARDS ***
Dealt to Mahu2021 [9c Jh]
Rusyabest: raises 440 to 470 and is all-in
Mahu2021: folds 
Uncalled bet (440) returned to Rusyabest
Rusyabest collected 60 from pot
Rusyabest: doesn't show hand 
*** SUMMARY ***
Total pot 60 | Rake 0 
Seat 1: Rusyabest (button) (small blind) collected (60)
Seat 3: Mahu2021 (big blind) folded before Flop



PokerStars Hand #244635661558: Tournament #3612833229, $0.92+$0.08 USD Hold'em No Limit - Level II (15/30) - 2023/07/05 8:20:02 CET [2023/07/05 2:20:02 ET]
Table '3612833229 1' 3-max Seat #3 is the button
Seat 1: Rusyabest (500 in chips) 
Seat 3: Mahu2021 (1000 in chips) 
Mahu2021: posts small blind 15
Rusyabest: posts big blind 30
*** HOLE CARDS ***
Dealt to Mahu2021 [As 6d]
Mahu2021: raises 30 to 60
Rusyabest: raises 440 to 500 and is all-in
Mahu2021: calls 440
*** FLOP *** [7c Ad Tc]
*** TURN *** [7c Ad Tc] [9c]
*** RIVER *** [7c Ad Tc 9c] [Jh]
*** SHOW DOWN ***
Rusyabest: shows [9d Jc] (two pair, Jacks and Nines)
Mahu2021: shows [As 6d] (a pair of Aces)
Rusyabest collected 1000 from pot
*** SUMMARY ***
Total pot 1000 | Rake 0 
Board [7c Ad Tc 9c Jh]
Seat 1: Rusyabest (big blind) showed [9d Jc] and won (1000) with two pair, Jacks and Nines
Seat 3: Mahu2021 (button) (small blind) showed [As 6d] and lost with a pair of Aces



PokerStars Hand #244635663213: Tournament #3612833229, $0.92+$0.08 USD Hold'em No Limit - Level II (15/30) - 2023/07/05 8:20:20 CET [2023/07/05 2:20:20 ET]
Table '3612833229 1' 3-max Seat #1 is the button
Seat 1: Rusyabest (1000 in chips) 
Seat 3: Mahu2021 (500 in chips) 
Rusyabest: posts small blind 15
Mahu2021: posts big blind 30
*** HOLE CARDS ***
Dealt to Mahu2021 [7s 6s]
Rusyabest: folds 
Uncalled bet (15) returned to Mahu2021
Mahu2021 collected 30 from pot
Mahu2021: doesn't show hand 
*** SUMMARY ***
Total pot 30 | Rake 0 
Seat 1: Rusyabest (button) (small blind) folded before Flop
Seat 3: Mahu2021 (big blind) collected (30)



PokerStars Hand #244635663864: Tournament #3612833229, $0.92+$0.08 USD Hold'em No Limit - Level II (15/30) - 2023/07/05 8:20:26 CET [2023/07/05 2:20:26 ET]
Table '3612833229 1' 3-max Seat #3 is the button
Seat 1: Rusyabest (985 in chips) 
Seat 3: Mahu2021 (515 in chips) 
Mahu2021: posts small blind 15
Rusyabest: posts big blind 30
*** HOLE CARDS ***
Dealt to Mahu2021 [8h 4d]
Mahu2021: folds 
Uncalled bet (15) returned to Rusyabest
Rusyabest collected 30 from pot
Rusyabest: doesn't show hand 
*** SUMMARY ***
Total pot 30 | Rake 0 
Seat 1: Rusyabest (big blind) collected (30)
Seat 3: Mahu2021 (button) (small blind) folded before Flop



PokerStars Hand #244635664298: Tournament #3612833229, $0.92+$0.08 USD Hold'em No Limit - Level II (15/30) - 2023/07/05 8:20:31 CET [2023/07/05 2:20:31 ET]
Table '3612833229 1' 3-max Seat #1 is the button
Seat 1: Rusyabest (1000 in chips) 
Seat 3: Mahu2021 (500 in chips) 
Rusyabest: posts small blind 15
Mahu2021: posts big blind 30
*** HOLE CARDS ***
Dealt to Mahu2021 [5h 8s]
Rusyabest: folds 
Uncalled bet (15) returned to Mahu2021
Mahu2021 collected 30 from pot
Mahu2021: doesn't show hand 
*** SUMMARY ***
Total pot 30 | Rake 0 
Seat 1: Rusyabest (button) (small blind) folded before Flop
Seat 3: Mahu2021 (big blind) collected (30)



PokerStars Hand #244635664719: Tournament #3612833229, $0.92+$0.08 USD Hold'em No Limit - Level II (15/30) - 2023/07/05 8:20:35 CET [2023/07/05 2:20:35 ET]
Table '3612833229 1' 3-max Seat #3 is the button
Seat 1: Rusyabest (985 in chips) 
Seat 3: Mahu2021 (515 in chips) 
Mahu2021: posts small blind 15
Rusyabest: posts big blind 30
*** HOLE CARDS ***
Dealt to Mahu2021 [6c As]
Mahu2021: raises 30 to 60
Rusyabest: folds 
Uncalled bet (30) returned to Mahu2021
Mahu2021 collected 60 from pot
Mahu2021: doesn't show hand 
*** SUMMARY ***
Total pot 60 | Rake 0 
Seat 1: Rusyabest (big blind) folded before Flop
Seat 3: Mahu2021 (button) (small blind) collected (60)



PokerStars Hand #244635665273: Tournament #3612833229, $0.92+$0.08 USD Hold'em No Limit - Level II (15/30) - 2023/07/05 8:20:41 CET [2023/07/05 2:20:41 ET]
Table '3612833229 1' 3-max Seat #1 is the button
Seat 1: Rusyabest (955 in chips) 
Seat 3: Mahu2021 (545 in chips) 
Rusyabest: posts small blind 15
Mahu2021: posts big blind 30
*** HOLE CARDS ***
Dealt to Mahu2021 [Td Jh]
Rusyabest: raises 36 to 66
Mahu2021: calls 36
*** FLOP *** [4c 7d 7s]
Mahu2021: checks 
Rusyabest: checks 
*** TURN *** [4c 7d 7s] [2h]
Mahu2021: bets 90
Rusyabest: folds 
Uncalled bet (90) returned to Mahu2021
Mahu2021 collected 132 from pot
Mahu2021: doesn't show hand 
*** SUMMARY ***
Total pot 132 | Rake 0 
Board [4c 7d 7s 2h]
Seat 1: Rusyabest (button) (small blind) folded on the Turn
Seat 3: Mahu2021 (big blind) collected (132)



PokerStars Hand #244635667092: Tournament #3612833229, $0.92+$0.08 USD Hold'em No Limit - Level II (15/30) - 2023/07/05 8:21:00 CET [2023/07/05 2:21:00 ET]
Table '3612833229 1' 3-max Seat #3 is the button
Seat 1: Rusyabest (889 in chips) 
Seat 3: Mahu2021 (611 in chips) 
Mahu2021: posts small blind 15
Rusyabest: posts big blind 30
*** HOLE CARDS ***
Dealt to Mahu2021 [Ah 7c]
Mahu2021: raises 30 to 60
Rusyabest: raises 829 to 889 and is all-in
Mahu2021: calls 551 and is all-in
Uncalled bet (278) returned to Rusyabest
*** FLOP *** [2s Ad Ts]
*** TURN *** [2s Ad Ts] [8d]
*** RIVER *** [2s Ad Ts 8d] [6c]
*** SHOW DOWN ***
Rusyabest: shows [As 8c] (two pair, Aces and Eights)
Mahu2021: shows [Ah 7c] (a pair of Aces)
Rusyabest collected 1222 from pot
Mahu2021 finished the tournament in 2nd place
Rusyabest wins the tournament and receives $3.00 - congratulations!
*** SUMMARY ***
Total pot 1222 | Rake 0 
Board [2s Ad Ts 8d 6c]
Seat 1: Rusyabest (big blind) showed [As 8c] and won (1222) with two pair, Aces and Eights
Seat 3: Mahu2021 (button) (small blind) showed [Ah 7c] and lost with a pair of Aces



