PokerStars Hand #247029036562: Tournament #3671327973, $1.84+$0.16 USD Hold'em No Limit - Level I (10/20) - 2023/11/10 16:25:48 CET [2023/11/10 10:25:48 ET]
Table '3671327973 1' 3-max Seat #1 is the button
Seat 1: s4w8rty (500 in chips) 
Seat 2: Mahu2021 (500 in chips) 
Seat 3: A.Mysak (500 in chips) 
Mahu2021: posts small blind 10
A.Mysak: posts big blind 20
*** HOLE CARDS ***
Dealt to Mahu2021 [8s Td]
s4w8rty: folds 
Mahu2021: folds 
Uncalled bet (10) returned to A.Mysak
A.Mysak collected 20 from pot
A.Mysak: doesn't show hand 
*** SUMMARY ***
Total pot 20 | Rake 0 
Seat 1: s4w8rty (button) folded before Flop (didn't bet)
Seat 2: Mahu2021 (small blind) folded before Flop
Seat 3: A.Mysak (big blind) collected (20)



PokerStars Hand #247029038116: Tournament #3671327973, $1.84+$0.16 USD Hold'em No Limit - Level I (10/20) - 2023/11/10 16:25:54 CET [2023/11/10 10:25:54 ET]
Table '3671327973 1' 3-max Seat #2 is the button
Seat 1: s4w8rty (500 in chips) 
Seat 2: Mahu2021 (490 in chips) 
Seat 3: A.Mysak (510 in chips) 
A.Mysak: posts small blind 10
s4w8rty: posts big blind 20
*** HOLE CARDS ***
Dealt to Mahu2021 [As Ad]
Mahu2021: raises 40 to 60
A.Mysak: folds 
s4w8rty: calls 40
*** FLOP *** [3h 7c 7h]
s4w8rty: checks 
Mahu2021: bets 430 and is all-in
s4w8rty: folds 
Uncalled bet (430) returned to Mahu2021
Mahu2021 collected 130 from pot
Mahu2021: doesn't show hand 
*** SUMMARY ***
Total pot 130 | Rake 0 
Board [3h 7c 7h]
Seat 1: s4w8rty (big blind) folded on the Flop
Seat 2: Mahu2021 (button) collected (130)
Seat 3: A.Mysak (small blind) folded before Flop



PokerStars Hand #247029047171: Tournament #3671327973, $1.84+$0.16 USD Hold'em No Limit - Level I (10/20) - 2023/11/10 16:26:30 CET [2023/11/10 10:26:30 ET]
Table '3671327973 1' 3-max Seat #3 is the button
Seat 1: s4w8rty (440 in chips) 
Seat 2: Mahu2021 (560 in chips) 
Seat 3: A.Mysak (500 in chips) 
s4w8rty: posts small blind 10
Mahu2021: posts big blind 20
*** HOLE CARDS ***
Dealt to Mahu2021 [2s 2h]
A.Mysak: folds 
s4w8rty: calls 10
Mahu2021: checks 
*** FLOP *** [7s Ad Td]
s4w8rty: bets 20
Mahu2021: calls 20
*** TURN *** [7s Ad Td] [7c]
s4w8rty: checks 
Mahu2021: checks 
*** RIVER *** [7s Ad Td 7c] [5c]
s4w8rty: bets 60
Mahu2021: raises 80 to 140
s4w8rty: folds 
Uncalled bet (80) returned to Mahu2021
Mahu2021 collected 200 from pot
Mahu2021: doesn't show hand 
*** SUMMARY ***
Total pot 200 | Rake 0 
Board [7s Ad Td 7c 5c]
Seat 1: s4w8rty (small blind) folded on the River
Seat 2: Mahu2021 (big blind) collected (200)
Seat 3: A.Mysak (button) folded before Flop (didn't bet)



PokerStars Hand #247029058824: Tournament #3671327973, $1.84+$0.16 USD Hold'em No Limit - Level I (10/20) - 2023/11/10 16:27:16 CET [2023/11/10 10:27:16 ET]
Table '3671327973 1' 3-max Seat #1 is the button
Seat 1: s4w8rty (340 in chips) 
Seat 2: Mahu2021 (660 in chips) 
Seat 3: A.Mysak (500 in chips) 
Mahu2021: posts small blind 10
A.Mysak: posts big blind 20
*** HOLE CARDS ***
Dealt to Mahu2021 [Jh 5h]
s4w8rty: folds 
Mahu2021: calls 10
A.Mysak: checks 
*** FLOP *** [Qh 2s Th]
Mahu2021: bets 40
A.Mysak: folds 
Uncalled bet (40) returned to Mahu2021
Mahu2021 collected 40 from pot
Mahu2021: doesn't show hand 
*** SUMMARY ***
Total pot 40 | Rake 0 
Board [Qh 2s Th]
Seat 1: s4w8rty (button) folded before Flop (didn't bet)
Seat 2: Mahu2021 (small blind) collected (40)
Seat 3: A.Mysak (big blind) folded on the Flop



PokerStars Hand #247029066051: Tournament #3671327973, $1.84+$0.16 USD Hold'em No Limit - Level I (10/20) - 2023/11/10 16:27:44 CET [2023/11/10 10:27:44 ET]
Table '3671327973 1' 3-max Seat #2 is the button
Seat 1: s4w8rty (340 in chips) 
Seat 2: Mahu2021 (680 in chips) 
Seat 3: A.Mysak (480 in chips) 
A.Mysak: posts small blind 10
s4w8rty: posts big blind 20
*** HOLE CARDS ***
Dealt to Mahu2021 [5s Jh]
Mahu2021: folds 
A.Mysak: raises 20 to 40
s4w8rty: folds 
Uncalled bet (20) returned to A.Mysak
A.Mysak collected 40 from pot
A.Mysak: doesn't show hand 
*** SUMMARY ***
Total pot 40 | Rake 0 
Seat 1: s4w8rty (big blind) folded before Flop
Seat 2: Mahu2021 (button) folded before Flop (didn't bet)
Seat 3: A.Mysak (small blind) collected (40)



PokerStars Hand #247029068156: Tournament #3671327973, $1.84+$0.16 USD Hold'em No Limit - Level I (10/20) - 2023/11/10 16:27:52 CET [2023/11/10 10:27:52 ET]
Table '3671327973 1' 3-max Seat #3 is the button
Seat 1: s4w8rty (320 in chips) 
Seat 2: Mahu2021 (680 in chips) 
Seat 3: A.Mysak (500 in chips) 
s4w8rty: posts small blind 10
Mahu2021: posts big blind 20
*** HOLE CARDS ***
Dealt to Mahu2021 [Kh 3c]
A.Mysak: folds 
s4w8rty: raises 40 to 60
Mahu2021: folds 
Uncalled bet (40) returned to s4w8rty
s4w8rty collected 40 from pot
s4w8rty: doesn't show hand 
*** SUMMARY ***
Total pot 40 | Rake 0 
Seat 1: s4w8rty (small blind) collected (40)
Seat 2: Mahu2021 (big blind) folded before Flop
Seat 3: A.Mysak (button) folded before Flop (didn't bet)



PokerStars Hand #247029070811: Tournament #3671327973, $1.84+$0.16 USD Hold'em No Limit - Level I (10/20) - 2023/11/10 16:28:03 CET [2023/11/10 10:28:03 ET]
Table '3671327973 1' 3-max Seat #1 is the button
Seat 1: s4w8rty (340 in chips) 
Seat 2: Mahu2021 (660 in chips) 
Seat 3: A.Mysak (500 in chips) 
Mahu2021: posts small blind 10
A.Mysak: posts big blind 20
*** HOLE CARDS ***
Dealt to Mahu2021 [2h Kh]
s4w8rty: folds 
Mahu2021: calls 10
A.Mysak: checks 
*** FLOP *** [As 3h Ks]
Mahu2021: checks 
A.Mysak: bets 20
Mahu2021: calls 20
*** TURN *** [As 3h Ks] [Kc]
Mahu2021: checks 
A.Mysak: checks 
*** RIVER *** [As 3h Ks Kc] [Ac]
Mahu2021: bets 80
A.Mysak: folds 
Uncalled bet (80) returned to Mahu2021
Mahu2021 collected 80 from pot
Mahu2021: doesn't show hand 
*** SUMMARY ***
Total pot 80 | Rake 0 
Board [As 3h Ks Kc Ac]
Seat 1: s4w8rty (button) folded before Flop (didn't bet)
Seat 2: Mahu2021 (small blind) collected (80)
Seat 3: A.Mysak (big blind) folded on the River



PokerStars Hand #247029077203: Tournament #3671327973, $1.84+$0.16 USD Hold'em No Limit - Level I (10/20) - 2023/11/10 16:28:28 CET [2023/11/10 10:28:28 ET]
Table '3671327973 1' 3-max Seat #2 is the button
Seat 1: s4w8rty (340 in chips) 
Seat 2: Mahu2021 (700 in chips) 
Seat 3: A.Mysak (460 in chips) 
A.Mysak: posts small blind 10
s4w8rty: posts big blind 20
*** HOLE CARDS ***
Dealt to Mahu2021 [5s Jc]
Mahu2021: folds 
A.Mysak: raises 20 to 40
s4w8rty: folds 
Uncalled bet (20) returned to A.Mysak
A.Mysak collected 40 from pot
A.Mysak: doesn't show hand 
*** SUMMARY ***
Total pot 40 | Rake 0 
Seat 1: s4w8rty (big blind) folded before Flop
Seat 2: Mahu2021 (button) folded before Flop (didn't bet)
Seat 3: A.Mysak (small blind) collected (40)



PokerStars Hand #247029079914: Tournament #3671327973, $1.84+$0.16 USD Hold'em No Limit - Level I (10/20) - 2023/11/10 16:28:39 CET [2023/11/10 10:28:39 ET]
Table '3671327973 1' 3-max Seat #3 is the button
Seat 1: s4w8rty (320 in chips) 
Seat 2: Mahu2021 (700 in chips) 
Seat 3: A.Mysak (480 in chips) 
s4w8rty: posts small blind 10
Mahu2021: posts big blind 20
*** HOLE CARDS ***
Dealt to Mahu2021 [2c 3h]
A.Mysak: folds 
s4w8rty: calls 10
Mahu2021: checks 
*** FLOP *** [4h 2d 6c]
s4w8rty: bets 20
Mahu2021: calls 20
*** TURN *** [4h 2d 6c] [8s]
s4w8rty: checks 
Mahu2021: checks 
*** RIVER *** [4h 2d 6c 8s] [Jd]
s4w8rty: checks 
Mahu2021: checks 
*** SHOW DOWN ***
s4w8rty: shows [5d Kh] (high card King)
Mahu2021: shows [2c 3h] (a pair of Deuces)
Mahu2021 collected 80 from pot
*** SUMMARY ***
Total pot 80 | Rake 0 
Board [4h 2d 6c 8s Jd]
Seat 1: s4w8rty (small blind) showed [5d Kh] and lost with high card King
Seat 2: Mahu2021 (big blind) showed [2c 3h] and won (80) with a pair of Deuces
Seat 3: A.Mysak (button) folded before Flop (didn't bet)



PokerStars Hand #247029092035: Tournament #3671327973, $1.84+$0.16 USD Hold'em No Limit - Level II (15/30) - 2023/11/10 16:29:27 CET [2023/11/10 10:29:27 ET]
Table '3671327973 1' 3-max Seat #1 is the button
Seat 1: s4w8rty (280 in chips) 
Seat 2: Mahu2021 (740 in chips) 
Seat 3: A.Mysak (480 in chips) 
Mahu2021: posts small blind 15
A.Mysak: posts big blind 30
*** HOLE CARDS ***
Dealt to Mahu2021 [5d 3d]
s4w8rty: raises 30 to 60
Mahu2021: calls 45
A.Mysak: raises 420 to 480 and is all-in
s4w8rty: calls 220 and is all-in
Mahu2021: folds 
Uncalled bet (200) returned to A.Mysak
*** FLOP *** [2d 8h 5c]
*** TURN *** [2d 8h 5c] [8s]
*** RIVER *** [2d 8h 5c 8s] [7s]
*** SHOW DOWN ***
A.Mysak: shows [Ad 9h] (a pair of Eights)
s4w8rty: shows [Ah As] (two pair, Aces and Eights)
s4w8rty collected 620 from pot
*** SUMMARY ***
Total pot 620 | Rake 0 
Board [2d 8h 5c 8s 7s]
Seat 1: s4w8rty (button) showed [Ah As] and won (620) with two pair, Aces and Eights
Seat 2: Mahu2021 (small blind) folded before Flop
Seat 3: A.Mysak (big blind) showed [Ad 9h] and lost with a pair of Eights



PokerStars Hand #247029097084: Tournament #3671327973, $1.84+$0.16 USD Hold'em No Limit - Level II (15/30) - 2023/11/10 16:29:47 CET [2023/11/10 10:29:47 ET]
Table '3671327973 1' 3-max Seat #2 is the button
Seat 1: s4w8rty (620 in chips) 
Seat 2: Mahu2021 (680 in chips) 
Seat 3: A.Mysak (200 in chips) 
A.Mysak: posts small blind 15
s4w8rty: posts big blind 30
*** HOLE CARDS ***
Dealt to Mahu2021 [Ts Qc]
Mahu2021: folds 
A.Mysak: folds 
Uncalled bet (15) returned to s4w8rty
s4w8rty collected 30 from pot
s4w8rty: doesn't show hand 
*** SUMMARY ***
Total pot 30 | Rake 0 
Seat 1: s4w8rty (big blind) collected (30)
Seat 2: Mahu2021 (button) folded before Flop (didn't bet)
Seat 3: A.Mysak (small blind) folded before Flop



PokerStars Hand #247029098884: Tournament #3671327973, $1.84+$0.16 USD Hold'em No Limit - Level II (15/30) - 2023/11/10 16:29:54 CET [2023/11/10 10:29:54 ET]
Table '3671327973 1' 3-max Seat #3 is the button
Seat 1: s4w8rty (635 in chips) 
Seat 2: Mahu2021 (680 in chips) 
Seat 3: A.Mysak (185 in chips) 
s4w8rty: posts small blind 15
Mahu2021: posts big blind 30
*** HOLE CARDS ***
Dealt to Mahu2021 [4d 8c]
A.Mysak: folds 
s4w8rty: calls 15
Mahu2021: checks 
*** FLOP *** [Qh 6h Tc]
s4w8rty: bets 30
Mahu2021: folds 
Uncalled bet (30) returned to s4w8rty
s4w8rty collected 60 from pot
s4w8rty: doesn't show hand 
*** SUMMARY ***
Total pot 60 | Rake 0 
Board [Qh 6h Tc]
Seat 1: s4w8rty (small blind) collected (60)
Seat 2: Mahu2021 (big blind) folded on the Flop
Seat 3: A.Mysak (button) folded before Flop (didn't bet)



PokerStars Hand #247029102556: Tournament #3671327973, $1.84+$0.16 USD Hold'em No Limit - Level II (15/30) - 2023/11/10 16:30:09 CET [2023/11/10 10:30:09 ET]
Table '3671327973 1' 3-max Seat #1 is the button
Seat 1: s4w8rty (665 in chips) 
Seat 2: Mahu2021 (650 in chips) 
Seat 3: A.Mysak (185 in chips) 
Mahu2021: posts small blind 15
A.Mysak: posts big blind 30
*** HOLE CARDS ***
Dealt to Mahu2021 [8s Qs]
s4w8rty: folds 
Mahu2021: raises 30 to 60
A.Mysak: folds 
Uncalled bet (30) returned to Mahu2021
Mahu2021 collected 60 from pot
Mahu2021: doesn't show hand 
*** SUMMARY ***
Total pot 60 | Rake 0 
Seat 1: s4w8rty (button) folded before Flop (didn't bet)
Seat 2: Mahu2021 (small blind) collected (60)
Seat 3: A.Mysak (big blind) folded before Flop



PokerStars Hand #247029105872: Tournament #3671327973, $1.84+$0.16 USD Hold'em No Limit - Level II (15/30) - 2023/11/10 16:30:22 CET [2023/11/10 10:30:22 ET]
Table '3671327973 1' 3-max Seat #2 is the button
Seat 1: s4w8rty (665 in chips) 
Seat 2: Mahu2021 (680 in chips) 
Seat 3: A.Mysak (155 in chips) 
A.Mysak: posts small blind 15
s4w8rty: posts big blind 30
*** HOLE CARDS ***
Dealt to Mahu2021 [7s Js]
Mahu2021: folds 
A.Mysak: folds 
Uncalled bet (15) returned to s4w8rty
s4w8rty collected 30 from pot
s4w8rty: doesn't show hand 
*** SUMMARY ***
Total pot 30 | Rake 0 
Seat 1: s4w8rty (big blind) collected (30)
Seat 2: Mahu2021 (button) folded before Flop (didn't bet)
Seat 3: A.Mysak (small blind) folded before Flop



PokerStars Hand #247029108081: Tournament #3671327973, $1.84+$0.16 USD Hold'em No Limit - Level II (15/30) - 2023/11/10 16:30:31 CET [2023/11/10 10:30:31 ET]
Table '3671327973 1' 3-max Seat #3 is the button
Seat 1: s4w8rty (680 in chips) 
Seat 2: Mahu2021 (680 in chips) 
Seat 3: A.Mysak (140 in chips) 
s4w8rty: posts small blind 15
Mahu2021: posts big blind 30
*** HOLE CARDS ***
Dealt to Mahu2021 [Kc Th]
A.Mysak: folds 
s4w8rty: calls 15
Mahu2021: raises 60 to 90
s4w8rty: folds 
Uncalled bet (60) returned to Mahu2021
Mahu2021 collected 60 from pot
Mahu2021: doesn't show hand 
*** SUMMARY ***
Total pot 60 | Rake 0 
Seat 1: s4w8rty (small blind) folded before Flop
Seat 2: Mahu2021 (big blind) collected (60)
Seat 3: A.Mysak (button) folded before Flop (didn't bet)



PokerStars Hand #247029112254: Tournament #3671327973, $1.84+$0.16 USD Hold'em No Limit - Level II (15/30) - 2023/11/10 16:30:47 CET [2023/11/10 10:30:47 ET]
Table '3671327973 1' 3-max Seat #1 is the button
Seat 1: s4w8rty (650 in chips) 
Seat 2: Mahu2021 (710 in chips) 
Seat 3: A.Mysak (140 in chips) 
Mahu2021: posts small blind 15
A.Mysak: posts big blind 30
*** HOLE CARDS ***
Dealt to Mahu2021 [2d 4h]
s4w8rty: folds 
Mahu2021: folds 
Uncalled bet (15) returned to A.Mysak
A.Mysak collected 30 from pot
A.Mysak: doesn't show hand 
*** SUMMARY ***
Total pot 30 | Rake 0 
Seat 1: s4w8rty (button) folded before Flop (didn't bet)
Seat 2: Mahu2021 (small blind) folded before Flop
Seat 3: A.Mysak (big blind) collected (30)



PokerStars Hand #247029113342: Tournament #3671327973, $1.84+$0.16 USD Hold'em No Limit - Level II (15/30) - 2023/11/10 16:30:51 CET [2023/11/10 10:30:51 ET]
Table '3671327973 1' 3-max Seat #2 is the button
Seat 1: s4w8rty (650 in chips) 
Seat 2: Mahu2021 (695 in chips) 
Seat 3: A.Mysak (155 in chips) 
A.Mysak: posts small blind 15
s4w8rty: posts big blind 30
*** HOLE CARDS ***
Dealt to Mahu2021 [8c 9s]
Mahu2021: folds 
A.Mysak: raises 125 to 155 and is all-in
s4w8rty: folds 
Uncalled bet (125) returned to A.Mysak
A.Mysak collected 60 from pot
A.Mysak: doesn't show hand 
*** SUMMARY ***
Total pot 60 | Rake 0 
Seat 1: s4w8rty (big blind) folded before Flop
Seat 2: Mahu2021 (button) folded before Flop (didn't bet)
Seat 3: A.Mysak (small blind) collected (60)



PokerStars Hand #247029115619: Tournament #3671327973, $1.84+$0.16 USD Hold'em No Limit - Level II (15/30) - 2023/11/10 16:31:00 CET [2023/11/10 10:31:00 ET]
Table '3671327973 1' 3-max Seat #3 is the button
Seat 1: s4w8rty (620 in chips) 
Seat 2: Mahu2021 (695 in chips) 
Seat 3: A.Mysak (185 in chips) 
s4w8rty: posts small blind 15
Mahu2021: posts big blind 30
*** HOLE CARDS ***
Dealt to Mahu2021 [3h 6c]
A.Mysak: raises 155 to 185 and is all-in
s4w8rty: folds 
Mahu2021: folds 
Uncalled bet (155) returned to A.Mysak
A.Mysak collected 75 from pot
A.Mysak: doesn't show hand 
*** SUMMARY ***
Total pot 75 | Rake 0 
Seat 1: s4w8rty (small blind) folded before Flop
Seat 2: Mahu2021 (big blind) folded before Flop
Seat 3: A.Mysak (button) collected (75)



PokerStars Hand #247029117693: Tournament #3671327973, $1.84+$0.16 USD Hold'em No Limit - Level II (15/30) - 2023/11/10 16:31:08 CET [2023/11/10 10:31:08 ET]
Table '3671327973 1' 3-max Seat #1 is the button
Seat 1: s4w8rty (605 in chips) 
Seat 2: Mahu2021 (665 in chips) 
Seat 3: A.Mysak (230 in chips) 
Mahu2021: posts small blind 15
A.Mysak: posts big blind 30
*** HOLE CARDS ***
Dealt to Mahu2021 [3h 6c]
s4w8rty: raises 30 to 60
Mahu2021: folds 
A.Mysak: raises 170 to 230 and is all-in
s4w8rty: calls 170
*** FLOP *** [8c 9c 4h]
*** TURN *** [8c 9c 4h] [2c]
*** RIVER *** [8c 9c 4h 2c] [Ad]
*** SHOW DOWN ***
A.Mysak: shows [Ac Ts] (a pair of Aces)
s4w8rty: shows [7c Qc] (a flush, Queen high)
s4w8rty collected 475 from pot
A.Mysak finished the tournament in 3rd place
*** SUMMARY ***
Total pot 475 | Rake 0 
Board [8c 9c 4h 2c Ad]
Seat 1: s4w8rty (button) showed [7c Qc] and won (475) with a flush, Queen high
Seat 2: Mahu2021 (small blind) folded before Flop
Seat 3: A.Mysak (big blind) showed [Ac Ts] and lost with a pair of Aces



PokerStars Hand #247029123098: Tournament #3671327973, $1.84+$0.16 USD Hold'em No Limit - Level II (15/30) - 2023/11/10 16:31:30 CET [2023/11/10 10:31:30 ET]
Table '3671327973 1' 3-max Seat #2 is the button
Seat 1: s4w8rty (850 in chips) 
Seat 2: Mahu2021 (650 in chips) 
Mahu2021: posts small blind 15
s4w8rty: posts big blind 30
*** HOLE CARDS ***
Dealt to Mahu2021 [2c 4d]
Mahu2021: folds 
Uncalled bet (15) returned to s4w8rty
s4w8rty collected 30 from pot
s4w8rty: doesn't show hand 
*** SUMMARY ***
Total pot 30 | Rake 0 
Seat 1: s4w8rty (big blind) collected (30)
Seat 2: Mahu2021 (button) (small blind) folded before Flop



PokerStars Hand #247029124252: Tournament #3671327973, $1.84+$0.16 USD Hold'em No Limit - Level II (15/30) - 2023/11/10 16:31:34 CET [2023/11/10 10:31:34 ET]
Table '3671327973 1' 3-max Seat #1 is the button
Seat 1: s4w8rty (865 in chips) 
Seat 2: Mahu2021 (635 in chips) 
s4w8rty: posts small blind 15
Mahu2021: posts big blind 30
*** HOLE CARDS ***
Dealt to Mahu2021 [9d 5d]
s4w8rty: calls 15
Mahu2021: checks 
*** FLOP *** [6c 2h 2c]
Mahu2021: checks 
s4w8rty: bets 30
Mahu2021: folds 
Uncalled bet (30) returned to s4w8rty
s4w8rty collected 60 from pot
s4w8rty: doesn't show hand 
*** SUMMARY ***
Total pot 60 | Rake 0 
Board [6c 2h 2c]
Seat 1: s4w8rty (button) (small blind) collected (60)
Seat 2: Mahu2021 (big blind) folded on the Flop



PokerStars Hand #247029130471: Tournament #3671327973, $1.84+$0.16 USD Hold'em No Limit - Level III (20/40) - 2023/11/10 16:31:58 CET [2023/11/10 10:31:58 ET]
Table '3671327973 1' 3-max Seat #2 is the button
Seat 1: s4w8rty (895 in chips) 
Seat 2: Mahu2021 (605 in chips) 
Mahu2021: posts small blind 20
s4w8rty: posts big blind 40
*** HOLE CARDS ***
Dealt to Mahu2021 [Kh 7s]
Mahu2021: raises 40 to 80
s4w8rty: raises 815 to 895 and is all-in
Mahu2021: folds 
Uncalled bet (815) returned to s4w8rty
s4w8rty collected 160 from pot
s4w8rty: doesn't show hand 
*** SUMMARY ***
Total pot 160 | Rake 0 
Seat 1: s4w8rty (big blind) collected (160)
Seat 2: Mahu2021 (button) (small blind) folded before Flop



PokerStars Hand #247029132634: Tournament #3671327973, $1.84+$0.16 USD Hold'em No Limit - Level III (20/40) - 2023/11/10 16:32:07 CET [2023/11/10 10:32:07 ET]
Table '3671327973 1' 3-max Seat #1 is the button
Seat 1: s4w8rty (975 in chips) 
Seat 2: Mahu2021 (525 in chips) 
s4w8rty: posts small blind 20
Mahu2021: posts big blind 40
*** HOLE CARDS ***
Dealt to Mahu2021 [6d 9s]
s4w8rty: calls 20
Mahu2021: checks 
*** FLOP *** [4d Td Kc]
Mahu2021: checks 
s4w8rty: bets 40
Mahu2021: raises 80 to 120
s4w8rty: raises 815 to 935 and is all-in
Mahu2021: folds 
Uncalled bet (815) returned to s4w8rty
s4w8rty collected 320 from pot
s4w8rty: doesn't show hand 
*** SUMMARY ***
Total pot 320 | Rake 0 
Board [4d Td Kc]
Seat 1: s4w8rty (button) (small blind) collected (320)
Seat 2: Mahu2021 (big blind) folded on the Flop



PokerStars Hand #247029137835: Tournament #3671327973, $1.84+$0.16 USD Hold'em No Limit - Level III (20/40) - 2023/11/10 16:32:27 CET [2023/11/10 10:32:27 ET]
Table '3671327973 1' 3-max Seat #2 is the button
Seat 1: s4w8rty (1135 in chips) 
Seat 2: Mahu2021 (365 in chips) 
Mahu2021: posts small blind 20
s4w8rty: posts big blind 40
*** HOLE CARDS ***
Dealt to Mahu2021 [9s 7c]
Mahu2021: folds 
Uncalled bet (20) returned to s4w8rty
s4w8rty collected 40 from pot
s4w8rty: doesn't show hand 
*** SUMMARY ***
Total pot 40 | Rake 0 
Seat 1: s4w8rty (big blind) collected (40)
Seat 2: Mahu2021 (button) (small blind) folded before Flop



PokerStars Hand #247029138870: Tournament #3671327973, $1.84+$0.16 USD Hold'em No Limit - Level III (20/40) - 2023/11/10 16:32:32 CET [2023/11/10 10:32:32 ET]
Table '3671327973 1' 3-max Seat #1 is the button
Seat 1: s4w8rty (1155 in chips) 
Seat 2: Mahu2021 (345 in chips) 
s4w8rty: posts small blind 20
Mahu2021: posts big blind 40
*** HOLE CARDS ***
Dealt to Mahu2021 [Js Tc]
s4w8rty: raises 1115 to 1155 and is all-in
Mahu2021: calls 305 and is all-in
Uncalled bet (810) returned to s4w8rty
*** FLOP *** [Ah Kh 7h]
*** TURN *** [Ah Kh 7h] [Qh]
*** RIVER *** [Ah Kh 7h Qh] [Ac]
*** SHOW DOWN ***
Mahu2021: shows [Js Tc] (a straight, Ten to Ace)
s4w8rty: shows [8h Ts] (a flush, Ace high)
s4w8rty collected 690 from pot
Mahu2021 finished the tournament in 2nd place
s4w8rty wins the tournament and receives $6.00 - congratulations!
*** SUMMARY ***
Total pot 690 | Rake 0 
Board [Ah Kh 7h Qh Ac]
Seat 1: s4w8rty (button) (small blind) showed [8h Ts] and won (690) with a flush, Ace high
Seat 2: Mahu2021 (big blind) showed [Js Tc] and lost with a straight, Ten to Ace



