PokerStars Hand #244338920880: Tournament #3606053855, $0.92+$0.08 USD Hold'em No Limit - Level I (10/20) - 2023/06/18 19:11:34 CET [2023/06/18 13:11:34 ET]
Table '3606053855 1' 3-max Seat #1 is the button
Seat 1: Mahu2021 (500 in chips) 
Seat 2: Fábio koiti (500 in chips) 
Seat 3: tadimis (500 in chips) 
Fábio koiti: posts small blind 10
tadimis: posts big blind 20
*** HOLE CARDS ***
Dealt to Mahu2021 [3h 7s]
Mahu2021: folds 
Fábio koiti: calls 10
tadimis: checks 
*** FLOP *** [Th Ah 9s]
Fábio koiti: checks 
tadimis: bets 20
Fábio koiti: folds 
Uncalled bet (20) returned to tadimis
tadimis collected 40 from pot
*** SUMMARY ***
Total pot 40 | Rake 0 
Board [Th Ah 9s]
Seat 1: Mahu2021 (button) folded before Flop (didn't bet)
Seat 2: Fábio koiti (small blind) folded on the Flop
Seat 3: tadimis (big blind) collected (40)



PokerStars Hand #244338926205: Tournament #3606053855, $0.92+$0.08 USD Hold'em No Limit - Level I (10/20) - 2023/06/18 19:11:50 CET [2023/06/18 13:11:50 ET]
Table '3606053855 1' 3-max Seat #2 is the button
Seat 1: Mahu2021 (500 in chips) 
Seat 2: Fábio koiti (480 in chips) 
Seat 3: tadimis (520 in chips) 
tadimis: posts small blind 10
Mahu2021: posts big blind 20
*** HOLE CARDS ***
Dealt to Mahu2021 [Qc 4h]
Fábio koiti: folds 
tadimis: raises 40 to 60
Mahu2021: folds 
Uncalled bet (40) returned to tadimis
tadimis collected 40 from pot
*** SUMMARY ***
Total pot 40 | Rake 0 
Seat 1: Mahu2021 (big blind) folded before Flop
Seat 2: Fábio koiti (button) folded before Flop (didn't bet)
Seat 3: tadimis (small blind) collected (40)



PokerStars Hand #244338928932: Tournament #3606053855, $0.92+$0.08 USD Hold'em No Limit - Level I (10/20) - 2023/06/18 19:11:58 CET [2023/06/18 13:11:58 ET]
Table '3606053855 1' 3-max Seat #3 is the button
Seat 1: Mahu2021 (480 in chips) 
Seat 2: Fábio koiti (480 in chips) 
Seat 3: tadimis (540 in chips) 
Mahu2021: posts small blind 10
Fábio koiti: posts big blind 20
*** HOLE CARDS ***
Dealt to Mahu2021 [Kc Th]
tadimis: calls 20
Mahu2021: calls 10
Fábio koiti: checks 
*** FLOP *** [8c Ts 9c]
Mahu2021: bets 20
Fábio koiti: folds 
tadimis: calls 20
*** TURN *** [8c Ts 9c] [5d]
Mahu2021: bets 20
tadimis: raises 40 to 60
Mahu2021: calls 40
*** RIVER *** [8c Ts 9c 5d] [Jc]
Mahu2021: bets 40
tadimis: raises 300 to 340
Mahu2021: folds 
Uncalled bet (300) returned to tadimis
tadimis collected 300 from pot
*** SUMMARY ***
Total pot 300 | Rake 0 
Board [8c Ts 9c 5d Jc]
Seat 1: Mahu2021 (small blind) folded on the River
Seat 2: Fábio koiti (big blind) folded on the Flop
Seat 3: tadimis (button) collected (300)



PokerStars Hand #244338938440: Tournament #3606053855, $0.92+$0.08 USD Hold'em No Limit - Level I (10/20) - 2023/06/18 19:12:26 CET [2023/06/18 13:12:26 ET]
Table '3606053855 1' 3-max Seat #1 is the button
Seat 1: Mahu2021 (340 in chips) 
Seat 2: Fábio koiti (460 in chips) 
Seat 3: tadimis (700 in chips) 
Fábio koiti: posts small blind 10
tadimis: posts big blind 20
*** HOLE CARDS ***
Dealt to Mahu2021 [5d Kd]
Mahu2021: calls 20
Fábio koiti: calls 10
tadimis: checks 
*** FLOP *** [Ah Tc 6s]
Fábio koiti: checks 
tadimis: checks 
Mahu2021: checks 
*** TURN *** [Ah Tc 6s] [2s]
Fábio koiti: bets 60
tadimis: folds 
Mahu2021: folds 
Uncalled bet (60) returned to Fábio koiti
Fábio koiti collected 60 from pot
*** SUMMARY ***
Total pot 60 | Rake 0 
Board [Ah Tc 6s 2s]
Seat 1: Mahu2021 (button) folded on the Turn
Seat 2: Fábio koiti (small blind) collected (60)
Seat 3: tadimis (big blind) folded on the Turn



PokerStars Hand #244338948785: Tournament #3606053855, $0.92+$0.08 USD Hold'em No Limit - Level I (10/20) - 2023/06/18 19:12:57 CET [2023/06/18 13:12:57 ET]
Table '3606053855 1' 3-max Seat #2 is the button
Seat 1: Mahu2021 (320 in chips) 
Seat 2: Fábio koiti (500 in chips) 
Seat 3: tadimis (680 in chips) 
tadimis: posts small blind 10
Mahu2021: posts big blind 20
*** HOLE CARDS ***
Dealt to Mahu2021 [5h 7c]
Fábio koiti: calls 20
tadimis: calls 10
Mahu2021: checks 
*** FLOP *** [3h 3s 6h]
tadimis: checks 
Mahu2021: checks 
Fábio koiti: checks 
*** TURN *** [3h 3s 6h] [Jd]
tadimis: checks 
Mahu2021: checks 
Fábio koiti: checks 
*** RIVER *** [3h 3s 6h Jd] [Jc]
tadimis: checks 
Mahu2021: checks 
Fábio koiti: bets 20
tadimis: folds 
Mahu2021: folds 
Uncalled bet (20) returned to Fábio koiti
Fábio koiti collected 60 from pot
*** SUMMARY ***
Total pot 60 | Rake 0 
Board [3h 3s 6h Jd Jc]
Seat 1: Mahu2021 (big blind) folded on the River
Seat 2: Fábio koiti (button) collected (60)
Seat 3: tadimis (small blind) folded on the River



PokerStars Hand #244338955526: Tournament #3606053855, $0.92+$0.08 USD Hold'em No Limit - Level I (10/20) - 2023/06/18 19:13:17 CET [2023/06/18 13:13:17 ET]
Table '3606053855 1' 3-max Seat #3 is the button
Seat 1: Mahu2021 (300 in chips) 
Seat 2: Fábio koiti (540 in chips) 
Seat 3: tadimis (660 in chips) 
Mahu2021: posts small blind 10
Fábio koiti: posts big blind 20
*** HOLE CARDS ***
Dealt to Mahu2021 [6c 4c]
tadimis: raises 20 to 40
Mahu2021: calls 30
Fábio koiti: calls 20
*** FLOP *** [8h 9d 2d]
Mahu2021: checks 
Fábio koiti: checks 
tadimis: bets 40
Mahu2021: folds 
Fábio koiti: calls 40
*** TURN *** [8h 9d 2d] [8c]
Fábio koiti: checks 
tadimis: bets 60
Fábio koiti: calls 60
*** RIVER *** [8h 9d 2d 8c] [2s]
Fábio koiti: checks 
tadimis: bets 100
Fábio koiti: calls 100
*** SHOW DOWN ***
tadimis: shows [Jc Js] (two pair, Jacks and Eights)
Fábio koiti: mucks hand 
tadimis collected 520 from pot
*** SUMMARY ***
Total pot 520 | Rake 0 
Board [8h 9d 2d 8c 2s]
Seat 1: Mahu2021 (small blind) folded on the Flop
Seat 2: Fábio koiti (big blind) mucked [3d 9s]
Seat 3: tadimis (button) showed [Jc Js] and won (520) with two pair, Jacks and Eights



PokerStars Hand #244338965849: Tournament #3606053855, $0.92+$0.08 USD Hold'em No Limit - Level II (15/30) - 2023/06/18 19:13:47 CET [2023/06/18 13:13:47 ET]
Table '3606053855 1' 3-max Seat #1 is the button
Seat 1: Mahu2021 (260 in chips) 
Seat 2: Fábio koiti (300 in chips) 
Seat 3: tadimis (940 in chips) 
Fábio koiti: posts small blind 15
tadimis: posts big blind 30
*** HOLE CARDS ***
Dealt to Mahu2021 [8d 2s]
Mahu2021: folds 
Fábio koiti: raises 270 to 300 and is all-in
tadimis: calls 270
*** FLOP *** [Kd Jc 6s]
*** TURN *** [Kd Jc 6s] [4h]
*** RIVER *** [Kd Jc 6s 4h] [Qh]
*** SHOW DOWN ***
Fábio koiti: shows [Ks 3h] (a pair of Kings)
tadimis: shows [Th 8h] (high card King)
Fábio koiti collected 600 from pot
*** SUMMARY ***
Total pot 600 | Rake 0 
Board [Kd Jc 6s 4h Qh]
Seat 1: Mahu2021 (button) folded before Flop (didn't bet)
Seat 2: Fábio koiti (small blind) showed [Ks 3h] and won (600) with a pair of Kings
Seat 3: tadimis (big blind) showed [Th 8h] and lost with high card King



PokerStars Hand #244338970805: Tournament #3606053855, $0.92+$0.08 USD Hold'em No Limit - Level II (15/30) - 2023/06/18 19:14:02 CET [2023/06/18 13:14:02 ET]
Table '3606053855 1' 3-max Seat #2 is the button
Seat 1: Mahu2021 (260 in chips) 
Seat 2: Fábio koiti (600 in chips) 
Seat 3: tadimis (640 in chips) 
tadimis: posts small blind 15
Mahu2021: posts big blind 30
*** HOLE CARDS ***
Dealt to Mahu2021 [7h 9h]
Fábio koiti: calls 30
tadimis: folds 
Mahu2021: checks 
*** FLOP *** [Tc Ac 6h]
Mahu2021: checks 
Fábio koiti: checks 
*** TURN *** [Tc Ac 6h] [Jc]
Mahu2021: checks 
Fábio koiti: checks 
*** RIVER *** [Tc Ac 6h Jc] [6s]
Mahu2021: bets 30
Fábio koiti: calls 30
*** SHOW DOWN ***
Mahu2021: shows [7h 9h] (a pair of Sixes)
Fábio koiti: shows [Ks Ts] (two pair, Tens and Sixes)
Fábio koiti collected 135 from pot
*** SUMMARY ***
Total pot 135 | Rake 0 
Board [Tc Ac 6h Jc 6s]
Seat 1: Mahu2021 (big blind) showed [7h 9h] and lost with a pair of Sixes
Seat 2: Fábio koiti (button) showed [Ks Ts] and won (135) with two pair, Tens and Sixes
Seat 3: tadimis (small blind) folded before Flop



PokerStars Hand #244338975199: Tournament #3606053855, $0.92+$0.08 USD Hold'em No Limit - Level II (15/30) - 2023/06/18 19:14:15 CET [2023/06/18 13:14:15 ET]
Table '3606053855 1' 3-max Seat #3 is the button
Seat 1: Mahu2021 (200 in chips) 
Seat 2: Fábio koiti (675 in chips) 
Seat 3: tadimis (625 in chips) 
Mahu2021: posts small blind 15
Fábio koiti: posts big blind 30
*** HOLE CARDS ***
Dealt to Mahu2021 [8d Jh]
tadimis: calls 30
Mahu2021: calls 15
Fábio koiti: raises 645 to 675 and is all-in
tadimis: folds 
Mahu2021: folds 
Uncalled bet (645) returned to Fábio koiti
Fábio koiti collected 90 from pot
*** SUMMARY ***
Total pot 90 | Rake 0 
Seat 1: Mahu2021 (small blind) folded before Flop
Seat 2: Fábio koiti (big blind) collected (90)
Seat 3: tadimis (button) folded before Flop



PokerStars Hand #244338979651: Tournament #3606053855, $0.92+$0.08 USD Hold'em No Limit - Level II (15/30) - 2023/06/18 19:14:28 CET [2023/06/18 13:14:28 ET]
Table '3606053855 1' 3-max Seat #1 is the button
Seat 1: Mahu2021 (170 in chips) 
Seat 2: Fábio koiti (735 in chips) 
Seat 3: tadimis (595 in chips) 
Fábio koiti: posts small blind 15
tadimis: posts big blind 30
*** HOLE CARDS ***
Dealt to Mahu2021 [Ks 7h]
Mahu2021: raises 140 to 170 and is all-in
Fábio koiti: calls 155
tadimis: raises 425 to 595 and is all-in
Fábio koiti: calls 425
*** FLOP *** [6s 2s Jh]
*** TURN *** [6s 2s Jh] [Jc]
*** RIVER *** [6s 2s Jh Jc] [8d]
*** SHOW DOWN ***
Fábio koiti: shows [5c Qc] (a pair of Jacks)
tadimis: shows [As 6c] (two pair, Jacks and Sixes)
tadimis collected 850 from side pot
Mahu2021: shows [Ks 7h] (a pair of Jacks)
tadimis collected 510 from main pot
Mahu2021 finished the tournament in 3rd place
*** SUMMARY ***
Total pot 1360 Main pot 510. Side pot 850. | Rake 0 
Board [6s 2s Jh Jc 8d]
Seat 1: Mahu2021 (button) showed [Ks 7h] and lost with a pair of Jacks
Seat 2: Fábio koiti (small blind) showed [5c Qc] and lost with a pair of Jacks
Seat 3: tadimis (big blind) showed [As 6c] and won (1360) with two pair, Jacks and Sixes



