PokerStars Hand #242885777537: Tournament #3572236754, $0.92+$0.08 USD Hold'em No Limit - Level I (10/20) - 2023/04/04 21:15:59 CET [2023/04/04 15:15:59 ET]
Table '3572236754 1' 3-max Seat #1 is the button
Seat 1: Traian987 (500 in chips) is sitting out
Seat 2: Steini_FTW (500 in chips) 
Seat 3: Mahu2021 (500 in chips) 
Steini_FTW: posts small blind 10
Mahu2021: posts big blind 20
*** HOLE CARDS ***
Dealt to Mahu2021 [7h 6h]
Traian987: folds 
Steini_FTW: calls 10
Mahu2021: checks 
*** FLOP *** [As 4s Tc]
Steini_FTW: bets 20
Mahu2021: folds 
Uncalled bet (20) returned to Steini_FTW
Steini_FTW collected 40 from pot
*** SUMMARY ***
Total pot 40 | Rake 0 
Board [As 4s Tc]
Seat 1: Traian987 (button) folded before Flop (didn't bet)
Seat 2: Steini_FTW (small blind) collected (40)
Seat 3: Mahu2021 (big blind) folded on the Flop



PokerStars Hand #242885781714: Tournament #3572236754, $0.92+$0.08 USD Hold'em No Limit - Level I (10/20) - 2023/04/04 21:16:10 CET [2023/04/04 15:16:10 ET]
Table '3572236754 1' 3-max Seat #2 is the button
Seat 1: Traian987 (500 in chips) is sitting out
Seat 2: Steini_FTW (520 in chips) 
Seat 3: Mahu2021 (480 in chips) 
Mahu2021: posts small blind 10
Traian987: posts big blind 20
*** HOLE CARDS ***
Dealt to Mahu2021 [5h 3c]
Steini_FTW: raises 20 to 40
Mahu2021: folds 
Traian987: folds 
Uncalled bet (20) returned to Steini_FTW
Steini_FTW collected 50 from pot
*** SUMMARY ***
Total pot 50 | Rake 0 
Seat 1: Traian987 (big blind) folded before Flop
Seat 2: Steini_FTW (button) collected (50)
Seat 3: Mahu2021 (small blind) folded before Flop



PokerStars Hand #242885783657: Tournament #3572236754, $0.92+$0.08 USD Hold'em No Limit - Level I (10/20) - 2023/04/04 21:16:14 CET [2023/04/04 15:16:14 ET]
Table '3572236754 1' 3-max Seat #3 is the button
Seat 1: Traian987 (480 in chips) is sitting out
Seat 2: Steini_FTW (550 in chips) 
Seat 3: Mahu2021 (470 in chips) 
Traian987: posts small blind 10
Steini_FTW: posts big blind 20
*** HOLE CARDS ***
Dealt to Mahu2021 [Jd 2h]
Mahu2021: folds 
Traian987: folds 
Uncalled bet (10) returned to Steini_FTW
Steini_FTW collected 20 from pot
*** SUMMARY ***
Total pot 20 | Rake 0 
Seat 1: Traian987 (small blind) folded before Flop
Seat 2: Steini_FTW (big blind) collected (20)
Seat 3: Mahu2021 (button) folded before Flop (didn't bet)



PokerStars Hand #242885785523: Tournament #3572236754, $0.92+$0.08 USD Hold'em No Limit - Level I (10/20) - 2023/04/04 21:16:19 CET [2023/04/04 15:16:19 ET]
Table '3572236754 1' 3-max Seat #1 is the button
Seat 1: Traian987 (470 in chips) is sitting out
Seat 2: Steini_FTW (560 in chips) 
Seat 3: Mahu2021 (470 in chips) 
Steini_FTW: posts small blind 10
Mahu2021: posts big blind 20
*** HOLE CARDS ***
Dealt to Mahu2021 [6s 5h]
Traian987: folds 
Steini_FTW: calls 10
Mahu2021: checks 
*** FLOP *** [Qs 5c As]
Steini_FTW: checks 
Mahu2021: bets 20
Steini_FTW: calls 20
*** TURN *** [Qs 5c As] [Th]
Steini_FTW: checks 
Mahu2021: checks 
*** RIVER *** [Qs 5c As Th] [Ac]
Steini_FTW: checks 
Mahu2021: checks 
*** SHOW DOWN ***
Steini_FTW: shows [8s 5d] (two pair, Aces and Fives)
Mahu2021: shows [6s 5h] (two pair, Aces and Fives)
Steini_FTW collected 40 from pot
Mahu2021 collected 40 from pot
*** SUMMARY ***
Total pot 80 | Rake 0 
Board [Qs 5c As Th Ac]
Seat 1: Traian987 (button) folded before Flop (didn't bet)
Seat 2: Steini_FTW (small blind) showed [8s 5d] and won (40) with two pair, Aces and Fives
Seat 3: Mahu2021 (big blind) showed [6s 5h] and won (40) with two pair, Aces and Fives



PokerStars Hand #242885792317: Tournament #3572236754, $0.92+$0.08 USD Hold'em No Limit - Level I (10/20) - 2023/04/04 21:16:36 CET [2023/04/04 15:16:36 ET]
Table '3572236754 1' 3-max Seat #2 is the button
Seat 1: Traian987 (470 in chips) is sitting out
Seat 2: Steini_FTW (560 in chips) 
Seat 3: Mahu2021 (470 in chips) 
Mahu2021: posts small blind 10
Traian987: posts big blind 20
*** HOLE CARDS ***
Dealt to Mahu2021 [Ad Qc]
Steini_FTW: calls 20
Traian987 is disconnected 
Mahu2021: raises 450 to 470 and is all-in
Traian987: folds 
Traian987 has returned
Steini_FTW: calls 450
*** FLOP *** [Ac Qh Ks]
*** TURN *** [Ac Qh Ks] [Js]
*** RIVER *** [Ac Qh Ks Js] [8d]
*** SHOW DOWN ***
Mahu2021: shows [Ad Qc] (two pair, Aces and Queens)
Steini_FTW: shows [Tc Jc] (a straight, Ten to Ace)
Steini_FTW collected 960 from pot
Mahu2021 finished the tournament in 3rd place
*** SUMMARY ***
Total pot 960 | Rake 0 
Board [Ac Qh Ks Js 8d]
Seat 1: Traian987 (big blind) folded before Flop
Seat 2: Steini_FTW (button) showed [Tc Jc] and won (960) with a straight, Ten to Ace
Seat 3: Mahu2021 (small blind) showed [Ad Qc] and lost with two pair, Aces and Queens



