PokerStars Hand #243233077783: Tournament #3580765854, $0.92+$0.08 USD Hold'em No Limit - Level I (10/20) - 2023/04/21 21:44:39 CET [2023/04/21 15:44:39 ET]
Table '3580765854 1' 3-max Seat #1 is the button
Seat 1: First_TWO_Win (500 in chips) 
Seat 2: Mahu2021 (500 in chips) 
Seat 3: Gabriielzg (500 in chips) 
Mahu2021: posts small blind 10
Gabriielzg: posts big blind 20
*** HOLE CARDS ***
Dealt to Mahu2021 [As 4c]
First_TWO_Win: folds 
Mahu2021: calls 10
Gabriielzg: raises 40 to 60
Mahu2021: calls 40
*** FLOP *** [9s 9c 8s]
Mahu2021: checks 
Gabriielzg: bets 40
Mahu2021: calls 40
*** TURN *** [9s 9c 8s] [7s]
Mahu2021: checks 
Gabriielzg: checks 
*** RIVER *** [9s 9c 8s 7s] [3h]
Mahu2021: bets 200
Gabriielzg: folds 
Uncalled bet (200) returned to Mahu2021
Mahu2021 collected 200 from pot
Mahu2021: doesn't show hand 
*** SUMMARY ***
Total pot 200 | Rake 0 
Board [9s 9c 8s 7s 3h]
Seat 1: First_TWO_Win (button) folded before Flop (didn't bet)
Seat 2: Mahu2021 (small blind) collected (200)
Seat 3: Gabriielzg (big blind) folded on the River



PokerStars Hand #243233088395: Tournament #3580765854, $0.92+$0.08 USD Hold'em No Limit - Level I (10/20) - 2023/04/21 21:45:05 CET [2023/04/21 15:45:05 ET]
Table '3580765854 1' 3-max Seat #2 is the button
Seat 1: First_TWO_Win (500 in chips) 
Seat 2: Mahu2021 (600 in chips) 
Seat 3: Gabriielzg (400 in chips) 
Gabriielzg: posts small blind 10
First_TWO_Win: posts big blind 20
*** HOLE CARDS ***
Dealt to Mahu2021 [Ts 8c]
Mahu2021: folds 
Gabriielzg: raises 20 to 40
First_TWO_Win: folds 
Uncalled bet (20) returned to Gabriielzg
Gabriielzg collected 40 from pot
Gabriielzg: doesn't show hand 
*** SUMMARY ***
Total pot 40 | Rake 0 
Seat 1: First_TWO_Win (big blind) folded before Flop
Seat 2: Mahu2021 (button) folded before Flop (didn't bet)
Seat 3: Gabriielzg (small blind) collected (40)



PokerStars Hand #243233092386: Tournament #3580765854, $0.92+$0.08 USD Hold'em No Limit - Level I (10/20) - 2023/04/21 21:45:15 CET [2023/04/21 15:45:15 ET]
Table '3580765854 1' 3-max Seat #3 is the button
Seat 1: First_TWO_Win (480 in chips) 
Seat 2: Mahu2021 (600 in chips) 
Seat 3: Gabriielzg (420 in chips) 
First_TWO_Win: posts small blind 10
Mahu2021: posts big blind 20
*** HOLE CARDS ***
Dealt to Mahu2021 [9s As]
Gabriielzg: raises 60 to 80
First_TWO_Win: raises 400 to 480 and is all-in
Mahu2021: folds 
Gabriielzg: calls 340 and is all-in
Uncalled bet (60) returned to First_TWO_Win
*** FLOP *** [Jc 3d Th]
*** TURN *** [Jc 3d Th] [Ah]
*** RIVER *** [Jc 3d Th Ah] [Ks]
*** SHOW DOWN ***
First_TWO_Win: shows [Ad Qh] (a straight, Ten to Ace)
Gabriielzg: shows [Kd Td] (two pair, Kings and Tens)
First_TWO_Win collected 860 from pot
Gabriielzg finished the tournament in 3rd place
*** SUMMARY ***
Total pot 860 | Rake 0 
Board [Jc 3d Th Ah Ks]
Seat 1: First_TWO_Win (small blind) showed [Ad Qh] and won (860) with a straight, Ten to Ace
Seat 2: Mahu2021 (big blind) folded before Flop
Seat 3: Gabriielzg (button) showed [Kd Td] and lost with two pair, Kings and Tens



PokerStars Hand #243233101103: Tournament #3580765854, $0.92+$0.08 USD Hold'em No Limit - Level I (10/20) - 2023/04/21 21:45:37 CET [2023/04/21 15:45:37 ET]
Table '3580765854 1' 3-max Seat #2 is the button
Seat 1: First_TWO_Win (920 in chips) 
Seat 2: Mahu2021 (580 in chips) 
Mahu2021: posts small blind 10
First_TWO_Win: posts big blind 20
*** HOLE CARDS ***
Dealt to Mahu2021 [Qs 6s]
Mahu2021: calls 10
First_TWO_Win: raises 20 to 40
Mahu2021: calls 20
*** FLOP *** [9d 6d 3d]
First_TWO_Win: checks 
Mahu2021: bets 40
First_TWO_Win: folds 
Uncalled bet (40) returned to Mahu2021
Mahu2021 collected 80 from pot
Mahu2021: doesn't show hand 
*** SUMMARY ***
Total pot 80 | Rake 0 
Board [9d 6d 3d]
Seat 1: First_TWO_Win (big blind) folded on the Flop
Seat 2: Mahu2021 (button) (small blind) collected (80)



PokerStars Hand #243233107099: Tournament #3580765854, $0.92+$0.08 USD Hold'em No Limit - Level I (10/20) - 2023/04/21 21:45:52 CET [2023/04/21 15:45:52 ET]
Table '3580765854 1' 3-max Seat #1 is the button
Seat 1: First_TWO_Win (880 in chips) 
Seat 2: Mahu2021 (620 in chips) 
First_TWO_Win: posts small blind 10
Mahu2021: posts big blind 20
*** HOLE CARDS ***
Dealt to Mahu2021 [Kc 6s]
First_TWO_Win: raises 20 to 40
Mahu2021: calls 20
*** FLOP *** [2c Th Jh]
Mahu2021: checks 
First_TWO_Win: bets 40
Mahu2021: folds 
Uncalled bet (40) returned to First_TWO_Win
First_TWO_Win collected 80 from pot
*** SUMMARY ***
Total pot 80 | Rake 0 
Board [2c Th Jh]
Seat 1: First_TWO_Win (button) (small blind) collected (80)
Seat 2: Mahu2021 (big blind) folded on the Flop



PokerStars Hand #243233112589: Tournament #3580765854, $0.92+$0.08 USD Hold'em No Limit - Level I (10/20) - 2023/04/21 21:46:05 CET [2023/04/21 15:46:05 ET]
Table '3580765854 1' 3-max Seat #2 is the button
Seat 1: First_TWO_Win (920 in chips) 
Seat 2: Mahu2021 (580 in chips) 
Mahu2021: posts small blind 10
First_TWO_Win: posts big blind 20
*** HOLE CARDS ***
Dealt to Mahu2021 [Qd 4s]
Mahu2021: folds 
Uncalled bet (10) returned to First_TWO_Win
First_TWO_Win collected 20 from pot
*** SUMMARY ***
Total pot 20 | Rake 0 
Seat 1: First_TWO_Win (big blind) collected (20)
Seat 2: Mahu2021 (button) (small blind) folded before Flop



PokerStars Hand #243233114427: Tournament #3580765854, $0.92+$0.08 USD Hold'em No Limit - Level I (10/20) - 2023/04/21 21:46:10 CET [2023/04/21 15:46:10 ET]
Table '3580765854 1' 3-max Seat #1 is the button
Seat 1: First_TWO_Win (930 in chips) 
Seat 2: Mahu2021 (570 in chips) 
First_TWO_Win: posts small blind 10
Mahu2021: posts big blind 20
*** HOLE CARDS ***
Dealt to Mahu2021 [8h Jd]
First_TWO_Win: raises 20 to 40
Mahu2021: calls 20
*** FLOP *** [As 6d 4s]
Mahu2021: checks 
First_TWO_Win: checks 
*** TURN *** [As 6d 4s] [9h]
Mahu2021: bets 40
First_TWO_Win: folds 
Uncalled bet (40) returned to Mahu2021
Mahu2021 collected 80 from pot
Mahu2021: doesn't show hand 
*** SUMMARY ***
Total pot 80 | Rake 0 
Board [As 6d 4s 9h]
Seat 1: First_TWO_Win (button) (small blind) folded on the Turn
Seat 2: Mahu2021 (big blind) collected (80)



PokerStars Hand #243233120700: Tournament #3580765854, $0.92+$0.08 USD Hold'em No Limit - Level I (10/20) - 2023/04/21 21:46:25 CET [2023/04/21 15:46:25 ET]
Table '3580765854 1' 3-max Seat #2 is the button
Seat 1: First_TWO_Win (890 in chips) 
Seat 2: Mahu2021 (610 in chips) 
Mahu2021: posts small blind 10
First_TWO_Win: posts big blind 20
*** HOLE CARDS ***
Dealt to Mahu2021 [3d 3c]
Mahu2021: raises 40 to 60
First_TWO_Win: calls 40
*** FLOP *** [8d 4c Kh]
First_TWO_Win: checks 
Mahu2021: bets 550 and is all-in
First_TWO_Win: calls 550
*** TURN *** [8d 4c Kh] [Th]
*** RIVER *** [8d 4c Kh Th] [Qh]
*** SHOW DOWN ***
First_TWO_Win: shows [8c Kc] (two pair, Kings and Eights)
Mahu2021: shows [3d 3c] (a pair of Threes)
First_TWO_Win collected 1220 from pot
Mahu2021 finished the tournament in 2nd place
First_TWO_Win wins the tournament and receives $3.00 - congratulations!
*** SUMMARY ***
Total pot 1220 | Rake 0 
Board [8d 4c Kh Th Qh]
Seat 1: First_TWO_Win (big blind) showed [8c Kc] and won (1220) with two pair, Kings and Eights
Seat 2: Mahu2021 (button) (small blind) showed [3d 3c] and lost with a pair of Threes



