PokerStars Hand #247977243768: Tournament #3694081567, $1.84+$0.16 USD Hold'em No Limit - Level I (10/20) - 2023/12/31 11:37:32 CET [2023/12/31 5:37:32 ET]
Table '3694081567 1' 3-max Seat #1 is the button
Seat 1: melodicnemo (500 in chips) 
Seat 2: M47F (500 in chips) 
Seat 3: Mahu2021 (500 in chips) 
M47F: posts small blind 10
Mahu2021: posts big blind 20
*** HOLE CARDS ***
Dealt to Mahu2021 [Jd 8h]
melodicnemo: folds 
M47F: raises 27 to 47
Mahu2021: folds 
Uncalled bet (27) returned to M47F
M47F collected 40 from pot
*** SUMMARY ***
Total pot 40 | Rake 0 
Seat 1: melodicnemo (button) folded before Flop (didn't bet)
Seat 2: M47F (small blind) collected (40)
Seat 3: Mahu2021 (big blind) folded before Flop



PokerStars Hand #247977246685: Tournament #3694081567, $1.84+$0.16 USD Hold'em No Limit - Level I (10/20) - 2023/12/31 11:37:51 CET [2023/12/31 5:37:51 ET]
Table '3694081567 1' 3-max Seat #2 is the button
Seat 1: melodicnemo (500 in chips) 
Seat 2: M47F (520 in chips) 
Seat 3: Mahu2021 (480 in chips) 
Mahu2021: posts small blind 10
melodicnemo: posts big blind 20
*** HOLE CARDS ***
Dealt to Mahu2021 [4d Jc]
M47F: raises 27 to 47
Mahu2021: folds 
melodicnemo: folds 
Uncalled bet (27) returned to M47F
M47F collected 50 from pot
*** SUMMARY ***
Total pot 50 | Rake 0 
Seat 1: melodicnemo (big blind) folded before Flop
Seat 2: M47F (button) collected (50)
Seat 3: Mahu2021 (small blind) folded before Flop



PokerStars Hand #247977248104: Tournament #3694081567, $1.84+$0.16 USD Hold'em No Limit - Level I (10/20) - 2023/12/31 11:38:00 CET [2023/12/31 5:38:00 ET]
Table '3694081567 1' 3-max Seat #3 is the button
Seat 1: melodicnemo (480 in chips) 
Seat 2: M47F (550 in chips) 
Seat 3: Mahu2021 (470 in chips) 
melodicnemo: posts small blind 10
M47F: posts big blind 20
*** HOLE CARDS ***
Dealt to Mahu2021 [5c 6d]
Mahu2021: folds 
melodicnemo: raises 20 to 40
M47F: calls 20
*** FLOP *** [4s Ac 3d]
melodicnemo: bets 44
M47F: calls 44
*** TURN *** [4s Ac 3d] [6h]
melodicnemo: bets 92
M47F: folds 
Uncalled bet (92) returned to melodicnemo
melodicnemo collected 168 from pot
melodicnemo: doesn't show hand 
*** SUMMARY ***
Total pot 168 | Rake 0 
Board [4s Ac 3d 6h]
Seat 1: melodicnemo (small blind) collected (168)
Seat 2: M47F (big blind) folded on the Turn
Seat 3: Mahu2021 (button) folded before Flop (didn't bet)



PokerStars Hand #247977253274: Tournament #3694081567, $1.84+$0.16 USD Hold'em No Limit - Level I (10/20) - 2023/12/31 11:38:35 CET [2023/12/31 5:38:35 ET]
Table '3694081567 1' 3-max Seat #1 is the button
Seat 1: melodicnemo (564 in chips) 
Seat 2: M47F (466 in chips) 
Seat 3: Mahu2021 (470 in chips) 
M47F: posts small blind 10
Mahu2021: posts big blind 20
*** HOLE CARDS ***
Dealt to Mahu2021 [Tc 2c]
melodicnemo: folds 
M47F: raises 27 to 47
Mahu2021: folds 
Uncalled bet (27) returned to M47F
M47F collected 40 from pot
*** SUMMARY ***
Total pot 40 | Rake 0 
Seat 1: melodicnemo (button) folded before Flop (didn't bet)
Seat 2: M47F (small blind) collected (40)
Seat 3: Mahu2021 (big blind) folded before Flop



PokerStars Hand #247977255661: Tournament #3694081567, $1.84+$0.16 USD Hold'em No Limit - Level I (10/20) - 2023/12/31 11:38:51 CET [2023/12/31 5:38:51 ET]
Table '3694081567 1' 3-max Seat #2 is the button
Seat 1: melodicnemo (564 in chips) 
Seat 2: M47F (486 in chips) 
Seat 3: Mahu2021 (450 in chips) 
Mahu2021: posts small blind 10
melodicnemo: posts big blind 20
*** HOLE CARDS ***
Dealt to Mahu2021 [Ts 6d]
M47F: folds 
Mahu2021: folds 
Uncalled bet (10) returned to melodicnemo
melodicnemo collected 20 from pot
melodicnemo: doesn't show hand 
*** SUMMARY ***
Total pot 20 | Rake 0 
Seat 1: melodicnemo (big blind) collected (20)
Seat 2: M47F (button) folded before Flop (didn't bet)
Seat 3: Mahu2021 (small blind) folded before Flop



PokerStars Hand #247977256396: Tournament #3694081567, $1.84+$0.16 USD Hold'em No Limit - Level I (10/20) - 2023/12/31 11:38:55 CET [2023/12/31 5:38:55 ET]
Table '3694081567 1' 3-max Seat #3 is the button
Seat 1: melodicnemo (574 in chips) 
Seat 2: M47F (486 in chips) 
Seat 3: Mahu2021 (440 in chips) 
melodicnemo: posts small blind 10
M47F: posts big blind 20
*** HOLE CARDS ***
Dealt to Mahu2021 [Js Ah]
Mahu2021: raises 20 to 40
melodicnemo: folds 
M47F: calls 20
*** FLOP *** [Kd 8d 2s]
M47F: bets 20
Mahu2021: calls 20
*** TURN *** [Kd 8d 2s] [Ac]
M47F: checks 
Mahu2021: bets 40
M47F: folds 
Uncalled bet (40) returned to Mahu2021
Mahu2021 collected 130 from pot
Mahu2021: doesn't show hand 
*** SUMMARY ***
Total pot 130 | Rake 0 
Board [Kd 8d 2s Ac]
Seat 1: melodicnemo (small blind) folded before Flop
Seat 2: M47F (big blind) folded on the Turn
Seat 3: Mahu2021 (button) collected (130)



PokerStars Hand #247977261775: Tournament #3694081567, $1.84+$0.16 USD Hold'em No Limit - Level I (10/20) - 2023/12/31 11:39:31 CET [2023/12/31 5:39:31 ET]
Table '3694081567 1' 3-max Seat #1 is the button
Seat 1: melodicnemo (564 in chips) 
Seat 2: M47F (426 in chips) 
Seat 3: Mahu2021 (510 in chips) 
M47F: posts small blind 10
Mahu2021: posts big blind 20
*** HOLE CARDS ***
Dealt to Mahu2021 [Ad 8c]
melodicnemo: raises 20 to 40
M47F has timed out
M47F: folds 
M47F is sitting out
Mahu2021: calls 20
*** FLOP *** [3c 4h Qs]
Mahu2021: checks 
melodicnemo: checks 
*** TURN *** [3c 4h Qs] [6h]
M47F has returned
Mahu2021: checks 
melodicnemo: checks 
*** RIVER *** [3c 4h Qs 6h] [3s]
Mahu2021: checks 
melodicnemo: checks 
*** SHOW DOWN ***
Mahu2021: shows [Ad 8c] (a pair of Threes)
melodicnemo: shows [9c Ac] (a pair of Threes - Ace+Queen+Nine kicker)
melodicnemo collected 90 from pot
*** SUMMARY ***
Total pot 90 | Rake 0 
Board [3c 4h Qs 6h 3s]
Seat 1: melodicnemo (button) showed [9c Ac] and won (90) with a pair of Threes
Seat 2: M47F (small blind) folded before Flop
Seat 3: Mahu2021 (big blind) showed [Ad 8c] and lost with a pair of Threes



PokerStars Hand #247977268498: Tournament #3694081567, $1.84+$0.16 USD Hold'em No Limit - Level II (15/30) - 2023/12/31 11:40:15 CET [2023/12/31 5:40:15 ET]
Table '3694081567 1' 3-max Seat #2 is the button
Seat 1: melodicnemo (614 in chips) 
Seat 2: M47F (416 in chips) 
Seat 3: Mahu2021 (470 in chips) 
Mahu2021: posts small blind 15
melodicnemo: posts big blind 30
*** HOLE CARDS ***
Dealt to Mahu2021 [3c 9c]
M47F: raises 30 to 60
Mahu2021: folds 
melodicnemo: folds 
Uncalled bet (30) returned to M47F
M47F collected 75 from pot
*** SUMMARY ***
Total pot 75 | Rake 0 
Seat 1: melodicnemo (big blind) folded before Flop
Seat 2: M47F (button) collected (75)
Seat 3: Mahu2021 (small blind) folded before Flop



PokerStars Hand #247977270080: Tournament #3694081567, $1.84+$0.16 USD Hold'em No Limit - Level II (15/30) - 2023/12/31 11:40:26 CET [2023/12/31 5:40:26 ET]
Table '3694081567 1' 3-max Seat #3 is the button
Seat 1: melodicnemo (584 in chips) 
Seat 2: M47F (461 in chips) 
Seat 3: Mahu2021 (455 in chips) 
melodicnemo: posts small blind 15
M47F: posts big blind 30
*** HOLE CARDS ***
Dealt to Mahu2021 [Ad Qc]
Mahu2021: raises 30 to 60
melodicnemo: folds 
M47F: raises 30 to 90
Mahu2021: raises 365 to 455 and is all-in
M47F: calls 365
*** FLOP *** [9h Js 3h]
*** TURN *** [9h Js 3h] [3c]
*** RIVER *** [9h Js 3h 3c] [Qh]
*** SHOW DOWN ***
M47F: shows [6c Jh] (two pair, Jacks and Threes)
Mahu2021: shows [Ad Qc] (two pair, Queens and Threes)
Mahu2021 collected 925 from pot
*** SUMMARY ***
Total pot 925 | Rake 0 
Board [9h Js 3h 3c Qh]
Seat 1: melodicnemo (small blind) folded before Flop
Seat 2: M47F (big blind) showed [6c Jh] and lost with two pair, Jacks and Threes
Seat 3: Mahu2021 (button) showed [Ad Qc] and won (925) with two pair, Queens and Threes



PokerStars Hand #247977275154: Tournament #3694081567, $1.84+$0.16 USD Hold'em No Limit - Level II (15/30) - 2023/12/31 11:40:59 CET [2023/12/31 5:40:59 ET]
Table '3694081567 1' 3-max Seat #1 is the button
Seat 1: melodicnemo (569 in chips) 
Seat 2: M47F (6 in chips) 
Seat 3: Mahu2021 (925 in chips) 
M47F: posts small blind 6 and is all-in
Mahu2021: posts big blind 30
*** HOLE CARDS ***
Dealt to Mahu2021 [2d 9h]
melodicnemo: folds 
Uncalled bet (24) returned to Mahu2021
*** FLOP *** [Kc 8c 4c]
*** TURN *** [Kc 8c 4c] [Ah]
*** RIVER *** [Kc 8c 4c Ah] [Js]
*** SHOW DOWN ***
M47F: shows [Qd Th] (a straight, Ten to Ace)
Mahu2021: shows [2d 9h] (high card Ace)
M47F collected 12 from pot
*** SUMMARY ***
Total pot 12 | Rake 0 
Board [Kc 8c 4c Ah Js]
Seat 1: melodicnemo (button) folded before Flop (didn't bet)
Seat 2: M47F (small blind) showed [Qd Th] and won (12) with a straight, Ten to Ace
Seat 3: Mahu2021 (big blind) showed [2d 9h] and lost with high card Ace



PokerStars Hand #247977276895: Tournament #3694081567, $1.84+$0.16 USD Hold'em No Limit - Level II (15/30) - 2023/12/31 11:41:10 CET [2023/12/31 5:41:10 ET]
Table '3694081567 1' 3-max Seat #2 is the button
Seat 1: melodicnemo (569 in chips) 
Seat 2: M47F (12 in chips) 
Seat 3: Mahu2021 (919 in chips) 
Mahu2021: posts small blind 15
melodicnemo: posts big blind 30
*** HOLE CARDS ***
Dealt to Mahu2021 [Qc Qh]
M47F is disconnected 
M47F has timed out while disconnected
M47F: folds 
M47F is sitting out
Mahu2021: raises 889 to 919 and is all-in
melodicnemo: folds 
Uncalled bet (889) returned to Mahu2021
Mahu2021 collected 60 from pot
Mahu2021: doesn't show hand 
*** SUMMARY ***
Total pot 60 | Rake 0 
Seat 1: melodicnemo (big blind) folded before Flop
Seat 2: M47F (button) folded before Flop (didn't bet)
Seat 3: Mahu2021 (small blind) collected (60)



PokerStars Hand #247977279625: Tournament #3694081567, $1.84+$0.16 USD Hold'em No Limit - Level II (15/30) - 2023/12/31 11:41:28 CET [2023/12/31 5:41:28 ET]
Table '3694081567 1' 3-max Seat #3 is the button
Seat 1: melodicnemo (539 in chips) 
Seat 2: M47F (12 in chips) is sitting out
Seat 3: Mahu2021 (949 in chips) 
melodicnemo: posts small blind 15
M47F: posts big blind 12 and is all-in
*** HOLE CARDS ***
Dealt to Mahu2021 [3d 5c]
Mahu2021: folds 
M47F: folds 
Uncalled bet (3) returned to melodicnemo
melodicnemo collected 24 from pot
M47F finished the tournament in 3rd place
melodicnemo: doesn't show hand 
*** SUMMARY ***
Total pot 24 | Rake 0 
Seat 1: melodicnemo (small blind) collected (24)
Seat 2: M47F (big blind) folded before Flop
Seat 3: Mahu2021 (button) folded before Flop (didn't bet)



PokerStars Hand #247977280727: Tournament #3694081567, $1.84+$0.16 USD Hold'em No Limit - Level II (15/30) - 2023/12/31 11:41:35 CET [2023/12/31 5:41:35 ET]
Table '3694081567 1' 3-max Seat #1 is the button
Seat 1: melodicnemo (551 in chips) 
Seat 3: Mahu2021 (949 in chips) 
melodicnemo: posts small blind 15
Mahu2021: posts big blind 30
*** HOLE CARDS ***
Dealt to Mahu2021 [Ah Jd]
melodicnemo: folds 
Uncalled bet (15) returned to Mahu2021
Mahu2021 collected 30 from pot
Mahu2021: doesn't show hand 
*** SUMMARY ***
Total pot 30 | Rake 0 
Seat 1: melodicnemo (button) (small blind) folded before Flop
Seat 3: Mahu2021 (big blind) collected (30)



PokerStars Hand #247977282064: Tournament #3694081567, $1.84+$0.16 USD Hold'em No Limit - Level III (20/40) - 2023/12/31 11:41:44 CET [2023/12/31 5:41:44 ET]
Table '3694081567 1' 3-max Seat #3 is the button
Seat 1: melodicnemo (536 in chips) 
Seat 3: Mahu2021 (964 in chips) 
Mahu2021: posts small blind 20
melodicnemo: posts big blind 40
*** HOLE CARDS ***
Dealt to Mahu2021 [4c 9s]
Mahu2021: calls 20
melodicnemo: checks 
*** FLOP *** [Kd 3d 6s]
melodicnemo: checks 
Mahu2021: checks 
*** TURN *** [Kd 3d 6s] [Kc]
melodicnemo: checks 
Mahu2021: bets 40
melodicnemo: folds 
Uncalled bet (40) returned to Mahu2021
Mahu2021 collected 80 from pot
Mahu2021: doesn't show hand 
*** SUMMARY ***
Total pot 80 | Rake 0 
Board [Kd 3d 6s Kc]
Seat 1: melodicnemo (big blind) folded on the Turn
Seat 3: Mahu2021 (button) (small blind) collected (80)



PokerStars Hand #247977286077: Tournament #3694081567, $1.84+$0.16 USD Hold'em No Limit - Level III (20/40) - 2023/12/31 11:42:10 CET [2023/12/31 5:42:10 ET]
Table '3694081567 1' 3-max Seat #1 is the button
Seat 1: melodicnemo (496 in chips) 
Seat 3: Mahu2021 (1004 in chips) 
melodicnemo: posts small blind 20
Mahu2021: posts big blind 40
*** HOLE CARDS ***
Dealt to Mahu2021 [Kh 2s]
melodicnemo: folds 
Uncalled bet (20) returned to Mahu2021
Mahu2021 collected 40 from pot
Mahu2021: doesn't show hand 
*** SUMMARY ***
Total pot 40 | Rake 0 
Seat 1: melodicnemo (button) (small blind) folded before Flop
Seat 3: Mahu2021 (big blind) collected (40)



PokerStars Hand #247977286799: Tournament #3694081567, $1.84+$0.16 USD Hold'em No Limit - Level III (20/40) - 2023/12/31 11:42:15 CET [2023/12/31 5:42:15 ET]
Table '3694081567 1' 3-max Seat #3 is the button
Seat 1: melodicnemo (476 in chips) 
Seat 3: Mahu2021 (1024 in chips) 
Mahu2021: posts small blind 20
melodicnemo: posts big blind 40
*** HOLE CARDS ***
Dealt to Mahu2021 [3c 7c]
Mahu2021: calls 20
melodicnemo: checks 
*** FLOP *** [2h 8c Js]
melodicnemo: checks 
Mahu2021: checks 
*** TURN *** [2h 8c Js] [Qc]
melodicnemo: checks 
Mahu2021: bets 40
melodicnemo: calls 40
*** RIVER *** [2h 8c Js Qc] [7s]
melodicnemo: bets 142
Mahu2021: folds 
Uncalled bet (142) returned to melodicnemo
melodicnemo collected 160 from pot
melodicnemo: doesn't show hand 
*** SUMMARY ***
Total pot 160 | Rake 0 
Board [2h 8c Js Qc 7s]
Seat 1: melodicnemo (big blind) collected (160)
Seat 3: Mahu2021 (button) (small blind) folded on the River



PokerStars Hand #247977290897: Tournament #3694081567, $1.84+$0.16 USD Hold'em No Limit - Level III (20/40) - 2023/12/31 11:42:41 CET [2023/12/31 5:42:41 ET]
Table '3694081567 1' 3-max Seat #1 is the button
Seat 1: melodicnemo (556 in chips) 
Seat 3: Mahu2021 (944 in chips) 
melodicnemo: posts small blind 20
Mahu2021: posts big blind 40
*** HOLE CARDS ***
Dealt to Mahu2021 [4h Th]
melodicnemo: folds 
Uncalled bet (20) returned to Mahu2021
Mahu2021 collected 40 from pot
Mahu2021: doesn't show hand 
*** SUMMARY ***
Total pot 40 | Rake 0 
Seat 1: melodicnemo (button) (small blind) folded before Flop
Seat 3: Mahu2021 (big blind) collected (40)



PokerStars Hand #247977291750: Tournament #3694081567, $1.84+$0.16 USD Hold'em No Limit - Level III (20/40) - 2023/12/31 11:42:47 CET [2023/12/31 5:42:47 ET]
Table '3694081567 1' 3-max Seat #3 is the button
Seat 1: melodicnemo (536 in chips) 
Seat 3: Mahu2021 (964 in chips) 
Mahu2021: posts small blind 20
melodicnemo: posts big blind 40
*** HOLE CARDS ***
Dealt to Mahu2021 [Ac 6s]
Mahu2021: raises 40 to 80
melodicnemo: folds 
Uncalled bet (40) returned to Mahu2021
Mahu2021 collected 80 from pot
Mahu2021: doesn't show hand 
*** SUMMARY ***
Total pot 80 | Rake 0 
Seat 1: melodicnemo (big blind) folded before Flop
Seat 3: Mahu2021 (button) (small blind) collected (80)



PokerStars Hand #247977293243: Tournament #3694081567, $1.84+$0.16 USD Hold'em No Limit - Level III (20/40) - 2023/12/31 11:42:56 CET [2023/12/31 5:42:56 ET]
Table '3694081567 1' 3-max Seat #1 is the button
Seat 1: melodicnemo (496 in chips) 
Seat 3: Mahu2021 (1004 in chips) 
melodicnemo: posts small blind 20
Mahu2021: posts big blind 40
*** HOLE CARDS ***
Dealt to Mahu2021 [3d Ks]
melodicnemo: raises 456 to 496 and is all-in
Mahu2021: folds 
Uncalled bet (456) returned to melodicnemo
melodicnemo collected 80 from pot
melodicnemo: doesn't show hand 
*** SUMMARY ***
Total pot 80 | Rake 0 
Seat 1: melodicnemo (button) (small blind) collected (80)
Seat 3: Mahu2021 (big blind) folded before Flop



PokerStars Hand #247977295901: Tournament #3694081567, $1.84+$0.16 USD Hold'em No Limit - Level III (20/40) - 2023/12/31 11:43:13 CET [2023/12/31 5:43:13 ET]
Table '3694081567 1' 3-max Seat #3 is the button
Seat 1: melodicnemo (536 in chips) 
Seat 3: Mahu2021 (964 in chips) 
Mahu2021: posts small blind 20
melodicnemo: posts big blind 40
*** HOLE CARDS ***
Dealt to Mahu2021 [7c 2c]
Mahu2021: folds 
Uncalled bet (20) returned to melodicnemo
melodicnemo collected 40 from pot
melodicnemo: doesn't show hand 
*** SUMMARY ***
Total pot 40 | Rake 0 
Seat 1: melodicnemo (big blind) collected (40)
Seat 3: Mahu2021 (button) (small blind) folded before Flop



PokerStars Hand #247977296598: Tournament #3694081567, $1.84+$0.16 USD Hold'em No Limit - Level III (20/40) - 2023/12/31 11:43:18 CET [2023/12/31 5:43:18 ET]
Table '3694081567 1' 3-max Seat #1 is the button
Seat 1: melodicnemo (556 in chips) 
Seat 3: Mahu2021 (944 in chips) 
melodicnemo: posts small blind 20
Mahu2021: posts big blind 40
*** HOLE CARDS ***
Dealt to Mahu2021 [8c Tc]
melodicnemo: raises 516 to 556 and is all-in
Mahu2021: folds 
Uncalled bet (516) returned to melodicnemo
melodicnemo collected 80 from pot
melodicnemo: doesn't show hand 
*** SUMMARY ***
Total pot 80 | Rake 0 
Seat 1: melodicnemo (button) (small blind) collected (80)
Seat 3: Mahu2021 (big blind) folded before Flop



PokerStars Hand #247977297786: Tournament #3694081567, $1.84+$0.16 USD Hold'em No Limit - Level III (20/40) - 2023/12/31 11:43:26 CET [2023/12/31 5:43:26 ET]
Table '3694081567 1' 3-max Seat #3 is the button
Seat 1: melodicnemo (596 in chips) 
Seat 3: Mahu2021 (904 in chips) 
Mahu2021: posts small blind 20
melodicnemo: posts big blind 40
*** HOLE CARDS ***
Dealt to Mahu2021 [9h Th]
Mahu2021: calls 20
melodicnemo: checks 
*** FLOP *** [7c Ts Ac]
melodicnemo: checks 
Mahu2021: bets 40
melodicnemo: folds 
Uncalled bet (40) returned to Mahu2021
Mahu2021 collected 80 from pot
Mahu2021: doesn't show hand 
*** SUMMARY ***
Total pot 80 | Rake 0 
Board [7c Ts Ac]
Seat 1: melodicnemo (big blind) folded on the Flop
Seat 3: Mahu2021 (button) (small blind) collected (80)



PokerStars Hand #247977300209: Tournament #3694081567, $1.84+$0.16 USD Hold'em No Limit - Level IV (30/60) - 2023/12/31 11:43:42 CET [2023/12/31 5:43:42 ET]
Table '3694081567 1' 3-max Seat #1 is the button
Seat 1: melodicnemo (556 in chips) 
Seat 3: Mahu2021 (944 in chips) 
melodicnemo: posts small blind 30
Mahu2021: posts big blind 60
*** HOLE CARDS ***
Dealt to Mahu2021 [7h 7s]
melodicnemo: folds 
Uncalled bet (30) returned to Mahu2021
Mahu2021 collected 60 from pot
Mahu2021: doesn't show hand 
*** SUMMARY ***
Total pot 60 | Rake 0 
Seat 1: melodicnemo (button) (small blind) folded before Flop
Seat 3: Mahu2021 (big blind) collected (60)



PokerStars Hand #247977300948: Tournament #3694081567, $1.84+$0.16 USD Hold'em No Limit - Level IV (30/60) - 2023/12/31 11:43:46 CET [2023/12/31 5:43:46 ET]
Table '3694081567 1' 3-max Seat #3 is the button
Seat 1: melodicnemo (526 in chips) 
Seat 3: Mahu2021 (974 in chips) 
Mahu2021: posts small blind 30
melodicnemo: posts big blind 60
*** HOLE CARDS ***
Dealt to Mahu2021 [7d 5d]
Mahu2021: calls 30
melodicnemo: checks 
*** FLOP *** [Ad Qh Kc]
melodicnemo: checks 
Mahu2021: bets 60
melodicnemo: folds 
Uncalled bet (60) returned to Mahu2021
Mahu2021 collected 120 from pot
Mahu2021: doesn't show hand 
*** SUMMARY ***
Total pot 120 | Rake 0 
Board [Ad Qh Kc]
Seat 1: melodicnemo (big blind) folded on the Flop
Seat 3: Mahu2021 (button) (small blind) collected (120)



PokerStars Hand #247977304618: Tournament #3694081567, $1.84+$0.16 USD Hold'em No Limit - Level IV (30/60) - 2023/12/31 11:44:09 CET [2023/12/31 5:44:09 ET]
Table '3694081567 1' 3-max Seat #1 is the button
Seat 1: melodicnemo (466 in chips) 
Seat 3: Mahu2021 (1034 in chips) 
melodicnemo: posts small blind 30
Mahu2021: posts big blind 60
*** HOLE CARDS ***
Dealt to Mahu2021 [7h Jd]
melodicnemo: raises 406 to 466 and is all-in
Mahu2021: folds 
Uncalled bet (406) returned to melodicnemo
melodicnemo collected 120 from pot
melodicnemo: doesn't show hand 
*** SUMMARY ***
Total pot 120 | Rake 0 
Seat 1: melodicnemo (button) (small blind) collected (120)
Seat 3: Mahu2021 (big blind) folded before Flop



PokerStars Hand #247977305934: Tournament #3694081567, $1.84+$0.16 USD Hold'em No Limit - Level IV (30/60) - 2023/12/31 11:44:18 CET [2023/12/31 5:44:18 ET]
Table '3694081567 1' 3-max Seat #3 is the button
Seat 1: melodicnemo (526 in chips) 
Seat 3: Mahu2021 (974 in chips) 
Mahu2021: posts small blind 30
melodicnemo: posts big blind 60
*** HOLE CARDS ***
Dealt to Mahu2021 [7c 9s]
Mahu2021: folds 
Uncalled bet (30) returned to melodicnemo
melodicnemo collected 60 from pot
melodicnemo: doesn't show hand 
*** SUMMARY ***
Total pot 60 | Rake 0 
Seat 1: melodicnemo (big blind) collected (60)
Seat 3: Mahu2021 (button) (small blind) folded before Flop



PokerStars Hand #247977306632: Tournament #3694081567, $1.84+$0.16 USD Hold'em No Limit - Level IV (30/60) - 2023/12/31 11:44:22 CET [2023/12/31 5:44:22 ET]
Table '3694081567 1' 3-max Seat #1 is the button
Seat 1: melodicnemo (556 in chips) 
Seat 3: Mahu2021 (944 in chips) 
melodicnemo: posts small blind 30
Mahu2021: posts big blind 60
*** HOLE CARDS ***
Dealt to Mahu2021 [5c Ad]
melodicnemo: folds 
Uncalled bet (30) returned to Mahu2021
Mahu2021 collected 60 from pot
Mahu2021: doesn't show hand 
*** SUMMARY ***
Total pot 60 | Rake 0 
Seat 1: melodicnemo (button) (small blind) folded before Flop
Seat 3: Mahu2021 (big blind) collected (60)



PokerStars Hand #247977309243: Tournament #3694081567, $1.84+$0.16 USD Hold'em No Limit - Level IV (30/60) - 2023/12/31 11:44:39 CET [2023/12/31 5:44:39 ET]
Table '3694081567 1' 3-max Seat #3 is the button
Seat 1: melodicnemo (526 in chips) 
Seat 3: Mahu2021 (974 in chips) 
Mahu2021: posts small blind 30
melodicnemo: posts big blind 60
*** HOLE CARDS ***
Dealt to Mahu2021 [4s Jd]
Mahu2021: calls 30
melodicnemo: raises 466 to 526 and is all-in
Mahu2021: folds 
Uncalled bet (466) returned to melodicnemo
melodicnemo collected 120 from pot
melodicnemo: doesn't show hand 
*** SUMMARY ***
Total pot 120 | Rake 0 
Seat 1: melodicnemo (big blind) collected (120)
Seat 3: Mahu2021 (button) (small blind) folded before Flop



PokerStars Hand #247977310417: Tournament #3694081567, $1.84+$0.16 USD Hold'em No Limit - Level IV (30/60) - 2023/12/31 11:44:46 CET [2023/12/31 5:44:46 ET]
Table '3694081567 1' 3-max Seat #1 is the button
Seat 1: melodicnemo (586 in chips) 
Seat 3: Mahu2021 (914 in chips) 
melodicnemo: posts small blind 30
Mahu2021: posts big blind 60
*** HOLE CARDS ***
Dealt to Mahu2021 [4d 7c]
melodicnemo: folds 
Uncalled bet (30) returned to Mahu2021
Mahu2021 collected 60 from pot
Mahu2021: doesn't show hand 
*** SUMMARY ***
Total pot 60 | Rake 0 
Seat 1: melodicnemo (button) (small blind) folded before Flop
Seat 3: Mahu2021 (big blind) collected (60)



PokerStars Hand #247977311262: Tournament #3694081567, $1.84+$0.16 USD Hold'em No Limit - Level IV (30/60) - 2023/12/31 11:44:52 CET [2023/12/31 5:44:52 ET]
Table '3694081567 1' 3-max Seat #3 is the button
Seat 1: melodicnemo (556 in chips) 
Seat 3: Mahu2021 (944 in chips) 
Mahu2021: posts small blind 30
melodicnemo: posts big blind 60
*** HOLE CARDS ***
Dealt to Mahu2021 [Th Kh]
Mahu2021: calls 30
melodicnemo: raises 496 to 556 and is all-in
Mahu2021: calls 496
*** FLOP *** [Qd Ks Qh]
*** TURN *** [Qd Ks Qh] [9s]
*** RIVER *** [Qd Ks Qh 9s] [8c]
*** SHOW DOWN ***
melodicnemo: shows [3d Ac] (a pair of Queens)
Mahu2021: shows [Th Kh] (two pair, Kings and Queens)
Mahu2021 collected 1112 from pot
melodicnemo finished the tournament in 2nd place
Mahu2021 wins the tournament and receives $4.00 - congratulations!
*** SUMMARY ***
Total pot 1112 | Rake 0 
Board [Qd Ks Qh 9s 8c]
Seat 1: melodicnemo (big blind) showed [3d Ac] and lost with a pair of Queens
Seat 3: Mahu2021 (button) (small blind) showed [Th Kh] and won (1112) with two pair, Kings and Queens



