PokerStars Hand #247533885952: Tournament #3683399284, $1.84+$0.16 USD Hold'em No Limit - Level I (10/20) - 2023/12/07 22:33:53 CET [2023/12/07 16:33:53 ET]
Table '3683399284 1' 3-max Seat #1 is the button
Seat 1: no1change (500 in chips) 
Seat 2: Mahu2021 (500 in chips) 
Seat 3: Bratina*Girl88 (500 in chips) 
Mahu2021: posts small blind 10
Bratina*Girl88: posts big blind 20
*** HOLE CARDS ***
Dealt to Mahu2021 [4s 7c]
no1change: folds 
Mahu2021: folds 
Uncalled bet (10) returned to Bratina*Girl88
Bratina*Girl88 collected 20 from pot
*** SUMMARY ***
Total pot 20 | Rake 0 
Seat 1: no1change (button) folded before Flop (didn't bet)
Seat 2: Mahu2021 (small blind) folded before Flop
Seat 3: Bratina*Girl88 (big blind) collected (20)



PokerStars Hand #247533888380: Tournament #3683399284, $1.84+$0.16 USD Hold'em No Limit - Level I (10/20) - 2023/12/07 22:34:00 CET [2023/12/07 16:34:00 ET]
Table '3683399284 1' 3-max Seat #2 is the button
Seat 1: no1change (500 in chips) 
Seat 2: Mahu2021 (490 in chips) 
Seat 3: Bratina*Girl88 (510 in chips) 
Bratina*Girl88: posts small blind 10
no1change: posts big blind 20
*** HOLE CARDS ***
Dealt to Mahu2021 [9c Jd]
Mahu2021: calls 20
Bratina*Girl88: folds 
no1change: raises 480 to 500 and is all-in
Mahu2021: folds 
Uncalled bet (480) returned to no1change
no1change collected 50 from pot
no1change: doesn't show hand 
*** SUMMARY ***
Total pot 50 | Rake 0 
Seat 1: no1change (big blind) collected (50)
Seat 2: Mahu2021 (button) folded before Flop
Seat 3: Bratina*Girl88 (small blind) folded before Flop



PokerStars Hand #247533895743: Tournament #3683399284, $1.84+$0.16 USD Hold'em No Limit - Level I (10/20) - 2023/12/07 22:34:22 CET [2023/12/07 16:34:22 ET]
Table '3683399284 1' 3-max Seat #3 is the button
Seat 1: no1change (530 in chips) 
Seat 2: Mahu2021 (470 in chips) 
Seat 3: Bratina*Girl88 (500 in chips) 
no1change: posts small blind 10
Mahu2021: posts big blind 20
*** HOLE CARDS ***
Dealt to Mahu2021 [6s 6h]
Bratina*Girl88: calls 20
no1change: calls 10
Mahu2021: checks 
*** FLOP *** [8h 8c 7d]
no1change: bets 30
Mahu2021: calls 30
Bratina*Girl88: raises 30 to 60
no1change: calls 30
Mahu2021: folds 
*** TURN *** [8h 8c 7d] [Qc]
no1change: checks 
Bratina*Girl88: checks 
*** RIVER *** [8h 8c 7d Qc] [2s]
no1change: checks 
Bratina*Girl88: checks 
*** SHOW DOWN ***
no1change: shows [9h Th] (a pair of Eights)
Bratina*Girl88: shows [9c 7c] (two pair, Eights and Sevens)
Bratina*Girl88 collected 210 from pot
*** SUMMARY ***
Total pot 210 | Rake 0 
Board [8h 8c 7d Qc 2s]
Seat 1: no1change (small blind) showed [9h Th] and lost with a pair of Eights
Seat 2: Mahu2021 (big blind) folded on the Flop
Seat 3: Bratina*Girl88 (button) showed [9c 7c] and won (210) with two pair, Eights and Sevens



PokerStars Hand #247533911285: Tournament #3683399284, $1.84+$0.16 USD Hold'em No Limit - Level I (10/20) - 2023/12/07 22:35:06 CET [2023/12/07 16:35:06 ET]
Table '3683399284 1' 3-max Seat #1 is the button
Seat 1: no1change (450 in chips) 
Seat 2: Mahu2021 (420 in chips) 
Seat 3: Bratina*Girl88 (630 in chips) 
Mahu2021: posts small blind 10
Bratina*Girl88: posts big blind 20
*** HOLE CARDS ***
Dealt to Mahu2021 [Td 5d]
no1change: raises 20 to 40
Mahu2021: folds 
Bratina*Girl88: raises 20 to 60
no1change: calls 20
*** FLOP *** [3s Qc Ts]
Bratina*Girl88: checks 
no1change: bets 39
Bratina*Girl88: calls 39
*** TURN *** [3s Qc Ts] [5c]
Bratina*Girl88: checks 
no1change: bets 140
Bratina*Girl88: folds 
Uncalled bet (140) returned to no1change
no1change collected 208 from pot
no1change: doesn't show hand 
*** SUMMARY ***
Total pot 208 | Rake 0 
Board [3s Qc Ts 5c]
Seat 1: no1change (button) collected (208)
Seat 2: Mahu2021 (small blind) folded before Flop
Seat 3: Bratina*Girl88 (big blind) folded on the Turn



PokerStars Hand #247533929729: Tournament #3683399284, $1.84+$0.16 USD Hold'em No Limit - Level I (10/20) - 2023/12/07 22:36:00 CET [2023/12/07 16:36:00 ET]
Table '3683399284 1' 3-max Seat #2 is the button
Seat 1: no1change (559 in chips) 
Seat 2: Mahu2021 (410 in chips) 
Seat 3: Bratina*Girl88 (531 in chips) 
Bratina*Girl88: posts small blind 10
no1change: posts big blind 20
*** HOLE CARDS ***
Dealt to Mahu2021 [9d 6c]
Mahu2021: folds 
Bratina*Girl88: folds 
Uncalled bet (10) returned to no1change
no1change collected 20 from pot
no1change: doesn't show hand 
*** SUMMARY ***
Total pot 20 | Rake 0 
Seat 1: no1change (big blind) collected (20)
Seat 2: Mahu2021 (button) folded before Flop (didn't bet)
Seat 3: Bratina*Girl88 (small blind) folded before Flop



PokerStars Hand #247533932150: Tournament #3683399284, $1.84+$0.16 USD Hold'em No Limit - Level I (10/20) - 2023/12/07 22:36:07 CET [2023/12/07 16:36:07 ET]
Table '3683399284 1' 3-max Seat #3 is the button
Seat 1: no1change (569 in chips) 
Seat 2: Mahu2021 (410 in chips) 
Seat 3: Bratina*Girl88 (521 in chips) 
no1change: posts small blind 10
Mahu2021: posts big blind 20
*** HOLE CARDS ***
Dealt to Mahu2021 [6c Kh]
Bratina*Girl88: folds 
no1change: folds 
Uncalled bet (10) returned to Mahu2021
Mahu2021 collected 20 from pot
Mahu2021: doesn't show hand 
*** SUMMARY ***
Total pot 20 | Rake 0 
Seat 1: no1change (small blind) folded before Flop
Seat 2: Mahu2021 (big blind) collected (20)
Seat 3: Bratina*Girl88 (button) folded before Flop (didn't bet)



PokerStars Hand #247533937164: Tournament #3683399284, $1.84+$0.16 USD Hold'em No Limit - Level I (10/20) - 2023/12/07 22:36:22 CET [2023/12/07 16:36:22 ET]
Table '3683399284 1' 3-max Seat #1 is the button
Seat 1: no1change (559 in chips) 
Seat 2: Mahu2021 (420 in chips) 
Seat 3: Bratina*Girl88 (521 in chips) 
Mahu2021: posts small blind 10
Bratina*Girl88: posts big blind 20
*** HOLE CARDS ***
Dealt to Mahu2021 [Kd 7c]
no1change: raises 20 to 40
Mahu2021: calls 30
Bratina*Girl88: raises 20 to 60
no1change: raises 499 to 559 and is all-in
Mahu2021: folds 
Bratina*Girl88: calls 461 and is all-in
Uncalled bet (38) returned to no1change
*** FLOP *** [8c Qc Th]
*** TURN *** [8c Qc Th] [Kh]
*** RIVER *** [8c Qc Th Kh] [7d]
*** SHOW DOWN ***
Bratina*Girl88: shows [2s 2h] (a pair of Deuces)
no1change: shows [As Qs] (a pair of Queens)
no1change collected 1082 from pot
Bratina*Girl88 finished the tournament in 3rd place
*** SUMMARY ***
Total pot 1082 | Rake 0 
Board [8c Qc Th Kh 7d]
Seat 1: no1change (button) showed [As Qs] and won (1082) with a pair of Queens
Seat 2: Mahu2021 (small blind) folded before Flop
Seat 3: Bratina*Girl88 (big blind) showed [2s 2h] and lost with a pair of Deuces



PokerStars Hand #247533947918: Tournament #3683399284, $1.84+$0.16 USD Hold'em No Limit - Level I (10/20) - 2023/12/07 22:36:53 CET [2023/12/07 16:36:53 ET]
Table '3683399284 1' 3-max Seat #2 is the button
Seat 1: no1change (1120 in chips) 
Seat 2: Mahu2021 (380 in chips) 
Mahu2021: posts small blind 10
no1change: posts big blind 20
*** HOLE CARDS ***
Dealt to Mahu2021 [Jc As]
Mahu2021: raises 20 to 40
no1change: folds 
Uncalled bet (20) returned to Mahu2021
Mahu2021 collected 40 from pot
Mahu2021: doesn't show hand 
*** SUMMARY ***
Total pot 40 | Rake 0 
Seat 1: no1change (big blind) folded before Flop
Seat 2: Mahu2021 (button) (small blind) collected (40)



PokerStars Hand #247533951304: Tournament #3683399284, $1.84+$0.16 USD Hold'em No Limit - Level II (15/30) - 2023/12/07 22:37:03 CET [2023/12/07 16:37:03 ET]
Table '3683399284 1' 3-max Seat #1 is the button
Seat 1: no1change (1100 in chips) 
Seat 2: Mahu2021 (400 in chips) 
no1change: posts small blind 15
Mahu2021: posts big blind 30
*** HOLE CARDS ***
Dealt to Mahu2021 [4s Qs]
no1change: calls 15
Mahu2021: checks 
*** FLOP *** [4c Jh 8c]
Mahu2021: checks 
no1change: bets 30
Mahu2021: calls 30
*** TURN *** [4c Jh 8c] [Js]
Mahu2021: checks 
no1change: checks 
*** RIVER *** [4c Jh 8c Js] [Kd]
Mahu2021: checks 
no1change: checks 
*** SHOW DOWN ***
Mahu2021: shows [4s Qs] (two pair, Jacks and Fours)
no1change: mucks hand 
Mahu2021 collected 120 from pot
*** SUMMARY ***
Total pot 120 | Rake 0 
Board [4c Jh 8c Js Kd]
Seat 1: no1change (button) (small blind) mucked [5d Ah]
Seat 2: Mahu2021 (big blind) showed [4s Qs] and won (120) with two pair, Jacks and Fours



PokerStars Hand #247533959943: Tournament #3683399284, $1.84+$0.16 USD Hold'em No Limit - Level II (15/30) - 2023/12/07 22:37:28 CET [2023/12/07 16:37:28 ET]
Table '3683399284 1' 3-max Seat #2 is the button
Seat 1: no1change (1040 in chips) 
Seat 2: Mahu2021 (460 in chips) 
Mahu2021: posts small blind 15
no1change: posts big blind 30
*** HOLE CARDS ***
Dealt to Mahu2021 [Jh 5s]
Mahu2021: calls 15
no1change: checks 
*** FLOP *** [6c Jc Jd]
no1change: checks 
Mahu2021: checks 
*** TURN *** [6c Jc Jd] [9d]
no1change: bets 30
Mahu2021: calls 30
*** RIVER *** [6c Jc Jd 9d] [8s]
no1change: checks 
Mahu2021: bets 60
no1change: folds 
Uncalled bet (60) returned to Mahu2021
Mahu2021 collected 120 from pot
Mahu2021: doesn't show hand 
*** SUMMARY ***
Total pot 120 | Rake 0 
Board [6c Jc Jd 9d 8s]
Seat 1: no1change (big blind) folded on the River
Seat 2: Mahu2021 (button) (small blind) collected (120)



PokerStars Hand #247533966325: Tournament #3683399284, $1.84+$0.16 USD Hold'em No Limit - Level II (15/30) - 2023/12/07 22:37:47 CET [2023/12/07 16:37:47 ET]
Table '3683399284 1' 3-max Seat #1 is the button
Seat 1: no1change (980 in chips) 
Seat 2: Mahu2021 (520 in chips) 
no1change: posts small blind 15
Mahu2021: posts big blind 30
*** HOLE CARDS ***
Dealt to Mahu2021 [Qs Tc]
no1change: calls 15
Mahu2021: raises 30 to 60
no1change: folds 
Uncalled bet (30) returned to Mahu2021
Mahu2021 collected 60 from pot
Mahu2021: doesn't show hand 
*** SUMMARY ***
Total pot 60 | Rake 0 
Seat 1: no1change (button) (small blind) folded before Flop
Seat 2: Mahu2021 (big blind) collected (60)



PokerStars Hand #247533969729: Tournament #3683399284, $1.84+$0.16 USD Hold'em No Limit - Level II (15/30) - 2023/12/07 22:37:57 CET [2023/12/07 16:37:57 ET]
Table '3683399284 1' 3-max Seat #2 is the button
Seat 1: no1change (950 in chips) 
Seat 2: Mahu2021 (550 in chips) 
Mahu2021: posts small blind 15
no1change: posts big blind 30
*** HOLE CARDS ***
Dealt to Mahu2021 [5d Qc]
Mahu2021: calls 15
no1change: checks 
*** FLOP *** [Jc 4d 6s]
no1change: checks 
Mahu2021: bets 30
no1change: calls 30
*** TURN *** [Jc 4d 6s] [2h]
no1change: checks 
Mahu2021: checks 
*** RIVER *** [Jc 4d 6s 2h] [7h]
no1change: bets 80
Mahu2021: folds 
Uncalled bet (80) returned to no1change
no1change collected 120 from pot
no1change: doesn't show hand 
*** SUMMARY ***
Total pot 120 | Rake 0 
Board [Jc 4d 6s 2h 7h]
Seat 1: no1change (big blind) collected (120)
Seat 2: Mahu2021 (button) (small blind) folded on the River



PokerStars Hand #247533976003: Tournament #3683399284, $1.84+$0.16 USD Hold'em No Limit - Level II (15/30) - 2023/12/07 22:38:15 CET [2023/12/07 16:38:15 ET]
Table '3683399284 1' 3-max Seat #1 is the button
Seat 1: no1change (1010 in chips) 
Seat 2: Mahu2021 (490 in chips) 
no1change: posts small blind 15
Mahu2021: posts big blind 30
*** HOLE CARDS ***
Dealt to Mahu2021 [8d 3c]
no1change: raises 30 to 60
Mahu2021: folds 
Uncalled bet (30) returned to no1change
no1change collected 60 from pot
no1change: doesn't show hand 
*** SUMMARY ***
Total pot 60 | Rake 0 
Seat 1: no1change (button) (small blind) collected (60)
Seat 2: Mahu2021 (big blind) folded before Flop



PokerStars Hand #247533978642: Tournament #3683399284, $1.84+$0.16 USD Hold'em No Limit - Level II (15/30) - 2023/12/07 22:38:22 CET [2023/12/07 16:38:22 ET]
Table '3683399284 1' 3-max Seat #2 is the button
Seat 1: no1change (1040 in chips) 
Seat 2: Mahu2021 (460 in chips) 
Mahu2021: posts small blind 15
no1change: posts big blind 30
*** HOLE CARDS ***
Dealt to Mahu2021 [Kc 7d]
Mahu2021: raises 30 to 60
no1change: folds 
Uncalled bet (30) returned to Mahu2021
Mahu2021 collected 60 from pot
Mahu2021: doesn't show hand 
*** SUMMARY ***
Total pot 60 | Rake 0 
Seat 1: no1change (big blind) folded before Flop
Seat 2: Mahu2021 (button) (small blind) collected (60)



PokerStars Hand #247533980762: Tournament #3683399284, $1.84+$0.16 USD Hold'em No Limit - Level II (15/30) - 2023/12/07 22:38:29 CET [2023/12/07 16:38:29 ET]
Table '3683399284 1' 3-max Seat #1 is the button
Seat 1: no1change (1010 in chips) 
Seat 2: Mahu2021 (490 in chips) 
no1change: posts small blind 15
Mahu2021: posts big blind 30
*** HOLE CARDS ***
Dealt to Mahu2021 [3s Kc]
no1change: raises 30 to 60
Mahu2021: calls 30
*** FLOP *** [Ad 8d Tc]
Mahu2021: checks 
no1change: bets 45
Mahu2021: raises 75 to 120
no1change: raises 830 to 950 and is all-in
Mahu2021: folds 
Uncalled bet (830) returned to no1change
no1change collected 360 from pot
no1change: doesn't show hand 
*** SUMMARY ***
Total pot 360 | Rake 0 
Board [Ad 8d Tc]
Seat 1: no1change (button) (small blind) collected (360)
Seat 2: Mahu2021 (big blind) folded on the Flop



PokerStars Hand #247533986977: Tournament #3683399284, $1.84+$0.16 USD Hold'em No Limit - Level II (15/30) - 2023/12/07 22:38:46 CET [2023/12/07 16:38:46 ET]
Table '3683399284 1' 3-max Seat #2 is the button
Seat 1: no1change (1190 in chips) 
Seat 2: Mahu2021 (310 in chips) 
Mahu2021: posts small blind 15
no1change: posts big blind 30
*** HOLE CARDS ***
Dealt to Mahu2021 [8c 9s]
Mahu2021: calls 15
no1change: checks 
*** FLOP *** [Kd 2c 8h]
no1change: checks 
Mahu2021: bets 60
no1change: folds 
Uncalled bet (60) returned to Mahu2021
Mahu2021 collected 60 from pot
Mahu2021: doesn't show hand 
*** SUMMARY ***
Total pot 60 | Rake 0 
Board [Kd 2c 8h]
Seat 1: no1change (big blind) folded on the Flop
Seat 2: Mahu2021 (button) (small blind) collected (60)



PokerStars Hand #247533991054: Tournament #3683399284, $1.84+$0.16 USD Hold'em No Limit - Level II (15/30) - 2023/12/07 22:38:58 CET [2023/12/07 16:38:58 ET]
Table '3683399284 1' 3-max Seat #1 is the button
Seat 1: no1change (1160 in chips) 
Seat 2: Mahu2021 (340 in chips) 
no1change: posts small blind 15
Mahu2021: posts big blind 30
*** HOLE CARDS ***
Dealt to Mahu2021 [8d As]
no1change: calls 15
Mahu2021: raises 60 to 90
no1change: folds 
Uncalled bet (60) returned to Mahu2021
Mahu2021 collected 60 from pot
Mahu2021: doesn't show hand 
*** SUMMARY ***
Total pot 60 | Rake 0 
Seat 1: no1change (button) (small blind) folded before Flop
Seat 2: Mahu2021 (big blind) collected (60)



PokerStars Hand #247533993863: Tournament #3683399284, $1.84+$0.16 USD Hold'em No Limit - Level II (15/30) - 2023/12/07 22:39:06 CET [2023/12/07 16:39:06 ET]
Table '3683399284 1' 3-max Seat #2 is the button
Seat 1: no1change (1130 in chips) 
Seat 2: Mahu2021 (370 in chips) 
Mahu2021: posts small blind 15
no1change: posts big blind 30
*** HOLE CARDS ***
Dealt to Mahu2021 [9c 8h]
Mahu2021: calls 15
no1change: checks 
*** FLOP *** [Qd 2h 5d]
no1change: bets 30
Mahu2021: folds 
Uncalled bet (30) returned to no1change
no1change collected 60 from pot
no1change: doesn't show hand 
*** SUMMARY ***
Total pot 60 | Rake 0 
Board [Qd 2h 5d]
Seat 1: no1change (big blind) collected (60)
Seat 2: Mahu2021 (button) (small blind) folded on the Flop



PokerStars Hand #247533997398: Tournament #3683399284, $1.84+$0.16 USD Hold'em No Limit - Level II (15/30) - 2023/12/07 22:39:16 CET [2023/12/07 16:39:16 ET]
Table '3683399284 1' 3-max Seat #1 is the button
Seat 1: no1change (1160 in chips) 
Seat 2: Mahu2021 (340 in chips) 
no1change: posts small blind 15
Mahu2021: posts big blind 30
*** HOLE CARDS ***
Dealt to Mahu2021 [Kc 6d]
no1change: calls 15
Mahu2021: checks 
*** FLOP *** [9c 8c 3s]
Mahu2021: checks 
no1change: bets 30
Mahu2021: calls 30
*** TURN *** [9c 8c 3s] [9h]
Mahu2021: checks 
no1change: checks 
*** RIVER *** [9c 8c 3s 9h] [7d]
Mahu2021: bets 280 and is all-in
no1change: folds 
Uncalled bet (280) returned to Mahu2021
Mahu2021 collected 120 from pot
Mahu2021: doesn't show hand 
*** SUMMARY ***
Total pot 120 | Rake 0 
Board [9c 8c 3s 9h 7d]
Seat 1: no1change (button) (small blind) folded on the River
Seat 2: Mahu2021 (big blind) collected (120)



PokerStars Hand #247534003293: Tournament #3683399284, $1.84+$0.16 USD Hold'em No Limit - Level II (15/30) - 2023/12/07 22:39:33 CET [2023/12/07 16:39:33 ET]
Table '3683399284 1' 3-max Seat #2 is the button
Seat 1: no1change (1100 in chips) 
Seat 2: Mahu2021 (400 in chips) 
Mahu2021: posts small blind 15
no1change: posts big blind 30
*** HOLE CARDS ***
Dealt to Mahu2021 [2c Qs]
Mahu2021: calls 15
no1change: raises 1070 to 1100 and is all-in
Mahu2021: folds 
Uncalled bet (1070) returned to no1change
no1change collected 60 from pot
no1change: doesn't show hand 
*** SUMMARY ***
Total pot 60 | Rake 0 
Seat 1: no1change (big blind) collected (60)
Seat 2: Mahu2021 (button) (small blind) folded before Flop



PokerStars Hand #247534005852: Tournament #3683399284, $1.84+$0.16 USD Hold'em No Limit - Level II (15/30) - 2023/12/07 22:39:41 CET [2023/12/07 16:39:41 ET]
Table '3683399284 1' 3-max Seat #1 is the button
Seat 1: no1change (1130 in chips) 
Seat 2: Mahu2021 (370 in chips) 
no1change: posts small blind 15
Mahu2021: posts big blind 30
*** HOLE CARDS ***
Dealt to Mahu2021 [8h 6s]
no1change: calls 15
Mahu2021: checks 
*** FLOP *** [9s 6h 2d]
Mahu2021: checks 
no1change: checks 
*** TURN *** [9s 6h 2d] [Jd]
Mahu2021: checks 
no1change: bets 30
Mahu2021: calls 30
*** RIVER *** [9s 6h 2d Jd] [Kc]
Mahu2021: checks 
no1change: bets 75
Mahu2021: folds 
Uncalled bet (75) returned to no1change
no1change collected 120 from pot
no1change: doesn't show hand 
*** SUMMARY ***
Total pot 120 | Rake 0 
Board [9s 6h 2d Jd Kc]
Seat 1: no1change (button) (small blind) collected (120)
Seat 2: Mahu2021 (big blind) folded on the River



PokerStars Hand #247534014879: Tournament #3683399284, $1.84+$0.16 USD Hold'em No Limit - Level III (20/40) - 2023/12/07 22:40:08 CET [2023/12/07 16:40:08 ET]
Table '3683399284 1' 3-max Seat #2 is the button
Seat 1: no1change (1190 in chips) 
Seat 2: Mahu2021 (310 in chips) 
Mahu2021: posts small blind 20
no1change: posts big blind 40
*** HOLE CARDS ***
Dealt to Mahu2021 [Kc 4c]
Mahu2021: raises 40 to 80
no1change: folds 
Uncalled bet (40) returned to Mahu2021
Mahu2021 collected 80 from pot
Mahu2021: doesn't show hand 
*** SUMMARY ***
Total pot 80 | Rake 0 
Seat 1: no1change (big blind) folded before Flop
Seat 2: Mahu2021 (button) (small blind) collected (80)



PokerStars Hand #247534016917: Tournament #3683399284, $1.84+$0.16 USD Hold'em No Limit - Level III (20/40) - 2023/12/07 22:40:14 CET [2023/12/07 16:40:14 ET]
Table '3683399284 1' 3-max Seat #1 is the button
Seat 1: no1change (1150 in chips) 
Seat 2: Mahu2021 (350 in chips) 
no1change: posts small blind 20
Mahu2021: posts big blind 40
*** HOLE CARDS ***
Dealt to Mahu2021 [8d Qh]
no1change: folds 
Uncalled bet (20) returned to Mahu2021
Mahu2021 collected 40 from pot
Mahu2021: doesn't show hand 
*** SUMMARY ***
Total pot 40 | Rake 0 
Seat 1: no1change (button) (small blind) folded before Flop
Seat 2: Mahu2021 (big blind) collected (40)



PokerStars Hand #247534018874: Tournament #3683399284, $1.84+$0.16 USD Hold'em No Limit - Level III (20/40) - 2023/12/07 22:40:19 CET [2023/12/07 16:40:19 ET]
Table '3683399284 1' 3-max Seat #2 is the button
Seat 1: no1change (1130 in chips) 
Seat 2: Mahu2021 (370 in chips) 
Mahu2021: posts small blind 20
no1change: posts big blind 40
*** HOLE CARDS ***
Dealt to Mahu2021 [8h 9c]
Mahu2021: calls 20
no1change: checks 
*** FLOP *** [4h 6s 8d]
no1change: checks 
Mahu2021: bets 80
no1change: calls 80
*** TURN *** [4h 6s 8d] [Ac]
no1change: checks 
Mahu2021: bets 250 and is all-in
no1change: folds 
Uncalled bet (250) returned to Mahu2021
Mahu2021 collected 240 from pot
Mahu2021: doesn't show hand 
*** SUMMARY ***
Total pot 240 | Rake 0 
Board [4h 6s 8d Ac]
Seat 1: no1change (big blind) folded on the Turn
Seat 2: Mahu2021 (button) (small blind) collected (240)



PokerStars Hand #247534027783: Tournament #3683399284, $1.84+$0.16 USD Hold'em No Limit - Level III (20/40) - 2023/12/07 22:40:45 CET [2023/12/07 16:40:45 ET]
Table '3683399284 1' 3-max Seat #1 is the button
Seat 1: no1change (1010 in chips) 
Seat 2: Mahu2021 (490 in chips) 
no1change: posts small blind 20
Mahu2021: posts big blind 40
*** HOLE CARDS ***
Dealt to Mahu2021 [As 6c]
no1change: calls 20
Mahu2021: raises 80 to 120
no1change: folds 
Uncalled bet (80) returned to Mahu2021
Mahu2021 collected 80 from pot
Mahu2021: doesn't show hand 
*** SUMMARY ***
Total pot 80 | Rake 0 
Seat 1: no1change (button) (small blind) folded before Flop
Seat 2: Mahu2021 (big blind) collected (80)



PokerStars Hand #247534030445: Tournament #3683399284, $1.84+$0.16 USD Hold'em No Limit - Level III (20/40) - 2023/12/07 22:40:52 CET [2023/12/07 16:40:52 ET]
Table '3683399284 1' 3-max Seat #2 is the button
Seat 1: no1change (970 in chips) 
Seat 2: Mahu2021 (530 in chips) 
Mahu2021: posts small blind 20
no1change: posts big blind 40
*** HOLE CARDS ***
Dealt to Mahu2021 [8s 7s]
Mahu2021: calls 20
no1change: raises 930 to 970 and is all-in
Mahu2021: folds 
Uncalled bet (930) returned to no1change
no1change collected 80 from pot
no1change: doesn't show hand 
*** SUMMARY ***
Total pot 80 | Rake 0 
Seat 1: no1change (big blind) collected (80)
Seat 2: Mahu2021 (button) (small blind) folded before Flop



PokerStars Hand #247534032895: Tournament #3683399284, $1.84+$0.16 USD Hold'em No Limit - Level III (20/40) - 2023/12/07 22:40:59 CET [2023/12/07 16:40:59 ET]
Table '3683399284 1' 3-max Seat #1 is the button
Seat 1: no1change (1010 in chips) 
Seat 2: Mahu2021 (490 in chips) 
no1change: posts small blind 20
Mahu2021: posts big blind 40
*** HOLE CARDS ***
Dealt to Mahu2021 [Ts 8s]
no1change: calls 20
Mahu2021: checks 
*** FLOP *** [2c 8d Jd]
Mahu2021: bets 40
no1change: folds 
Uncalled bet (40) returned to Mahu2021
Mahu2021 collected 80 from pot
Mahu2021: doesn't show hand 
*** SUMMARY ***
Total pot 80 | Rake 0 
Board [2c 8d Jd]
Seat 1: no1change (button) (small blind) folded on the Flop
Seat 2: Mahu2021 (big blind) collected (80)



PokerStars Hand #247534036929: Tournament #3683399284, $1.84+$0.16 USD Hold'em No Limit - Level III (20/40) - 2023/12/07 22:41:12 CET [2023/12/07 16:41:12 ET]
Table '3683399284 1' 3-max Seat #2 is the button
Seat 1: no1change (970 in chips) 
Seat 2: Mahu2021 (530 in chips) 
Mahu2021: posts small blind 20
no1change: posts big blind 40
*** HOLE CARDS ***
Dealt to Mahu2021 [Qh Th]
Mahu2021: raises 40 to 80
no1change: folds 
Uncalled bet (40) returned to Mahu2021
Mahu2021 collected 80 from pot
Mahu2021: doesn't show hand 
*** SUMMARY ***
Total pot 80 | Rake 0 
Seat 1: no1change (big blind) folded before Flop
Seat 2: Mahu2021 (button) (small blind) collected (80)



PokerStars Hand #247534038877: Tournament #3683399284, $1.84+$0.16 USD Hold'em No Limit - Level III (20/40) - 2023/12/07 22:41:17 CET [2023/12/07 16:41:17 ET]
Table '3683399284 1' 3-max Seat #1 is the button
Seat 1: no1change (930 in chips) 
Seat 2: Mahu2021 (570 in chips) 
no1change: posts small blind 20
Mahu2021: posts big blind 40
*** HOLE CARDS ***
Dealt to Mahu2021 [Ks 4h]
no1change: calls 20
Mahu2021: checks 
*** FLOP *** [8h Js 2h]
Mahu2021: checks 
no1change: bets 40
Mahu2021: folds 
Uncalled bet (40) returned to no1change
no1change collected 80 from pot
no1change: doesn't show hand 
*** SUMMARY ***
Total pot 80 | Rake 0 
Board [8h Js 2h]
Seat 1: no1change (button) (small blind) collected (80)
Seat 2: Mahu2021 (big blind) folded on the Flop



PokerStars Hand #247534042369: Tournament #3683399284, $1.84+$0.16 USD Hold'em No Limit - Level III (20/40) - 2023/12/07 22:41:28 CET [2023/12/07 16:41:28 ET]
Table '3683399284 1' 3-max Seat #2 is the button
Seat 1: no1change (970 in chips) 
Seat 2: Mahu2021 (530 in chips) 
Mahu2021: posts small blind 20
no1change: posts big blind 40
*** HOLE CARDS ***
Dealt to Mahu2021 [3h 4c]
Mahu2021: calls 20
no1change: checks 
*** FLOP *** [Kh Jd 5s]
no1change: bets 40
Mahu2021: folds 
Uncalled bet (40) returned to no1change
no1change collected 80 from pot
no1change: doesn't show hand 
*** SUMMARY ***
Total pot 80 | Rake 0 
Board [Kh Jd 5s]
Seat 1: no1change (big blind) collected (80)
Seat 2: Mahu2021 (button) (small blind) folded on the Flop



PokerStars Hand #247534045834: Tournament #3683399284, $1.84+$0.16 USD Hold'em No Limit - Level III (20/40) - 2023/12/07 22:41:38 CET [2023/12/07 16:41:38 ET]
Table '3683399284 1' 3-max Seat #1 is the button
Seat 1: no1change (1010 in chips) 
Seat 2: Mahu2021 (490 in chips) 
no1change: posts small blind 20
Mahu2021: posts big blind 40
*** HOLE CARDS ***
Dealt to Mahu2021 [Js 8s]
no1change: folds 
Uncalled bet (20) returned to Mahu2021
Mahu2021 collected 40 from pot
Mahu2021: doesn't show hand 
*** SUMMARY ***
Total pot 40 | Rake 0 
Seat 1: no1change (button) (small blind) folded before Flop
Seat 2: Mahu2021 (big blind) collected (40)



PokerStars Hand #247534047382: Tournament #3683399284, $1.84+$0.16 USD Hold'em No Limit - Level III (20/40) - 2023/12/07 22:41:42 CET [2023/12/07 16:41:42 ET]
Table '3683399284 1' 3-max Seat #2 is the button
Seat 1: no1change (990 in chips) 
Seat 2: Mahu2021 (510 in chips) 
Mahu2021: posts small blind 20
no1change: posts big blind 40
*** HOLE CARDS ***
Dealt to Mahu2021 [3d 2s]
Mahu2021: calls 20
no1change: checks 
*** FLOP *** [2d 7s Tc]
no1change: bets 40
Mahu2021: calls 40
*** TURN *** [2d 7s Tc] [Kh]
no1change: bets 48
Mahu2021: calls 48
*** RIVER *** [2d 7s Tc Kh] [Ac]
no1change: checks 
Mahu2021: bets 382 and is all-in
no1change: folds 
Uncalled bet (382) returned to Mahu2021
Mahu2021 collected 256 from pot
Mahu2021: doesn't show hand 
*** SUMMARY ***
Total pot 256 | Rake 0 
Board [2d 7s Tc Kh Ac]
Seat 1: no1change (big blind) folded on the River
Seat 2: Mahu2021 (button) (small blind) collected (256)



PokerStars Hand #247534053185: Tournament #3683399284, $1.84+$0.16 USD Hold'em No Limit - Level III (20/40) - 2023/12/07 22:41:59 CET [2023/12/07 16:41:59 ET]
Table '3683399284 1' 3-max Seat #1 is the button
Seat 1: no1change (862 in chips) 
Seat 2: Mahu2021 (638 in chips) 
no1change: posts small blind 20
Mahu2021: posts big blind 40
*** HOLE CARDS ***
Dealt to Mahu2021 [8d 3c]
no1change: raises 822 to 862 and is all-in
Mahu2021: folds 
Uncalled bet (822) returned to no1change
no1change collected 80 from pot
no1change: doesn't show hand 
*** SUMMARY ***
Total pot 80 | Rake 0 
Seat 1: no1change (button) (small blind) collected (80)
Seat 2: Mahu2021 (big blind) folded before Flop



PokerStars Hand #247534055304: Tournament #3683399284, $1.84+$0.16 USD Hold'em No Limit - Level III (20/40) - 2023/12/07 22:42:05 CET [2023/12/07 16:42:05 ET]
Table '3683399284 1' 3-max Seat #2 is the button
Seat 1: no1change (902 in chips) 
Seat 2: Mahu2021 (598 in chips) 
Mahu2021: posts small blind 20
no1change: posts big blind 40
*** HOLE CARDS ***
Dealt to Mahu2021 [2d Kd]
Mahu2021: calls 20
no1change: raises 862 to 902 and is all-in
Mahu2021: folds 
Uncalled bet (862) returned to no1change
no1change collected 80 from pot
no1change: doesn't show hand 
*** SUMMARY ***
Total pot 80 | Rake 0 
Seat 1: no1change (big blind) collected (80)
Seat 2: Mahu2021 (button) (small blind) folded before Flop



PokerStars Hand #247534057986: Tournament #3683399284, $1.84+$0.16 USD Hold'em No Limit - Level III (20/40) - 2023/12/07 22:42:13 CET [2023/12/07 16:42:13 ET]
Table '3683399284 1' 3-max Seat #1 is the button
Seat 1: no1change (942 in chips) 
Seat 2: Mahu2021 (558 in chips) 
no1change: posts small blind 20
Mahu2021: posts big blind 40
*** HOLE CARDS ***
Dealt to Mahu2021 [5d 2d]
no1change: raises 902 to 942 and is all-in
Mahu2021: folds 
Uncalled bet (902) returned to no1change
no1change collected 80 from pot
no1change: doesn't show hand 
*** SUMMARY ***
Total pot 80 | Rake 0 
Seat 1: no1change (button) (small blind) collected (80)
Seat 2: Mahu2021 (big blind) folded before Flop



PokerStars Hand #247534060022: Tournament #3683399284, $1.84+$0.16 USD Hold'em No Limit - Level III (20/40) - 2023/12/07 22:42:19 CET [2023/12/07 16:42:19 ET]
Table '3683399284 1' 3-max Seat #2 is the button
Seat 1: no1change (982 in chips) 
Seat 2: Mahu2021 (518 in chips) 
Mahu2021: posts small blind 20
no1change: posts big blind 40
*** HOLE CARDS ***
Dealt to Mahu2021 [2d 6d]
Mahu2021: calls 20
no1change: raises 942 to 982 and is all-in
Mahu2021: folds 
Uncalled bet (942) returned to no1change
no1change collected 80 from pot
no1change: doesn't show hand 
*** SUMMARY ***
Total pot 80 | Rake 0 
Seat 1: no1change (big blind) collected (80)
Seat 2: Mahu2021 (button) (small blind) folded before Flop



PokerStars Hand #247534062215: Tournament #3683399284, $1.84+$0.16 USD Hold'em No Limit - Level III (20/40) - 2023/12/07 22:42:25 CET [2023/12/07 16:42:25 ET]
Table '3683399284 1' 3-max Seat #1 is the button
Seat 1: no1change (1022 in chips) 
Seat 2: Mahu2021 (478 in chips) 
no1change: posts small blind 20
Mahu2021: posts big blind 40
*** HOLE CARDS ***
Dealt to Mahu2021 [4d 9h]
no1change: raises 982 to 1022 and is all-in
Mahu2021: folds 
Uncalled bet (982) returned to no1change
no1change collected 80 from pot
no1change: doesn't show hand 
*** SUMMARY ***
Total pot 80 | Rake 0 
Seat 1: no1change (button) (small blind) collected (80)
Seat 2: Mahu2021 (big blind) folded before Flop



PokerStars Hand #247534064007: Tournament #3683399284, $1.84+$0.16 USD Hold'em No Limit - Level III (20/40) - 2023/12/07 22:42:31 CET [2023/12/07 16:42:31 ET]
Table '3683399284 1' 3-max Seat #2 is the button
Seat 1: no1change (1062 in chips) 
Seat 2: Mahu2021 (438 in chips) 
Mahu2021: posts small blind 20
no1change: posts big blind 40
*** HOLE CARDS ***
Dealt to Mahu2021 [2s Jc]
Mahu2021: folds 
Uncalled bet (20) returned to no1change
no1change collected 40 from pot
no1change: doesn't show hand 
*** SUMMARY ***
Total pot 40 | Rake 0 
Seat 1: no1change (big blind) collected (40)
Seat 2: Mahu2021 (button) (small blind) folded before Flop



PokerStars Hand #247534065521: Tournament #3683399284, $1.84+$0.16 USD Hold'em No Limit - Level III (20/40) - 2023/12/07 22:42:35 CET [2023/12/07 16:42:35 ET]
Table '3683399284 1' 3-max Seat #1 is the button
Seat 1: no1change (1082 in chips) 
Seat 2: Mahu2021 (418 in chips) 
no1change: posts small blind 20
Mahu2021: posts big blind 40
*** HOLE CARDS ***
Dealt to Mahu2021 [9c Ks]
no1change: folds 
Uncalled bet (20) returned to Mahu2021
Mahu2021 collected 40 from pot
Mahu2021: doesn't show hand 
*** SUMMARY ***
Total pot 40 | Rake 0 
Seat 1: no1change (button) (small blind) folded before Flop
Seat 2: Mahu2021 (big blind) collected (40)



PokerStars Hand #247534066961: Tournament #3683399284, $1.84+$0.16 USD Hold'em No Limit - Level III (20/40) - 2023/12/07 22:42:39 CET [2023/12/07 16:42:39 ET]
Table '3683399284 1' 3-max Seat #2 is the button
Seat 1: no1change (1062 in chips) 
Seat 2: Mahu2021 (438 in chips) 
Mahu2021: posts small blind 20
no1change: posts big blind 40
*** HOLE CARDS ***
Dealt to Mahu2021 [Td 5c]
Mahu2021: folds 
Uncalled bet (20) returned to no1change
no1change collected 40 from pot
no1change: doesn't show hand 
*** SUMMARY ***
Total pot 40 | Rake 0 
Seat 1: no1change (big blind) collected (40)
Seat 2: Mahu2021 (button) (small blind) folded before Flop



PokerStars Hand #247534068452: Tournament #3683399284, $1.84+$0.16 USD Hold'em No Limit - Level III (20/40) - 2023/12/07 22:42:43 CET [2023/12/07 16:42:43 ET]
Table '3683399284 1' 3-max Seat #1 is the button
Seat 1: no1change (1082 in chips) 
Seat 2: Mahu2021 (418 in chips) 
no1change: posts small blind 20
Mahu2021: posts big blind 40
*** HOLE CARDS ***
Dealt to Mahu2021 [2d 9h]
no1change: raises 1042 to 1082 and is all-in
Mahu2021: folds 
Uncalled bet (1042) returned to no1change
no1change collected 80 from pot
no1change: doesn't show hand 
*** SUMMARY ***
Total pot 80 | Rake 0 
Seat 1: no1change (button) (small blind) collected (80)
Seat 2: Mahu2021 (big blind) folded before Flop



PokerStars Hand #247534070204: Tournament #3683399284, $1.84+$0.16 USD Hold'em No Limit - Level III (20/40) - 2023/12/07 22:42:49 CET [2023/12/07 16:42:49 ET]
Table '3683399284 1' 3-max Seat #2 is the button
Seat 1: no1change (1122 in chips) 
Seat 2: Mahu2021 (378 in chips) 
Mahu2021: posts small blind 20
no1change: posts big blind 40
*** HOLE CARDS ***
Dealt to Mahu2021 [Qs 7s]
Mahu2021: calls 20
no1change: raises 1082 to 1122 and is all-in
Mahu2021: calls 338 and is all-in
Uncalled bet (744) returned to no1change
*** FLOP *** [2c 5d 7d]
*** TURN *** [2c 5d 7d] [Ts]
*** RIVER *** [2c 5d 7d Ts] [As]
*** SHOW DOWN ***
no1change: shows [5s Kd] (a pair of Fives)
Mahu2021: shows [Qs 7s] (a pair of Sevens)
Mahu2021 collected 756 from pot
*** SUMMARY ***
Total pot 756 | Rake 0 
Board [2c 5d 7d Ts As]
Seat 1: no1change (big blind) showed [5s Kd] and lost with a pair of Fives
Seat 2: Mahu2021 (button) (small blind) showed [Qs 7s] and won (756) with a pair of Sevens



PokerStars Hand #247534075915: Tournament #3683399284, $1.84+$0.16 USD Hold'em No Limit - Level IV (30/60) - 2023/12/07 22:43:05 CET [2023/12/07 16:43:05 ET]
Table '3683399284 1' 3-max Seat #1 is the button
Seat 1: no1change (744 in chips) 
Seat 2: Mahu2021 (756 in chips) 
no1change: posts small blind 30
Mahu2021: posts big blind 60
*** HOLE CARDS ***
Dealt to Mahu2021 [Qc Ac]
no1change: folds 
Uncalled bet (30) returned to Mahu2021
Mahu2021 collected 60 from pot
Mahu2021: doesn't show hand 
*** SUMMARY ***
Total pot 60 | Rake 0 
Seat 1: no1change (button) (small blind) folded before Flop
Seat 2: Mahu2021 (big blind) collected (60)



PokerStars Hand #247534077438: Tournament #3683399284, $1.84+$0.16 USD Hold'em No Limit - Level IV (30/60) - 2023/12/07 22:43:10 CET [2023/12/07 16:43:10 ET]
Table '3683399284 1' 3-max Seat #2 is the button
Seat 1: no1change (714 in chips) 
Seat 2: Mahu2021 (786 in chips) 
Mahu2021: posts small blind 30
no1change: posts big blind 60
*** HOLE CARDS ***
Dealt to Mahu2021 [8d 7d]
Mahu2021: calls 30
no1change: raises 654 to 714 and is all-in
Mahu2021: folds 
Uncalled bet (654) returned to no1change
no1change collected 120 from pot
no1change: doesn't show hand 
*** SUMMARY ***
Total pot 120 | Rake 0 
Seat 1: no1change (big blind) collected (120)
Seat 2: Mahu2021 (button) (small blind) folded before Flop



PokerStars Hand #247534079904: Tournament #3683399284, $1.84+$0.16 USD Hold'em No Limit - Level IV (30/60) - 2023/12/07 22:43:17 CET [2023/12/07 16:43:17 ET]
Table '3683399284 1' 3-max Seat #1 is the button
Seat 1: no1change (774 in chips) 
Seat 2: Mahu2021 (726 in chips) 
no1change: posts small blind 30
Mahu2021: posts big blind 60
*** HOLE CARDS ***
Dealt to Mahu2021 [2c 7c]
no1change: calls 30
Mahu2021: checks 
*** FLOP *** [Td 5s As]
Mahu2021: checks 
no1change: checks 
*** TURN *** [Td 5s As] [8c]
Mahu2021: bets 60
no1change: calls 60
*** RIVER *** [Td 5s As 8c] [Jc]
Mahu2021: checks 
no1change: checks 
*** SHOW DOWN ***
Mahu2021: shows [2c 7c] (high card Ace)
no1change: shows [4h 8h] (a pair of Eights)
no1change collected 240 from pot
*** SUMMARY ***
Total pot 240 | Rake 0 
Board [Td 5s As 8c Jc]
Seat 1: no1change (button) (small blind) showed [4h 8h] and won (240) with a pair of Eights
Seat 2: Mahu2021 (big blind) showed [2c 7c] and lost with high card Ace



PokerStars Hand #247534085198: Tournament #3683399284, $1.84+$0.16 USD Hold'em No Limit - Level IV (30/60) - 2023/12/07 22:43:32 CET [2023/12/07 16:43:32 ET]
Table '3683399284 1' 3-max Seat #2 is the button
Seat 1: no1change (894 in chips) 
Seat 2: Mahu2021 (606 in chips) 
Mahu2021: posts small blind 30
no1change: posts big blind 60
*** HOLE CARDS ***
Dealt to Mahu2021 [Ks 2h]
Mahu2021: calls 30
no1change: checks 
*** FLOP *** [8d As 7h]
no1change: checks 
Mahu2021: bets 60
no1change: calls 60
*** TURN *** [8d As 7h] [9s]
no1change: bets 120
Mahu2021: folds 
Uncalled bet (120) returned to no1change
no1change collected 240 from pot
no1change: doesn't show hand 
*** SUMMARY ***
Total pot 240 | Rake 0 
Board [8d As 7h 9s]
Seat 1: no1change (big blind) collected (240)
Seat 2: Mahu2021 (button) (small blind) folded on the Turn



PokerStars Hand #247534090350: Tournament #3683399284, $1.84+$0.16 USD Hold'em No Limit - Level IV (30/60) - 2023/12/07 22:43:47 CET [2023/12/07 16:43:47 ET]
Table '3683399284 1' 3-max Seat #1 is the button
Seat 1: no1change (1014 in chips) 
Seat 2: Mahu2021 (486 in chips) 
no1change: posts small blind 30
Mahu2021: posts big blind 60
*** HOLE CARDS ***
Dealt to Mahu2021 [4h Ts]
no1change: raises 954 to 1014 and is all-in
Mahu2021: folds 
Uncalled bet (954) returned to no1change
no1change collected 120 from pot
no1change: doesn't show hand 
*** SUMMARY ***
Total pot 120 | Rake 0 
Seat 1: no1change (button) (small blind) collected (120)
Seat 2: Mahu2021 (big blind) folded before Flop



PokerStars Hand #247534092200: Tournament #3683399284, $1.84+$0.16 USD Hold'em No Limit - Level IV (30/60) - 2023/12/07 22:43:53 CET [2023/12/07 16:43:53 ET]
Table '3683399284 1' 3-max Seat #2 is the button
Seat 1: no1change (1074 in chips) 
Seat 2: Mahu2021 (426 in chips) 
Mahu2021: posts small blind 30
no1change: posts big blind 60
*** HOLE CARDS ***
Dealt to Mahu2021 [3h Ac]
Mahu2021: calls 30
no1change: raises 1014 to 1074 and is all-in
Mahu2021: calls 366 and is all-in
Uncalled bet (648) returned to no1change
*** FLOP *** [8s 5s 7c]
*** TURN *** [8s 5s 7c] [Kh]
*** RIVER *** [8s 5s 7c Kh] [2c]
*** SHOW DOWN ***
no1change: shows [Jd Th] (high card King)
Mahu2021: shows [3h Ac] (high card Ace)
Mahu2021 collected 852 from pot
*** SUMMARY ***
Total pot 852 | Rake 0 
Board [8s 5s 7c Kh 2c]
Seat 1: no1change (big blind) showed [Jd Th] and lost with high card King
Seat 2: Mahu2021 (button) (small blind) showed [3h Ac] and won (852) with high card Ace



PokerStars Hand #247534096680: Tournament #3683399284, $1.84+$0.16 USD Hold'em No Limit - Level IV (30/60) - 2023/12/07 22:44:06 CET [2023/12/07 16:44:06 ET]
Table '3683399284 1' 3-max Seat #1 is the button
Seat 1: no1change (648 in chips) 
Seat 2: Mahu2021 (852 in chips) 
no1change: posts small blind 30
Mahu2021: posts big blind 60
*** HOLE CARDS ***
Dealt to Mahu2021 [2h Ad]
no1change: folds 
Uncalled bet (30) returned to Mahu2021
Mahu2021 collected 60 from pot
Mahu2021: doesn't show hand 
*** SUMMARY ***
Total pot 60 | Rake 0 
Seat 1: no1change (button) (small blind) folded before Flop
Seat 2: Mahu2021 (big blind) collected (60)



PokerStars Hand #247534098343: Tournament #3683399284, $1.84+$0.16 USD Hold'em No Limit - Level IV (30/60) - 2023/12/07 22:44:11 CET [2023/12/07 16:44:11 ET]
Table '3683399284 1' 3-max Seat #2 is the button
Seat 1: no1change (618 in chips) 
Seat 2: Mahu2021 (882 in chips) 
Mahu2021: posts small blind 30
no1change: posts big blind 60
*** HOLE CARDS ***
Dealt to Mahu2021 [Th Ad]
Mahu2021: calls 30
no1change: raises 558 to 618 and is all-in
Mahu2021: calls 558
*** FLOP *** [Kh 2s 6h]
*** TURN *** [Kh 2s 6h] [Ts]
*** RIVER *** [Kh 2s 6h Ts] [As]
*** SHOW DOWN ***
no1change: shows [Kd 5s] (a pair of Kings)
Mahu2021: shows [Th Ad] (two pair, Aces and Tens)
Mahu2021 collected 1236 from pot
no1change finished the tournament in 2nd place
Mahu2021 wins the tournament and receives $6.00 - congratulations!
*** SUMMARY ***
Total pot 1236 | Rake 0 
Board [Kh 2s 6h Ts As]
Seat 1: no1change (big blind) showed [Kd 5s] and lost with a pair of Kings
Seat 2: Mahu2021 (button) (small blind) showed [Th Ad] and won (1236) with two pair, Aces and Tens



