PokerStars Hand #254999205811: Tournament #3862072055, $0.46+$0.04 USD Hold'em No Limit - Level I (10/20) - 2025/02/23 10:09:03 CET [2025/02/23 4:09:03 ET]
Table '3862072055 1' 3-max Seat #1 is the button
Seat 1: Flakon2010 (500 in chips) 
Seat 2: Bivolaru988 (500 in chips) 
Seat 3: Mahu2021 (500 in chips) 
Bivolaru988: posts small blind 10
Mahu2021: posts big blind 20
*** HOLE CARDS ***
Dealt to Mahu2021 [3c Qd]
Flakon2010: folds 
Bivolaru988: folds 
Uncalled bet (10) returned to Mahu2021
Mahu2021 collected 20 from pot
Mahu2021: doesn't show hand 
*** SUMMARY ***
Total pot 20 | Rake 0 
Seat 1: Flakon2010 (button) folded before Flop (didn't bet)
Seat 2: Bivolaru988 (small blind) folded before Flop
Seat 3: Mahu2021 (big blind) collected (20)



PokerStars Hand #254999206423: Tournament #3862072055, $0.46+$0.04 USD Hold'em No Limit - Level I (10/20) - 2025/02/23 10:09:09 CET [2025/02/23 4:09:09 ET]
Table '3862072055 1' 3-max Seat #2 is the button
Seat 1: Flakon2010 (500 in chips) 
Seat 2: Bivolaru988 (490 in chips) 
Seat 3: Mahu2021 (510 in chips) 
Mahu2021: posts small blind 10
Flakon2010: posts big blind 20
*** HOLE CARDS ***
Dealt to Mahu2021 [5d Th]
Bivolaru988: raises 20 to 40
Mahu2021: folds 
Flakon2010: calls 20
*** FLOP *** [Jc Qs 9h]
Flakon2010: checks 
Bivolaru988: bets 60
Flakon2010: folds 
Uncalled bet (60) returned to Bivolaru988
Bivolaru988 collected 90 from pot
Bivolaru988: doesn't show hand 
*** SUMMARY ***
Total pot 90 | Rake 0 
Board [Jc Qs 9h]
Seat 1: Flakon2010 (big blind) folded on the Flop
Seat 2: Bivolaru988 (button) collected (90)
Seat 3: Mahu2021 (small blind) folded before Flop



PokerStars Hand #254999208165: Tournament #3862072055, $0.46+$0.04 USD Hold'em No Limit - Level I (10/20) - 2025/02/23 10:09:26 CET [2025/02/23 4:09:26 ET]
Table '3862072055 1' 3-max Seat #3 is the button
Seat 1: Flakon2010 (460 in chips) 
Seat 2: Bivolaru988 (540 in chips) 
Seat 3: Mahu2021 (500 in chips) 
Flakon2010: posts small blind 10
Bivolaru988: posts big blind 20
*** HOLE CARDS ***
Dealt to Mahu2021 [4c Js]
Mahu2021: folds 
Flakon2010: folds 
Uncalled bet (10) returned to Bivolaru988
Bivolaru988 collected 20 from pot
Bivolaru988: doesn't show hand 
*** SUMMARY ***
Total pot 20 | Rake 0 
Seat 1: Flakon2010 (small blind) folded before Flop
Seat 2: Bivolaru988 (big blind) collected (20)
Seat 3: Mahu2021 (button) folded before Flop (didn't bet)



PokerStars Hand #254999209356: Tournament #3862072055, $0.46+$0.04 USD Hold'em No Limit - Level I (10/20) - 2025/02/23 10:09:38 CET [2025/02/23 4:09:38 ET]
Table '3862072055 1' 3-max Seat #1 is the button
Seat 1: Flakon2010 (450 in chips) 
Seat 2: Bivolaru988 (550 in chips) 
Seat 3: Mahu2021 (500 in chips) 
Bivolaru988: posts small blind 10
Mahu2021: posts big blind 20
*** HOLE CARDS ***
Dealt to Mahu2021 [9c 2s]
Flakon2010: folds 
Bivolaru988: calls 10
Mahu2021: checks 
*** FLOP *** [Ad Jd 5d]
Bivolaru988: checks 
Mahu2021: checks 
*** TURN *** [Ad Jd 5d] [Ac]
Bivolaru988: bets 20
Mahu2021: folds 
Uncalled bet (20) returned to Bivolaru988
Bivolaru988 collected 40 from pot
Bivolaru988: doesn't show hand 
*** SUMMARY ***
Total pot 40 | Rake 0 
Board [Ad Jd 5d Ac]
Seat 1: Flakon2010 (button) folded before Flop (didn't bet)
Seat 2: Bivolaru988 (small blind) collected (40)
Seat 3: Mahu2021 (big blind) folded on the Turn



PokerStars Hand #254999211284: Tournament #3862072055, $0.46+$0.04 USD Hold'em No Limit - Level I (10/20) - 2025/02/23 10:09:58 CET [2025/02/23 4:09:58 ET]
Table '3862072055 1' 3-max Seat #2 is the button
Seat 1: Flakon2010 (450 in chips) 
Seat 2: Bivolaru988 (570 in chips) 
Seat 3: Mahu2021 (480 in chips) 
Mahu2021: posts small blind 10
Flakon2010: posts big blind 20
*** HOLE CARDS ***
Dealt to Mahu2021 [Ts 3h]
Bivolaru988: raises 20 to 40
Mahu2021: folds 
Flakon2010: raises 410 to 450 and is all-in
Bivolaru988: calls 410
*** FLOP *** [Td Ks 3c]
*** TURN *** [Td Ks 3c] [7c]
*** RIVER *** [Td Ks 3c 7c] [3d]
*** SHOW DOWN ***
Flakon2010: shows [Jh Qs] (a pair of Threes)
Bivolaru988: shows [Ac Ad] (two pair, Aces and Threes)
Bivolaru988 collected 910 from pot
Flakon2010 finished the tournament in 3rd place
*** SUMMARY ***
Total pot 910 | Rake 0 
Board [Td Ks 3c 7c 3d]
Seat 1: Flakon2010 (big blind) showed [Jh Qs] and lost with a pair of Threes
Seat 2: Bivolaru988 (button) showed [Ac Ad] and won (910) with two pair, Aces and Threes
Seat 3: Mahu2021 (small blind) folded before Flop



PokerStars Hand #254999213424: Tournament #3862072055, $0.46+$0.04 USD Hold'em No Limit - Level I (10/20) - 2025/02/23 10:10:19 CET [2025/02/23 4:10:19 ET]
Table '3862072055 1' 3-max Seat #3 is the button
Seat 2: Bivolaru988 (1030 in chips) 
Seat 3: Mahu2021 (470 in chips) 
Mahu2021: posts small blind 10
Bivolaru988: posts big blind 20
*** HOLE CARDS ***
Dealt to Mahu2021 [7h 8c]
Mahu2021: calls 10
Bivolaru988: checks 
*** FLOP *** [Jd 5s Td]
Bivolaru988: checks 
Mahu2021: checks 
*** TURN *** [Jd 5s Td] [Qc]
Bivolaru988: bets 20
Mahu2021: folds 
Uncalled bet (20) returned to Bivolaru988
Bivolaru988 collected 40 from pot
Bivolaru988: doesn't show hand 
*** SUMMARY ***
Total pot 40 | Rake 0 
Board [Jd 5s Td Qc]
Seat 2: Bivolaru988 (big blind) collected (40)
Seat 3: Mahu2021 (button) (small blind) folded on the Turn



PokerStars Hand #254999214834: Tournament #3862072055, $0.46+$0.04 USD Hold'em No Limit - Level I (10/20) - 2025/02/23 10:10:33 CET [2025/02/23 4:10:33 ET]
Table '3862072055 1' 3-max Seat #2 is the button
Seat 2: Bivolaru988 (1050 in chips) 
Seat 3: Mahu2021 (450 in chips) 
Bivolaru988: posts small blind 10
Mahu2021: posts big blind 20
*** HOLE CARDS ***
Dealt to Mahu2021 [8d 6d]
Bivolaru988: calls 10
Mahu2021: checks 
*** FLOP *** [9d Td 6c]
Mahu2021: checks 
Bivolaru988: checks 
*** TURN *** [9d Td 6c] [Ad]
Mahu2021: checks 
Bivolaru988: bets 20
Mahu2021: raises 20 to 40
Bivolaru988: raises 20 to 60
Mahu2021: raises 80 to 140
Bivolaru988: raises 890 to 1030 and is all-in
Mahu2021: calls 290 and is all-in
Uncalled bet (600) returned to Bivolaru988
*** RIVER *** [9d Td 6c Ad] [Qh]
*** SHOW DOWN ***
Mahu2021: shows [8d 6d] (a flush, Ace high)
Bivolaru988: shows [2d 5d] (a flush, Ace high - lower cards)
Mahu2021 collected 900 from pot
*** SUMMARY ***
Total pot 900 | Rake 0 
Board [9d Td 6c Ad Qh]
Seat 2: Bivolaru988 (button) (small blind) showed [2d 5d] and lost with a flush, Ace high
Seat 3: Mahu2021 (big blind) showed [8d 6d] and won (900) with a flush, Ace high



PokerStars Hand #254999217376: Tournament #3862072055, $0.46+$0.04 USD Hold'em No Limit - Level I (10/20) - 2025/02/23 10:10:59 CET [2025/02/23 4:10:59 ET]
Table '3862072055 1' 3-max Seat #3 is the button
Seat 2: Bivolaru988 (600 in chips) 
Seat 3: Mahu2021 (900 in chips) 
Mahu2021: posts small blind 10
Bivolaru988: posts big blind 20
*** HOLE CARDS ***
Dealt to Mahu2021 [Qh 7h]
Mahu2021: calls 10
Bivolaru988: raises 20 to 40
Mahu2021: calls 20
*** FLOP *** [4s 6h 8s]
Bivolaru988: bets 20
Mahu2021: calls 20
*** TURN *** [4s 6h 8s] [3s]
Bivolaru988: checks 
Mahu2021: checks 
*** RIVER *** [4s 6h 8s 3s] [Ks]
Bivolaru988: bets 60
Mahu2021: folds 
Uncalled bet (60) returned to Bivolaru988
Bivolaru988 collected 120 from pot
Bivolaru988: doesn't show hand 
*** SUMMARY ***
Total pot 120 | Rake 0 
Board [4s 6h 8s 3s Ks]
Seat 2: Bivolaru988 (big blind) collected (120)
Seat 3: Mahu2021 (button) (small blind) folded on the River



PokerStars Hand #254999219621: Tournament #3862072055, $0.46+$0.04 USD Hold'em No Limit - Level II (15/30) - 2025/02/23 10:11:21 CET [2025/02/23 4:11:21 ET]
Table '3862072055 1' 3-max Seat #2 is the button
Seat 2: Bivolaru988 (660 in chips) 
Seat 3: Mahu2021 (840 in chips) 
Bivolaru988: posts small blind 15
Mahu2021: posts big blind 30
*** HOLE CARDS ***
Dealt to Mahu2021 [4s 3c]
Bivolaru988: raises 30 to 60
Mahu2021: folds 
Uncalled bet (30) returned to Bivolaru988
Bivolaru988 collected 60 from pot
Bivolaru988: doesn't show hand 
*** SUMMARY ***
Total pot 60 | Rake 0 
Seat 2: Bivolaru988 (button) (small blind) collected (60)
Seat 3: Mahu2021 (big blind) folded before Flop



PokerStars Hand #254999220496: Tournament #3862072055, $0.46+$0.04 USD Hold'em No Limit - Level II (15/30) - 2025/02/23 10:11:30 CET [2025/02/23 4:11:30 ET]
Table '3862072055 1' 3-max Seat #3 is the button
Seat 2: Bivolaru988 (690 in chips) 
Seat 3: Mahu2021 (810 in chips) 
Mahu2021: posts small blind 15
Bivolaru988: posts big blind 30
*** HOLE CARDS ***
Dealt to Mahu2021 [Qc 5d]
Mahu2021: calls 15
Bivolaru988: checks 
*** FLOP *** [8d 5h Js]
Bivolaru988: bets 30
Mahu2021: calls 30
*** TURN *** [8d 5h Js] [8s]
Bivolaru988: bets 30
Mahu2021: calls 30
*** RIVER *** [8d 5h Js 8s] [3c]
Bivolaru988: bets 90
Mahu2021: calls 90
*** SHOW DOWN ***
Bivolaru988: shows [Th 8c] (three of a kind, Eights)
Mahu2021: mucks hand 
Bivolaru988 collected 360 from pot
*** SUMMARY ***
Total pot 360 | Rake 0 
Board [8d 5h Js 8s 3c]
Seat 2: Bivolaru988 (big blind) showed [Th 8c] and won (360) with three of a kind, Eights
Seat 3: Mahu2021 (button) (small blind) mucked [Qc 5d]



PokerStars Hand #254999221991: Tournament #3862072055, $0.46+$0.04 USD Hold'em No Limit - Level II (15/30) - 2025/02/23 10:11:45 CET [2025/02/23 4:11:45 ET]
Table '3862072055 1' 3-max Seat #2 is the button
Seat 2: Bivolaru988 (870 in chips) 
Seat 3: Mahu2021 (630 in chips) 
Bivolaru988: posts small blind 15
Mahu2021: posts big blind 30
*** HOLE CARDS ***
Dealt to Mahu2021 [4d 9h]
Bivolaru988: folds 
Uncalled bet (15) returned to Mahu2021
Mahu2021 collected 30 from pot
Mahu2021: doesn't show hand 
*** SUMMARY ***
Total pot 30 | Rake 0 
Seat 2: Bivolaru988 (button) (small blind) folded before Flop
Seat 3: Mahu2021 (big blind) collected (30)



PokerStars Hand #254999222983: Tournament #3862072055, $0.46+$0.04 USD Hold'em No Limit - Level II (15/30) - 2025/02/23 10:11:56 CET [2025/02/23 4:11:56 ET]
Table '3862072055 1' 3-max Seat #3 is the button
Seat 2: Bivolaru988 (855 in chips) 
Seat 3: Mahu2021 (645 in chips) 
Mahu2021: posts small blind 15
Bivolaru988: posts big blind 30
*** HOLE CARDS ***
Dealt to Mahu2021 [9s 4s]
Mahu2021: folds 
Uncalled bet (15) returned to Bivolaru988
Bivolaru988 collected 30 from pot
Bivolaru988: doesn't show hand 
*** SUMMARY ***
Total pot 30 | Rake 0 
Seat 2: Bivolaru988 (big blind) collected (30)
Seat 3: Mahu2021 (button) (small blind) folded before Flop



PokerStars Hand #254999223475: Tournament #3862072055, $0.46+$0.04 USD Hold'em No Limit - Level II (15/30) - 2025/02/23 10:12:01 CET [2025/02/23 4:12:01 ET]
Table '3862072055 1' 3-max Seat #2 is the button
Seat 2: Bivolaru988 (870 in chips) 
Seat 3: Mahu2021 (630 in chips) 
Bivolaru988: posts small blind 15
Mahu2021: posts big blind 30
*** HOLE CARDS ***
Dealt to Mahu2021 [7h 8s]
Bivolaru988: calls 15
Mahu2021: checks 
*** FLOP *** [5c 6h Qs]
Mahu2021: checks 
Bivolaru988: checks 
*** TURN *** [5c 6h Qs] [6s]
Mahu2021: bets 30
Bivolaru988: calls 30
*** RIVER *** [5c 6h Qs 6s] [Kc]
Mahu2021: bets 120
Bivolaru988: raises 120 to 240
Mahu2021: folds 
Uncalled bet (120) returned to Bivolaru988
Bivolaru988 collected 360 from pot
Bivolaru988: doesn't show hand 
*** SUMMARY ***
Total pot 360 | Rake 0 
Board [5c 6h Qs 6s Kc]
Seat 2: Bivolaru988 (button) (small blind) collected (360)
Seat 3: Mahu2021 (big blind) folded on the River



PokerStars Hand #254999225542: Tournament #3862072055, $0.46+$0.04 USD Hold'em No Limit - Level II (15/30) - 2025/02/23 10:12:21 CET [2025/02/23 4:12:21 ET]
Table '3862072055 1' 3-max Seat #3 is the button
Seat 2: Bivolaru988 (1050 in chips) 
Seat 3: Mahu2021 (450 in chips) 
Mahu2021: posts small blind 15
Bivolaru988: posts big blind 30
*** HOLE CARDS ***
Dealt to Mahu2021 [7h 9h]
Mahu2021: calls 15
Bivolaru988: checks 
*** FLOP *** [Kc Ah 3h]
Bivolaru988: checks 
Mahu2021: bets 420 and is all-in
Bivolaru988: calls 420
*** TURN *** [Kc Ah 3h] [5d]
*** RIVER *** [Kc Ah 3h 5d] [Js]
*** SHOW DOWN ***
Bivolaru988: shows [8h 2h] (high card Ace)
Mahu2021: shows [7h 9h] (high card Ace - King+Jack+Nine kicker)
Mahu2021 collected 900 from pot
*** SUMMARY ***
Total pot 900 | Rake 0 
Board [Kc Ah 3h 5d Js]
Seat 2: Bivolaru988 (big blind) showed [8h 2h] and lost with high card Ace
Seat 3: Mahu2021 (button) (small blind) showed [7h 9h] and won (900) with high card Ace



PokerStars Hand #254999227583: Tournament #3862072055, $0.46+$0.04 USD Hold'em No Limit - Level II (15/30) - 2025/02/23 10:12:42 CET [2025/02/23 4:12:42 ET]
Table '3862072055 1' 3-max Seat #2 is the button
Seat 2: Bivolaru988 (600 in chips) 
Seat 3: Mahu2021 (900 in chips) 
Bivolaru988: posts small blind 15
Mahu2021: posts big blind 30
*** HOLE CARDS ***
Dealt to Mahu2021 [9s 6c]
Bivolaru988: calls 15
Mahu2021: checks 
*** FLOP *** [2d Td 8d]
Mahu2021: checks 
Bivolaru988: checks 
*** TURN *** [2d Td 8d] [4h]
Mahu2021: checks 
Bivolaru988: bets 30
Mahu2021: folds 
Uncalled bet (30) returned to Bivolaru988
Bivolaru988 collected 60 from pot
Bivolaru988: doesn't show hand 
*** SUMMARY ***
Total pot 60 | Rake 0 
Board [2d Td 8d 4h]
Seat 2: Bivolaru988 (button) (small blind) collected (60)
Seat 3: Mahu2021 (big blind) folded on the Turn



PokerStars Hand #254999229433: Tournament #3862072055, $0.46+$0.04 USD Hold'em No Limit - Level II (15/30) - 2025/02/23 10:13:01 CET [2025/02/23 4:13:01 ET]
Table '3862072055 1' 3-max Seat #3 is the button
Seat 2: Bivolaru988 (630 in chips) 
Seat 3: Mahu2021 (870 in chips) 
Mahu2021: posts small blind 15
Bivolaru988: posts big blind 30
*** HOLE CARDS ***
Dealt to Mahu2021 [9d 4c]
Mahu2021: folds 
Uncalled bet (15) returned to Bivolaru988
Bivolaru988 collected 30 from pot
Bivolaru988: doesn't show hand 
*** SUMMARY ***
Total pot 30 | Rake 0 
Seat 2: Bivolaru988 (big blind) collected (30)
Seat 3: Mahu2021 (button) (small blind) folded before Flop



PokerStars Hand #254999230142: Tournament #3862072055, $0.46+$0.04 USD Hold'em No Limit - Level III (20/40) - 2025/02/23 10:13:08 CET [2025/02/23 4:13:08 ET]
Table '3862072055 1' 3-max Seat #2 is the button
Seat 2: Bivolaru988 (645 in chips) 
Seat 3: Mahu2021 (855 in chips) 
Bivolaru988: posts small blind 20
Mahu2021: posts big blind 40
*** HOLE CARDS ***
Dealt to Mahu2021 [As Ah]
Bivolaru988: calls 20
Mahu2021: raises 120 to 160
Bivolaru988: calls 120
*** FLOP *** [3h Kh 5s]
Mahu2021: bets 695 and is all-in
Bivolaru988: folds 
Uncalled bet (695) returned to Mahu2021
Mahu2021 collected 320 from pot
Mahu2021: doesn't show hand 
*** SUMMARY ***
Total pot 320 | Rake 0 
Board [3h Kh 5s]
Seat 2: Bivolaru988 (button) (small blind) folded on the Flop
Seat 3: Mahu2021 (big blind) collected (320)



PokerStars Hand #254999231828: Tournament #3862072055, $0.46+$0.04 USD Hold'em No Limit - Level III (20/40) - 2025/02/23 10:13:25 CET [2025/02/23 4:13:25 ET]
Table '3862072055 1' 3-max Seat #3 is the button
Seat 2: Bivolaru988 (485 in chips) 
Seat 3: Mahu2021 (1015 in chips) 
Mahu2021: posts small blind 20
Bivolaru988: posts big blind 40
*** HOLE CARDS ***
Dealt to Mahu2021 [2h 8d]
Mahu2021: folds 
Uncalled bet (20) returned to Bivolaru988
Bivolaru988 collected 40 from pot
Bivolaru988: doesn't show hand 
*** SUMMARY ***
Total pot 40 | Rake 0 
Seat 2: Bivolaru988 (big blind) collected (40)
Seat 3: Mahu2021 (button) (small blind) folded before Flop



PokerStars Hand #254999232259: Tournament #3862072055, $0.46+$0.04 USD Hold'em No Limit - Level III (20/40) - 2025/02/23 10:13:29 CET [2025/02/23 4:13:29 ET]
Table '3862072055 1' 3-max Seat #2 is the button
Seat 2: Bivolaru988 (505 in chips) 
Seat 3: Mahu2021 (995 in chips) 
Bivolaru988: posts small blind 20
Mahu2021: posts big blind 40
*** HOLE CARDS ***
Dealt to Mahu2021 [Jd 9h]
Bivolaru988: folds 
Uncalled bet (20) returned to Mahu2021
Mahu2021 collected 40 from pot
Mahu2021: doesn't show hand 
*** SUMMARY ***
Total pot 40 | Rake 0 
Seat 2: Bivolaru988 (button) (small blind) folded before Flop
Seat 3: Mahu2021 (big blind) collected (40)



PokerStars Hand #254999232761: Tournament #3862072055, $0.46+$0.04 USD Hold'em No Limit - Level III (20/40) - 2025/02/23 10:13:34 CET [2025/02/23 4:13:34 ET]
Table '3862072055 1' 3-max Seat #3 is the button
Seat 2: Bivolaru988 (485 in chips) 
Seat 3: Mahu2021 (1015 in chips) 
Mahu2021: posts small blind 20
Bivolaru988: posts big blind 40
*** HOLE CARDS ***
Dealt to Mahu2021 [8s 8h]
Mahu2021: raises 975 to 1015 and is all-in
Bivolaru988: calls 445 and is all-in
Uncalled bet (530) returned to Mahu2021
*** FLOP *** [2h 2s Jd]
*** TURN *** [2h 2s Jd] [Kh]
*** RIVER *** [2h 2s Jd Kh] [Jh]
*** SHOW DOWN ***
Bivolaru988: shows [Ks Tc] (two pair, Kings and Jacks)
Mahu2021: shows [8s 8h] (two pair, Jacks and Eights)
Bivolaru988 collected 970 from pot
*** SUMMARY ***
Total pot 970 | Rake 0 
Board [2h 2s Jd Kh Jh]
Seat 2: Bivolaru988 (big blind) showed [Ks Tc] and won (970) with two pair, Kings and Jacks
Seat 3: Mahu2021 (button) (small blind) showed [8s 8h] and lost with two pair, Jacks and Eights



PokerStars Hand #254999234005: Tournament #3862072055, $0.46+$0.04 USD Hold'em No Limit - Level III (20/40) - 2025/02/23 10:13:47 CET [2025/02/23 4:13:47 ET]
Table '3862072055 1' 3-max Seat #2 is the button
Seat 2: Bivolaru988 (970 in chips) 
Seat 3: Mahu2021 (530 in chips) 
Bivolaru988: posts small blind 20
Mahu2021: posts big blind 40
*** HOLE CARDS ***
Dealt to Mahu2021 [Kh 8c]
Bivolaru988: folds 
Uncalled bet (20) returned to Mahu2021
Mahu2021 collected 40 from pot
Mahu2021: doesn't show hand 
*** SUMMARY ***
Total pot 40 | Rake 0 
Seat 2: Bivolaru988 (button) (small blind) folded before Flop
Seat 3: Mahu2021 (big blind) collected (40)



PokerStars Hand #254999234896: Tournament #3862072055, $0.46+$0.04 USD Hold'em No Limit - Level III (20/40) - 2025/02/23 10:13:56 CET [2025/02/23 4:13:56 ET]
Table '3862072055 1' 3-max Seat #3 is the button
Seat 2: Bivolaru988 (950 in chips) 
Seat 3: Mahu2021 (550 in chips) 
Mahu2021: posts small blind 20
Bivolaru988: posts big blind 40
*** HOLE CARDS ***
Dealt to Mahu2021 [8s 5d]
Mahu2021: folds 
Uncalled bet (20) returned to Bivolaru988
Bivolaru988 collected 40 from pot
Bivolaru988: doesn't show hand 
*** SUMMARY ***
Total pot 40 | Rake 0 
Seat 2: Bivolaru988 (big blind) collected (40)
Seat 3: Mahu2021 (button) (small blind) folded before Flop



PokerStars Hand #254999235282: Tournament #3862072055, $0.46+$0.04 USD Hold'em No Limit - Level III (20/40) - 2025/02/23 10:14:00 CET [2025/02/23 4:14:00 ET]
Table '3862072055 1' 3-max Seat #2 is the button
Seat 2: Bivolaru988 (970 in chips) 
Seat 3: Mahu2021 (530 in chips) 
Bivolaru988: posts small blind 20
Mahu2021: posts big blind 40
*** HOLE CARDS ***
Dealt to Mahu2021 [Ad 6d]
Bivolaru988: calls 20
Mahu2021: checks 
*** FLOP *** [6c Ks 9s]
Mahu2021: checks 
Bivolaru988: checks 
*** TURN *** [6c Ks 9s] [7h]
Mahu2021: bets 40
Bivolaru988: calls 40
*** RIVER *** [6c Ks 9s 7h] [3s]
Mahu2021: bets 40
Bivolaru988: calls 40
*** SHOW DOWN ***
Mahu2021: shows [Ad 6d] (a pair of Sixes)
Bivolaru988: shows [Jh 9d] (a pair of Nines)
Bivolaru988 collected 240 from pot
*** SUMMARY ***
Total pot 240 | Rake 0 
Board [6c Ks 9s 7h 3s]
Seat 2: Bivolaru988 (button) (small blind) showed [Jh 9d] and won (240) with a pair of Nines
Seat 3: Mahu2021 (big blind) showed [Ad 6d] and lost with a pair of Sixes



PokerStars Hand #254999236764: Tournament #3862072055, $0.46+$0.04 USD Hold'em No Limit - Level III (20/40) - 2025/02/23 10:14:15 CET [2025/02/23 4:14:15 ET]
Table '3862072055 1' 3-max Seat #3 is the button
Seat 2: Bivolaru988 (1090 in chips) 
Seat 3: Mahu2021 (410 in chips) 
Mahu2021: posts small blind 20
Bivolaru988: posts big blind 40
*** HOLE CARDS ***
Dealt to Mahu2021 [Qc Ah]
Mahu2021: raises 370 to 410 and is all-in
Bivolaru988: calls 370
*** FLOP *** [Jh Qd 2c]
*** TURN *** [Jh Qd 2c] [Jc]
*** RIVER *** [Jh Qd 2c Jc] [Kh]
*** SHOW DOWN ***
Bivolaru988: shows [Kc 9c] (two pair, Kings and Jacks)
Mahu2021: shows [Qc Ah] (two pair, Queens and Jacks)
Bivolaru988 collected 820 from pot
Mahu2021 finished the tournament in 2nd place
Bivolaru988 wins the tournament - congratulations!
Bivolaru988 wins a '$1.50 Power Path Step 2 Ticket' ticket
*** SUMMARY ***
Total pot 820 | Rake 0 
Board [Jh Qd 2c Jc Kh]
Seat 2: Bivolaru988 (big blind) showed [Kc 9c] and won (820) with two pair, Kings and Jacks
Seat 3: Mahu2021 (button) (small blind) showed [Qc Ah] and lost with two pair, Queens and Jacks



