PokerStars Hand #246405183784: Tournament #3655370132, $0.92+$0.08 USD Hold'em No Limit - Level I (10/20) - 2023/10/07 20:43:34 CET [2023/10/07 14:43:34 ET]
Table '3655370132 1' 3-max Seat #1 is the button
Seat 1: Slomo75 (500 in chips) 
Seat 2: fishakng (500 in chips) 
Seat 3: Mahu2021 (500 in chips) 
fishakng: posts small blind 10
Mahu2021: posts big blind 20
*** HOLE CARDS ***
Dealt to Mahu2021 [2d 4h]
Slomo75: raises 40 to 60
fishakng: folds 
Mahu2021: folds 
Uncalled bet (40) returned to Slomo75
Slomo75 collected 50 from pot
*** SUMMARY ***
Total pot 50 | Rake 0 
Seat 1: Slomo75 (button) collected (50)
Seat 2: fishakng (small blind) folded before Flop
Seat 3: Mahu2021 (big blind) folded before Flop



PokerStars Hand #246405186074: Tournament #3655370132, $0.92+$0.08 USD Hold'em No Limit - Level I (10/20) - 2023/10/07 20:43:42 CET [2023/10/07 14:43:42 ET]
Table '3655370132 1' 3-max Seat #2 is the button
Seat 1: Slomo75 (530 in chips) 
Seat 2: fishakng (490 in chips) 
Seat 3: Mahu2021 (480 in chips) 
Mahu2021: posts small blind 10
Slomo75: posts big blind 20
*** HOLE CARDS ***
Dealt to Mahu2021 [Js 7c]
fishakng: calls 20
Mahu2021: calls 10
Slomo75: checks 
*** FLOP *** [Qs 8s Ah]
Mahu2021: checks 
Slomo75: checks 
fishakng: bets 40
Mahu2021: folds 
Slomo75: folds 
Uncalled bet (40) returned to fishakng
fishakng collected 60 from pot
*** SUMMARY ***
Total pot 60 | Rake 0 
Board [Qs 8s Ah]
Seat 1: Slomo75 (big blind) folded on the Flop
Seat 2: fishakng (button) collected (60)
Seat 3: Mahu2021 (small blind) folded on the Flop



PokerStars Hand #246405194611: Tournament #3655370132, $0.92+$0.08 USD Hold'em No Limit - Level I (10/20) - 2023/10/07 20:44:07 CET [2023/10/07 14:44:07 ET]
Table '3655370132 1' 3-max Seat #3 is the button
Seat 1: Slomo75 (510 in chips) 
Seat 2: fishakng (530 in chips) 
Seat 3: Mahu2021 (460 in chips) 
Slomo75: posts small blind 10
fishakng: posts big blind 20
*** HOLE CARDS ***
Dealt to Mahu2021 [3s Th]
Mahu2021: folds 
Slomo75: calls 10
fishakng: checks 
*** FLOP *** [3h 2d 4c]
Slomo75: bets 20
fishakng: folds 
Uncalled bet (20) returned to Slomo75
Slomo75 collected 40 from pot
*** SUMMARY ***
Total pot 40 | Rake 0 
Board [3h 2d 4c]
Seat 1: Slomo75 (small blind) collected (40)
Seat 2: fishakng (big blind) folded on the Flop
Seat 3: Mahu2021 (button) folded before Flop (didn't bet)



PokerStars Hand #246405199124: Tournament #3655370132, $0.92+$0.08 USD Hold'em No Limit - Level I (10/20) - 2023/10/07 20:44:21 CET [2023/10/07 14:44:21 ET]
Table '3655370132 1' 3-max Seat #1 is the button
Seat 1: Slomo75 (530 in chips) 
Seat 2: fishakng (510 in chips) 
Seat 3: Mahu2021 (460 in chips) 
fishakng: posts small blind 10
Mahu2021: posts big blind 20
*** HOLE CARDS ***
Dealt to Mahu2021 [Jc 7d]
Slomo75: folds 
fishakng: calls 10
Mahu2021: checks 
*** FLOP *** [3s 5h Ts]
fishakng: checks 
Mahu2021: checks 
*** TURN *** [3s 5h Ts] [8c]
fishakng: checks 
Mahu2021: bets 20
fishakng: folds 
Uncalled bet (20) returned to Mahu2021
Mahu2021 collected 40 from pot
Mahu2021: doesn't show hand 
*** SUMMARY ***
Total pot 40 | Rake 0 
Board [3s 5h Ts 8c]
Seat 1: Slomo75 (button) folded before Flop (didn't bet)
Seat 2: fishakng (small blind) folded on the Turn
Seat 3: Mahu2021 (big blind) collected (40)



PokerStars Hand #246405205890: Tournament #3655370132, $0.92+$0.08 USD Hold'em No Limit - Level I (10/20) - 2023/10/07 20:44:41 CET [2023/10/07 14:44:41 ET]
Table '3655370132 1' 3-max Seat #2 is the button
Seat 1: Slomo75 (530 in chips) 
Seat 2: fishakng (490 in chips) 
Seat 3: Mahu2021 (480 in chips) 
Mahu2021: posts small blind 10
Slomo75: posts big blind 20
*** HOLE CARDS ***
Dealt to Mahu2021 [6c 2s]
fishakng: calls 20
Mahu2021: folds 
Slomo75: checks 
*** FLOP *** [2h Jc 5c]
Slomo75: bets 25
fishakng: calls 25
*** TURN *** [2h Jc 5c] [3s]
Slomo75: bets 60
fishakng: calls 60
*** RIVER *** [2h Jc 5c 3s] [Qh]
Slomo75: checks 
fishakng: bets 130
Slomo75: calls 130
*** SHOW DOWN ***
fishakng: shows [9s Js] (a pair of Jacks)
Slomo75: shows [Kh Jd] (a pair of Jacks - King kicker)
Slomo75 collected 480 from pot
*** SUMMARY ***
Total pot 480 | Rake 0 
Board [2h Jc 5c 3s Qh]
Seat 1: Slomo75 (big blind) showed [Kh Jd] and won (480) with a pair of Jacks
Seat 2: fishakng (button) showed [9s Js] and lost with a pair of Jacks
Seat 3: Mahu2021 (small blind) folded before Flop



PokerStars Hand #246405216690: Tournament #3655370132, $0.92+$0.08 USD Hold'em No Limit - Level I (10/20) - 2023/10/07 20:45:14 CET [2023/10/07 14:45:14 ET]
Table '3655370132 1' 3-max Seat #3 is the button
Seat 1: Slomo75 (775 in chips) 
Seat 2: fishakng (255 in chips) 
Seat 3: Mahu2021 (470 in chips) 
Slomo75: posts small blind 10
fishakng: posts big blind 20
*** HOLE CARDS ***
Dealt to Mahu2021 [2s Qd]
Mahu2021: folds 
Slomo75: folds 
Uncalled bet (10) returned to fishakng
fishakng collected 20 from pot
*** SUMMARY ***
Total pot 20 | Rake 0 
Seat 1: Slomo75 (small blind) folded before Flop
Seat 2: fishakng (big blind) collected (20)
Seat 3: Mahu2021 (button) folded before Flop (didn't bet)



PokerStars Hand #246405219358: Tournament #3655370132, $0.92+$0.08 USD Hold'em No Limit - Level I (10/20) - 2023/10/07 20:45:22 CET [2023/10/07 14:45:22 ET]
Table '3655370132 1' 3-max Seat #1 is the button
Seat 1: Slomo75 (765 in chips) 
Seat 2: fishakng (265 in chips) 
Seat 3: Mahu2021 (470 in chips) 
fishakng: posts small blind 10
Mahu2021: posts big blind 20
*** HOLE CARDS ***
Dealt to Mahu2021 [Tc Ts]
Slomo75: folds 
fishakng: folds 
Uncalled bet (10) returned to Mahu2021
Mahu2021 collected 20 from pot
Mahu2021: doesn't show hand 
*** SUMMARY ***
Total pot 20 | Rake 0 
Seat 1: Slomo75 (button) folded before Flop (didn't bet)
Seat 2: fishakng (small blind) folded before Flop
Seat 3: Mahu2021 (big blind) collected (20)



PokerStars Hand #246405221431: Tournament #3655370132, $0.92+$0.08 USD Hold'em No Limit - Level I (10/20) - 2023/10/07 20:45:28 CET [2023/10/07 14:45:28 ET]
Table '3655370132 1' 3-max Seat #2 is the button
Seat 1: Slomo75 (765 in chips) 
Seat 2: fishakng (255 in chips) 
Seat 3: Mahu2021 (480 in chips) 
Mahu2021: posts small blind 10
Slomo75: posts big blind 20
*** HOLE CARDS ***
Dealt to Mahu2021 [9h 2s]
fishakng: folds 
Mahu2021: folds 
Uncalled bet (10) returned to Slomo75
Slomo75 collected 20 from pot
*** SUMMARY ***
Total pot 20 | Rake 0 
Seat 1: Slomo75 (big blind) collected (20)
Seat 2: fishakng (button) folded before Flop (didn't bet)
Seat 3: Mahu2021 (small blind) folded before Flop



PokerStars Hand #246405223086: Tournament #3655370132, $0.92+$0.08 USD Hold'em No Limit - Level I (10/20) - 2023/10/07 20:45:33 CET [2023/10/07 14:45:33 ET]
Table '3655370132 1' 3-max Seat #3 is the button
Seat 1: Slomo75 (775 in chips) 
Seat 2: fishakng (255 in chips) 
Seat 3: Mahu2021 (470 in chips) 
Slomo75: posts small blind 10
fishakng: posts big blind 20
*** HOLE CARDS ***
Dealt to Mahu2021 [3d 5h]
Mahu2021: folds 
Slomo75: calls 10
fishakng: checks 
*** FLOP *** [Jd 9d 7c]
Slomo75: bets 20
fishakng: folds 
Uncalled bet (20) returned to Slomo75
Slomo75 collected 40 from pot
*** SUMMARY ***
Total pot 40 | Rake 0 
Board [Jd 9d 7c]
Seat 1: Slomo75 (small blind) collected (40)
Seat 2: fishakng (big blind) folded on the Flop
Seat 3: Mahu2021 (button) folded before Flop (didn't bet)



PokerStars Hand #246405230466: Tournament #3655370132, $0.92+$0.08 USD Hold'em No Limit - Level II (15/30) - 2023/10/07 20:45:55 CET [2023/10/07 14:45:55 ET]
Table '3655370132 1' 3-max Seat #1 is the button
Seat 1: Slomo75 (795 in chips) 
Seat 2: fishakng (235 in chips) 
Seat 3: Mahu2021 (470 in chips) 
fishakng: posts small blind 15
Mahu2021: posts big blind 30
*** HOLE CARDS ***
Dealt to Mahu2021 [Jd 6s]
Slomo75: raises 60 to 90
fishakng: folds 
Mahu2021: folds 
Uncalled bet (60) returned to Slomo75
Slomo75 collected 75 from pot
*** SUMMARY ***
Total pot 75 | Rake 0 
Seat 1: Slomo75 (button) collected (75)
Seat 2: fishakng (small blind) folded before Flop
Seat 3: Mahu2021 (big blind) folded before Flop



PokerStars Hand #246405234682: Tournament #3655370132, $0.92+$0.08 USD Hold'em No Limit - Level II (15/30) - 2023/10/07 20:46:08 CET [2023/10/07 14:46:08 ET]
Table '3655370132 1' 3-max Seat #2 is the button
Seat 1: Slomo75 (840 in chips) 
Seat 2: fishakng (220 in chips) 
Seat 3: Mahu2021 (440 in chips) 
Mahu2021: posts small blind 15
Slomo75: posts big blind 30
*** HOLE CARDS ***
Dealt to Mahu2021 [4d 8s]
fishakng: folds 
Mahu2021: folds 
Uncalled bet (15) returned to Slomo75
Slomo75 collected 30 from pot
*** SUMMARY ***
Total pot 30 | Rake 0 
Seat 1: Slomo75 (big blind) collected (30)
Seat 2: fishakng (button) folded before Flop (didn't bet)
Seat 3: Mahu2021 (small blind) folded before Flop



PokerStars Hand #246405236530: Tournament #3655370132, $0.92+$0.08 USD Hold'em No Limit - Level II (15/30) - 2023/10/07 20:46:13 CET [2023/10/07 14:46:13 ET]
Table '3655370132 1' 3-max Seat #3 is the button
Seat 1: Slomo75 (855 in chips) 
Seat 2: fishakng (220 in chips) 
Seat 3: Mahu2021 (425 in chips) 
Slomo75: posts small blind 15
fishakng: posts big blind 30
*** HOLE CARDS ***
Dealt to Mahu2021 [9c 9s]
Mahu2021: raises 395 to 425 and is all-in
Slomo75: folds 
fishakng: folds 
Uncalled bet (395) returned to Mahu2021
Mahu2021 collected 75 from pot
Mahu2021: doesn't show hand 
*** SUMMARY ***
Total pot 75 | Rake 0 
Seat 1: Slomo75 (small blind) folded before Flop
Seat 2: fishakng (big blind) folded before Flop
Seat 3: Mahu2021 (button) collected (75)



PokerStars Hand #246405239600: Tournament #3655370132, $0.92+$0.08 USD Hold'em No Limit - Level II (15/30) - 2023/10/07 20:46:23 CET [2023/10/07 14:46:23 ET]
Table '3655370132 1' 3-max Seat #1 is the button
Seat 1: Slomo75 (840 in chips) 
Seat 2: fishakng (190 in chips) 
Seat 3: Mahu2021 (470 in chips) 
fishakng: posts small blind 15
Mahu2021: posts big blind 30
*** HOLE CARDS ***
Dealt to Mahu2021 [7s 6h]
Slomo75: calls 30
fishakng: folds 
Mahu2021: checks 
*** FLOP *** [9h 7d 4d]
Mahu2021: checks 
Slomo75: bets 60
Mahu2021: folds 
Uncalled bet (60) returned to Slomo75
Slomo75 collected 75 from pot
*** SUMMARY ***
Total pot 75 | Rake 0 
Board [9h 7d 4d]
Seat 1: Slomo75 (button) collected (75)
Seat 2: fishakng (small blind) folded before Flop
Seat 3: Mahu2021 (big blind) folded on the Flop



PokerStars Hand #246405247447: Tournament #3655370132, $0.92+$0.08 USD Hold'em No Limit - Level II (15/30) - 2023/10/07 20:46:46 CET [2023/10/07 14:46:46 ET]
Table '3655370132 1' 3-max Seat #2 is the button
Seat 1: Slomo75 (885 in chips) 
Seat 2: fishakng (175 in chips) 
Seat 3: Mahu2021 (440 in chips) 
Mahu2021: posts small blind 15
Slomo75: posts big blind 30
*** HOLE CARDS ***
Dealt to Mahu2021 [Js Td]
fishakng: calls 30
Mahu2021: calls 15
Slomo75: checks 
*** FLOP *** [Ks Th Ts]
Mahu2021: checks 
Slomo75: checks 
fishakng: checks 
*** TURN *** [Ks Th Ts] [2s]
Mahu2021: bets 60
Slomo75: folds 
fishakng: raises 85 to 145 and is all-in
Mahu2021: calls 85
*** RIVER *** [Ks Th Ts 2s] [7h]
*** SHOW DOWN ***
Mahu2021: shows [Js Td] (three of a kind, Tens)
fishakng: shows [Ah Kc] (two pair, Kings and Tens)
Mahu2021 collected 380 from pot
fishakng finished the tournament in 3rd place
*** SUMMARY ***
Total pot 380 | Rake 0 
Board [Ks Th Ts 2s 7h]
Seat 1: Slomo75 (big blind) folded on the Turn
Seat 2: fishakng (button) showed [Ah Kc] and lost with two pair, Kings and Tens
Seat 3: Mahu2021 (small blind) showed [Js Td] and won (380) with three of a kind, Tens



PokerStars Hand #246405259880: Tournament #3655370132, $0.92+$0.08 USD Hold'em No Limit - Level II (15/30) - 2023/10/07 20:47:23 CET [2023/10/07 14:47:23 ET]
Table '3655370132 1' 3-max Seat #1 is the button
Seat 1: Slomo75 (855 in chips) 
Seat 3: Mahu2021 (645 in chips) 
Slomo75: posts small blind 15
Mahu2021: posts big blind 30
*** HOLE CARDS ***
Dealt to Mahu2021 [8c 3s]
Slomo75: calls 15
Mahu2021: checks 
*** FLOP *** [2c Th 8s]
Mahu2021: bets 60
Slomo75: folds 
Uncalled bet (60) returned to Mahu2021
Mahu2021 collected 60 from pot
Mahu2021: doesn't show hand 
*** SUMMARY ***
Total pot 60 | Rake 0 
Board [2c Th 8s]
Seat 1: Slomo75 (button) (small blind) folded on the Flop
Seat 3: Mahu2021 (big blind) collected (60)



PokerStars Hand #246405263751: Tournament #3655370132, $0.92+$0.08 USD Hold'em No Limit - Level II (15/30) - 2023/10/07 20:47:35 CET [2023/10/07 14:47:35 ET]
Table '3655370132 1' 3-max Seat #3 is the button
Seat 1: Slomo75 (825 in chips) 
Seat 3: Mahu2021 (675 in chips) 
Mahu2021: posts small blind 15
Slomo75: posts big blind 30
*** HOLE CARDS ***
Dealt to Mahu2021 [Ks 3d]
Mahu2021: calls 15
Slomo75: raises 30 to 60
Mahu2021: calls 30
*** FLOP *** [Kd 9h 6h]
Slomo75: checks 
Mahu2021: checks 
*** TURN *** [Kd 9h 6h] [9d]
Slomo75: bets 60
Mahu2021: calls 60
*** RIVER *** [Kd 9h 6h 9d] [Kh]
Slomo75: bets 120
Mahu2021: raises 150 to 270
Slomo75: folds 
Uncalled bet (150) returned to Mahu2021
Mahu2021 collected 480 from pot
Mahu2021: doesn't show hand 
*** SUMMARY ***
Total pot 480 | Rake 0 
Board [Kd 9h 6h 9d Kh]
Seat 1: Slomo75 (big blind) folded on the River
Seat 3: Mahu2021 (button) (small blind) collected (480)



PokerStars Hand #246405281840: Tournament #3655370132, $0.92+$0.08 USD Hold'em No Limit - Level III (20/40) - 2023/10/07 20:48:28 CET [2023/10/07 14:48:28 ET]
Table '3655370132 1' 3-max Seat #1 is the button
Seat 1: Slomo75 (585 in chips) 
Seat 3: Mahu2021 (915 in chips) 
Slomo75: posts small blind 20
Mahu2021: posts big blind 40
*** HOLE CARDS ***
Dealt to Mahu2021 [9d 3s]
Slomo75: raises 80 to 120
Mahu2021: folds 
Uncalled bet (80) returned to Slomo75
Slomo75 collected 80 from pot
*** SUMMARY ***
Total pot 80 | Rake 0 
Seat 1: Slomo75 (button) (small blind) collected (80)
Seat 3: Mahu2021 (big blind) folded before Flop



PokerStars Hand #246405287057: Tournament #3655370132, $0.92+$0.08 USD Hold'em No Limit - Level III (20/40) - 2023/10/07 20:48:44 CET [2023/10/07 14:48:44 ET]
Table '3655370132 1' 3-max Seat #3 is the button
Seat 1: Slomo75 (625 in chips) 
Seat 3: Mahu2021 (875 in chips) 
Mahu2021: posts small blind 20
Slomo75: posts big blind 40
*** HOLE CARDS ***
Dealt to Mahu2021 [As 4s]
Mahu2021: raises 40 to 80
Slomo75: raises 545 to 625 and is all-in
Mahu2021: calls 545
*** FLOP *** [7c Ks 5s]
*** TURN *** [7c Ks 5s] [6h]
*** RIVER *** [7c Ks 5s 6h] [3h]
*** SHOW DOWN ***
Slomo75: shows [Ah Ts] (high card Ace)
Mahu2021: shows [As 4s] (a straight, Three to Seven)
Mahu2021 collected 1250 from pot
Slomo75 finished the tournament in 2nd place
Mahu2021 wins the tournament and receives $2.00 - congratulations!
*** SUMMARY ***
Total pot 1250 | Rake 0 
Board [7c Ks 5s 6h 3h]
Seat 1: Slomo75 (big blind) showed [Ah Ts] and lost with high card Ace
Seat 3: Mahu2021 (button) (small blind) showed [As 4s] and won (1250) with a straight, Three to Seven



