PokerStars Zoom Hand #254607260674:  Hold'em No Limit ($0.05/$0.10) - 2025/01/29 16:33:14 CET [2025/01/29 10:33:14 ET]
Table 'Aludra' 6-max Seat #1 is the button
Seat 1: Rhymer82 ($14.75 in chips) 
Seat 2: cip1001t ($4.19 in chips) 
Seat 3: Mahu2021 ($10 in chips) 
Seat 4: stiucarul ($6.34 in chips) 
Seat 5: Jensstr9100 ($6.31 in chips) 
Seat 6: looser00091 ($20.94 in chips) 
cip1001t: posts small blind $0.05
Mahu2021: posts big blind $0.10
*** HOLE CARDS ***
Dealt to Mahu2021 [9h 8s]
stiucarul: folds 
Jensstr9100: folds 
looser00091: folds 
Rhymer82: raises $0.10 to $0.20
cip1001t: folds 
Mahu2021: calls $0.10
*** FLOP *** [Ac As Jh]
Mahu2021: checks 
Rhymer82: checks 
*** TURN *** [Ac As Jh] [Kc]
Mahu2021: checks 
Rhymer82: bets $0.22
Mahu2021: folds 
Uncalled bet ($0.22) returned to Rhymer82
Rhymer82 collected $0.43 from pot
Rhymer82: doesn't show hand 
*** SUMMARY ***
Total pot $0.45 | Rake $0.02 
Board [Ac As Jh Kc]
Seat 1: Rhymer82 (button) collected ($0.43)
Seat 2: cip1001t (small blind) folded before Flop
Seat 3: Mahu2021 (big blind) folded on the Turn
Seat 4: stiucarul folded before Flop (didn't bet)
Seat 5: Jensstr9100 folded before Flop (didn't bet)
Seat 6: looser00091 folded before Flop (didn't bet)



PokerStars Zoom Hand #254607267856:  Hold'em No Limit ($0.05/$0.10) - 2025/01/29 16:33:48 CET [2025/01/29 10:33:48 ET]
Table 'Aludra' 6-max Seat #1 is the button
Seat 1: Jinzoo1 ($28.98 in chips) 
Seat 2: BigDepsx ($9.90 in chips) 
Seat 3: zozorrr ($10.38 in chips) 
Seat 4: 00O-2Z ($13.01 in chips) 
Seat 5: Titsamach ($10.77 in chips) 
Seat 6: Mahu2021 ($9.75 in chips) 
BigDepsx: posts small blind $0.05
zozorrr: posts big blind $0.10
*** HOLE CARDS ***
Dealt to Mahu2021 [6s Ks]
00O-2Z: folds 
Titsamach: folds 
Mahu2021: raises $0.14 to $0.24
Jinzoo1: folds 
BigDepsx: folds 
zozorrr: folds 
Uncalled bet ($0.14) returned to Mahu2021
Mahu2021 collected $0.25 from pot
Mahu2021: doesn't show hand 
*** SUMMARY ***
Total pot $0.25 | Rake $0 
Seat 1: Jinzoo1 (button) folded before Flop (didn't bet)
Seat 2: BigDepsx (small blind) folded before Flop
Seat 3: zozorrr (big blind) folded before Flop
Seat 4: 00O-2Z folded before Flop (didn't bet)
Seat 5: Titsamach folded before Flop (didn't bet)
Seat 6: Mahu2021 collected ($0.25)



PokerStars Zoom Hand #254607267180:  Hold'em No Limit ($0.05/$0.10) - 2025/01/29 16:33:45 CET [2025/01/29 10:33:45 ET]
Table 'Aludra' 6-max Seat #1 is the button
Seat 1: Mahu2021 ($9.75 in chips) 
Seat 2: foodgg369 ($1.18 in chips) 
Seat 3: AceWise ($12.58 in chips) 
Seat 4: aurelian400 ($8.04 in chips) 
Seat 5: stiucarul ($4.10 in chips) 
Seat 6: 00O-2Z ($13.01 in chips) 
foodgg369: posts small blind $0.05
AceWise: posts big blind $0.10
*** HOLE CARDS ***
Dealt to Mahu2021 [9s 5c]
aurelian400: calls $0.10
stiucarul: raises $0.10 to $0.20
00O-2Z: folds 
Mahu2021: folds 
foodgg369: folds 
AceWise: folds 
aurelian400: calls $0.10
*** FLOP *** [Js Jd As]
aurelian400: checks 
stiucarul: checks 
*** TURN *** [Js Jd As] [6d]
aurelian400: bets $0.10
stiucarul: folds 
Uncalled bet ($0.10) returned to aurelian400
aurelian400 collected $0.53 from pot
aurelian400: doesn't show hand 
*** SUMMARY ***
Total pot $0.55 | Rake $0.02 
Board [Js Jd As 6d]
Seat 1: Mahu2021 (button) folded before Flop (didn't bet)
Seat 2: foodgg369 (small blind) folded before Flop
Seat 3: AceWise (big blind) folded before Flop
Seat 4: aurelian400 collected ($0.53)
Seat 5: stiucarul folded on the Turn
Seat 6: 00O-2Z folded before Flop (didn't bet)



PokerStars Zoom Hand #254607266234:  Hold'em No Limit ($0.05/$0.10) - 2025/01/29 16:33:41 CET [2025/01/29 10:33:41 ET]
Table 'Aludra' 6-max Seat #1 is the button
Seat 1: corape ($7.27 in chips) 
Seat 2: Mahu2021 ($9.80 in chips) 
Seat 3: IvishoW ($10 in chips) 
Seat 4: ecraig02 ($22.01 in chips) 
Seat 5: foodgg369 ($1.18 in chips) 
Seat 6: XR7C ($5.41 in chips) 
Mahu2021: posts small blind $0.05
IvishoW: posts big blind $0.10
*** HOLE CARDS ***
Dealt to Mahu2021 [4s 5d]
ecraig02: folds 
foodgg369: folds 
XR7C: folds 
corape: raises $0.16 to $0.26
Mahu2021: folds 
IvishoW: calls $0.16
*** FLOP *** [Ts 2s 7h]
IvishoW: checks 
corape: bets $0.34
IvishoW: calls $0.34
*** TURN *** [Ts 2s 7h] [Jd]
IvishoW: checks 
corape: bets $0.99
IvishoW: raises $8.41 to $9.40 and is all-in
corape: calls $5.68 and is all-in
Uncalled bet ($2.73) returned to IvishoW
*** RIVER *** [Ts 2s 7h Jd] [3s]
*** SHOW DOWN ***
IvishoW: shows [7s Jh] (two pair, Jacks and Sevens)
corape: shows [Td Js] (two pair, Jacks and Tens)
corape cashed out the hand for $13.02 | Cash Out Fee $0.27
*** SUMMARY ***
Total pot $14.59 | Rake $0.66 
Board [Ts 2s 7h Jd 3s]
Seat 1: corape (button) showed [Td Js] and won ($13.93) with two pair, Jacks and Tens (pot not awarded as player cashed out)
Seat 2: Mahu2021 (small blind) folded before Flop
Seat 3: IvishoW (big blind) showed [7s Jh] and lost with two pair, Jacks and Sevens
Seat 4: ecraig02 folded before Flop (didn't bet)
Seat 5: foodgg369 folded before Flop (didn't bet)
Seat 6: XR7C folded before Flop (didn't bet)



PokerStars Zoom Hand #254607272134:  Hold'em No Limit ($0.05/$0.10) - 2025/01/29 16:34:09 CET [2025/01/29 10:34:09 ET]
Table 'Aludra' 6-max Seat #1 is the button
Seat 1: kabyll ($9.75 in chips) 
Seat 2: kloniss ($17.92 in chips) 
Seat 3: Jinzoo1 ($28.93 in chips) 
Seat 4: Mahu2021 ($9.90 in chips) 
Seat 5: IvishoW ($9.85 in chips) 
Seat 6: BluesUK ($11.31 in chips) 
kloniss: posts small blind $0.05
Jinzoo1: posts big blind $0.10
*** HOLE CARDS ***
Dealt to Mahu2021 [6s 2c]
Mahu2021: folds 
IvishoW has timed out
IvishoW: folds 
BluesUK: folds 
kabyll: folds 
kloniss: folds 
Uncalled bet ($0.05) returned to Jinzoo1
Jinzoo1 collected $0.10 from pot
Jinzoo1: doesn't show hand 
*** SUMMARY ***
Total pot $0.10 | Rake $0 
Seat 1: kabyll (button) folded before Flop (didn't bet)
Seat 2: kloniss (small blind) folded before Flop
Seat 3: Jinzoo1 (big blind) collected ($0.10)
Seat 4: Mahu2021 folded before Flop (didn't bet)
Seat 5: IvishoW folded before Flop (didn't bet)
Seat 6: BluesUK folded before Flop (didn't bet)



PokerStars Zoom Hand #254607271141:  Hold'em No Limit ($0.05/$0.10) - 2025/01/29 16:34:04 CET [2025/01/29 10:34:04 ET]
Table 'Aludra' 6-max Seat #1 is the button
Seat 1: AceWise ($12.43 in chips) 
Seat 2: MaJuCap ($10.04 in chips) 
Seat 3: Rmlalex ($9.24 in chips) 
Seat 4: Julian125 ($11.55 in chips) 
Seat 5: Mahu2021 ($9.90 in chips) 
Seat 6: Elvisc8_96 ($10.05 in chips) 
MaJuCap: posts small blind $0.05
Rmlalex: posts big blind $0.10
*** HOLE CARDS ***
Dealt to Mahu2021 [9h Jc]
Julian125: folds 
Mahu2021: folds 
Elvisc8_96: raises $0.15 to $0.25
AceWise: folds 
MaJuCap: folds 
Rmlalex: calls $0.15
*** FLOP *** [8h 8s 3h]
Rmlalex: checks 
Elvisc8_96: bets $0.17
Rmlalex: folds 
Uncalled bet ($0.17) returned to Elvisc8_96
Elvisc8_96 collected $0.53 from pot
Elvisc8_96: doesn't show hand 
*** SUMMARY ***
Total pot $0.55 | Rake $0.02 
Board [8h 8s 3h]
Seat 1: AceWise (button) folded before Flop (didn't bet)
Seat 2: MaJuCap (small blind) folded before Flop
Seat 3: Rmlalex (big blind) folded on the Flop
Seat 4: Julian125 folded before Flop (didn't bet)
Seat 5: Mahu2021 folded before Flop (didn't bet)
Seat 6: Elvisc8_96 collected ($0.53)



PokerStars Zoom Hand #254607275211:  Hold'em No Limit ($0.05/$0.10) - 2025/01/29 16:34:24 CET [2025/01/29 10:34:24 ET]
Table 'Aludra' 6-max Seat #1 is the button
Seat 1: Soli56 ($14.02 in chips) 
Seat 2: Mahu2021 ($9.80 in chips) 
Seat 3: h20subway ($4.10 in chips) 
Seat 4: Jensstr9100 ($6.01 in chips) 
Seat 5: donnie270 ($14.57 in chips) 
Seat 6: zozorrr ($19.82 in chips) 
Mahu2021: posts small blind $0.05
h20subway: posts big blind $0.10
*** HOLE CARDS ***
Dealt to Mahu2021 [3d 8c]
Jensstr9100: folds 
donnie270: folds 
zozorrr: folds 
Soli56: folds 
Mahu2021: folds 
Uncalled bet ($0.05) returned to h20subway
h20subway collected $0.10 from pot
h20subway: doesn't show hand 
*** SUMMARY ***
Total pot $0.10 | Rake $0 
Seat 1: Soli56 (button) folded before Flop (didn't bet)
Seat 2: Mahu2021 (small blind) folded before Flop
Seat 3: h20subway (big blind) collected ($0.10)
Seat 4: Jensstr9100 folded before Flop (didn't bet)
Seat 5: donnie270 folded before Flop (didn't bet)
Seat 6: zozorrr folded before Flop (didn't bet)



PokerStars Zoom Hand #254607276927:  Hold'em No Limit ($0.05/$0.10) - 2025/01/29 16:34:32 CET [2025/01/29 10:34:32 ET]
Table 'Aludra' 6-max Seat #1 is the button
Seat 1: sv5555555 ($7.43 in chips) 
Seat 2: Elvisc8_96 ($10.33 in chips) 
Seat 3: corschat ($10 in chips) 
Seat 4: systraxsix ($5.60 in chips) 
Seat 5: Mahu2021 ($9.75 in chips) 
Seat 6: Julian125 ($10 in chips) 
Elvisc8_96: posts small blind $0.05
corschat: posts big blind $0.10
*** HOLE CARDS ***
Dealt to Mahu2021 [2d 3h]
systraxsix: folds 
Mahu2021: folds 
Julian125: folds 
sv5555555: folds 
Elvisc8_96: folds 
Uncalled bet ($0.05) returned to corschat
corschat collected $0.10 from pot
corschat: doesn't show hand 
*** SUMMARY ***
Total pot $0.10 | Rake $0 
Seat 1: sv5555555 (button) folded before Flop (didn't bet)
Seat 2: Elvisc8_96 (small blind) folded before Flop
Seat 3: corschat (big blind) collected ($0.10)
Seat 4: systraxsix folded before Flop (didn't bet)
Seat 5: Mahu2021 folded before Flop (didn't bet)
Seat 6: Julian125 folded before Flop (didn't bet)



PokerStars Zoom Hand #254607272858:  Hold'em No Limit ($0.05/$0.10) - 2025/01/29 16:34:13 CET [2025/01/29 10:34:13 ET]
Table 'Aludra' 6-max Seat #1 is the button
Seat 1: kloniss ($17.87 in chips) 
Seat 2: sestovschi ($10.63 in chips) 
Seat 3: Mahu2021 ($9.90 in chips) 
Seat 4: zozorrr ($10.28 in chips) 
Seat 5: kabyll ($9.75 in chips) 
Seat 6: stiucarul ($6.19 in chips) 
sestovschi: posts small blind $0.05
Mahu2021: posts big blind $0.10
*** HOLE CARDS ***
Dealt to Mahu2021 [4c Jc]
zozorrr: folds 
kabyll: folds 
stiucarul: raises $0.20 to $0.30
kloniss: folds 
sestovschi: calls $0.25
Mahu2021: folds 
*** FLOP *** [2h Ac 3h]
sestovschi: checks 
stiucarul: checks 
*** TURN *** [2h Ac 3h] [3c]
sestovschi: checks 
stiucarul: checks 
*** RIVER *** [2h Ac 3h 3c] [As]
sestovschi: bets $0.34
stiucarul: folds 
Uncalled bet ($0.34) returned to sestovschi
sestovschi collected $0.67 from pot
sestovschi: doesn't show hand 
*** SUMMARY ***
Total pot $0.70 | Rake $0.03 
Board [2h Ac 3h 3c As]
Seat 1: kloniss (button) folded before Flop (didn't bet)
Seat 2: sestovschi (small blind) collected ($0.67)
Seat 3: Mahu2021 (big blind) folded before Flop
Seat 4: zozorrr folded before Flop (didn't bet)
Seat 5: kabyll folded before Flop (didn't bet)
Seat 6: stiucarul folded on the River



PokerStars Zoom Hand #254607275901:  Hold'em No Limit ($0.05/$0.10) - 2025/01/29 16:34:27 CET [2025/01/29 10:34:27 ET]
Table 'Aludra' 6-max Seat #1 is the button
Seat 1: Mahu2021 ($9.75 in chips) 
Seat 2: Jensstr9100 ($6.01 in chips) 
Seat 3: donnie270 ($14.57 in chips) 
Seat 4: corape ($12.97 in chips) 
Seat 5: Footraiser ($19.72 in chips) 
Seat 6: MarkShark01 ($2.71 in chips) 
Jensstr9100: posts small blind $0.05
donnie270: posts big blind $0.10
*** HOLE CARDS ***
Dealt to Mahu2021 [Kh 3d]
corape: folds 
Footraiser: folds 
MarkShark01: folds 
Mahu2021: folds 
Jensstr9100: raises $0.10 to $0.20
donnie270: calls $0.10
*** FLOP *** [5h 4c 8d]
Jensstr9100: checks 
donnie270: checks 
*** TURN *** [5h 4c 8d] [Jd]
Jensstr9100: checks 
donnie270: checks 
*** RIVER *** [5h 4c 8d Jd] [Kd]
Jensstr9100: checks 
donnie270: bets $0.10
Jensstr9100: calls $0.10
*** SHOW DOWN ***
donnie270: shows [Kc 9h] (a pair of Kings)
Jensstr9100: mucks hand 
donnie270 collected $0.57 from pot
*** SUMMARY ***
Total pot $0.60 | Rake $0.03 
Board [5h 4c 8d Jd Kd]
Seat 1: Mahu2021 (button) folded before Flop (didn't bet)
Seat 2: Jensstr9100 (small blind) mucked [Qc Qd]
Seat 3: donnie270 (big blind) showed [Kc 9h] and won ($0.57) with a pair of Kings
Seat 4: corape folded before Flop (didn't bet)
Seat 5: Footraiser folded before Flop (didn't bet)
Seat 6: MarkShark01 folded before Flop (didn't bet)



PokerStars Zoom Hand #254607277904:  Hold'em No Limit ($0.05/$0.10) - 2025/01/29 16:34:37 CET [2025/01/29 10:34:37 ET]
Table 'Aludra' 6-max Seat #1 is the button
Seat 1: Hoe_Jyland69 ($13.24 in chips) 
Seat 2: Gobi000 ($17.79 in chips) 
Seat 3: ASENNA76 ($10.15 in chips) 
Seat 4: cip1001t ($3.99 in chips) 
Seat 5: PaduaC ($10 in chips) 
Seat 6: Mahu2021 ($9.75 in chips) 
Gobi000: posts small blind $0.05
ASENNA76: posts big blind $0.10
*** HOLE CARDS ***
Dealt to Mahu2021 [Ad 3d]
cip1001t: folds 
PaduaC: folds 
Mahu2021: raises $0.14 to $0.24
Hoe_Jyland69: calls $0.24
Gobi000: folds 
ASENNA76: folds 
*** FLOP *** [3c Ts Kh]
Mahu2021: checks 
Hoe_Jyland69: checks 
*** TURN *** [3c Ts Kh] [Kc]
Mahu2021: bets $0.30
Hoe_Jyland69: calls $0.30
*** RIVER *** [3c Ts Kh Kc] [6s]
Mahu2021: bets $0.30
Hoe_Jyland69: folds 
Uncalled bet ($0.30) returned to Mahu2021
Mahu2021 collected $1.17 from pot
Mahu2021: doesn't show hand 
*** SUMMARY ***
Total pot $1.23 | Rake $0.06 
Board [3c Ts Kh Kc 6s]
Seat 1: Hoe_Jyland69 (button) folded on the River
Seat 2: Gobi000 (small blind) folded before Flop
Seat 3: ASENNA76 (big blind) folded before Flop
Seat 4: cip1001t folded before Flop (didn't bet)
Seat 5: PaduaC folded before Flop (didn't bet)
Seat 6: Mahu2021 collected ($1.17)



PokerStars Zoom Hand #254607284404:  Hold'em No Limit ($0.05/$0.10) - 2025/01/29 16:35:08 CET [2025/01/29 10:35:08 ET]
Table 'Aludra' 6-max Seat #1 is the button
Seat 1: v4valter88 ($10.35 in chips) 
Seat 2: BluesUK ($12 in chips) 
Seat 3: Elvisc8_96 ($15.75 in chips) 
Seat 4: Mahu2021 ($10.38 in chips) 
Seat 5: Gobi000 ($17.74 in chips) 
Seat 6: Julian125 ($10 in chips) 
BluesUK: posts small blind $0.05
Elvisc8_96: posts big blind $0.10
*** HOLE CARDS ***
Dealt to Mahu2021 [Jh 2d]
Mahu2021: folds 
Gobi000: folds 
Julian125: folds 
v4valter88: folds 
BluesUK: folds 
Uncalled bet ($0.05) returned to Elvisc8_96
Elvisc8_96 collected $0.10 from pot
Elvisc8_96: doesn't show hand 
*** SUMMARY ***
Total pot $0.10 | Rake $0 
Seat 1: v4valter88 (button) folded before Flop (didn't bet)
Seat 2: BluesUK (small blind) folded before Flop
Seat 3: Elvisc8_96 (big blind) collected ($0.10)
Seat 4: Mahu2021 folded before Flop (didn't bet)
Seat 5: Gobi000 folded before Flop (didn't bet)
Seat 6: Julian125 folded before Flop (didn't bet)



PokerStars Zoom Hand #254607285286:  Hold'em No Limit ($0.05/$0.10) - 2025/01/29 16:35:12 CET [2025/01/29 10:35:12 ET]
Table 'Aludra' 6-max Seat #1 is the button
Seat 1: ljy990514 ($12.91 in chips) 
Seat 2: v4valter88 ($12.10 in chips) 
Seat 3: vovo4ka318 ($10 in chips) 
Seat 4: Rmlalex ($9.26 in chips) 
Seat 5: Mahu2021 ($10.38 in chips) 
Seat 6: Jinzoo1 ($28.98 in chips) 
v4valter88: posts small blind $0.05
vovo4ka318: posts big blind $0.10
*** HOLE CARDS ***
Dealt to Mahu2021 [Th Kd]
Rmlalex: folds 
Mahu2021: raises $0.14 to $0.24
Jinzoo1: folds 
ljy990514: folds 
v4valter88: folds 
vovo4ka318: folds 
Uncalled bet ($0.14) returned to Mahu2021
Mahu2021 collected $0.25 from pot
Mahu2021: doesn't show hand 
*** SUMMARY ***
Total pot $0.25 | Rake $0 
Seat 1: ljy990514 (button) folded before Flop (didn't bet)
Seat 2: v4valter88 (small blind) folded before Flop
Seat 3: vovo4ka318 (big blind) folded before Flop
Seat 4: Rmlalex folded before Flop (didn't bet)
Seat 5: Mahu2021 collected ($0.25)
Seat 6: Jinzoo1 folded before Flop (didn't bet)



PokerStars Zoom Hand #254607288614:  Hold'em No Limit ($0.05/$0.10) - 2025/01/29 16:35:28 CET [2025/01/29 10:35:28 ET]
Table 'Aludra' 6-max Seat #1 is the button
Seat 1: BluesUK ($11.95 in chips) 
Seat 2: Mahu2021 ($10.53 in chips) 
Seat 3: Soli56 ($14.37 in chips) 
Seat 4: Titsamach ($11.57 in chips) 
Seat 5: stiucarul ($8.18 in chips) 
Seat 6: foggz ($11.30 in chips) 
Mahu2021: posts small blind $0.05
Soli56: posts big blind $0.10
*** HOLE CARDS ***
Dealt to Mahu2021 [5c 8h]
Titsamach: raises $0.10 to $0.20
stiucarul: folds 
foggz: folds 
BluesUK: folds 
Mahu2021: folds 
Soli56: folds 
Uncalled bet ($0.10) returned to Titsamach
Titsamach collected $0.25 from pot
Titsamach: doesn't show hand 
*** SUMMARY ***
Total pot $0.25 | Rake $0 
Seat 1: BluesUK (button) folded before Flop (didn't bet)
Seat 2: Mahu2021 (small blind) folded before Flop
Seat 3: Soli56 (big blind) folded before Flop
Seat 4: Titsamach collected ($0.25)
Seat 5: stiucarul folded before Flop (didn't bet)
Seat 6: foggz folded before Flop (didn't bet)



PokerStars Zoom Hand #254607289418:  Hold'em No Limit ($0.05/$0.10) - 2025/01/29 16:35:32 CET [2025/01/29 10:35:32 ET]
Table 'Aludra' 6-max Seat #1 is the button
Seat 1: Mallardz ($10 in chips) 
Seat 2: v4valter88 ($10 in chips) 
Seat 3: Mahu2021 ($10.48 in chips) 
Seat 4: TeoMT7 ($3.38 in chips) 
Seat 5: Hopewar ($13.22 in chips) 
Seat 6: sestovschi ($9.80 in chips) 
v4valter88: posts small blind $0.05
Mahu2021: posts big blind $0.10
*** HOLE CARDS ***
Dealt to Mahu2021 [Qd 2s]
TeoMT7: folds 
Hopewar: folds 
sestovschi: folds 
Mallardz: raises $0.15 to $0.25
v4valter88: folds 
Mahu2021: folds 
Uncalled bet ($0.15) returned to Mallardz
Mallardz collected $0.25 from pot
Mallardz: doesn't show hand 
*** SUMMARY ***
Total pot $0.25 | Rake $0 
Seat 1: Mallardz (button) collected ($0.25)
Seat 2: v4valter88 (small blind) folded before Flop
Seat 3: Mahu2021 (big blind) folded before Flop
Seat 4: TeoMT7 folded before Flop (didn't bet)
Seat 5: Hopewar folded before Flop (didn't bet)
Seat 6: sestovschi folded before Flop (didn't bet)



PokerStars Zoom Hand #254607291161:  Hold'em No Limit ($0.05/$0.10) - 2025/01/29 16:35:41 CET [2025/01/29 10:35:41 ET]
Table 'Aludra' 6-max Seat #1 is the button
Seat 1: Mahu2021 ($10.38 in chips) 
Seat 2: stiucarul ($8.08 in chips) 
Seat 3: sestovschi ($9.80 in chips) 
Seat 4: AceWise ($11.83 in chips) 
Seat 5: vovo4ka318 ($10 in chips) 
Seat 6: araka0279 ($11.85 in chips) 
stiucarul: posts small blind $0.05
sestovschi: posts big blind $0.10
*** HOLE CARDS ***
Dealt to Mahu2021 [Jc 7s]
AceWise: folds 
vovo4ka318: raises $0.12 to $0.22
araka0279: folds 
Mahu2021: folds 
stiucarul: folds 
sestovschi: calls $0.12
*** FLOP *** [8c 3d 5h]
sestovschi: checks 
vovo4ka318: bets $0.24
sestovschi: calls $0.24
*** TURN *** [8c 3d 5h] [Qs]
sestovschi: checks 
vovo4ka318: bets $0.60
sestovschi: raises $1.07 to $1.67
vovo4ka318: folds 
Uncalled bet ($1.07) returned to sestovschi
sestovschi collected $2.07 from pot
sestovschi: doesn't show hand 
*** SUMMARY ***
Total pot $2.17 | Rake $0.10 
Board [8c 3d 5h Qs]
Seat 1: Mahu2021 (button) folded before Flop (didn't bet)
Seat 2: stiucarul (small blind) folded before Flop
Seat 3: sestovschi (big blind) collected ($2.07)
Seat 4: AceWise folded before Flop (didn't bet)
Seat 5: vovo4ka318 folded on the Turn
Seat 6: araka0279 folded before Flop (didn't bet)



PokerStars Zoom Hand #254607292227:  Hold'em No Limit ($0.05/$0.10) - 2025/01/29 16:35:45 CET [2025/01/29 10:35:45 ET]
Table 'Aludra' 6-max Seat #1 is the button
Seat 1: kgeri10 ($12.50 in chips) 
Seat 2: wiseman888 ($4.90 in chips) 
Seat 3: PaduaC ($10 in chips) 
Seat 4: v4valter88 ($10.48 in chips) 
Seat 5: IvishoW ($9.55 in chips) 
Seat 6: Mahu2021 ($10.38 in chips) 
wiseman888: posts small blind $0.05
PaduaC: posts big blind $0.10
*** HOLE CARDS ***
Dealt to Mahu2021 [6d 4c]
v4valter88: folds 
IvishoW has timed out
IvishoW: folds 
Mahu2021: folds 
kgeri10: raises $0.20 to $0.30
wiseman888: folds 
PaduaC: folds 
Uncalled bet ($0.20) returned to kgeri10
kgeri10 collected $0.25 from pot
kgeri10: doesn't show hand 
*** SUMMARY ***
Total pot $0.25 | Rake $0 
Seat 1: kgeri10 (button) collected ($0.25)
Seat 2: wiseman888 (small blind) folded before Flop
Seat 3: PaduaC (big blind) folded before Flop
Seat 4: v4valter88 folded before Flop (didn't bet)
Seat 5: IvishoW folded before Flop (didn't bet)
Seat 6: Mahu2021 folded before Flop (didn't bet)



PokerStars Zoom Hand #254607293027:  Hold'em No Limit ($0.05/$0.10) - 2025/01/29 16:35:50 CET [2025/01/29 10:35:50 ET]
Table 'Aludra' 6-max Seat #1 is the button
Seat 1: stiucarul ($4.78 in chips) 
Seat 2: Elvisc8_96 ($10.57 in chips) 
Seat 3: donnie270 ($14.29 in chips) 
Seat 4: Mahu2021 ($10.38 in chips) 
Seat 5: foodgg369 ($24.45 in chips) 
Seat 6: Jean_Ferrer ($19.29 in chips) 
Elvisc8_96: posts small blind $0.05
donnie270: posts big blind $0.10
*** HOLE CARDS ***
Dealt to Mahu2021 [4s 4d]
Mahu2021: raises $0.14 to $0.24
foodgg369: folds 
Jean_Ferrer: folds 
stiucarul: calls $0.24
Elvisc8_96: folds 
donnie270: folds 
*** FLOP *** [Jd Ah As]
Mahu2021: checks 
stiucarul: checks 
*** TURN *** [Jd Ah As] [6s]
Mahu2021: bets $0.30
stiucarul: folds 
Uncalled bet ($0.30) returned to Mahu2021
Mahu2021 collected $0.60 from pot
Mahu2021: doesn't show hand 
*** SUMMARY ***
Total pot $0.63 | Rake $0.03 
Board [Jd Ah As 6s]
Seat 1: stiucarul (button) folded on the Turn
Seat 2: Elvisc8_96 (small blind) folded before Flop
Seat 3: donnie270 (big blind) folded before Flop
Seat 4: Mahu2021 collected ($0.60)
Seat 5: foodgg369 folded before Flop (didn't bet)
Seat 6: Jean_Ferrer folded before Flop (didn't bet)



PokerStars Zoom Hand #254607299289:  Hold'em No Limit ($0.05/$0.10) - 2025/01/29 16:36:20 CET [2025/01/29 10:36:20 ET]
Table 'Aludra' 6-max Seat #1 is the button
Seat 1: Titsamach ($16.17 in chips) 
Seat 2: Rmlalex ($10.35 in chips) 
Seat 3: corape ($11.95 in chips) 
Seat 4: IvishoW ($9.55 in chips) 
Seat 5: Mahu2021 ($10.74 in chips) 
Seat 6: Fishpoker17 ($10 in chips) 
Rmlalex: posts small blind $0.05
corape: posts big blind $0.10
*** HOLE CARDS ***
Dealt to Mahu2021 [As 2s]
IvishoW: raises $0.25 to $0.35
Mahu2021: folds 
Fishpoker17: folds 
Titsamach: folds 
Rmlalex: folds 
corape: folds 
Uncalled bet ($0.25) returned to IvishoW
IvishoW collected $0.25 from pot
IvishoW: doesn't show hand 
*** SUMMARY ***
Total pot $0.25 | Rake $0 
Seat 1: Titsamach (button) folded before Flop (didn't bet)
Seat 2: Rmlalex (small blind) folded before Flop
Seat 3: corape (big blind) folded before Flop
Seat 4: IvishoW collected ($0.25)
Seat 5: Mahu2021 folded before Flop (didn't bet)
Seat 6: Fishpoker17 folded before Flop (didn't bet)



PokerStars Zoom Hand #254607300744:  Hold'em No Limit ($0.05/$0.10) - 2025/01/29 16:36:26 CET [2025/01/29 10:36:26 ET]
Table 'Aludra' 6-max Seat #1 is the button
Seat 1: Rmlalex ($10.30 in chips) 
Seat 2: AceWise ($11.58 in chips) 
Seat 3: Fishpoker17 ($10 in chips) 
Seat 4: v4valter88 ($10.20 in chips) 
Seat 5: Anžuiski 76 ($8.16 in chips) 
Seat 6: Mahu2021 ($10.74 in chips) 
AceWise: posts small blind $0.05
Fishpoker17: posts big blind $0.10
*** HOLE CARDS ***
Dealt to Mahu2021 [5d Kd]
v4valter88: folds 
Anžuiski 76: raises $0.10 to $0.20
Mahu2021: folds 
Rmlalex: folds 
AceWise: folds 
Fishpoker17: folds 
Uncalled bet ($0.10) returned to Anžuiski 76
Anžuiski 76 collected $0.25 from pot
Anžuiski 76: doesn't show hand 
*** SUMMARY ***
Total pot $0.25 | Rake $0 
Seat 1: Rmlalex (button) folded before Flop (didn't bet)
Seat 2: AceWise (small blind) folded before Flop
Seat 3: Fishpoker17 (big blind) folded before Flop
Seat 4: v4valter88 folded before Flop (didn't bet)
Seat 5: Anžuiski 76 collected ($0.25)
Seat 6: Mahu2021 folded before Flop (didn't bet)



PokerStars Zoom Hand #254607301635:  Hold'em No Limit ($0.05/$0.10) - 2025/01/29 16:36:31 CET [2025/01/29 10:36:31 ET]
Table 'Aludra' 6-max Seat #1 is the button
Seat 1: v4valter88 ($10.18 in chips) 
Seat 2: kato-2003 ($12.25 in chips) 
Seat 3: Mahu2021 ($10.74 in chips) 
Seat 4: foggz ($10 in chips) 
Seat 5: h20subway ($4.52 in chips) 
Seat 6: ljy990514 ($20.35 in chips) 
kato-2003: posts small blind $0.05
Mahu2021: posts big blind $0.10
*** HOLE CARDS ***
Dealt to Mahu2021 [4d 8h]
foggz: folds 
h20subway: folds 
ljy990514: raises $0.13 to $0.23
v4valter88: folds 
kato-2003: folds 
Mahu2021: folds 
Uncalled bet ($0.13) returned to ljy990514
ljy990514 collected $0.25 from pot
ljy990514: doesn't show hand 
*** SUMMARY ***
Total pot $0.25 | Rake $0 
Seat 1: v4valter88 (button) folded before Flop (didn't bet)
Seat 2: kato-2003 (small blind) folded before Flop
Seat 3: Mahu2021 (big blind) folded before Flop
Seat 4: foggz folded before Flop (didn't bet)
Seat 5: h20subway folded before Flop (didn't bet)
Seat 6: ljy990514 collected ($0.25)



PokerStars Zoom Hand #254607304569:  Hold'em No Limit ($0.05/$0.10) - 2025/01/29 16:36:44 CET [2025/01/29 10:36:44 ET]
Table 'Aludra' 6-max Seat #1 is the button
Seat 1: Pinkmnn ($14.41 in chips) 
Seat 2: Mahu2021 ($10.64 in chips) 
Seat 3: MaJuCap ($11.47 in chips) 
Seat 4: Al3xrz ($13.20 in chips) 
Seat 5: Hoe_Jyland69 ($7.10 in chips) 
Seat 6: TonypokerMK ($10 in chips) 
Mahu2021: posts small blind $0.05
MaJuCap: posts big blind $0.10
*** HOLE CARDS ***
Dealt to Mahu2021 [Th Tc]
Al3xrz: folds 
Hoe_Jyland69: folds 
TonypokerMK: folds 
Pinkmnn: folds 
Mahu2021: raises $0.20 to $0.30
MaJuCap: folds 
Uncalled bet ($0.20) returned to Mahu2021
Mahu2021 collected $0.20 from pot
Mahu2021: doesn't show hand 
*** SUMMARY ***
Total pot $0.20 | Rake $0 
Seat 1: Pinkmnn (button) folded before Flop (didn't bet)
Seat 2: Mahu2021 (small blind) collected ($0.20)
Seat 3: MaJuCap (big blind) folded before Flop
Seat 4: Al3xrz folded before Flop (didn't bet)
Seat 5: Hoe_Jyland69 folded before Flop (didn't bet)
Seat 6: TonypokerMK folded before Flop (didn't bet)



PokerStars Zoom Hand #254607309087:  Hold'em No Limit ($0.05/$0.10) - 2025/01/29 16:37:07 CET [2025/01/29 10:37:07 ET]
Table 'Aludra' 6-max Seat #1 is the button
Seat 1: Mahu2021 ($10.74 in chips) 
Seat 2: zozorrr ($20.23 in chips) 
Seat 3: Soli56 ($16.41 in chips) 
Seat 4: jeonjinny ($18.40 in chips) 
Seat 5: wiseman888 ($4.85 in chips) 
Seat 6: Mallardz ($14.29 in chips) 
zozorrr: posts small blind $0.05
Soli56: posts big blind $0.10
*** HOLE CARDS ***
Dealt to Mahu2021 [Ks 9c]
jeonjinny: folds 
wiseman888: folds 
Mallardz: folds 
Mahu2021: raises $0.20 to $0.30
zozorrr: folds 
Soli56: calls $0.20
*** FLOP *** [Qh Tc Js]
Soli56: checks 
Mahu2021: checks 
*** TURN *** [Qh Tc Js] [Ac]
Soli56: checks 
Mahu2021: checks 
*** RIVER *** [Qh Tc Js Ac] [6d]
Soli56: checks 
Mahu2021: bets $10.44 and is all-in
Soli56: folds 
Uncalled bet ($10.44) returned to Mahu2021
Mahu2021 collected $0.62 from pot
Mahu2021: doesn't show hand 
*** SUMMARY ***
Total pot $0.65 | Rake $0.03 
Board [Qh Tc Js Ac 6d]
Seat 1: Mahu2021 (button) collected ($0.62)
Seat 2: zozorrr (small blind) folded before Flop
Seat 3: Soli56 (big blind) folded on the River
Seat 4: jeonjinny folded before Flop (didn't bet)
Seat 5: wiseman888 folded before Flop (didn't bet)
Seat 6: Mallardz folded before Flop (didn't bet)



PokerStars Zoom Hand #254607323926:  Hold'em No Limit ($0.05/$0.10) - 2025/01/29 16:38:18 CET [2025/01/29 10:38:18 ET]
Table 'Aludra' 6-max Seat #1 is the button
Seat 1: Soli56 ($16.11 in chips) 
Seat 2: Fishpoker17 ($10 in chips) 
Seat 3: Julian125 ($19.95 in chips) 
Seat 4: systraxsix ($9.36 in chips) 
Seat 5: Mahu2021 ($11.06 in chips) 
Seat 6: cip1001t ($24.12 in chips) 
Fishpoker17: posts small blind $0.05
Julian125: posts big blind $0.10
*** HOLE CARDS ***
Dealt to Mahu2021 [9h 3s]
systraxsix: folds 
Mahu2021: folds 
cip1001t: raises $0.11 to $0.21
Soli56: folds 
Fishpoker17: folds 
Julian125: folds 
Uncalled bet ($0.11) returned to cip1001t
cip1001t collected $0.25 from pot
cip1001t: doesn't show hand 
*** SUMMARY ***
Total pot $0.25 | Rake $0 
Seat 1: Soli56 (button) folded before Flop (didn't bet)
Seat 2: Fishpoker17 (small blind) folded before Flop
Seat 3: Julian125 (big blind) folded before Flop
Seat 4: systraxsix folded before Flop (didn't bet)
Seat 5: Mahu2021 folded before Flop (didn't bet)
Seat 6: cip1001t collected ($0.25)



PokerStars Zoom Hand #254607326009:  Hold'em No Limit ($0.05/$0.10) - 2025/01/29 16:38:28 CET [2025/01/29 10:38:28 ET]
Table 'Aludra' 6-max Seat #1 is the button
Seat 1: Elvisc8_96 ($16.02 in chips) 
Seat 2: ASENNA76 ($10 in chips) 
Seat 3: Mahu2021 ($11.06 in chips) 
Seat 4: AceWise ($25.82 in chips) 
Seat 5: Soli56 ($32.15 in chips) 
Seat 6: Mechelburger ($14.31 in chips) 
ASENNA76: posts small blind $0.05
Mahu2021: posts big blind $0.10
*** HOLE CARDS ***
Dealt to Mahu2021 [Jd 4d]
AceWise: folds 
Soli56: folds 
Mechelburger: folds 
Elvisc8_96: folds 
ASENNA76: folds 
Uncalled bet ($0.05) returned to Mahu2021
Mahu2021 collected $0.10 from pot
Mahu2021: doesn't show hand 
*** SUMMARY ***
Total pot $0.10 | Rake $0 
Seat 1: Elvisc8_96 (button) folded before Flop (didn't bet)
Seat 2: ASENNA76 (small blind) folded before Flop
Seat 3: Mahu2021 (big blind) collected ($0.10)
Seat 4: AceWise folded before Flop (didn't bet)
Seat 5: Soli56 folded before Flop (didn't bet)
Seat 6: Mechelburger folded before Flop (didn't bet)



PokerStars Zoom Hand #254607324948:  Hold'em No Limit ($0.05/$0.10) - 2025/01/29 16:38:23 CET [2025/01/29 10:38:23 ET]
Table 'Aludra' 6-max Seat #1 is the button
Seat 1: Al3xrz ($10.36 in chips) 
Seat 2: MaJuCap ($10.14 in chips) 
Seat 3: thomasandowear ($16.27 in chips) 
Seat 4: Mahu2021 ($11.06 in chips) 
Seat 5: Julian125 ($16.04 in chips) 
Seat 6: foodgg369 ($24.01 in chips) 
MaJuCap: posts small blind $0.05
thomasandowear: posts big blind $0.10
*** HOLE CARDS ***
Dealt to Mahu2021 [2d 4h]
Mahu2021: folds 
Julian125: folds 
foodgg369: folds 
Al3xrz: folds 
MaJuCap: raises $0.20 to $0.30
thomasandowear: raises $0.60 to $0.90
MaJuCap: folds 
Uncalled bet ($0.60) returned to thomasandowear
thomasandowear collected $0.60 from pot
thomasandowear: doesn't show hand 
*** SUMMARY ***
Total pot $0.60 | Rake $0 
Seat 1: Al3xrz (button) folded before Flop (didn't bet)
Seat 2: MaJuCap (small blind) folded before Flop
Seat 3: thomasandowear (big blind) collected ($0.60)
Seat 4: Mahu2021 folded before Flop (didn't bet)
Seat 5: Julian125 folded before Flop (didn't bet)
Seat 6: foodgg369 folded before Flop (didn't bet)



PokerStars Zoom Hand #254607330554:  Hold'em No Limit ($0.05/$0.10) - 2025/01/29 16:38:50 CET [2025/01/29 10:38:50 ET]
Table 'Aludra' 6-max Seat #1 is the button
Seat 1: Pastor28 ($21.59 in chips) 
Seat 2: jeonjinny ($13.99 in chips) 
Seat 3: BigDepsx ($10 in chips) 
Seat 4: TonypokerMK ($10 in chips) 
Seat 5: kato-2003 ($10 in chips) 
Seat 6: Mahu2021 ($11.06 in chips) 
jeonjinny: posts small blind $0.05
BigDepsx: posts big blind $0.10
*** HOLE CARDS ***
Dealt to Mahu2021 [Th 5h]
TonypokerMK: folds 
kato-2003: folds 
Mahu2021: folds 
Pastor28: folds 
jeonjinny: folds 
Uncalled bet ($0.05) returned to BigDepsx
BigDepsx collected $0.10 from pot
BigDepsx: doesn't show hand 
*** SUMMARY ***
Total pot $0.10 | Rake $0 
Seat 1: Pastor28 (button) folded before Flop (didn't bet)
Seat 2: jeonjinny (small blind) folded before Flop
Seat 3: BigDepsx (big blind) collected ($0.10)
Seat 4: TonypokerMK folded before Flop (didn't bet)
Seat 5: kato-2003 folded before Flop (didn't bet)
Seat 6: Mahu2021 folded before Flop (didn't bet)



PokerStars Zoom Hand #254607331387:  Hold'em No Limit ($0.05/$0.10) - 2025/01/29 16:38:54 CET [2025/01/29 10:38:54 ET]
Table 'Aludra' 6-max Seat #1 is the button
Seat 1: Fishpoker17 ($10 in chips) 
Seat 2: FHstyles ($5.76 in chips) 
Seat 3: TonypokerMK ($10 in chips) 
Seat 4: MaJuCap ($10 in chips) 
Seat 5: Mahu2021 ($11.06 in chips) 
Seat 6: jeonjinny ($13.94 in chips) 
FHstyles: posts small blind $0.05
TonypokerMK: posts big blind $0.10
*** HOLE CARDS ***
Dealt to Mahu2021 [4c 9c]
MaJuCap: folds 
Mahu2021: folds 
jeonjinny: folds 
Fishpoker17: folds 
FHstyles: raises $0.20 to $0.30
TonypokerMK: folds 
Uncalled bet ($0.20) returned to FHstyles
FHstyles collected $0.20 from pot
FHstyles: doesn't show hand 
*** SUMMARY ***
Total pot $0.20 | Rake $0 
Seat 1: Fishpoker17 (button) folded before Flop (didn't bet)
Seat 2: FHstyles (small blind) collected ($0.20)
Seat 3: TonypokerMK (big blind) folded before Flop
Seat 4: MaJuCap folded before Flop (didn't bet)
Seat 5: Mahu2021 folded before Flop (didn't bet)
Seat 6: jeonjinny folded before Flop (didn't bet)



PokerStars Zoom Hand #254607332185:  Hold'em No Limit ($0.05/$0.10) - 2025/01/29 16:38:58 CET [2025/01/29 10:38:58 ET]
Table 'Aludra' 6-max Seat #1 is the button
Seat 1: foodgg369 ($24.06 in chips) 
Seat 2: Smiffler ($10 in chips) 
Seat 3: Mahu2021 ($11.06 in chips) 
Seat 4: MaJuCap ($10 in chips) 
Seat 5: ASENNA76 ($10 in chips) 
Seat 6: Titsamach ($11.76 in chips) 
Smiffler: posts small blind $0.05
Mahu2021: posts big blind $0.10
*** HOLE CARDS ***
Dealt to Mahu2021 [8h 7d]
MaJuCap: folds 
ASENNA76: folds 
Titsamach: folds 
foodgg369: folds 
Smiffler: folds 
Uncalled bet ($0.05) returned to Mahu2021
Mahu2021 collected $0.10 from pot
Mahu2021: doesn't show hand 
*** SUMMARY ***
Total pot $0.10 | Rake $0 
Seat 1: foodgg369 (button) folded before Flop (didn't bet)
Seat 2: Smiffler (small blind) folded before Flop
Seat 3: Mahu2021 (big blind) collected ($0.10)
Seat 4: MaJuCap folded before Flop (didn't bet)
Seat 5: ASENNA76 folded before Flop (didn't bet)
Seat 6: Titsamach folded before Flop (didn't bet)



PokerStars Zoom Hand #254607328105:  Hold'em No Limit ($0.05/$0.10) - 2025/01/29 16:38:38 CET [2025/01/29 10:38:38 ET]
Table 'Aludra' 6-max Seat #1 is the button
Seat 1: Mahu2021 ($11.11 in chips) 
Seat 2: Mallardz ($13.90 in chips) 
Seat 3: Smiffler ($10 in chips) 
Seat 4: 00O-2Z ($15.94 in chips) 
Seat 5: Hopewar ($11.66 in chips) 
Seat 6: AceWise ($11.88 in chips) 
Mallardz: posts small blind $0.05
Smiffler: posts big blind $0.10
*** HOLE CARDS ***
Dealt to Mahu2021 [2h 2d]
00O-2Z: folds 
Hopewar: folds 
AceWise: raises $0.15 to $0.25
Mahu2021: folds 
Mallardz: raises $0.95 to $1.20
Smiffler: folds 
AceWise: calls $0.95
*** FLOP *** [2s 8c Kh]
Mallardz: bets $0.79
AceWise: folds 
Uncalled bet ($0.79) returned to Mallardz
Mallardz collected $2.39 from pot
Mallardz: doesn't show hand 
*** SUMMARY ***
Total pot $2.50 | Rake $0.11 
Board [2s 8c Kh]
Seat 1: Mahu2021 (button) folded before Flop (didn't bet)
Seat 2: Mallardz (small blind) collected ($2.39)
Seat 3: Smiffler (big blind) folded before Flop
Seat 4: 00O-2Z folded before Flop (didn't bet)
Seat 5: Hopewar folded before Flop (didn't bet)
Seat 6: AceWise folded on the Flop



PokerStars Zoom Hand #254607329681:  Hold'em No Limit ($0.05/$0.10) - 2025/01/29 16:38:46 CET [2025/01/29 10:38:46 ET]
Table 'Aludra' 6-max Seat #1 is the button
Seat 1: ASENNA76 ($10 in chips) 
Seat 2: Mahu2021 ($11.11 in chips) 
Seat 3: araka0279 ($10.93 in chips) 
Seat 4: Lady-Giegie ($24.80 in chips) 
Seat 5: Jinzoo1 ($37.11 in chips) 
Seat 6: Hoe_Jyland69 ($9.20 in chips) 
Mahu2021: posts small blind $0.05
araka0279: posts big blind $0.10
*** HOLE CARDS ***
Dealt to Mahu2021 [Tc 5h]
Lady-Giegie: calls $0.10
Jinzoo1: folds 
Hoe_Jyland69: raises $0.55 to $0.65
ASENNA76: folds 
Mahu2021: folds 
araka0279: folds 
Lady-Giegie: calls $0.55
*** FLOP *** [Qh 5d 5s]
Lady-Giegie: checks 
Hoe_Jyland69: bets $0.69
Lady-Giegie: calls $0.69
*** TURN *** [Qh 5d 5s] [2s]
Lady-Giegie: checks 
Hoe_Jyland69: checks 
*** RIVER *** [Qh 5d 5s 2s] [Ad]
Lady-Giegie: bets $0.10
Hoe_Jyland69: calls $0.10
*** SHOW DOWN ***
Lady-Giegie: shows [Jc Jd] (two pair, Jacks and Fives)
Hoe_Jyland69: shows [Ah Kd] (two pair, Aces and Fives)
Hoe_Jyland69 collected $2.89 from pot
*** SUMMARY ***
Total pot $3.03 | Rake $0.14 
Board [Qh 5d 5s 2s Ad]
Seat 1: ASENNA76 (button) folded before Flop (didn't bet)
Seat 2: Mahu2021 (small blind) folded before Flop
Seat 3: araka0279 (big blind) folded before Flop
Seat 4: Lady-Giegie showed [Jc Jd] and lost with two pair, Jacks and Fives
Seat 5: Jinzoo1 folded before Flop (didn't bet)
Seat 6: Hoe_Jyland69 showed [Ah Kd] and won ($2.89) with two pair, Aces and Fives



PokerStars Zoom Hand #254607334288:  Hold'em No Limit ($0.05/$0.10) - 2025/01/29 16:39:08 CET [2025/01/29 10:39:08 ET]
Table 'Aludra' 6-max Seat #1 is the button
Seat 1: Mahu2021 ($11.11 in chips) 
Seat 2: kloniss ($17.12 in chips) 
Seat 3: Alexilie2022 ($10 in chips) 
Seat 4: stiucarul ($4.57 in chips) 
Seat 5: MaJuCap ($11.37 in chips) 
Seat 6: JB00888 ($1.49 in chips) 
kloniss: posts small blind $0.05
Alexilie2022: posts big blind $0.10
*** HOLE CARDS ***
Dealt to Mahu2021 [Ad Jc]
stiucarul: folds 
MaJuCap: folds 
JB00888: folds 
Mahu2021: raises $0.20 to $0.30
kloniss: folds 
Alexilie2022: calls $0.20
*** FLOP *** [Tc As 5c]
Alexilie2022: checks 
Mahu2021: checks 
*** TURN *** [Tc As 5c] [3s]
Alexilie2022: checks 
Mahu2021: bets $0.30
Alexilie2022: folds 
Uncalled bet ($0.30) returned to Mahu2021
Mahu2021 collected $0.62 from pot
Mahu2021: doesn't show hand 
*** SUMMARY ***
Total pot $0.65 | Rake $0.03 
Board [Tc As 5c 3s]
Seat 1: Mahu2021 (button) collected ($0.62)
Seat 2: kloniss (small blind) folded before Flop
Seat 3: Alexilie2022 (big blind) folded on the Turn
Seat 4: stiucarul folded before Flop (didn't bet)
Seat 5: MaJuCap folded before Flop (didn't bet)
Seat 6: JB00888 folded before Flop (didn't bet)



PokerStars Zoom Hand #254607339909:  Hold'em No Limit ($0.05/$0.10) - 2025/01/29 16:39:34 CET [2025/01/29 10:39:34 ET]
Table 'Aludra' 6-max Seat #1 is the button
Seat 1: Elvisc8_96 ($18.94 in chips) 
Seat 2: sv5555555 ($9.88 in chips) 
Seat 3: Pastor28 ($21.74 in chips) 
Seat 4: v4valter88 ($9.90 in chips) 
Seat 5: 1Sighinau ($13.42 in chips) 
Seat 6: Mahu2021 ($11.43 in chips) 
sv5555555: posts small blind $0.05
Pastor28: posts big blind $0.10
*** HOLE CARDS ***
Dealt to Mahu2021 [Kh Qh]
v4valter88: folds 
1Sighinau: folds 
Mahu2021: raises $0.14 to $0.24
Elvisc8_96: folds 
sv5555555: folds 
Pastor28: folds 
Uncalled bet ($0.14) returned to Mahu2021
Mahu2021 collected $0.25 from pot
Mahu2021: doesn't show hand 
*** SUMMARY ***
Total pot $0.25 | Rake $0 
Seat 1: Elvisc8_96 (button) folded before Flop (didn't bet)
Seat 2: sv5555555 (small blind) folded before Flop
Seat 3: Pastor28 (big blind) folded before Flop
Seat 4: v4valter88 folded before Flop (didn't bet)
Seat 5: 1Sighinau folded before Flop (didn't bet)
Seat 6: Mahu2021 collected ($0.25)



PokerStars Zoom Hand #254607342965:  Hold'em No Limit ($0.05/$0.10) - 2025/01/29 16:39:49 CET [2025/01/29 10:39:49 ET]
Table 'Aludra' 6-max Seat #1 is the button
Seat 1: Footraiser ($20.88 in chips) 
Seat 2: Mahu2021 ($11.58 in chips) 
Seat 3: Mechelburger ($12.74 in chips) 
Seat 4: Titsamach ($11.80 in chips) 
Seat 5: looser00091 ($16.57 in chips) 
Seat 6: Lady-Giegie ($23.51 in chips) 
Mahu2021: posts small blind $0.05
Mechelburger: posts big blind $0.10
*** HOLE CARDS ***
Dealt to Mahu2021 [6h Ks]
Titsamach: folds 
looser00091: folds 
Lady-Giegie: folds 
Footraiser: folds 
Mahu2021: folds 
Uncalled bet ($0.05) returned to Mechelburger
Mechelburger collected $0.10 from pot
Mechelburger: doesn't show hand 
*** SUMMARY ***
Total pot $0.10 | Rake $0 
Seat 1: Footraiser (button) folded before Flop (didn't bet)
Seat 2: Mahu2021 (small blind) folded before Flop
Seat 3: Mechelburger (big blind) collected ($0.10)
Seat 4: Titsamach folded before Flop (didn't bet)
Seat 5: looser00091 folded before Flop (didn't bet)
Seat 6: Lady-Giegie folded before Flop (didn't bet)



PokerStars Zoom Hand #254607344656:  Hold'em No Limit ($0.05/$0.10) - 2025/01/29 16:39:57 CET [2025/01/29 10:39:57 ET]
Table 'Aludra' 6-max Seat #1 is the button
Seat 1: vola83 ($8.16 in chips) 
Seat 2: Mallardz ($11.44 in chips) 
Seat 3: AceWise ($24.36 in chips) 
Seat 4: Mahu2021 ($11.53 in chips) 
Seat 5: Fishpoker17 ($10.05 in chips) 
Seat 6: stiucarul ($2.16 in chips) 
Mallardz: posts small blind $0.05
AceWise: posts big blind $0.10
*** HOLE CARDS ***
Dealt to Mahu2021 [Qs Jh]
Mahu2021: raises $0.14 to $0.24
Fishpoker17: folds 
stiucarul: folds 
vola83: folds 
Mallardz: folds 
AceWise: folds 
Uncalled bet ($0.14) returned to Mahu2021
Mahu2021 collected $0.25 from pot
Mahu2021: doesn't show hand 
*** SUMMARY ***
Total pot $0.25 | Rake $0 
Seat 1: vola83 (button) folded before Flop (didn't bet)
Seat 2: Mallardz (small blind) folded before Flop
Seat 3: AceWise (big blind) folded before Flop
Seat 4: Mahu2021 collected ($0.25)
Seat 5: Fishpoker17 folded before Flop (didn't bet)
Seat 6: stiucarul folded before Flop (didn't bet)



PokerStars Zoom Hand #254607343742:  Hold'em No Limit ($0.05/$0.10) - 2025/01/29 16:39:53 CET [2025/01/29 10:39:53 ET]
Table 'Aludra' 6-max Seat #1 is the button
Seat 1: BigDepsx ($9.73 in chips) 
Seat 2: Fishpoker17 ($10.61 in chips) 
Seat 3: Soli56 ($31.44 in chips) 
Seat 4: Mallardz ($11.44 in chips) 
Seat 5: Mahu2021 ($11.53 in chips) 
Seat 6: BluesUK ($18.97 in chips) 
Fishpoker17: posts small blind $0.05
Soli56: posts big blind $0.10
*** HOLE CARDS ***
Dealt to Mahu2021 [6s Kc]
Mallardz: folds 
Mahu2021: folds 
BluesUK: folds 
BigDepsx: folds 
Fishpoker17: folds 
Uncalled bet ($0.05) returned to Soli56
Soli56 collected $0.10 from pot
Soli56: doesn't show hand 
*** SUMMARY ***
Total pot $0.10 | Rake $0 
Seat 1: BigDepsx (button) folded before Flop (didn't bet)
Seat 2: Fishpoker17 (small blind) folded before Flop
Seat 3: Soli56 (big blind) collected ($0.10)
Seat 4: Mallardz folded before Flop (didn't bet)
Seat 5: Mahu2021 folded before Flop (didn't bet)
Seat 6: BluesUK folded before Flop (didn't bet)



PokerStars Zoom Hand #254607339179:  Hold'em No Limit ($0.05/$0.10) - 2025/01/29 16:39:31 CET [2025/01/29 10:39:31 ET]
Table 'Aludra' 6-max Seat #1 is the button
Seat 1: ASENNA76 ($10 in chips) 
Seat 2: Mechelburger ($12.79 in chips) 
Seat 3: Al3xrz ($10.46 in chips) 
Seat 4: Mahu2021 ($11.43 in chips) 
Seat 5: AceWise ($10.63 in chips) 
Seat 6: zozorrr ($18.59 in chips) 
Mechelburger: posts small blind $0.05
Al3xrz: posts big blind $0.10
*** HOLE CARDS ***
Dealt to Mahu2021 [4s 8s]
Mahu2021: folds 
AceWise: folds 
zozorrr: raises $0.10 to $0.20
ASENNA76: folds 
Mechelburger: folds 
Al3xrz: raises $0.70 to $0.90
zozorrr: raises $1.10 to $2
Al3xrz: calls $1.10
*** FLOP *** [Kh 3h Jc]
Al3xrz: checks 
zozorrr: bets $0.97
Al3xrz: calls $0.97
*** TURN *** [Kh 3h Jc] [Td]
Al3xrz: checks 
zozorrr: checks 
*** RIVER *** [Kh 3h Jc Td] [4d]
Al3xrz: bets $5
zozorrr: calls $5
*** SHOW DOWN ***
Al3xrz: shows [Ad Qd] (a straight, Ten to Ace)
zozorrr: mucks hand 
Al3xrz collected $15.27 from pot
*** SUMMARY ***
Total pot $15.99 | Rake $0.72 
Board [Kh 3h Jc Td 4d]
Seat 1: ASENNA76 (button) folded before Flop (didn't bet)
Seat 2: Mechelburger (small blind) folded before Flop
Seat 3: Al3xrz (big blind) showed [Ad Qd] and won ($15.27) with a straight, Ten to Ace
Seat 4: Mahu2021 folded before Flop (didn't bet)
Seat 5: AceWise folded before Flop (didn't bet)
Seat 6: zozorrr mucked [Ac Ah]



PokerStars Zoom Hand #254607347879:  Hold'em No Limit ($0.05/$0.10) - 2025/01/29 16:40:12 CET [2025/01/29 10:40:12 ET]
Table 'Aludra' 6-max Seat #1 is the button
Seat 1: kabyll ($9.75 in chips) 
Seat 2: foodgg369 ($25.10 in chips) 
Seat 3: Mahu2021 ($11.68 in chips) 
Seat 4: Footraiser ($20.93 in chips) 
Seat 5: Cr0w932 ($10 in chips) 
Seat 6: Sp1keSpraggy ($13.56 in chips) 
foodgg369: posts small blind $0.05
Mahu2021: posts big blind $0.10
*** HOLE CARDS ***
Dealt to Mahu2021 [Kd Qs]
Footraiser: raises $0.15 to $0.25
Cr0w932: folds 
Sp1keSpraggy: folds 
kabyll: raises $0.30 to $0.55
foodgg369: folds 
Mahu2021: calls $0.45
Footraiser: folds 
*** FLOP *** [Ts 4s Kh]
Mahu2021: checks 
kabyll: checks 
*** TURN *** [Ts 4s Kh] [2s]
Mahu2021: checks 
kabyll: checks 
*** RIVER *** [Ts 4s Kh 2s] [3h]
Mahu2021: bets $1.34
kabyll: calls $1.34
*** SHOW DOWN ***
Mahu2021: shows [Kd Qs] (a pair of Kings)
kabyll: mucks hand 
Mahu2021 collected $3.90 from pot
*** SUMMARY ***
Total pot $4.08 | Rake $0.18 
Board [Ts 4s Kh 2s 3h]
Seat 1: kabyll (button) mucked [Th 9h]
Seat 2: foodgg369 (small blind) folded before Flop
Seat 3: Mahu2021 (big blind) showed [Kd Qs] and won ($3.90) with a pair of Kings
Seat 4: Footraiser folded before Flop
Seat 5: Cr0w932 folded before Flop (didn't bet)
Seat 6: Sp1keSpraggy folded before Flop (didn't bet)



PokerStars Zoom Hand #254607347219:  Hold'em No Limit ($0.05/$0.10) - 2025/01/29 16:40:09 CET [2025/01/29 10:40:09 ET]
Table 'Aludra' 6-max Seat #1 is the button
Seat 1: TeoMT7 ($6.47 in chips) 
Seat 2: v4valter88 ($10.53 in chips) 
Seat 3: KrysuSkerdikas ($4.88 in chips) 
Seat 4: Mahu2021 ($11.68 in chips) 
Seat 5: Julian125 ($16.19 in chips) 
Seat 6: ASENNA76 ($10 in chips) 
v4valter88: posts small blind $0.05
KrysuSkerdikas: posts big blind $0.10
*** HOLE CARDS ***
Dealt to Mahu2021 [5h 8d]
Mahu2021: folds 
Julian125: folds 
ASENNA76: raises $0.20 to $0.30
TeoMT7: calls $0.30
v4valter88: folds 
KrysuSkerdikas: folds 
*** FLOP *** [Qc Jc 9h]
ASENNA76: bets $0.40
TeoMT7: calls $0.40
*** TURN *** [Qc Jc 9h] [Qh]
ASENNA76: bets $1.11
TeoMT7: calls $1.11
*** RIVER *** [Qc Jc 9h Qh] [9s]
ASENNA76: checks 
TeoMT7: checks 
*** SHOW DOWN ***
ASENNA76: shows [Jd Ks] (two pair, Queens and Jacks)
TeoMT7: mucks hand 
ASENNA76 collected $3.60 from pot
*** SUMMARY ***
Total pot $3.77 | Rake $0.17 
Board [Qc Jc 9h Qh 9s]
Seat 1: TeoMT7 (button) mucked [8c Kc]
Seat 2: v4valter88 (small blind) folded before Flop
Seat 3: KrysuSkerdikas (big blind) folded before Flop
Seat 4: Mahu2021 folded before Flop (didn't bet)
Seat 5: Julian125 folded before Flop (didn't bet)
Seat 6: ASENNA76 showed [Jd Ks] and won ($3.60) with two pair, Queens and Jacks



