PokerStars Hand #245745260712: Tournament #3639837877, $0.92+$0.08 USD Hold'em No Limit - Level I (10/20) - 2023/09/03 11:05:55 CET [2023/09/03 5:05:55 ET]
Table '3639837877 1' 3-max Seat #1 is the button
Seat 1: Lucas888775 (500 in chips) 
Seat 2: Mahu2021 (500 in chips) 
Seat 3: Mr.MacBull (500 in chips) 
Mahu2021: posts small blind 10
Mr.MacBull: posts big blind 20
*** HOLE CARDS ***
Dealt to Mahu2021 [Qc 9c]
Lucas888775: raises 20 to 40
Mahu2021: calls 30
Mr.MacBull: calls 20
*** FLOP *** [Ks 2h Qh]
Mahu2021: checks 
Mr.MacBull: checks 
Lucas888775: checks 
*** TURN *** [Ks 2h Qh] [Td]
Mahu2021: checks 
Mr.MacBull: checks 
Lucas888775: checks 
*** RIVER *** [Ks 2h Qh Td] [3c]
Mahu2021: checks 
Mr.MacBull: bets 120
Lucas888775: folds 
Mahu2021: folds 
Uncalled bet (120) returned to Mr.MacBull
Mr.MacBull collected 120 from pot
Mr.MacBull: doesn't show hand 
*** SUMMARY ***
Total pot 120 | Rake 0 
Board [Ks 2h Qh Td 3c]
Seat 1: Lucas888775 (button) folded on the River
Seat 2: Mahu2021 (small blind) folded on the River
Seat 3: Mr.MacBull (big blind) collected (120)



PokerStars Hand #245745264799: Tournament #3639837877, $0.92+$0.08 USD Hold'em No Limit - Level I (10/20) - 2023/09/03 11:06:24 CET [2023/09/03 5:06:24 ET]
Table '3639837877 1' 3-max Seat #2 is the button
Seat 1: Lucas888775 (460 in chips) 
Seat 2: Mahu2021 (460 in chips) 
Seat 3: Mr.MacBull (580 in chips) 
Mr.MacBull: posts small blind 10
Lucas888775: posts big blind 20
*** HOLE CARDS ***
Dealt to Mahu2021 [2c Ah]
Mahu2021: calls 20
Mr.MacBull: calls 10
Lucas888775: checks 
*** FLOP *** [9s 6s 5d]
Mr.MacBull: bets 20
Lucas888775: calls 20
Mahu2021: folds 
*** TURN *** [9s 6s 5d] [8d]
Mr.MacBull: bets 20
Lucas888775: raises 20 to 40
Mr.MacBull: calls 20
*** RIVER *** [9s 6s 5d 8d] [4h]
Mr.MacBull: checks 
Lucas888775: bets 90
Mr.MacBull: folds 
Uncalled bet (90) returned to Lucas888775
Lucas888775 collected 180 from pot
Lucas888775: doesn't show hand 
*** SUMMARY ***
Total pot 180 | Rake 0 
Board [9s 6s 5d 8d 4h]
Seat 1: Lucas888775 (big blind) collected (180)
Seat 2: Mahu2021 (button) folded on the Flop
Seat 3: Mr.MacBull (small blind) folded on the River



PokerStars Hand #245745267968: Tournament #3639837877, $0.92+$0.08 USD Hold'em No Limit - Level I (10/20) - 2023/09/03 11:06:46 CET [2023/09/03 5:06:46 ET]
Table '3639837877 1' 3-max Seat #3 is the button
Seat 1: Lucas888775 (560 in chips) 
Seat 2: Mahu2021 (440 in chips) 
Seat 3: Mr.MacBull (500 in chips) 
Lucas888775: posts small blind 10
Mahu2021: posts big blind 20
*** HOLE CARDS ***
Dealt to Mahu2021 [2h 4h]
Mr.MacBull: calls 20
Lucas888775: calls 10
Mahu2021: checks 
*** FLOP *** [Kd 5h 6c]
Lucas888775: bets 20
Mahu2021: calls 20
Mr.MacBull: calls 20
*** TURN *** [Kd 5h 6c] [Ad]
Lucas888775: checks 
Mahu2021: bets 120
Mr.MacBull: folds 
Lucas888775: folds 
Uncalled bet (120) returned to Mahu2021
Mahu2021 collected 120 from pot
Mahu2021: doesn't show hand 
*** SUMMARY ***
Total pot 120 | Rake 0 
Board [Kd 5h 6c Ad]
Seat 1: Lucas888775 (small blind) folded on the Turn
Seat 2: Mahu2021 (big blind) collected (120)
Seat 3: Mr.MacBull (button) folded on the Turn



PokerStars Hand #245745274526: Tournament #3639837877, $0.92+$0.08 USD Hold'em No Limit - Level I (10/20) - 2023/09/03 11:07:33 CET [2023/09/03 5:07:33 ET]
Table '3639837877 1' 3-max Seat #1 is the button
Seat 1: Lucas888775 (520 in chips) 
Seat 2: Mahu2021 (520 in chips) 
Seat 3: Mr.MacBull (460 in chips) 
Mahu2021: posts small blind 10
Mr.MacBull: posts big blind 20
*** HOLE CARDS ***
Dealt to Mahu2021 [5d Ah]
Lucas888775: raises 20 to 40
Mahu2021: calls 30
Mr.MacBull: folds 
*** FLOP *** [Qs 7s 3h]
Mahu2021: checks 
Lucas888775: checks 
*** TURN *** [Qs 7s 3h] [2h]
Mahu2021: checks 
Lucas888775: bets 20
Mahu2021: calls 20
*** RIVER *** [Qs 7s 3h 2h] [8s]
Mahu2021: checks 
Lucas888775: checks 
*** SHOW DOWN ***
Mahu2021: shows [5d Ah] (high card Ace)
Lucas888775: shows [Ad 2s] (a pair of Deuces)
Lucas888775 collected 140 from pot
*** SUMMARY ***
Total pot 140 | Rake 0 
Board [Qs 7s 3h 2h 8s]
Seat 1: Lucas888775 (button) showed [Ad 2s] and won (140) with a pair of Deuces
Seat 2: Mahu2021 (small blind) showed [5d Ah] and lost with high card Ace
Seat 3: Mr.MacBull (big blind) folded before Flop



PokerStars Hand #245745277361: Tournament #3639837877, $0.92+$0.08 USD Hold'em No Limit - Level I (10/20) - 2023/09/03 11:07:53 CET [2023/09/03 5:07:53 ET]
Table '3639837877 1' 3-max Seat #2 is the button
Seat 1: Lucas888775 (600 in chips) 
Seat 2: Mahu2021 (460 in chips) 
Seat 3: Mr.MacBull (440 in chips) 
Mr.MacBull: posts small blind 10
Lucas888775: posts big blind 20
*** HOLE CARDS ***
Dealt to Mahu2021 [8c 3s]
Mahu2021: folds 
Mr.MacBull: raises 20 to 40
Lucas888775: folds 
Uncalled bet (20) returned to Mr.MacBull
Mr.MacBull collected 40 from pot
Mr.MacBull: doesn't show hand 
*** SUMMARY ***
Total pot 40 | Rake 0 
Seat 1: Lucas888775 (big blind) folded before Flop
Seat 2: Mahu2021 (button) folded before Flop (didn't bet)
Seat 3: Mr.MacBull (small blind) collected (40)



PokerStars Hand #245745278873: Tournament #3639837877, $0.92+$0.08 USD Hold'em No Limit - Level II (15/30) - 2023/09/03 11:08:04 CET [2023/09/03 5:08:04 ET]
Table '3639837877 1' 3-max Seat #3 is the button
Seat 1: Lucas888775 (580 in chips) 
Seat 2: Mahu2021 (460 in chips) 
Seat 3: Mr.MacBull (460 in chips) 
Lucas888775: posts small blind 15
Mahu2021: posts big blind 30
*** HOLE CARDS ***
Dealt to Mahu2021 [8s 5h]
Mr.MacBull: folds 
Lucas888775: folds 
Uncalled bet (15) returned to Mahu2021
Mahu2021 collected 30 from pot
Mahu2021: doesn't show hand 
*** SUMMARY ***
Total pot 30 | Rake 0 
Seat 1: Lucas888775 (small blind) folded before Flop
Seat 2: Mahu2021 (big blind) collected (30)
Seat 3: Mr.MacBull (button) folded before Flop (didn't bet)



PokerStars Hand #245745280077: Tournament #3639837877, $0.92+$0.08 USD Hold'em No Limit - Level II (15/30) - 2023/09/03 11:08:12 CET [2023/09/03 5:08:12 ET]
Table '3639837877 1' 3-max Seat #1 is the button
Seat 1: Lucas888775 (565 in chips) 
Seat 2: Mahu2021 (475 in chips) 
Seat 3: Mr.MacBull (460 in chips) 
Mahu2021: posts small blind 15
Mr.MacBull: posts big blind 30
*** HOLE CARDS ***
Dealt to Mahu2021 [6s 6d]
Lucas888775: calls 30
Mahu2021: calls 15
Mr.MacBull: checks 
*** FLOP *** [2h 8s 3d]
Mahu2021: checks 
Mr.MacBull: bets 30
Lucas888775: raises 30 to 60
Mahu2021: calls 60
Mr.MacBull: folds 
*** TURN *** [2h 8s 3d] [2d]
Mahu2021: checks 
Lucas888775: checks 
*** RIVER *** [2h 8s 3d 2d] [Ks]
Mahu2021: checks 
Lucas888775: checks 
*** SHOW DOWN ***
Mahu2021: shows [6s 6d] (two pair, Sixes and Deuces)
Lucas888775: shows [8h As] (two pair, Eights and Deuces)
Lucas888775 collected 240 from pot
*** SUMMARY ***
Total pot 240 | Rake 0 
Board [2h 8s 3d 2d Ks]
Seat 1: Lucas888775 (button) showed [8h As] and won (240) with two pair, Eights and Deuces
Seat 2: Mahu2021 (small blind) showed [6s 6d] and lost with two pair, Sixes and Deuces
Seat 3: Mr.MacBull (big blind) folded on the Flop



PokerStars Hand #245745284201: Tournament #3639837877, $0.92+$0.08 USD Hold'em No Limit - Level II (15/30) - 2023/09/03 11:08:42 CET [2023/09/03 5:08:42 ET]
Table '3639837877 1' 3-max Seat #2 is the button
Seat 1: Lucas888775 (715 in chips) 
Seat 2: Mahu2021 (385 in chips) 
Seat 3: Mr.MacBull (400 in chips) 
Mr.MacBull: posts small blind 15
Lucas888775: posts big blind 30
*** HOLE CARDS ***
Dealt to Mahu2021 [Td Kc]
Mahu2021: raises 30 to 60
Mr.MacBull: folds 
Lucas888775: folds 
Uncalled bet (30) returned to Mahu2021
Mahu2021 collected 75 from pot
Mahu2021: doesn't show hand 
*** SUMMARY ***
Total pot 75 | Rake 0 
Seat 1: Lucas888775 (big blind) folded before Flop
Seat 2: Mahu2021 (button) collected (75)
Seat 3: Mr.MacBull (small blind) folded before Flop



PokerStars Hand #245745285443: Tournament #3639837877, $0.92+$0.08 USD Hold'em No Limit - Level II (15/30) - 2023/09/03 11:08:51 CET [2023/09/03 5:08:51 ET]
Table '3639837877 1' 3-max Seat #3 is the button
Seat 1: Lucas888775 (685 in chips) 
Seat 2: Mahu2021 (430 in chips) 
Seat 3: Mr.MacBull (385 in chips) 
Lucas888775: posts small blind 15
Mahu2021: posts big blind 30
*** HOLE CARDS ***
Dealt to Mahu2021 [3h 9h]
Mr.MacBull: folds 
Lucas888775: calls 15
Mahu2021: checks 
*** FLOP *** [4c 2h 5c]
Lucas888775: checks 
Mahu2021: bets 60
Lucas888775: folds 
Uncalled bet (60) returned to Mahu2021
Mahu2021 collected 60 from pot
Mahu2021: doesn't show hand 
*** SUMMARY ***
Total pot 60 | Rake 0 
Board [4c 2h 5c]
Seat 1: Lucas888775 (small blind) folded on the Flop
Seat 2: Mahu2021 (big blind) collected (60)
Seat 3: Mr.MacBull (button) folded before Flop (didn't bet)



PokerStars Hand #245745287952: Tournament #3639837877, $0.92+$0.08 USD Hold'em No Limit - Level II (15/30) - 2023/09/03 11:09:08 CET [2023/09/03 5:09:08 ET]
Table '3639837877 1' 3-max Seat #1 is the button
Seat 1: Lucas888775 (655 in chips) 
Seat 2: Mahu2021 (460 in chips) 
Seat 3: Mr.MacBull (385 in chips) 
Mahu2021: posts small blind 15
Mr.MacBull: posts big blind 30
*** HOLE CARDS ***
Dealt to Mahu2021 [8c Qs]
Lucas888775: raises 30 to 60
Mahu2021: folds 
Mr.MacBull: calls 30
*** FLOP *** [8s 2s 6c]
Mr.MacBull: bets 30
Lucas888775: calls 30
*** TURN *** [8s 2s 6c] [Qc]
Mr.MacBull: bets 30
Lucas888775: calls 30
*** RIVER *** [8s 2s 6c Qc] [Td]
Mr.MacBull: bets 30
Lucas888775: calls 30
*** SHOW DOWN ***
Mr.MacBull: shows [7c 8d] (a pair of Eights)
Lucas888775: mucks hand 
Mr.MacBull collected 315 from pot
*** SUMMARY ***
Total pot 315 | Rake 0 
Board [8s 2s 6c Qc Td]
Seat 1: Lucas888775 (button) mucked [Kc Ad]
Seat 2: Mahu2021 (small blind) folded before Flop
Seat 3: Mr.MacBull (big blind) showed [7c 8d] and won (315) with a pair of Eights



PokerStars Hand #245745291330: Tournament #3639837877, $0.92+$0.08 USD Hold'em No Limit - Level II (15/30) - 2023/09/03 11:09:32 CET [2023/09/03 5:09:32 ET]
Table '3639837877 1' 3-max Seat #2 is the button
Seat 1: Lucas888775 (505 in chips) 
Seat 2: Mahu2021 (445 in chips) 
Seat 3: Mr.MacBull (550 in chips) 
Mr.MacBull: posts small blind 15
Lucas888775: posts big blind 30
*** HOLE CARDS ***
Dealt to Mahu2021 [6d 2s]
Mahu2021: folds 
Mr.MacBull: folds 
Uncalled bet (15) returned to Lucas888775
Lucas888775 collected 30 from pot
Lucas888775: doesn't show hand 
*** SUMMARY ***
Total pot 30 | Rake 0 
Seat 1: Lucas888775 (big blind) collected (30)
Seat 2: Mahu2021 (button) folded before Flop (didn't bet)
Seat 3: Mr.MacBull (small blind) folded before Flop



PokerStars Hand #245745292082: Tournament #3639837877, $0.92+$0.08 USD Hold'em No Limit - Level II (15/30) - 2023/09/03 11:09:37 CET [2023/09/03 5:09:37 ET]
Table '3639837877 1' 3-max Seat #3 is the button
Seat 1: Lucas888775 (520 in chips) 
Seat 2: Mahu2021 (445 in chips) 
Seat 3: Mr.MacBull (535 in chips) 
Lucas888775: posts small blind 15
Mahu2021: posts big blind 30
*** HOLE CARDS ***
Dealt to Mahu2021 [6s 5h]
Mr.MacBull: raises 30 to 60
Lucas888775: calls 45
Mahu2021: calls 30
*** FLOP *** [4d 6c Qc]
Lucas888775: checks 
Mahu2021: checks 
Mr.MacBull: bets 90
Lucas888775: folds 
Mahu2021: folds 
Uncalled bet (90) returned to Mr.MacBull
Mr.MacBull collected 180 from pot
Mr.MacBull: doesn't show hand 
*** SUMMARY ***
Total pot 180 | Rake 0 
Board [4d 6c Qc]
Seat 1: Lucas888775 (small blind) folded on the Flop
Seat 2: Mahu2021 (big blind) folded on the Flop
Seat 3: Mr.MacBull (button) collected (180)



PokerStars Hand #245745295708: Tournament #3639837877, $0.92+$0.08 USD Hold'em No Limit - Level III (20/40) - 2023/09/03 11:10:04 CET [2023/09/03 5:10:04 ET]
Table '3639837877 1' 3-max Seat #1 is the button
Seat 1: Lucas888775 (460 in chips) 
Seat 2: Mahu2021 (385 in chips) 
Seat 3: Mr.MacBull (655 in chips) 
Mahu2021: posts small blind 20
Mr.MacBull: posts big blind 40
*** HOLE CARDS ***
Dealt to Mahu2021 [5c 8s]
Lucas888775: raises 40 to 80
Mahu2021: folds 
Mr.MacBull: folds 
Uncalled bet (40) returned to Lucas888775
Lucas888775 collected 100 from pot
Lucas888775: doesn't show hand 
*** SUMMARY ***
Total pot 100 | Rake 0 
Seat 1: Lucas888775 (button) collected (100)
Seat 2: Mahu2021 (small blind) folded before Flop
Seat 3: Mr.MacBull (big blind) folded before Flop



PokerStars Hand #245745296650: Tournament #3639837877, $0.92+$0.08 USD Hold'em No Limit - Level III (20/40) - 2023/09/03 11:10:10 CET [2023/09/03 5:10:10 ET]
Table '3639837877 1' 3-max Seat #2 is the button
Seat 1: Lucas888775 (520 in chips) 
Seat 2: Mahu2021 (365 in chips) 
Seat 3: Mr.MacBull (615 in chips) 
Mr.MacBull: posts small blind 20
Lucas888775: posts big blind 40
*** HOLE CARDS ***
Dealt to Mahu2021 [8h 3h]
Mahu2021: folds 
Mr.MacBull: calls 20
Lucas888775: checks 
*** FLOP *** [9d 5d Qs]
Mr.MacBull: checks 
Lucas888775: bets 40
Mr.MacBull: folds 
Uncalled bet (40) returned to Lucas888775
Lucas888775 collected 80 from pot
Lucas888775: doesn't show hand 
*** SUMMARY ***
Total pot 80 | Rake 0 
Board [9d 5d Qs]
Seat 1: Lucas888775 (big blind) collected (80)
Seat 2: Mahu2021 (button) folded before Flop (didn't bet)
Seat 3: Mr.MacBull (small blind) folded on the Flop



PokerStars Hand #245745298361: Tournament #3639837877, $0.92+$0.08 USD Hold'em No Limit - Level III (20/40) - 2023/09/03 11:10:23 CET [2023/09/03 5:10:23 ET]
Table '3639837877 1' 3-max Seat #3 is the button
Seat 1: Lucas888775 (560 in chips) 
Seat 2: Mahu2021 (365 in chips) 
Seat 3: Mr.MacBull (575 in chips) 
Lucas888775: posts small blind 20
Mahu2021: posts big blind 40
*** HOLE CARDS ***
Dealt to Mahu2021 [4d 2c]
Mr.MacBull: folds 
Lucas888775: raises 40 to 80
Mahu2021: folds 
Uncalled bet (40) returned to Lucas888775
Lucas888775 collected 80 from pot
Lucas888775: doesn't show hand 
*** SUMMARY ***
Total pot 80 | Rake 0 
Seat 1: Lucas888775 (small blind) collected (80)
Seat 2: Mahu2021 (big blind) folded before Flop
Seat 3: Mr.MacBull (button) folded before Flop (didn't bet)



PokerStars Hand #245745299447: Tournament #3639837877, $0.92+$0.08 USD Hold'em No Limit - Level III (20/40) - 2023/09/03 11:10:30 CET [2023/09/03 5:10:30 ET]
Table '3639837877 1' 3-max Seat #1 is the button
Seat 1: Lucas888775 (600 in chips) 
Seat 2: Mahu2021 (325 in chips) 
Seat 3: Mr.MacBull (575 in chips) 
Mahu2021: posts small blind 20
Mr.MacBull: posts big blind 40
*** HOLE CARDS ***
Dealt to Mahu2021 [6d Ks]
Lucas888775: calls 40
Mahu2021: calls 20
Mr.MacBull: checks 
*** FLOP *** [5s Jh 7c]
Mahu2021: checks 
Mr.MacBull: checks 
Lucas888775: bets 40
Mahu2021: calls 40
Mr.MacBull: folds 
*** TURN *** [5s Jh 7c] [Ah]
Mahu2021: checks 
Lucas888775: checks 
*** RIVER *** [5s Jh 7c Ah] [6h]
Mahu2021: bets 245 and is all-in
Lucas888775: folds 
Uncalled bet (245) returned to Mahu2021
Mahu2021 collected 200 from pot
Mahu2021: doesn't show hand 
*** SUMMARY ***
Total pot 200 | Rake 0 
Board [5s Jh 7c Ah 6h]
Seat 1: Lucas888775 (button) folded on the River
Seat 2: Mahu2021 (small blind) collected (200)
Seat 3: Mr.MacBull (big blind) folded on the Flop



PokerStars Hand #245745303521: Tournament #3639837877, $0.92+$0.08 USD Hold'em No Limit - Level III (20/40) - 2023/09/03 11:11:00 CET [2023/09/03 5:11:00 ET]
Table '3639837877 1' 3-max Seat #2 is the button
Seat 1: Lucas888775 (520 in chips) 
Seat 2: Mahu2021 (445 in chips) 
Seat 3: Mr.MacBull (535 in chips) 
Mr.MacBull: posts small blind 20
Lucas888775: posts big blind 40
*** HOLE CARDS ***
Dealt to Mahu2021 [Ac Td]
Mahu2021: raises 40 to 80
Mr.MacBull: calls 60
Lucas888775: folds 
*** FLOP *** [9s 8d 3d]
Mr.MacBull: checks 
Mahu2021: bets 40
Mr.MacBull: calls 40
*** TURN *** [9s 8d 3d] [2d]
Mr.MacBull: checks 
Mahu2021: checks 
*** RIVER *** [9s 8d 3d 2d] [9d]
Mr.MacBull: bets 280
Mahu2021: calls 280
*** SHOW DOWN ***
Mr.MacBull: shows [Qc Kd] (a flush, King high)
Mahu2021: mucks hand 
Mr.MacBull collected 840 from pot
*** SUMMARY ***
Total pot 840 | Rake 0 
Board [9s 8d 3d 2d 9d]
Seat 1: Lucas888775 (big blind) folded before Flop
Seat 2: Mahu2021 (button) mucked [Ac Td]
Seat 3: Mr.MacBull (small blind) showed [Qc Kd] and won (840) with a flush, King high



PokerStars Hand #245745306922: Tournament #3639837877, $0.92+$0.08 USD Hold'em No Limit - Level III (20/40) - 2023/09/03 11:11:24 CET [2023/09/03 5:11:24 ET]
Table '3639837877 1' 3-max Seat #3 is the button
Seat 1: Lucas888775 (480 in chips) 
Seat 2: Mahu2021 (45 in chips) 
Seat 3: Mr.MacBull (975 in chips) 
Lucas888775: posts small blind 20
Mahu2021: posts big blind 40
*** HOLE CARDS ***
Dealt to Mahu2021 [Ad 8c]
Mr.MacBull: folds 
Lucas888775: calls 20
Mahu2021: raises 5 to 45 and is all-in
Lucas888775: calls 5
*** FLOP *** [7c 3s Qh]
*** TURN *** [7c 3s Qh] [2h]
*** RIVER *** [7c 3s Qh 2h] [Ah]
*** SHOW DOWN ***
Lucas888775: shows [3h Ks] (a pair of Threes)
Mahu2021: shows [Ad 8c] (a pair of Aces)
Mahu2021 collected 90 from pot
*** SUMMARY ***
Total pot 90 | Rake 0 
Board [7c 3s Qh 2h Ah]
Seat 1: Lucas888775 (small blind) showed [3h Ks] and lost with a pair of Threes
Seat 2: Mahu2021 (big blind) showed [Ad 8c] and won (90) with a pair of Aces
Seat 3: Mr.MacBull (button) folded before Flop (didn't bet)



PokerStars Hand #245745309610: Tournament #3639837877, $0.92+$0.08 USD Hold'em No Limit - Level III (20/40) - 2023/09/03 11:11:43 CET [2023/09/03 5:11:43 ET]
Table '3639837877 1' 3-max Seat #1 is the button
Seat 1: Lucas888775 (435 in chips) 
Seat 2: Mahu2021 (90 in chips) 
Seat 3: Mr.MacBull (975 in chips) 
Mahu2021: posts small blind 20
Mr.MacBull: posts big blind 40
*** HOLE CARDS ***
Dealt to Mahu2021 [4h 8s]
Lucas888775: folds 
Mahu2021: raises 50 to 90 and is all-in
Mr.MacBull: calls 50
*** FLOP *** [2d Qs 9h]
*** TURN *** [2d Qs 9h] [2s]
*** RIVER *** [2d Qs 9h 2s] [As]
*** SHOW DOWN ***
Mahu2021: shows [4h 8s] (a pair of Deuces)
Mr.MacBull: shows [Ad Js] (two pair, Aces and Deuces)
Mr.MacBull collected 180 from pot
Mahu2021 finished the tournament in 3rd place
*** SUMMARY ***
Total pot 180 | Rake 0 
Board [2d Qs 9h 2s As]
Seat 1: Lucas888775 (button) folded before Flop (didn't bet)
Seat 2: Mahu2021 (small blind) showed [4h 8s] and lost with a pair of Deuces
Seat 3: Mr.MacBull (big blind) showed [Ad Js] and won (180) with two pair, Aces and Deuces



