PokerStars Hand #242987271760: Tournament #3575124071, $0.92+$0.08 USD Hold'em No Limit - Level I (10/20) - 2023/04/09 19:40:31 CET [2023/04/09 13:40:31 ET]
Table '3575124071 1' 3-max Seat #1 is the button
Seat 1: vov4iK24 (500 in chips) 
Seat 2: simba1802 (500 in chips) 
Seat 3: Mahu2021 (500 in chips) 
simba1802: posts small blind 10
Mahu2021: posts big blind 20
*** HOLE CARDS ***
Dealt to Mahu2021 [9c 2c]
vov4iK24: folds 
simba1802: calls 10
Mahu2021: checks 
*** FLOP *** [Qc 8s Jc]
simba1802: checks 
Mahu2021: bets 40
simba1802: folds 
Uncalled bet (40) returned to Mahu2021
Mahu2021 collected 40 from pot
Mahu2021: doesn't show hand 
*** SUMMARY ***
Total pot 40 | Rake 0 
Board [Qc 8s Jc]
Seat 1: vov4iK24 (button) folded before Flop (didn't bet)
Seat 2: simba1802 (small blind) folded on the Flop
Seat 3: Mahu2021 (big blind) collected (40)



PokerStars Hand #242987279347: Tournament #3575124071, $0.92+$0.08 USD Hold'em No Limit - Level I (10/20) - 2023/04/09 19:40:50 CET [2023/04/09 13:40:50 ET]
Table '3575124071 1' 3-max Seat #2 is the button
Seat 1: vov4iK24 (500 in chips) 
Seat 2: simba1802 (480 in chips) 
Seat 3: Mahu2021 (520 in chips) 
Mahu2021: posts small blind 10
vov4iK24: posts big blind 20
*** HOLE CARDS ***
Dealt to Mahu2021 [4c 9h]
simba1802: raises 460 to 480 and is all-in
Mahu2021: folds 
vov4iK24: folds 
Uncalled bet (460) returned to simba1802
simba1802 collected 50 from pot
simba1802: doesn't show hand 
*** SUMMARY ***
Total pot 50 | Rake 0 
Seat 1: vov4iK24 (big blind) folded before Flop
Seat 2: simba1802 (button) collected (50)
Seat 3: Mahu2021 (small blind) folded before Flop



PokerStars Hand #242987282502: Tournament #3575124071, $0.92+$0.08 USD Hold'em No Limit - Level I (10/20) - 2023/04/09 19:40:58 CET [2023/04/09 13:40:58 ET]
Table '3575124071 1' 3-max Seat #3 is the button
Seat 1: vov4iK24 (480 in chips) 
Seat 2: simba1802 (510 in chips) 
Seat 3: Mahu2021 (510 in chips) 
vov4iK24: posts small blind 10
simba1802: posts big blind 20
*** HOLE CARDS ***
Dealt to Mahu2021 [2s 3s]
Mahu2021: calls 20
vov4iK24: calls 10
simba1802: checks 
*** FLOP *** [3c 5d Ah]
vov4iK24: checks 
simba1802: checks 
Mahu2021: bets 20
vov4iK24: folds 
simba1802: folds 
Uncalled bet (20) returned to Mahu2021
Mahu2021 collected 60 from pot
Mahu2021: doesn't show hand 
*** SUMMARY ***
Total pot 60 | Rake 0 
Board [3c 5d Ah]
Seat 1: vov4iK24 (small blind) folded on the Flop
Seat 2: simba1802 (big blind) folded on the Flop
Seat 3: Mahu2021 (button) collected (60)



PokerStars Hand #242987289505: Tournament #3575124071, $0.92+$0.08 USD Hold'em No Limit - Level I (10/20) - 2023/04/09 19:41:15 CET [2023/04/09 13:41:15 ET]
Table '3575124071 1' 3-max Seat #1 is the button
Seat 1: vov4iK24 (460 in chips) 
Seat 2: simba1802 (490 in chips) 
Seat 3: Mahu2021 (550 in chips) 
simba1802: posts small blind 10
Mahu2021: posts big blind 20
*** HOLE CARDS ***
Dealt to Mahu2021 [4c Kh]
vov4iK24: folds 
simba1802: calls 10
Mahu2021: checks 
*** FLOP *** [Jh 3d Ts]
simba1802: checks 
Mahu2021: checks 
*** TURN *** [Jh 3d Ts] [Ac]
simba1802: checks 
Mahu2021: checks 
*** RIVER *** [Jh 3d Ts Ac] [5h]
simba1802: checks 
Mahu2021: checks 
*** SHOW DOWN ***
simba1802: shows [7s 5c] (a pair of Fives)
Mahu2021: mucks hand 
simba1802 collected 40 from pot
*** SUMMARY ***
Total pot 40 | Rake 0 
Board [Jh 3d Ts Ac 5h]
Seat 1: vov4iK24 (button) folded before Flop (didn't bet)
Seat 2: simba1802 (small blind) showed [7s 5c] and won (40) with a pair of Fives
Seat 3: Mahu2021 (big blind) mucked [4c Kh]



PokerStars Hand #242987303186: Tournament #3575124071, $0.92+$0.08 USD Hold'em No Limit - Level I (10/20) - 2023/04/09 19:41:50 CET [2023/04/09 13:41:50 ET]
Table '3575124071 1' 3-max Seat #2 is the button
Seat 1: vov4iK24 (460 in chips) 
Seat 2: simba1802 (510 in chips) 
Seat 3: Mahu2021 (530 in chips) 
Mahu2021: posts small blind 10
vov4iK24: posts big blind 20
*** HOLE CARDS ***
Dealt to Mahu2021 [As Ad]
simba1802: folds 
Mahu2021: raises 510 to 530 and is all-in
vov4iK24: calls 440 and is all-in
Uncalled bet (70) returned to Mahu2021
*** FLOP *** [Ts 9h Jh]
*** TURN *** [Ts 9h Jh] [Kc]
*** RIVER *** [Ts 9h Jh Kc] [Ac]
*** SHOW DOWN ***
Mahu2021: shows [As Ad] (three of a kind, Aces)
vov4iK24: shows [7d 7c] (a pair of Sevens)
Mahu2021 collected 920 from pot
vov4iK24 finished the tournament in 3rd place
*** SUMMARY ***
Total pot 920 | Rake 0 
Board [Ts 9h Jh Kc Ac]
Seat 1: vov4iK24 (big blind) showed [7d 7c] and lost with a pair of Sevens
Seat 2: simba1802 (button) folded before Flop (didn't bet)
Seat 3: Mahu2021 (small blind) showed [As Ad] and won (920) with three of a kind, Aces



PokerStars Hand #242987310432: Tournament #3575124071, $0.92+$0.08 USD Hold'em No Limit - Level I (10/20) - 2023/04/09 19:42:08 CET [2023/04/09 13:42:08 ET]
Table '3575124071 1' 3-max Seat #3 is the button
Seat 2: simba1802 (510 in chips) 
Seat 3: Mahu2021 (990 in chips) 
Mahu2021: posts small blind 10
simba1802: posts big blind 20
*** HOLE CARDS ***
Dealt to Mahu2021 [9h 5h]
Mahu2021: calls 10
simba1802: checks 
*** FLOP *** [As 4c Qc]
simba1802: checks 
Mahu2021: bets 20
simba1802: folds 
Uncalled bet (20) returned to Mahu2021
Mahu2021 collected 40 from pot
Mahu2021: doesn't show hand 
*** SUMMARY ***
Total pot 40 | Rake 0 
Board [As 4c Qc]
Seat 2: simba1802 (big blind) folded on the Flop
Seat 3: Mahu2021 (button) (small blind) collected (40)



PokerStars Hand #242987317457: Tournament #3575124071, $0.92+$0.08 USD Hold'em No Limit - Level I (10/20) - 2023/04/09 19:42:25 CET [2023/04/09 13:42:25 ET]
Table '3575124071 1' 3-max Seat #2 is the button
Seat 2: simba1802 (490 in chips) 
Seat 3: Mahu2021 (1010 in chips) 
simba1802: posts small blind 10
Mahu2021: posts big blind 20
*** HOLE CARDS ***
Dealt to Mahu2021 [4h 8d]
simba1802: raises 470 to 490 and is all-in
Mahu2021: folds 
Uncalled bet (470) returned to simba1802
simba1802 collected 40 from pot
simba1802: doesn't show hand 
*** SUMMARY ***
Total pot 40 | Rake 0 
Seat 2: simba1802 (button) (small blind) collected (40)
Seat 3: Mahu2021 (big blind) folded before Flop



PokerStars Hand #242987322034: Tournament #3575124071, $0.92+$0.08 USD Hold'em No Limit - Level II (15/30) - 2023/04/09 19:42:36 CET [2023/04/09 13:42:36 ET]
Table '3575124071 1' 3-max Seat #3 is the button
Seat 2: simba1802 (510 in chips) 
Seat 3: Mahu2021 (990 in chips) 
Mahu2021: posts small blind 15
simba1802: posts big blind 30
*** HOLE CARDS ***
Dealt to Mahu2021 [2s Jh]
Mahu2021: calls 15
simba1802: checks 
*** FLOP *** [3h 2c 6c]
simba1802: bets 60
Mahu2021: folds 
Uncalled bet (60) returned to simba1802
simba1802 collected 60 from pot
simba1802: doesn't show hand 
*** SUMMARY ***
Total pot 60 | Rake 0 
Board [3h 2c 6c]
Seat 2: simba1802 (big blind) collected (60)
Seat 3: Mahu2021 (button) (small blind) folded on the Flop



PokerStars Hand #242987326685: Tournament #3575124071, $0.92+$0.08 USD Hold'em No Limit - Level II (15/30) - 2023/04/09 19:42:48 CET [2023/04/09 13:42:48 ET]
Table '3575124071 1' 3-max Seat #2 is the button
Seat 2: simba1802 (540 in chips) 
Seat 3: Mahu2021 (960 in chips) 
simba1802: posts small blind 15
Mahu2021: posts big blind 30
*** HOLE CARDS ***
Dealt to Mahu2021 [9h 2s]
simba1802: calls 15
Mahu2021: checks 
*** FLOP *** [5d 2h Qs]
Mahu2021: checks 
simba1802: bets 30
Mahu2021: calls 30
*** TURN *** [5d 2h Qs] [Qd]
Mahu2021: checks 
simba1802: bets 60
Mahu2021: calls 60
*** RIVER *** [5d 2h Qs Qd] [6h]
Mahu2021: checks 
simba1802: checks 
*** SHOW DOWN ***
Mahu2021: shows [9h 2s] (two pair, Queens and Deuces)
simba1802: shows [5s 8s] (two pair, Queens and Fives)
simba1802 collected 240 from pot
*** SUMMARY ***
Total pot 240 | Rake 0 
Board [5d 2h Qs Qd 6h]
Seat 2: simba1802 (button) (small blind) showed [5s 8s] and won (240) with two pair, Queens and Fives
Seat 3: Mahu2021 (big blind) showed [9h 2s] and lost with two pair, Queens and Deuces



PokerStars Hand #242987333991: Tournament #3575124071, $0.92+$0.08 USD Hold'em No Limit - Level II (15/30) - 2023/04/09 19:43:06 CET [2023/04/09 13:43:06 ET]
Table '3575124071 1' 3-max Seat #3 is the button
Seat 2: simba1802 (660 in chips) 
Seat 3: Mahu2021 (840 in chips) 
Mahu2021: posts small blind 15
simba1802: posts big blind 30
*** HOLE CARDS ***
Dealt to Mahu2021 [Jc Qc]
Mahu2021: raises 30 to 60
simba1802: calls 30
*** FLOP *** [7d 9h Kc]
simba1802: checks 
Mahu2021: bets 60
simba1802: folds 
Uncalled bet (60) returned to Mahu2021
Mahu2021 collected 120 from pot
Mahu2021: doesn't show hand 
*** SUMMARY ***
Total pot 120 | Rake 0 
Board [7d 9h Kc]
Seat 2: simba1802 (big blind) folded on the Flop
Seat 3: Mahu2021 (button) (small blind) collected (120)



PokerStars Hand #242987340602: Tournament #3575124071, $0.92+$0.08 USD Hold'em No Limit - Level II (15/30) - 2023/04/09 19:43:22 CET [2023/04/09 13:43:22 ET]
Table '3575124071 1' 3-max Seat #2 is the button
Seat 2: simba1802 (600 in chips) 
Seat 3: Mahu2021 (900 in chips) 
simba1802: posts small blind 15
Mahu2021: posts big blind 30
*** HOLE CARDS ***
Dealt to Mahu2021 [4s 5h]
simba1802: raises 60 to 90
Mahu2021: calls 60
*** FLOP *** [3d Jc 8d]
Mahu2021: checks 
simba1802: checks 
*** TURN *** [3d Jc 8d] [Kc]
Mahu2021: checks 
simba1802: bets 60
Mahu2021: folds 
Uncalled bet (60) returned to simba1802
simba1802 collected 180 from pot
simba1802: doesn't show hand 
*** SUMMARY ***
Total pot 180 | Rake 0 
Board [3d Jc 8d Kc]
Seat 2: simba1802 (button) (small blind) collected (180)
Seat 3: Mahu2021 (big blind) folded on the Turn



PokerStars Hand #242987346836: Tournament #3575124071, $0.92+$0.08 USD Hold'em No Limit - Level II (15/30) - 2023/04/09 19:43:37 CET [2023/04/09 13:43:37 ET]
Table '3575124071 1' 3-max Seat #3 is the button
Seat 2: simba1802 (690 in chips) 
Seat 3: Mahu2021 (810 in chips) 
Mahu2021: posts small blind 15
simba1802: posts big blind 30
*** HOLE CARDS ***
Dealt to Mahu2021 [4s 6s]
Mahu2021: calls 15
simba1802: raises 90 to 120
Mahu2021: calls 90
*** FLOP *** [8h Kh Ad]
simba1802: bets 60
Mahu2021: folds 
Uncalled bet (60) returned to simba1802
simba1802 collected 240 from pot
simba1802: doesn't show hand 
*** SUMMARY ***
Total pot 240 | Rake 0 
Board [8h Kh Ad]
Seat 2: simba1802 (big blind) collected (240)
Seat 3: Mahu2021 (button) (small blind) folded on the Flop



PokerStars Hand #242987351434: Tournament #3575124071, $0.92+$0.08 USD Hold'em No Limit - Level II (15/30) - 2023/04/09 19:43:49 CET [2023/04/09 13:43:49 ET]
Table '3575124071 1' 3-max Seat #2 is the button
Seat 2: simba1802 (810 in chips) 
Seat 3: Mahu2021 (690 in chips) 
simba1802: posts small blind 15
Mahu2021: posts big blind 30
*** HOLE CARDS ***
Dealt to Mahu2021 [Js Qh]
simba1802: calls 15
Mahu2021: checks 
*** FLOP *** [9c 9h Ts]
Mahu2021: bets 60
simba1802: folds 
Uncalled bet (60) returned to Mahu2021
Mahu2021 collected 60 from pot
Mahu2021: doesn't show hand 
*** SUMMARY ***
Total pot 60 | Rake 0 
Board [9c 9h Ts]
Seat 2: simba1802 (button) (small blind) folded on the Flop
Seat 3: Mahu2021 (big blind) collected (60)



PokerStars Hand #242987355775: Tournament #3575124071, $0.92+$0.08 USD Hold'em No Limit - Level II (15/30) - 2023/04/09 19:44:00 CET [2023/04/09 13:44:00 ET]
Table '3575124071 1' 3-max Seat #3 is the button
Seat 2: simba1802 (780 in chips) 
Seat 3: Mahu2021 (720 in chips) 
Mahu2021: posts small blind 15
simba1802: posts big blind 30
*** HOLE CARDS ***
Dealt to Mahu2021 [Kc Jd]
Mahu2021: raises 30 to 60
simba1802: calls 30
*** FLOP *** [Ad 7s Kd]
simba1802: checks 
Mahu2021: checks 
*** TURN *** [Ad 7s Kd] [2s]
simba1802: checks 
Mahu2021: checks 
*** RIVER *** [Ad 7s Kd 2s] [5d]
simba1802: bets 30
Mahu2021: calls 30
*** SHOW DOWN ***
simba1802: shows [7h 9s] (a pair of Sevens)
Mahu2021: shows [Kc Jd] (a pair of Kings)
Mahu2021 collected 180 from pot
*** SUMMARY ***
Total pot 180 | Rake 0 
Board [Ad 7s Kd 2s 5d]
Seat 2: simba1802 (big blind) showed [7h 9s] and lost with a pair of Sevens
Seat 3: Mahu2021 (button) (small blind) showed [Kc Jd] and won (180) with a pair of Kings



PokerStars Hand #242987363391: Tournament #3575124071, $0.92+$0.08 USD Hold'em No Limit - Level II (15/30) - 2023/04/09 19:44:19 CET [2023/04/09 13:44:19 ET]
Table '3575124071 1' 3-max Seat #2 is the button
Seat 2: simba1802 (690 in chips) 
Seat 3: Mahu2021 (810 in chips) 
simba1802: posts small blind 15
Mahu2021: posts big blind 30
*** HOLE CARDS ***
Dealt to Mahu2021 [4c 5s]
simba1802: raises 660 to 690 and is all-in
Mahu2021: folds 
Uncalled bet (660) returned to simba1802
simba1802 collected 60 from pot
simba1802: doesn't show hand 
*** SUMMARY ***
Total pot 60 | Rake 0 
Seat 2: simba1802 (button) (small blind) collected (60)
Seat 3: Mahu2021 (big blind) folded before Flop



PokerStars Hand #242987365927: Tournament #3575124071, $0.92+$0.08 USD Hold'em No Limit - Level II (15/30) - 2023/04/09 19:44:25 CET [2023/04/09 13:44:25 ET]
Table '3575124071 1' 3-max Seat #3 is the button
Seat 2: simba1802 (720 in chips) 
Seat 3: Mahu2021 (780 in chips) 
Mahu2021: posts small blind 15
simba1802: posts big blind 30
*** HOLE CARDS ***
Dealt to Mahu2021 [5h Ac]
Mahu2021: calls 15
simba1802: checks 
*** FLOP *** [9s 2s Js]
simba1802: checks 
Mahu2021: bets 30
simba1802: calls 30
*** TURN *** [9s 2s Js] [Tc]
simba1802: checks 
Mahu2021: checks 
*** RIVER *** [9s 2s Js Tc] [9d]
simba1802: bets 30
Mahu2021: folds 
Uncalled bet (30) returned to simba1802
simba1802 collected 120 from pot
simba1802: doesn't show hand 
*** SUMMARY ***
Total pot 120 | Rake 0 
Board [9s 2s Js Tc 9d]
Seat 2: simba1802 (big blind) collected (120)
Seat 3: Mahu2021 (button) (small blind) folded on the River



PokerStars Hand #242987374630: Tournament #3575124071, $0.92+$0.08 USD Hold'em No Limit - Level III (20/40) - 2023/04/09 19:44:47 CET [2023/04/09 13:44:47 ET]
Table '3575124071 1' 3-max Seat #2 is the button
Seat 2: simba1802 (780 in chips) 
Seat 3: Mahu2021 (720 in chips) 
simba1802: posts small blind 20
Mahu2021: posts big blind 40
*** HOLE CARDS ***
Dealt to Mahu2021 [5d Qh]
simba1802: calls 20
Mahu2021: checks 
*** FLOP *** [9s 7d 4d]
Mahu2021: checks 
simba1802: bets 40
Mahu2021: calls 40
*** TURN *** [9s 7d 4d] [5s]
Mahu2021: checks 
simba1802: checks 
*** RIVER *** [9s 7d 4d 5s] [7c]
Mahu2021: bets 80
simba1802: calls 80
*** SHOW DOWN ***
Mahu2021: shows [5d Qh] (two pair, Sevens and Fives)
simba1802: mucks hand 
Mahu2021 collected 320 from pot
*** SUMMARY ***
Total pot 320 | Rake 0 
Board [9s 7d 4d 5s 7c]
Seat 2: simba1802 (button) (small blind) mucked [4c 8h]
Seat 3: Mahu2021 (big blind) showed [5d Qh] and won (320) with two pair, Sevens and Fives



PokerStars Hand #242987383021: Tournament #3575124071, $0.92+$0.08 USD Hold'em No Limit - Level III (20/40) - 2023/04/09 19:45:08 CET [2023/04/09 13:45:08 ET]
Table '3575124071 1' 3-max Seat #3 is the button
Seat 2: simba1802 (620 in chips) 
Seat 3: Mahu2021 (880 in chips) 
Mahu2021: posts small blind 20
simba1802: posts big blind 40
*** HOLE CARDS ***
Dealt to Mahu2021 [3h Kd]
Mahu2021: calls 20
simba1802: checks 
*** FLOP *** [4s 5h Jh]
simba1802: checks 
Mahu2021: checks 
*** TURN *** [4s 5h Jh] [Jc]
simba1802: bets 80
Mahu2021: folds 
Uncalled bet (80) returned to simba1802
simba1802 collected 80 from pot
simba1802: doesn't show hand 
*** SUMMARY ***
Total pot 80 | Rake 0 
Board [4s 5h Jh Jc]
Seat 2: simba1802 (big blind) collected (80)
Seat 3: Mahu2021 (button) (small blind) folded on the Turn



PokerStars Hand #242987388278: Tournament #3575124071, $0.92+$0.08 USD Hold'em No Limit - Level III (20/40) - 2023/04/09 19:45:21 CET [2023/04/09 13:45:21 ET]
Table '3575124071 1' 3-max Seat #2 is the button
Seat 2: simba1802 (660 in chips) 
Seat 3: Mahu2021 (840 in chips) 
simba1802: posts small blind 20
Mahu2021: posts big blind 40
*** HOLE CARDS ***
Dealt to Mahu2021 [4s 2s]
simba1802: folds 
Uncalled bet (20) returned to Mahu2021
Mahu2021 collected 40 from pot
Mahu2021: doesn't show hand 
*** SUMMARY ***
Total pot 40 | Rake 0 
Seat 2: simba1802 (button) (small blind) folded before Flop
Seat 3: Mahu2021 (big blind) collected (40)



PokerStars Hand #242987391349: Tournament #3575124071, $0.92+$0.08 USD Hold'em No Limit - Level III (20/40) - 2023/04/09 19:45:29 CET [2023/04/09 13:45:29 ET]
Table '3575124071 1' 3-max Seat #3 is the button
Seat 2: simba1802 (640 in chips) 
Seat 3: Mahu2021 (860 in chips) 
Mahu2021: posts small blind 20
simba1802: posts big blind 40
*** HOLE CARDS ***
Dealt to Mahu2021 [2s Js]
Mahu2021: calls 20
simba1802: raises 80 to 120
Mahu2021: calls 80
*** FLOP *** [Jc 6s 5d]
simba1802: bets 520 and is all-in
Mahu2021: calls 520
*** TURN *** [Jc 6s 5d] [7c]
*** RIVER *** [Jc 6s 5d 7c] [Jh]
*** SHOW DOWN ***
simba1802: shows [Qc Qs] (two pair, Queens and Jacks)
Mahu2021: shows [2s Js] (three of a kind, Jacks)
Mahu2021 collected 1280 from pot
simba1802 finished the tournament in 2nd place
Mahu2021 wins the tournament and receives $2.00 - congratulations!
*** SUMMARY ***
Total pot 1280 | Rake 0 
Board [Jc 6s 5d 7c Jh]
Seat 2: simba1802 (big blind) showed [Qc Qs] and lost with two pair, Queens and Jacks
Seat 3: Mahu2021 (button) (small blind) showed [2s Js] and won (1280) with three of a kind, Jacks



