PokerStars Hand #254103290508: Tournament #3840041260, $1.84+$0.16 USD Hold'em No Limit - Level I (10/20) - 2024/12/30 12:31:23 CET [2024/12/30 6:31:23 ET]
Table '3840041260 1' 3-max Seat #1 is the button
Seat 1: ludokoek (500 in chips) 
Seat 2: Mahu2021 (500 in chips) 
Seat 3: nanque (500 in chips) 
Mahu2021: posts small blind 10
nanque: posts big blind 20
*** HOLE CARDS ***
Dealt to Mahu2021 [Th Ac]
ludokoek: folds 
Mahu2021: raises 40 to 60
nanque: calls 40
*** FLOP *** [5d Kd 3d]
Mahu2021: checks 
nanque: checks 
*** TURN *** [5d Kd 3d] [Qd]
Mahu2021: checks 
nanque: checks 
*** RIVER *** [5d Kd 3d Qd] [5s]
Mahu2021: checks 
nanque: checks 
*** SHOW DOWN ***
Mahu2021: shows [Th Ac] (a pair of Fives)
nanque: mucks hand 
Mahu2021 collected 120 from pot
*** SUMMARY ***
Total pot 120 | Rake 0 
Board [5d Kd 3d Qd 5s]
Seat 1: ludokoek (button) folded before Flop (didn't bet)
Seat 2: Mahu2021 (small blind) showed [Th Ac] and won (120) with a pair of Fives
Seat 3: nanque (big blind) mucked [8h Ts]



PokerStars Hand #254103293979: Tournament #3840041260, $1.84+$0.16 USD Hold'em No Limit - Level I (10/20) - 2024/12/30 12:31:50 CET [2024/12/30 6:31:50 ET]
Table '3840041260 1' 3-max Seat #2 is the button
Seat 1: ludokoek (500 in chips) 
Seat 2: Mahu2021 (560 in chips) 
Seat 3: nanque (440 in chips) 
nanque: posts small blind 10
ludokoek: posts big blind 20
*** HOLE CARDS ***
Dealt to Mahu2021 [2s Ah]
Mahu2021: folds 
nanque: folds 
Uncalled bet (10) returned to ludokoek
ludokoek collected 20 from pot
*** SUMMARY ***
Total pot 20 | Rake 0 
Seat 1: ludokoek (big blind) collected (20)
Seat 2: Mahu2021 (button) folded before Flop (didn't bet)
Seat 3: nanque (small blind) folded before Flop



PokerStars Hand #254103296668: Tournament #3840041260, $1.84+$0.16 USD Hold'em No Limit - Level I (10/20) - 2024/12/30 12:32:11 CET [2024/12/30 6:32:11 ET]
Table '3840041260 1' 3-max Seat #3 is the button
Seat 1: ludokoek (510 in chips) 
Seat 2: Mahu2021 (560 in chips) 
Seat 3: nanque (430 in chips) 
ludokoek: posts small blind 10
Mahu2021: posts big blind 20
*** HOLE CARDS ***
Dealt to Mahu2021 [2s Tc]
nanque has timed out
nanque: folds 
nanque is sitting out
ludokoek: folds 
Uncalled bet (10) returned to Mahu2021
Mahu2021 collected 20 from pot
Mahu2021: doesn't show hand 
*** SUMMARY ***
Total pot 20 | Rake 0 
Seat 1: ludokoek (small blind) folded before Flop
Seat 2: Mahu2021 (big blind) collected (20)
Seat 3: nanque (button) folded before Flop (didn't bet)



PokerStars Hand #254103298618: Tournament #3840041260, $1.84+$0.16 USD Hold'em No Limit - Level I (10/20) - 2024/12/30 12:32:27 CET [2024/12/30 6:32:27 ET]
Table '3840041260 1' 3-max Seat #1 is the button
Seat 1: ludokoek (500 in chips) 
Seat 2: Mahu2021 (570 in chips) 
Seat 3: nanque (430 in chips) is sitting out
Mahu2021: posts small blind 10
nanque: posts big blind 20
*** HOLE CARDS ***
Dealt to Mahu2021 [3d 7c]
ludokoek: folds 
Mahu2021: raises 20 to 40
nanque: folds 
Uncalled bet (20) returned to Mahu2021
Mahu2021 collected 40 from pot
Mahu2021: doesn't show hand 
*** SUMMARY ***
Total pot 40 | Rake 0 
Seat 1: ludokoek (button) folded before Flop (didn't bet)
Seat 2: Mahu2021 (small blind) collected (40)
Seat 3: nanque (big blind) folded before Flop



PokerStars Hand #254103300387: Tournament #3840041260, $1.84+$0.16 USD Hold'em No Limit - Level I (10/20) - 2024/12/30 12:32:40 CET [2024/12/30 6:32:40 ET]
Table '3840041260 1' 3-max Seat #2 is the button
Seat 1: ludokoek (500 in chips) 
Seat 2: Mahu2021 (590 in chips) 
Seat 3: nanque (410 in chips) is sitting out
nanque: posts small blind 10
ludokoek: posts big blind 20
*** HOLE CARDS ***
Dealt to Mahu2021 [2c 9s]
nanque has returned
Mahu2021: folds 
nanque: raises 20 to 40
ludokoek: folds 
Uncalled bet (20) returned to nanque
nanque collected 40 from pot
nanque: doesn't show hand 
*** SUMMARY ***
Total pot 40 | Rake 0 
Seat 1: ludokoek (big blind) folded before Flop
Seat 2: Mahu2021 (button) folded before Flop (didn't bet)
Seat 3: nanque (small blind) collected (40)



PokerStars Hand #254103301405: Tournament #3840041260, $1.84+$0.16 USD Hold'em No Limit - Level I (10/20) - 2024/12/30 12:32:48 CET [2024/12/30 6:32:48 ET]
Table '3840041260 1' 3-max Seat #3 is the button
Seat 1: ludokoek (480 in chips) 
Seat 2: Mahu2021 (590 in chips) 
Seat 3: nanque (430 in chips) 
ludokoek: posts small blind 10
Mahu2021: posts big blind 20
*** HOLE CARDS ***
Dealt to Mahu2021 [3d 2c]
nanque: raises 410 to 430 and is all-in
ludokoek: folds 
Mahu2021: folds 
Uncalled bet (410) returned to nanque
nanque collected 50 from pot
nanque: doesn't show hand 
*** SUMMARY ***
Total pot 50 | Rake 0 
Seat 1: ludokoek (small blind) folded before Flop
Seat 2: Mahu2021 (big blind) folded before Flop
Seat 3: nanque (button) collected (50)



PokerStars Hand #254103302422: Tournament #3840041260, $1.84+$0.16 USD Hold'em No Limit - Level I (10/20) - 2024/12/30 12:32:56 CET [2024/12/30 6:32:56 ET]
Table '3840041260 1' 3-max Seat #1 is the button
Seat 1: ludokoek (470 in chips) 
Seat 2: Mahu2021 (570 in chips) 
Seat 3: nanque (460 in chips) 
Mahu2021: posts small blind 10
nanque: posts big blind 20
*** HOLE CARDS ***
Dealt to Mahu2021 [3s 8d]
ludokoek: folds 
Mahu2021: folds 
Uncalled bet (10) returned to nanque
nanque collected 20 from pot
nanque: doesn't show hand 
*** SUMMARY ***
Total pot 20 | Rake 0 
Seat 1: ludokoek (button) folded before Flop (didn't bet)
Seat 2: Mahu2021 (small blind) folded before Flop
Seat 3: nanque (big blind) collected (20)



PokerStars Hand #254103303169: Tournament #3840041260, $1.84+$0.16 USD Hold'em No Limit - Level I (10/20) - 2024/12/30 12:33:01 CET [2024/12/30 6:33:01 ET]
Table '3840041260 1' 3-max Seat #2 is the button
Seat 1: ludokoek (470 in chips) 
Seat 2: Mahu2021 (560 in chips) 
Seat 3: nanque (470 in chips) 
nanque: posts small blind 10
ludokoek: posts big blind 20
*** HOLE CARDS ***
Dealt to Mahu2021 [6h 9s]
Mahu2021: folds 
nanque: folds 
Uncalled bet (10) returned to ludokoek
ludokoek collected 20 from pot
*** SUMMARY ***
Total pot 20 | Rake 0 
Seat 1: ludokoek (big blind) collected (20)
Seat 2: Mahu2021 (button) folded before Flop (didn't bet)
Seat 3: nanque (small blind) folded before Flop



PokerStars Hand #254103304368: Tournament #3840041260, $1.84+$0.16 USD Hold'em No Limit - Level I (10/20) - 2024/12/30 12:33:10 CET [2024/12/30 6:33:10 ET]
Table '3840041260 1' 3-max Seat #3 is the button
Seat 1: ludokoek (480 in chips) 
Seat 2: Mahu2021 (560 in chips) 
Seat 3: nanque (460 in chips) 
ludokoek: posts small blind 10
Mahu2021: posts big blind 20
*** HOLE CARDS ***
Dealt to Mahu2021 [Jd Qd]
nanque: folds 
ludokoek: folds 
Uncalled bet (10) returned to Mahu2021
Mahu2021 collected 20 from pot
Mahu2021: doesn't show hand 
*** SUMMARY ***
Total pot 20 | Rake 0 
Seat 1: ludokoek (small blind) folded before Flop
Seat 2: Mahu2021 (big blind) collected (20)
Seat 3: nanque (button) folded before Flop (didn't bet)



PokerStars Hand #254103306792: Tournament #3840041260, $1.84+$0.16 USD Hold'em No Limit - Level II (15/30) - 2024/12/30 12:33:29 CET [2024/12/30 6:33:29 ET]
Table '3840041260 1' 3-max Seat #1 is the button
Seat 1: ludokoek (470 in chips) 
Seat 2: Mahu2021 (570 in chips) 
Seat 3: nanque (460 in chips) 
Mahu2021: posts small blind 15
nanque: posts big blind 30
*** HOLE CARDS ***
Dealt to Mahu2021 [7d Kc]
ludokoek: folds 
Mahu2021: raises 30 to 60
nanque: raises 400 to 460 and is all-in
Mahu2021: folds 
Uncalled bet (400) returned to nanque
nanque collected 120 from pot
nanque: doesn't show hand 
*** SUMMARY ***
Total pot 120 | Rake 0 
Seat 1: ludokoek (button) folded before Flop (didn't bet)
Seat 2: Mahu2021 (small blind) folded before Flop
Seat 3: nanque (big blind) collected (120)



PokerStars Hand #254103308800: Tournament #3840041260, $1.84+$0.16 USD Hold'em No Limit - Level II (15/30) - 2024/12/30 12:33:44 CET [2024/12/30 6:33:44 ET]
Table '3840041260 1' 3-max Seat #2 is the button
Seat 1: ludokoek (470 in chips) 
Seat 2: Mahu2021 (510 in chips) 
Seat 3: nanque (520 in chips) 
nanque: posts small blind 15
ludokoek: posts big blind 30
*** HOLE CARDS ***
Dealt to Mahu2021 [Qc Ks]
Mahu2021: raises 30 to 60
nanque: folds 
ludokoek: calls 30
*** FLOP *** [6h 4d Jh]
ludokoek: checks 
Mahu2021: checks 
*** TURN *** [6h 4d Jh] [9c]
ludokoek: checks 
Mahu2021: bets 60
ludokoek: folds 
Uncalled bet (60) returned to Mahu2021
Mahu2021 collected 135 from pot
Mahu2021: doesn't show hand 
*** SUMMARY ***
Total pot 135 | Rake 0 
Board [6h 4d Jh 9c]
Seat 1: ludokoek (big blind) folded on the Turn
Seat 2: Mahu2021 (button) collected (135)
Seat 3: nanque (small blind) folded before Flop



PokerStars Hand #254103311792: Tournament #3840041260, $1.84+$0.16 USD Hold'em No Limit - Level II (15/30) - 2024/12/30 12:34:06 CET [2024/12/30 6:34:06 ET]
Table '3840041260 1' 3-max Seat #3 is the button
Seat 1: ludokoek (410 in chips) 
Seat 2: Mahu2021 (585 in chips) 
Seat 3: nanque (505 in chips) 
ludokoek: posts small blind 15
Mahu2021: posts big blind 30
*** HOLE CARDS ***
Dealt to Mahu2021 [6h Qh]
nanque: raises 30 to 60
ludokoek: folds 
Mahu2021: calls 30
*** FLOP *** [Jc 4c 8c]
Mahu2021: checks 
nanque: bets 68
Mahu2021: folds 
Uncalled bet (68) returned to nanque
nanque collected 135 from pot
nanque: doesn't show hand 
*** SUMMARY ***
Total pot 135 | Rake 0 
Board [Jc 4c 8c]
Seat 1: ludokoek (small blind) folded before Flop
Seat 2: Mahu2021 (big blind) folded on the Flop
Seat 3: nanque (button) collected (135)



PokerStars Hand #254103315071: Tournament #3840041260, $1.84+$0.16 USD Hold'em No Limit - Level II (15/30) - 2024/12/30 12:34:31 CET [2024/12/30 6:34:31 ET]
Table '3840041260 1' 3-max Seat #1 is the button
Seat 1: ludokoek (395 in chips) 
Seat 2: Mahu2021 (525 in chips) 
Seat 3: nanque (580 in chips) 
Mahu2021: posts small blind 15
nanque: posts big blind 30
*** HOLE CARDS ***
Dealt to Mahu2021 [9d 4d]
ludokoek: folds 
Mahu2021: folds 
Uncalled bet (15) returned to nanque
nanque collected 30 from pot
nanque: doesn't show hand 
*** SUMMARY ***
Total pot 30 | Rake 0 
Seat 1: ludokoek (button) folded before Flop (didn't bet)
Seat 2: Mahu2021 (small blind) folded before Flop
Seat 3: nanque (big blind) collected (30)



PokerStars Hand #254103315735: Tournament #3840041260, $1.84+$0.16 USD Hold'em No Limit - Level II (15/30) - 2024/12/30 12:34:36 CET [2024/12/30 6:34:36 ET]
Table '3840041260 1' 3-max Seat #2 is the button
Seat 1: ludokoek (395 in chips) 
Seat 2: Mahu2021 (510 in chips) 
Seat 3: nanque (595 in chips) 
nanque: posts small blind 15
ludokoek: posts big blind 30
*** HOLE CARDS ***
Dealt to Mahu2021 [Jh Kd]
Mahu2021: raises 30 to 60
nanque: calls 45
ludokoek: folds 
*** FLOP *** [Jd Ts 4c]
nanque: bets 30
Mahu2021: calls 30
*** TURN *** [Jd Ts 4c] [8c]
nanque: bets 105
Mahu2021: calls 105
*** RIVER *** [Jd Ts 4c 8c] [5h]
nanque: bets 400 and is all-in
Mahu2021: calls 315 and is all-in
Uncalled bet (85) returned to nanque
*** SHOW DOWN ***
nanque: shows [9c 7c] (a straight, Seven to Jack)
Mahu2021: shows [Jh Kd] (a pair of Jacks)
nanque collected 1050 from pot
Mahu2021 finished the tournament in 3rd place
*** SUMMARY ***
Total pot 1050 | Rake 0 
Board [Jd Ts 4c 8c 5h]
Seat 1: ludokoek (big blind) folded before Flop
Seat 2: Mahu2021 (button) showed [Jh Kd] and lost with a pair of Jacks
Seat 3: nanque (small blind) showed [9c 7c] and won (1050) with a straight, Seven to Jack



