PokerStars Hand #242994870692: Tournament #3575267487, $0.92+$0.08 USD Hold'em No Limit - Level I (10/20) - 2023/04/10 0:44:13 CET [2023/04/09 18:44:13 ET]
Table '3575267487 1' 3-max Seat #1 is the button
Seat 1: gorgori180 (500 in chips) 
Seat 2: Backfrom76 (500 in chips) 
Seat 3: Mahu2021 (500 in chips) 
Backfrom76: posts small blind 10
Mahu2021: posts big blind 20
*** HOLE CARDS ***
Dealt to Mahu2021 [3d 4s]
gorgori180: raises 480 to 500 and is all-in
Backfrom76: folds 
Mahu2021: folds 
Uncalled bet (480) returned to gorgori180
gorgori180 collected 50 from pot
*** SUMMARY ***
Total pot 50 | Rake 0 
Seat 1: gorgori180 (button) collected (50)
Seat 2: Backfrom76 (small blind) folded before Flop
Seat 3: Mahu2021 (big blind) folded before Flop



PokerStars Hand #242994873250: Tournament #3575267487, $0.92+$0.08 USD Hold'em No Limit - Level I (10/20) - 2023/04/10 0:44:20 CET [2023/04/09 18:44:20 ET]
Table '3575267487 1' 3-max Seat #2 is the button
Seat 1: gorgori180 (530 in chips) 
Seat 2: Backfrom76 (490 in chips) 
Seat 3: Mahu2021 (480 in chips) 
Mahu2021: posts small blind 10
gorgori180: posts big blind 20
*** HOLE CARDS ***
Dealt to Mahu2021 [4s 3c]
Backfrom76: folds 
Mahu2021: calls 10
gorgori180: checks 
*** FLOP *** [2c 9s 7s]
Mahu2021: checks 
gorgori180: bets 510 and is all-in
Mahu2021: folds 
Uncalled bet (510) returned to gorgori180
gorgori180 collected 40 from pot
*** SUMMARY ***
Total pot 40 | Rake 0 
Board [2c 9s 7s]
Seat 1: gorgori180 (big blind) collected (40)
Seat 2: Backfrom76 (button) folded before Flop (didn't bet)
Seat 3: Mahu2021 (small blind) folded on the Flop



PokerStars Hand #242994878308: Tournament #3575267487, $0.92+$0.08 USD Hold'em No Limit - Level I (10/20) - 2023/04/10 0:44:35 CET [2023/04/09 18:44:35 ET]
Table '3575267487 1' 3-max Seat #3 is the button
Seat 1: gorgori180 (550 in chips) 
Seat 2: Backfrom76 (490 in chips) 
Seat 3: Mahu2021 (460 in chips) 
gorgori180: posts small blind 10
Backfrom76: posts big blind 20
*** HOLE CARDS ***
Dealt to Mahu2021 [3h Qd]
Mahu2021: folds 
gorgori180: calls 10
Backfrom76: checks 
*** FLOP *** [Ac 9h 8c]
gorgori180: checks 
Backfrom76: bets 40
gorgori180: calls 40
*** TURN *** [Ac 9h 8c] [8d]
gorgori180: checks 
Backfrom76: bets 60
gorgori180: calls 60
*** RIVER *** [Ac 9h 8c 8d] [7h]
gorgori180: checks 
Backfrom76: bets 60
gorgori180: calls 60
*** SHOW DOWN ***
Backfrom76: shows [Qh 8h] (three of a kind, Eights)
gorgori180: mucks hand 
Backfrom76 collected 360 from pot
*** SUMMARY ***
Total pot 360 | Rake 0 
Board [Ac 9h 8c 8d 7h]
Seat 1: gorgori180 (small blind) mucked [7d 6h]
Seat 2: Backfrom76 (big blind) showed [Qh 8h] and won (360) with three of a kind, Eights
Seat 3: Mahu2021 (button) folded before Flop (didn't bet)



PokerStars Hand #242994891327: Tournament #3575267487, $0.92+$0.08 USD Hold'em No Limit - Level I (10/20) - 2023/04/10 0:45:14 CET [2023/04/09 18:45:14 ET]
Table '3575267487 1' 3-max Seat #1 is the button
Seat 1: gorgori180 (370 in chips) 
Seat 2: Backfrom76 (670 in chips) 
Seat 3: Mahu2021 (460 in chips) 
Backfrom76: posts small blind 10
Mahu2021: posts big blind 20
*** HOLE CARDS ***
Dealt to Mahu2021 [Ts 5h]
gorgori180: raises 50 to 70
Backfrom76: calls 60
Mahu2021: folds 
*** FLOP *** [3h Ad 2d]
Backfrom76: bets 20
gorgori180: calls 20
*** TURN *** [3h Ad 2d] [4d]
Backfrom76: bets 20
gorgori180: raises 260 to 280 and is all-in
Backfrom76: folds 
Uncalled bet (260) returned to gorgori180
gorgori180 collected 240 from pot
*** SUMMARY ***
Total pot 240 | Rake 0 
Board [3h Ad 2d 4d]
Seat 1: gorgori180 (button) collected (240)
Seat 2: Backfrom76 (small blind) folded on the Turn
Seat 3: Mahu2021 (big blind) folded before Flop



PokerStars Hand #242994904113: Tournament #3575267487, $0.92+$0.08 USD Hold'em No Limit - Level I (10/20) - 2023/04/10 0:45:52 CET [2023/04/09 18:45:52 ET]
Table '3575267487 1' 3-max Seat #2 is the button
Seat 1: gorgori180 (500 in chips) 
Seat 2: Backfrom76 (560 in chips) 
Seat 3: Mahu2021 (440 in chips) 
Mahu2021: posts small blind 10
gorgori180: posts big blind 20
*** HOLE CARDS ***
Dealt to Mahu2021 [5s 9d]
Backfrom76: folds 
Mahu2021: folds 
Uncalled bet (10) returned to gorgori180
gorgori180 collected 20 from pot
*** SUMMARY ***
Total pot 20 | Rake 0 
Seat 1: gorgori180 (big blind) collected (20)
Seat 2: Backfrom76 (button) folded before Flop (didn't bet)
Seat 3: Mahu2021 (small blind) folded before Flop



PokerStars Hand #242994906015: Tournament #3575267487, $0.92+$0.08 USD Hold'em No Limit - Level I (10/20) - 2023/04/10 0:45:57 CET [2023/04/09 18:45:57 ET]
Table '3575267487 1' 3-max Seat #3 is the button
Seat 1: gorgori180 (510 in chips) 
Seat 2: Backfrom76 (560 in chips) 
Seat 3: Mahu2021 (430 in chips) 
gorgori180: posts small blind 10
Backfrom76: posts big blind 20
*** HOLE CARDS ***
Dealt to Mahu2021 [Tc 5d]
Mahu2021: folds 
gorgori180: raises 20 to 40
Backfrom76: calls 20
*** FLOP *** [Kc As 5s]
gorgori180: checks 
Backfrom76: bets 40
gorgori180: folds 
Uncalled bet (40) returned to Backfrom76
Backfrom76 collected 80 from pot
*** SUMMARY ***
Total pot 80 | Rake 0 
Board [Kc As 5s]
Seat 1: gorgori180 (small blind) folded on the Flop
Seat 2: Backfrom76 (big blind) collected (80)
Seat 3: Mahu2021 (button) folded before Flop (didn't bet)



PokerStars Hand #242994911209: Tournament #3575267487, $0.92+$0.08 USD Hold'em No Limit - Level I (10/20) - 2023/04/10 0:46:13 CET [2023/04/09 18:46:13 ET]
Table '3575267487 1' 3-max Seat #1 is the button
Seat 1: gorgori180 (470 in chips) 
Seat 2: Backfrom76 (600 in chips) 
Seat 3: Mahu2021 (430 in chips) 
Backfrom76: posts small blind 10
Mahu2021: posts big blind 20
*** HOLE CARDS ***
Dealt to Mahu2021 [Qh 4d]
gorgori180: calls 20
Backfrom76: calls 10
Mahu2021: checks 
*** FLOP *** [7h 3c Kh]
Backfrom76: checks 
Mahu2021: checks 
gorgori180: bets 60
Backfrom76: calls 60
Mahu2021: folds 
*** TURN *** [7h 3c Kh] [9c]
Backfrom76: checks 
gorgori180: bets 20
Backfrom76: calls 20
*** RIVER *** [7h 3c Kh 9c] [Tc]
Backfrom76: bets 80
gorgori180: raises 290 to 370 and is all-in
Backfrom76: folds 
Uncalled bet (290) returned to gorgori180
gorgori180 collected 380 from pot
*** SUMMARY ***
Total pot 380 | Rake 0 
Board [7h 3c Kh 9c Tc]
Seat 1: gorgori180 (button) collected (380)
Seat 2: Backfrom76 (small blind) folded on the River
Seat 3: Mahu2021 (big blind) folded on the Flop



PokerStars Hand #242994925940: Tournament #3575267487, $0.92+$0.08 USD Hold'em No Limit - Level II (15/30) - 2023/04/10 0:46:55 CET [2023/04/09 18:46:55 ET]
Table '3575267487 1' 3-max Seat #2 is the button
Seat 1: gorgori180 (670 in chips) 
Seat 2: Backfrom76 (420 in chips) 
Seat 3: Mahu2021 (410 in chips) 
Mahu2021: posts small blind 15
gorgori180: posts big blind 30
*** HOLE CARDS ***
Dealt to Mahu2021 [2d 2h]
Backfrom76: calls 30
Mahu2021: calls 15
gorgori180: checks 
*** FLOP *** [Th 5s 8s]
Mahu2021: checks 
gorgori180: checks 
Backfrom76: checks 
*** TURN *** [Th 5s 8s] [Qc]
Mahu2021: checks 
gorgori180: checks 
Backfrom76: checks 
*** RIVER *** [Th 5s 8s Qc] [3h]
Mahu2021: checks 
gorgori180: checks 
Backfrom76: checks 
*** SHOW DOWN ***
Mahu2021: shows [2d 2h] (a pair of Deuces)
gorgori180: mucks hand 
Backfrom76: mucks hand 
Mahu2021 collected 90 from pot
*** SUMMARY ***
Total pot 90 | Rake 0 
Board [Th 5s 8s Qc 3h]
Seat 1: gorgori180 (big blind) mucked [6d Jd]
Seat 2: Backfrom76 (button) mucked [9c Ad]
Seat 3: Mahu2021 (small blind) showed [2d 2h] and won (90) with a pair of Deuces



PokerStars Hand #242994933719: Tournament #3575267487, $0.92+$0.08 USD Hold'em No Limit - Level II (15/30) - 2023/04/10 0:47:18 CET [2023/04/09 18:47:18 ET]
Table '3575267487 1' 3-max Seat #3 is the button
Seat 1: gorgori180 (640 in chips) 
Seat 2: Backfrom76 (390 in chips) 
Seat 3: Mahu2021 (470 in chips) 
gorgori180: posts small blind 15
Backfrom76: posts big blind 30
*** HOLE CARDS ***
Dealt to Mahu2021 [5d Ac]
Mahu2021: folds 
gorgori180: folds 
Uncalled bet (15) returned to Backfrom76
Backfrom76 collected 30 from pot
*** SUMMARY ***
Total pot 30 | Rake 0 
Seat 1: gorgori180 (small blind) folded before Flop
Seat 2: Backfrom76 (big blind) collected (30)
Seat 3: Mahu2021 (button) folded before Flop (didn't bet)



PokerStars Hand #242994935894: Tournament #3575267487, $0.92+$0.08 USD Hold'em No Limit - Level II (15/30) - 2023/04/10 0:47:25 CET [2023/04/09 18:47:25 ET]
Table '3575267487 1' 3-max Seat #1 is the button
Seat 1: gorgori180 (625 in chips) 
Seat 2: Backfrom76 (405 in chips) 
Seat 3: Mahu2021 (470 in chips) 
Backfrom76: posts small blind 15
Mahu2021: posts big blind 30
*** HOLE CARDS ***
Dealt to Mahu2021 [5c 5s]
gorgori180: folds 
Backfrom76: raises 30 to 60
Mahu2021: raises 410 to 470 and is all-in
Backfrom76: calls 345 and is all-in
Uncalled bet (65) returned to Mahu2021
*** FLOP *** [8c 2c Th]
*** TURN *** [8c 2c Th] [9d]
*** RIVER *** [8c 2c Th 9d] [Kc]
*** SHOW DOWN ***
Backfrom76: shows [9s Js] (a pair of Nines)
Mahu2021: shows [5c 5s] (a pair of Fives)
Backfrom76 collected 810 from pot
*** SUMMARY ***
Total pot 810 | Rake 0 
Board [8c 2c Th 9d Kc]
Seat 1: gorgori180 (button) folded before Flop (didn't bet)
Seat 2: Backfrom76 (small blind) showed [9s Js] and won (810) with a pair of Nines
Seat 3: Mahu2021 (big blind) showed [5c 5s] and lost with a pair of Fives



PokerStars Hand #242994943299: Tournament #3575267487, $0.92+$0.08 USD Hold'em No Limit - Level II (15/30) - 2023/04/10 0:47:47 CET [2023/04/09 18:47:47 ET]
Table '3575267487 1' 3-max Seat #2 is the button
Seat 1: gorgori180 (625 in chips) 
Seat 2: Backfrom76 (810 in chips) 
Seat 3: Mahu2021 (65 in chips) 
Mahu2021: posts small blind 15
gorgori180: posts big blind 30
*** HOLE CARDS ***
Dealt to Mahu2021 [Ks Kc]
Backfrom76: calls 30
Mahu2021: raises 35 to 65 and is all-in
gorgori180: calls 35
Backfrom76: calls 35
*** FLOP *** [Ad 3d 2h]
gorgori180: checks 
Backfrom76: checks 
*** TURN *** [Ad 3d 2h] [5h]
gorgori180: bets 195
Backfrom76: folds 
Uncalled bet (195) returned to gorgori180
*** RIVER *** [Ad 3d 2h 5h] [Ts]
*** SHOW DOWN ***
Mahu2021: shows [Ks Kc] (a pair of Kings)
gorgori180: shows [9h 9c] (a pair of Nines)
Mahu2021 collected 195 from pot
*** SUMMARY ***
Total pot 195 | Rake 0 
Board [Ad 3d 2h 5h Ts]
Seat 1: gorgori180 (big blind) showed [9h 9c] and lost with a pair of Nines
Seat 2: Backfrom76 (button) folded on the Turn
Seat 3: Mahu2021 (small blind) showed [Ks Kc] and won (195) with a pair of Kings



PokerStars Hand #242994953780: Tournament #3575267487, $0.92+$0.08 USD Hold'em No Limit - Level III (20/40) - 2023/04/10 0:48:18 CET [2023/04/09 18:48:18 ET]
Table '3575267487 1' 3-max Seat #3 is the button
Seat 1: gorgori180 (560 in chips) 
Seat 2: Backfrom76 (745 in chips) 
Seat 3: Mahu2021 (195 in chips) 
gorgori180: posts small blind 20
Backfrom76: posts big blind 40
*** HOLE CARDS ***
Dealt to Mahu2021 [4c 2d]
Mahu2021: folds 
gorgori180: folds 
Uncalled bet (20) returned to Backfrom76
Backfrom76 collected 40 from pot
*** SUMMARY ***
Total pot 40 | Rake 0 
Seat 1: gorgori180 (small blind) folded before Flop
Seat 2: Backfrom76 (big blind) collected (40)
Seat 3: Mahu2021 (button) folded before Flop (didn't bet)



PokerStars Hand #242994955456: Tournament #3575267487, $0.92+$0.08 USD Hold'em No Limit - Level III (20/40) - 2023/04/10 0:48:23 CET [2023/04/09 18:48:23 ET]
Table '3575267487 1' 3-max Seat #1 is the button
Seat 1: gorgori180 (540 in chips) 
Seat 2: Backfrom76 (765 in chips) 
Seat 3: Mahu2021 (195 in chips) 
Backfrom76: posts small blind 20
Mahu2021: posts big blind 40
*** HOLE CARDS ***
Dealt to Mahu2021 [5h 2h]
gorgori180: raises 500 to 540 and is all-in
Backfrom76: folds 
Mahu2021: folds 
Uncalled bet (500) returned to gorgori180
gorgori180 collected 100 from pot
*** SUMMARY ***
Total pot 100 | Rake 0 
Seat 1: gorgori180 (button) collected (100)
Seat 2: Backfrom76 (small blind) folded before Flop
Seat 3: Mahu2021 (big blind) folded before Flop



PokerStars Hand #242994958001: Tournament #3575267487, $0.92+$0.08 USD Hold'em No Limit - Level III (20/40) - 2023/04/10 0:48:31 CET [2023/04/09 18:48:31 ET]
Table '3575267487 1' 3-max Seat #2 is the button
Seat 1: gorgori180 (600 in chips) 
Seat 2: Backfrom76 (745 in chips) 
Seat 3: Mahu2021 (155 in chips) 
Mahu2021: posts small blind 20
gorgori180: posts big blind 40
*** HOLE CARDS ***
Dealt to Mahu2021 [3h 6c]
Backfrom76: folds 
Mahu2021: folds 
Uncalled bet (20) returned to gorgori180
gorgori180 collected 40 from pot
*** SUMMARY ***
Total pot 40 | Rake 0 
Seat 1: gorgori180 (big blind) collected (40)
Seat 2: Backfrom76 (button) folded before Flop (didn't bet)
Seat 3: Mahu2021 (small blind) folded before Flop



PokerStars Hand #242994959931: Tournament #3575267487, $0.92+$0.08 USD Hold'em No Limit - Level III (20/40) - 2023/04/10 0:48:36 CET [2023/04/09 18:48:36 ET]
Table '3575267487 1' 3-max Seat #3 is the button
Seat 1: gorgori180 (620 in chips) 
Seat 2: Backfrom76 (745 in chips) 
Seat 3: Mahu2021 (135 in chips) 
gorgori180: posts small blind 20
Backfrom76: posts big blind 40
*** HOLE CARDS ***
Dealt to Mahu2021 [3d 4d]
Mahu2021: folds 
gorgori180: raises 580 to 620 and is all-in
Backfrom76: folds 
Uncalled bet (580) returned to gorgori180
gorgori180 collected 80 from pot
*** SUMMARY ***
Total pot 80 | Rake 0 
Seat 1: gorgori180 (small blind) collected (80)
Seat 2: Backfrom76 (big blind) folded before Flop
Seat 3: Mahu2021 (button) folded before Flop (didn't bet)



PokerStars Hand #242994962483: Tournament #3575267487, $0.92+$0.08 USD Hold'em No Limit - Level III (20/40) - 2023/04/10 0:48:44 CET [2023/04/09 18:48:44 ET]
Table '3575267487 1' 3-max Seat #1 is the button
Seat 1: gorgori180 (660 in chips) 
Seat 2: Backfrom76 (705 in chips) 
Seat 3: Mahu2021 (135 in chips) 
Backfrom76: posts small blind 20
Mahu2021: posts big blind 40
*** HOLE CARDS ***
Dealt to Mahu2021 [Td 7h]
gorgori180: folds 
Backfrom76: calls 20
Mahu2021: checks 
*** FLOP *** [7d Qh 8h]
Backfrom76: bets 80
Mahu2021: raises 15 to 95 and is all-in
Backfrom76: calls 15
*** TURN *** [7d Qh 8h] [Kh]
*** RIVER *** [7d Qh 8h Kh] [Kc]
*** SHOW DOWN ***
Backfrom76: shows [Ac Tc] (a pair of Kings)
Mahu2021: shows [Td 7h] (two pair, Kings and Sevens)
Mahu2021 collected 270 from pot
*** SUMMARY ***
Total pot 270 | Rake 0 
Board [7d Qh 8h Kh Kc]
Seat 1: gorgori180 (button) folded before Flop (didn't bet)
Seat 2: Backfrom76 (small blind) showed [Ac Tc] and lost with a pair of Kings
Seat 3: Mahu2021 (big blind) showed [Td 7h] and won (270) with two pair, Kings and Sevens



PokerStars Hand #242994969250: Tournament #3575267487, $0.92+$0.08 USD Hold'em No Limit - Level III (20/40) - 2023/04/10 0:49:04 CET [2023/04/09 18:49:04 ET]
Table '3575267487 1' 3-max Seat #2 is the button
Seat 1: gorgori180 (660 in chips) 
Seat 2: Backfrom76 (570 in chips) 
Seat 3: Mahu2021 (270 in chips) 
Mahu2021: posts small blind 20
gorgori180: posts big blind 40
*** HOLE CARDS ***
Dealt to Mahu2021 [8s 9d]
Backfrom76: folds 
Mahu2021: raises 230 to 270 and is all-in
gorgori180: calls 230
*** FLOP *** [Kd 9s Ah]
*** TURN *** [Kd 9s Ah] [Qs]
*** RIVER *** [Kd 9s Ah Qs] [Ks]
*** SHOW DOWN ***
Mahu2021: shows [8s 9d] (two pair, Kings and Nines)
gorgori180: shows [7h 7c] (two pair, Kings and Sevens)
Mahu2021 collected 540 from pot
*** SUMMARY ***
Total pot 540 | Rake 0 
Board [Kd 9s Ah Qs Ks]
Seat 1: gorgori180 (big blind) showed [7h 7c] and lost with two pair, Kings and Sevens
Seat 2: Backfrom76 (button) folded before Flop (didn't bet)
Seat 3: Mahu2021 (small blind) showed [8s 9d] and won (540) with two pair, Kings and Nines



PokerStars Hand #242994974766: Tournament #3575267487, $0.92+$0.08 USD Hold'em No Limit - Level III (20/40) - 2023/04/10 0:49:21 CET [2023/04/09 18:49:21 ET]
Table '3575267487 1' 3-max Seat #3 is the button
Seat 1: gorgori180 (390 in chips) 
Seat 2: Backfrom76 (570 in chips) 
Seat 3: Mahu2021 (540 in chips) 
gorgori180: posts small blind 20
Backfrom76: posts big blind 40
*** HOLE CARDS ***
Dealt to Mahu2021 [As Ah]
Mahu2021: raises 500 to 540 and is all-in
gorgori180: calls 370 and is all-in
Backfrom76: calls 500
*** FLOP *** [6s 9h 6h]
*** TURN *** [6s 9h 6h] [Jc]
*** RIVER *** [6s 9h 6h Jc] [9c]
*** SHOW DOWN ***
Backfrom76: shows [Qc Qd] (two pair, Queens and Nines)
Mahu2021: shows [As Ah] (two pair, Aces and Nines)
Mahu2021 collected 300 from side pot
gorgori180: shows [Jh Ac] (two pair, Jacks and Nines)
Mahu2021 collected 1170 from main pot
gorgori180 finished the tournament in 3rd place
*** SUMMARY ***
Total pot 1470 Main pot 1170. Side pot 300. | Rake 0 
Board [6s 9h 6h Jc 9c]
Seat 1: gorgori180 (small blind) showed [Jh Ac] and lost with two pair, Jacks and Nines
Seat 2: Backfrom76 (big blind) showed [Qc Qd] and lost with two pair, Queens and Nines
Seat 3: Mahu2021 (button) showed [As Ah] and won (1470) with two pair, Aces and Nines



PokerStars Hand #242994981013: Tournament #3575267487, $0.92+$0.08 USD Hold'em No Limit - Level III (20/40) - 2023/04/10 0:49:39 CET [2023/04/09 18:49:39 ET]
Table '3575267487 1' 3-max Seat #2 is the button
Seat 2: Backfrom76 (30 in chips) 
Seat 3: Mahu2021 (1470 in chips) 
Backfrom76: posts small blind 20
Mahu2021: posts big blind 40
*** HOLE CARDS ***
Dealt to Mahu2021 [6s 8d]
Backfrom76: calls 10 and is all-in
Uncalled bet (10) returned to Mahu2021
*** FLOP *** [7s Js 3s]
*** TURN *** [7s Js 3s] [Qd]
*** RIVER *** [7s Js 3s Qd] [7h]
*** SHOW DOWN ***
Mahu2021: shows [6s 8d] (a pair of Sevens)
Backfrom76: shows [9s Jc] (two pair, Jacks and Sevens)
Backfrom76 collected 60 from pot
*** SUMMARY ***
Total pot 60 | Rake 0 
Board [7s Js 3s Qd 7h]
Seat 2: Backfrom76 (button) (small blind) showed [9s Jc] and won (60) with two pair, Jacks and Sevens
Seat 3: Mahu2021 (big blind) showed [6s 8d] and lost with a pair of Sevens



PokerStars Hand #242994984971: Tournament #3575267487, $0.92+$0.08 USD Hold'em No Limit - Level III (20/40) - 2023/04/10 0:49:51 CET [2023/04/09 18:49:51 ET]
Table '3575267487 1' 3-max Seat #3 is the button
Seat 2: Backfrom76 (60 in chips) 
Seat 3: Mahu2021 (1440 in chips) 
Mahu2021: posts small blind 20
Backfrom76: posts big blind 40
*** HOLE CARDS ***
Dealt to Mahu2021 [9s Tc]
Mahu2021: calls 20
Backfrom76: raises 20 to 60 and is all-in
Mahu2021: calls 20
*** FLOP *** [Ad 2s 8c]
*** TURN *** [Ad 2s 8c] [6h]
*** RIVER *** [Ad 2s 8c 6h] [5s]
*** SHOW DOWN ***
Backfrom76: shows [4h Jh] (high card Ace)
Mahu2021: shows [9s Tc] (high card Ace - lower kicker)
Backfrom76 collected 120 from pot
*** SUMMARY ***
Total pot 120 | Rake 0 
Board [Ad 2s 8c 6h 5s]
Seat 2: Backfrom76 (big blind) showed [4h Jh] and won (120) with high card Ace
Seat 3: Mahu2021 (button) (small blind) showed [9s Tc] and lost with high card Ace



PokerStars Hand #242994989309: Tournament #3575267487, $0.92+$0.08 USD Hold'em No Limit - Level III (20/40) - 2023/04/10 0:50:04 CET [2023/04/09 18:50:04 ET]
Table '3575267487 1' 3-max Seat #2 is the button
Seat 2: Backfrom76 (120 in chips) 
Seat 3: Mahu2021 (1380 in chips) 
Backfrom76: posts small blind 20
Mahu2021: posts big blind 40
*** HOLE CARDS ***
Dealt to Mahu2021 [2h 3h]
Backfrom76: raises 40 to 80
Mahu2021: calls 40
*** FLOP *** [Jh 4h 4s]
Mahu2021: checks 
Backfrom76: bets 40 and is all-in
Mahu2021: calls 40
*** TURN *** [Jh 4h 4s] [2d]
*** RIVER *** [Jh 4h 4s 2d] [8c]
*** SHOW DOWN ***
Mahu2021: shows [2h 3h] (two pair, Fours and Deuces)
Backfrom76: shows [8s As] (two pair, Eights and Fours)
Backfrom76 collected 240 from pot
*** SUMMARY ***
Total pot 240 | Rake 0 
Board [Jh 4h 4s 2d 8c]
Seat 2: Backfrom76 (button) (small blind) showed [8s As] and won (240) with two pair, Eights and Fours
Seat 3: Mahu2021 (big blind) showed [2h 3h] and lost with two pair, Fours and Deuces



PokerStars Hand #242994996191: Tournament #3575267487, $0.92+$0.08 USD Hold'em No Limit - Level IV (30/60) - 2023/04/10 0:50:26 CET [2023/04/09 18:50:26 ET]
Table '3575267487 1' 3-max Seat #3 is the button
Seat 2: Backfrom76 (240 in chips) 
Seat 3: Mahu2021 (1260 in chips) 
Mahu2021: posts small blind 30
Backfrom76: posts big blind 60
*** HOLE CARDS ***
Dealt to Mahu2021 [8s Jh]
Mahu2021: raises 1200 to 1260 and is all-in
Backfrom76: folds 
Uncalled bet (1200) returned to Mahu2021
Mahu2021 collected 120 from pot
Mahu2021: doesn't show hand 
*** SUMMARY ***
Total pot 120 | Rake 0 
Seat 2: Backfrom76 (big blind) folded before Flop
Seat 3: Mahu2021 (button) (small blind) collected (120)



PokerStars Hand #242994998975: Tournament #3575267487, $0.92+$0.08 USD Hold'em No Limit - Level IV (30/60) - 2023/04/10 0:50:34 CET [2023/04/09 18:50:34 ET]
Table '3575267487 1' 3-max Seat #2 is the button
Seat 2: Backfrom76 (180 in chips) 
Seat 3: Mahu2021 (1320 in chips) 
Backfrom76: posts small blind 30
Mahu2021: posts big blind 60
*** HOLE CARDS ***
Dealt to Mahu2021 [3s 7h]
Backfrom76: raises 120 to 180 and is all-in
Mahu2021: folds 
Uncalled bet (120) returned to Backfrom76
Backfrom76 collected 120 from pot
*** SUMMARY ***
Total pot 120 | Rake 0 
Seat 2: Backfrom76 (button) (small blind) collected (120)
Seat 3: Mahu2021 (big blind) folded before Flop



PokerStars Hand #242995001705: Tournament #3575267487, $0.92+$0.08 USD Hold'em No Limit - Level IV (30/60) - 2023/04/10 0:50:42 CET [2023/04/09 18:50:42 ET]
Table '3575267487 1' 3-max Seat #3 is the button
Seat 2: Backfrom76 (240 in chips) 
Seat 3: Mahu2021 (1260 in chips) 
Mahu2021: posts small blind 30
Backfrom76: posts big blind 60
*** HOLE CARDS ***
Dealt to Mahu2021 [Kh 2h]
Mahu2021: raises 1200 to 1260 and is all-in
Backfrom76: calls 180 and is all-in
Uncalled bet (1020) returned to Mahu2021
*** FLOP *** [6c 5h Qc]
*** TURN *** [6c 5h Qc] [Js]
*** RIVER *** [6c 5h Qc Js] [4c]
*** SHOW DOWN ***
Backfrom76: shows [Qh 9h] (a pair of Queens)
Mahu2021: shows [Kh 2h] (high card King)
Backfrom76 collected 480 from pot
*** SUMMARY ***
Total pot 480 | Rake 0 
Board [6c 5h Qc Js 4c]
Seat 2: Backfrom76 (big blind) showed [Qh 9h] and won (480) with a pair of Queens
Seat 3: Mahu2021 (button) (small blind) showed [Kh 2h] and lost with high card King



PokerStars Hand #242995006058: Tournament #3575267487, $0.92+$0.08 USD Hold'em No Limit - Level IV (30/60) - 2023/04/10 0:50:55 CET [2023/04/09 18:50:55 ET]
Table '3575267487 1' 3-max Seat #2 is the button
Seat 2: Backfrom76 (480 in chips) 
Seat 3: Mahu2021 (1020 in chips) 
Backfrom76: posts small blind 30
Mahu2021: posts big blind 60
*** HOLE CARDS ***
Dealt to Mahu2021 [9c 7c]
Backfrom76: raises 420 to 480 and is all-in
Mahu2021: folds 
Uncalled bet (420) returned to Backfrom76
Backfrom76 collected 120 from pot
*** SUMMARY ***
Total pot 120 | Rake 0 
Seat 2: Backfrom76 (button) (small blind) collected (120)
Seat 3: Mahu2021 (big blind) folded before Flop



PokerStars Hand #242995008656: Tournament #3575267487, $0.92+$0.08 USD Hold'em No Limit - Level IV (30/60) - 2023/04/10 0:51:03 CET [2023/04/09 18:51:03 ET]
Table '3575267487 1' 3-max Seat #3 is the button
Seat 2: Backfrom76 (540 in chips) 
Seat 3: Mahu2021 (960 in chips) 
Mahu2021: posts small blind 30
Backfrom76: posts big blind 60
*** HOLE CARDS ***
Dealt to Mahu2021 [4s 6d]
Mahu2021: folds 
Uncalled bet (30) returned to Backfrom76
Backfrom76 collected 60 from pot
*** SUMMARY ***
Total pot 60 | Rake 0 
Seat 2: Backfrom76 (big blind) collected (60)
Seat 3: Mahu2021 (button) (small blind) folded before Flop



PokerStars Hand #242995010162: Tournament #3575267487, $0.92+$0.08 USD Hold'em No Limit - Level IV (30/60) - 2023/04/10 0:51:08 CET [2023/04/09 18:51:08 ET]
Table '3575267487 1' 3-max Seat #2 is the button
Seat 2: Backfrom76 (570 in chips) 
Seat 3: Mahu2021 (930 in chips) 
Backfrom76: posts small blind 30
Mahu2021: posts big blind 60
*** HOLE CARDS ***
Dealt to Mahu2021 [Js 2h]
Backfrom76: calls 30
Mahu2021: checks 
*** FLOP *** [Ts Ac 8h]
Mahu2021: checks 
Backfrom76: bets 510 and is all-in
Mahu2021: folds 
Uncalled bet (510) returned to Backfrom76
Backfrom76 collected 120 from pot
*** SUMMARY ***
Total pot 120 | Rake 0 
Board [Ts Ac 8h]
Seat 2: Backfrom76 (button) (small blind) collected (120)
Seat 3: Mahu2021 (big blind) folded on the Flop



PokerStars Hand #242995015196: Tournament #3575267487, $0.92+$0.08 USD Hold'em No Limit - Level IV (30/60) - 2023/04/10 0:51:23 CET [2023/04/09 18:51:23 ET]
Table '3575267487 1' 3-max Seat #3 is the button
Seat 2: Backfrom76 (630 in chips) 
Seat 3: Mahu2021 (870 in chips) 
Mahu2021: posts small blind 30
Backfrom76: posts big blind 60
*** HOLE CARDS ***
Dealt to Mahu2021 [Qh Ah]
Mahu2021: calls 30
Backfrom76: checks 
*** FLOP *** [7d 6c 8c]
Backfrom76: checks 
Mahu2021: checks 
*** TURN *** [7d 6c 8c] [Ac]
Backfrom76: bets 60
Mahu2021: raises 750 to 810 and is all-in
Backfrom76: folds 
Uncalled bet (750) returned to Mahu2021
Mahu2021 collected 240 from pot
Mahu2021: doesn't show hand 
*** SUMMARY ***
Total pot 240 | Rake 0 
Board [7d 6c 8c Ac]
Seat 2: Backfrom76 (big blind) folded on the Turn
Seat 3: Mahu2021 (button) (small blind) collected (240)



PokerStars Hand #242995020795: Tournament #3575267487, $0.92+$0.08 USD Hold'em No Limit - Level IV (30/60) - 2023/04/10 0:51:41 CET [2023/04/09 18:51:41 ET]
Table '3575267487 1' 3-max Seat #2 is the button
Seat 2: Backfrom76 (510 in chips) 
Seat 3: Mahu2021 (990 in chips) 
Backfrom76: posts small blind 30
Mahu2021: posts big blind 60
*** HOLE CARDS ***
Dealt to Mahu2021 [7h Qs]
Backfrom76: calls 30
Mahu2021: checks 
*** FLOP *** [8s 2d As]
Mahu2021: checks 
Backfrom76: checks 
*** TURN *** [8s 2d As] [5h]
Mahu2021: checks 
Backfrom76: checks 
*** RIVER *** [8s 2d As 5h] [3h]
Mahu2021: bets 60
Backfrom76: raises 60 to 120
Mahu2021: folds 
Uncalled bet (60) returned to Backfrom76
Backfrom76 collected 240 from pot
*** SUMMARY ***
Total pot 240 | Rake 0 
Board [8s 2d As 5h 3h]
Seat 2: Backfrom76 (button) (small blind) collected (240)
Seat 3: Mahu2021 (big blind) folded on the River



PokerStars Hand #242995026797: Tournament #3575267487, $0.92+$0.08 USD Hold'em No Limit - Level IV (30/60) - 2023/04/10 0:51:59 CET [2023/04/09 18:51:59 ET]
Table '3575267487 1' 3-max Seat #3 is the button
Seat 2: Backfrom76 (630 in chips) 
Seat 3: Mahu2021 (870 in chips) 
Mahu2021: posts small blind 30
Backfrom76: posts big blind 60
*** HOLE CARDS ***
Dealt to Mahu2021 [6h Tc]
Mahu2021: folds 
Uncalled bet (30) returned to Backfrom76
Backfrom76 collected 60 from pot
*** SUMMARY ***
Total pot 60 | Rake 0 
Seat 2: Backfrom76 (big blind) collected (60)
Seat 3: Mahu2021 (button) (small blind) folded before Flop



PokerStars Hand #242995028226: Tournament #3575267487, $0.92+$0.08 USD Hold'em No Limit - Level IV (30/60) - 2023/04/10 0:52:04 CET [2023/04/09 18:52:04 ET]
Table '3575267487 1' 3-max Seat #2 is the button
Seat 2: Backfrom76 (660 in chips) 
Seat 3: Mahu2021 (840 in chips) 
Backfrom76: posts small blind 30
Mahu2021: posts big blind 60
*** HOLE CARDS ***
Dealt to Mahu2021 [Th Qs]
Backfrom76: calls 30
Mahu2021: checks 
*** FLOP *** [4d 5c 8d]
Mahu2021: checks 
Backfrom76: bets 120
Mahu2021: folds 
Uncalled bet (120) returned to Backfrom76
Backfrom76 collected 120 from pot
*** SUMMARY ***
Total pot 120 | Rake 0 
Board [4d 5c 8d]
Seat 2: Backfrom76 (button) (small blind) collected (120)
Seat 3: Mahu2021 (big blind) folded on the Flop



PokerStars Hand #242995033615: Tournament #3575267487, $0.92+$0.08 USD Hold'em No Limit - Level V (40/80) - 2023/04/10 0:52:20 CET [2023/04/09 18:52:20 ET]
Table '3575267487 1' 3-max Seat #3 is the button
Seat 2: Backfrom76 (720 in chips) 
Seat 3: Mahu2021 (780 in chips) 
Mahu2021: posts small blind 40
Backfrom76: posts big blind 80
*** HOLE CARDS ***
Dealt to Mahu2021 [4h 7d]
Mahu2021: folds 
Uncalled bet (40) returned to Backfrom76
Backfrom76 collected 80 from pot
*** SUMMARY ***
Total pot 80 | Rake 0 
Seat 2: Backfrom76 (big blind) collected (80)
Seat 3: Mahu2021 (button) (small blind) folded before Flop



PokerStars Hand #242995035016: Tournament #3575267487, $0.92+$0.08 USD Hold'em No Limit - Level V (40/80) - 2023/04/10 0:52:25 CET [2023/04/09 18:52:25 ET]
Table '3575267487 1' 3-max Seat #2 is the button
Seat 2: Backfrom76 (760 in chips) 
Seat 3: Mahu2021 (740 in chips) 
Backfrom76: posts small blind 40
Mahu2021: posts big blind 80
*** HOLE CARDS ***
Dealt to Mahu2021 [3h Qd]
Backfrom76: folds 
Uncalled bet (40) returned to Mahu2021
Mahu2021 collected 80 from pot
Mahu2021: doesn't show hand 
*** SUMMARY ***
Total pot 80 | Rake 0 
Seat 2: Backfrom76 (button) (small blind) folded before Flop
Seat 3: Mahu2021 (big blind) collected (80)



PokerStars Hand #242995036603: Tournament #3575267487, $0.92+$0.08 USD Hold'em No Limit - Level V (40/80) - 2023/04/10 0:52:30 CET [2023/04/09 18:52:30 ET]
Table '3575267487 1' 3-max Seat #3 is the button
Seat 2: Backfrom76 (720 in chips) 
Seat 3: Mahu2021 (780 in chips) 
Mahu2021: posts small blind 40
Backfrom76: posts big blind 80
*** HOLE CARDS ***
Dealt to Mahu2021 [3h 7s]
Mahu2021: folds 
Uncalled bet (40) returned to Backfrom76
Backfrom76 collected 80 from pot
*** SUMMARY ***
Total pot 80 | Rake 0 
Seat 2: Backfrom76 (big blind) collected (80)
Seat 3: Mahu2021 (button) (small blind) folded before Flop



PokerStars Hand #242995038089: Tournament #3575267487, $0.92+$0.08 USD Hold'em No Limit - Level V (40/80) - 2023/04/10 0:52:34 CET [2023/04/09 18:52:34 ET]
Table '3575267487 1' 3-max Seat #2 is the button
Seat 2: Backfrom76 (760 in chips) 
Seat 3: Mahu2021 (740 in chips) 
Backfrom76: posts small blind 40
Mahu2021: posts big blind 80
*** HOLE CARDS ***
Dealt to Mahu2021 [7c 7h]
Backfrom76: calls 40
Mahu2021: raises 660 to 740 and is all-in
Backfrom76: folds 
Uncalled bet (660) returned to Mahu2021
Mahu2021 collected 160 from pot
Mahu2021: doesn't show hand 
*** SUMMARY ***
Total pot 160 | Rake 0 
Seat 2: Backfrom76 (button) (small blind) folded before Flop
Seat 3: Mahu2021 (big blind) collected (160)



PokerStars Hand #242995040888: Tournament #3575267487, $0.92+$0.08 USD Hold'em No Limit - Level V (40/80) - 2023/04/10 0:52:43 CET [2023/04/09 18:52:43 ET]
Table '3575267487 1' 3-max Seat #3 is the button
Seat 2: Backfrom76 (680 in chips) 
Seat 3: Mahu2021 (820 in chips) 
Mahu2021: posts small blind 40
Backfrom76: posts big blind 80
*** HOLE CARDS ***
Dealt to Mahu2021 [4d As]
Mahu2021: raises 740 to 820 and is all-in
Backfrom76: folds 
Uncalled bet (740) returned to Mahu2021
Mahu2021 collected 160 from pot
Mahu2021: doesn't show hand 
*** SUMMARY ***
Total pot 160 | Rake 0 
Seat 2: Backfrom76 (big blind) folded before Flop
Seat 3: Mahu2021 (button) (small blind) collected (160)



PokerStars Hand #242995043094: Tournament #3575267487, $0.92+$0.08 USD Hold'em No Limit - Level V (40/80) - 2023/04/10 0:52:50 CET [2023/04/09 18:52:50 ET]
Table '3575267487 1' 3-max Seat #2 is the button
Seat 2: Backfrom76 (600 in chips) 
Seat 3: Mahu2021 (900 in chips) 
Backfrom76: posts small blind 40
Mahu2021: posts big blind 80
*** HOLE CARDS ***
Dealt to Mahu2021 [4c 7s]
Backfrom76: folds 
Uncalled bet (40) returned to Mahu2021
Mahu2021 collected 80 from pot
Mahu2021: doesn't show hand 
*** SUMMARY ***
Total pot 80 | Rake 0 
Seat 2: Backfrom76 (button) (small blind) folded before Flop
Seat 3: Mahu2021 (big blind) collected (80)



PokerStars Hand #242995045321: Tournament #3575267487, $0.92+$0.08 USD Hold'em No Limit - Level V (40/80) - 2023/04/10 0:52:56 CET [2023/04/09 18:52:56 ET]
Table '3575267487 1' 3-max Seat #3 is the button
Seat 2: Backfrom76 (560 in chips) 
Seat 3: Mahu2021 (940 in chips) 
Mahu2021: posts small blind 40
Backfrom76: posts big blind 80
*** HOLE CARDS ***
Dealt to Mahu2021 [4c Jd]
Mahu2021: calls 40
Backfrom76: checks 
*** FLOP *** [Kc 7h Qc]
Backfrom76: checks 
Mahu2021: bets 80
Backfrom76: calls 80
*** TURN *** [Kc 7h Qc] [Td]
Backfrom76: checks 
Mahu2021: bets 780 and is all-in
Backfrom76: calls 400 and is all-in
Uncalled bet (380) returned to Mahu2021
*** RIVER *** [Kc 7h Qc Td] [Qd]
*** SHOW DOWN ***
Backfrom76: shows [As Qh] (three of a kind, Queens)
Mahu2021: shows [4c Jd] (a pair of Queens)
Backfrom76 collected 1120 from pot
*** SUMMARY ***
Total pot 1120 | Rake 0 
Board [Kc 7h Qc Td Qd]
Seat 2: Backfrom76 (big blind) showed [As Qh] and won (1120) with three of a kind, Queens
Seat 3: Mahu2021 (button) (small blind) showed [4c Jd] and lost with a pair of Queens



PokerStars Hand #242995055080: Tournament #3575267487, $0.92+$0.08 USD Hold'em No Limit - Level V (40/80) - 2023/04/10 0:53:27 CET [2023/04/09 18:53:27 ET]
Table '3575267487 1' 3-max Seat #2 is the button
Seat 2: Backfrom76 (1120 in chips) 
Seat 3: Mahu2021 (380 in chips) 
Backfrom76: posts small blind 40
Mahu2021: posts big blind 80
*** HOLE CARDS ***
Dealt to Mahu2021 [Qd Td]
Backfrom76: calls 40
Mahu2021: raises 300 to 380 and is all-in
Backfrom76: calls 300
*** FLOP *** [Tc 6c 8d]
*** TURN *** [Tc 6c 8d] [4d]
*** RIVER *** [Tc 6c 8d 4d] [5d]
*** SHOW DOWN ***
Mahu2021: shows [Qd Td] (a flush, Queen high)
Backfrom76: shows [Jd 8h] (a pair of Eights)
Mahu2021 collected 760 from pot
*** SUMMARY ***
Total pot 760 | Rake 0 
Board [Tc 6c 8d 4d 5d]
Seat 2: Backfrom76 (button) (small blind) showed [Jd 8h] and lost with a pair of Eights
Seat 3: Mahu2021 (big blind) showed [Qd Td] and won (760) with a flush, Queen high



PokerStars Hand #242995060499: Tournament #3575267487, $0.92+$0.08 USD Hold'em No Limit - Level V (40/80) - 2023/04/10 0:53:44 CET [2023/04/09 18:53:44 ET]
Table '3575267487 1' 3-max Seat #3 is the button
Seat 2: Backfrom76 (740 in chips) 
Seat 3: Mahu2021 (760 in chips) 
Mahu2021: posts small blind 40
Backfrom76: posts big blind 80
*** HOLE CARDS ***
Dealt to Mahu2021 [Jc 4c]
Mahu2021: calls 40
Backfrom76: checks 
*** FLOP *** [Jd 7h Th]
Backfrom76: bets 660 and is all-in
Mahu2021: calls 660
*** TURN *** [Jd 7h Th] [8c]
*** RIVER *** [Jd 7h Th 8c] [9s]
*** SHOW DOWN ***
Backfrom76: shows [7c Qh] (a straight, Eight to Queen)
Mahu2021: shows [Jc 4c] (a straight, Seven to Jack)
Backfrom76 collected 1480 from pot
*** SUMMARY ***
Total pot 1480 | Rake 0 
Board [Jd 7h Th 8c 9s]
Seat 2: Backfrom76 (big blind) showed [7c Qh] and won (1480) with a straight, Eight to Queen
Seat 3: Mahu2021 (button) (small blind) showed [Jc 4c] and lost with a straight, Seven to Jack



PokerStars Hand #242995066220: Tournament #3575267487, $0.92+$0.08 USD Hold'em No Limit - Level V (40/80) - 2023/04/10 0:54:02 CET [2023/04/09 18:54:02 ET]
Table '3575267487 1' 3-max Seat #2 is the button
Seat 2: Backfrom76 (1480 in chips) 
Seat 3: Mahu2021 (20 in chips) 
Backfrom76: posts small blind 40
Mahu2021: posts big blind 20 and is all-in
*** HOLE CARDS ***
Dealt to Mahu2021 [Kh 7d]
Uncalled bet (20) returned to Backfrom76
*** FLOP *** [9h Qd 8c]
*** TURN *** [9h Qd 8c] [Js]
*** RIVER *** [9h Qd 8c Js] [2d]
*** SHOW DOWN ***
Mahu2021: shows [Kh 7d] (high card King)
Backfrom76: shows [Th 9d] (a straight, Eight to Queen)
Backfrom76 collected 40 from pot
Mahu2021 finished the tournament in 2nd place
Backfrom76 wins the tournament and receives $2.00 - congratulations!
*** SUMMARY ***
Total pot 40 | Rake 0 
Board [9h Qd 8c Js 2d]
Seat 2: Backfrom76 (button) (small blind) showed [Th 9d] and won (40) with a straight, Eight to Queen
Seat 3: Mahu2021 (big blind) showed [Kh 7d] and lost with high card King



