PokerStars Hand #243006039369: Tournament #3575531055, $9.30+$0.70 USD Hold'em No Limit - Level I (10/20) - 2023/04/10 17:36:17 CET [2023/04/10 11:36:17 ET]
Table '3575531055 1' 3-max Seat #1 is the button
Seat 1: Mixbear (500 in chips) 
Seat 2: LittleFortune (500 in chips) 
Seat 3: Mahu2021 (500 in chips) 
LittleFortune: posts small blind 10
Mahu2021: posts big blind 20
*** HOLE CARDS ***
Dealt to Mahu2021 [Qs Js]
Mixbear: raises 20 to 40
LittleFortune: folds 
Mahu2021: calls 20
*** FLOP *** [9c 7h 2s]
Mahu2021: checks 
Mixbear: checks 
*** TURN *** [9c 7h 2s] [4d]
Mahu2021: checks 
Mixbear: checks 
*** RIVER *** [9c 7h 2s 4d] [6h]
Mahu2021: checks 
Mixbear: checks 
*** SHOW DOWN ***
Mahu2021: shows [Qs Js] (high card Queen)
Mixbear: mucks hand 
Mahu2021 collected 90 from pot
*** SUMMARY ***
Total pot 90 | Rake 0 
Board [9c 7h 2s 4d 6h]
Seat 1: Mixbear (button) mucked [Jc Th]
Seat 2: LittleFortune (small blind) folded before Flop
Seat 3: Mahu2021 (big blind) showed [Qs Js] and won (90) with high card Queen



PokerStars Hand #243006048784: Tournament #3575531055, $9.30+$0.70 USD Hold'em No Limit - Level I (10/20) - 2023/04/10 17:36:48 CET [2023/04/10 11:36:48 ET]
Table '3575531055 1' 3-max Seat #2 is the button
Seat 1: Mixbear (460 in chips) 
Seat 2: LittleFortune (490 in chips) 
Seat 3: Mahu2021 (550 in chips) 
Mahu2021: posts small blind 10
Mixbear: posts big blind 20
*** HOLE CARDS ***
Dealt to Mahu2021 [Qs 9d]
LittleFortune: raises 470 to 490 and is all-in
Mahu2021: folds 
Mixbear: folds 
Uncalled bet (470) returned to LittleFortune
LittleFortune collected 50 from pot
LittleFortune: doesn't show hand 
*** SUMMARY ***
Total pot 50 | Rake 0 
Seat 1: Mixbear (big blind) folded before Flop
Seat 2: LittleFortune (button) collected (50)
Seat 3: Mahu2021 (small blind) folded before Flop



PokerStars Hand #243006050872: Tournament #3575531055, $9.30+$0.70 USD Hold'em No Limit - Level I (10/20) - 2023/04/10 17:36:54 CET [2023/04/10 11:36:54 ET]
Table '3575531055 1' 3-max Seat #3 is the button
Seat 1: Mixbear (440 in chips) 
Seat 2: LittleFortune (520 in chips) 
Seat 3: Mahu2021 (540 in chips) 
Mixbear: posts small blind 10
LittleFortune: posts big blind 20
*** HOLE CARDS ***
Dealt to Mahu2021 [6c 3c]
Mahu2021: folds 
Mixbear: folds 
Uncalled bet (10) returned to LittleFortune
LittleFortune collected 20 from pot
LittleFortune: doesn't show hand 
*** SUMMARY ***
Total pot 20 | Rake 0 
Seat 1: Mixbear (small blind) folded before Flop
Seat 2: LittleFortune (big blind) collected (20)
Seat 3: Mahu2021 (button) folded before Flop (didn't bet)



PokerStars Hand #243006053090: Tournament #3575531055, $9.30+$0.70 USD Hold'em No Limit - Level I (10/20) - 2023/04/10 17:37:02 CET [2023/04/10 11:37:02 ET]
Table '3575531055 1' 3-max Seat #1 is the button
Seat 1: Mixbear (430 in chips) 
Seat 2: LittleFortune (530 in chips) 
Seat 3: Mahu2021 (540 in chips) 
LittleFortune: posts small blind 10
Mahu2021: posts big blind 20
*** HOLE CARDS ***
Dealt to Mahu2021 [8h 4c]
Mixbear: folds 
LittleFortune: calls 10
Mahu2021: checks 
*** FLOP *** [Tc 8d Jd]
LittleFortune: bets 20
Mahu2021: calls 20
*** TURN *** [Tc 8d Jd] [3d]
LittleFortune: checks 
Mahu2021: checks 
*** RIVER *** [Tc 8d Jd 3d] [Td]
LittleFortune: checks 
Mahu2021: checks 
*** SHOW DOWN ***
LittleFortune: shows [6d 9c] (a flush, Jack high)
Mahu2021: mucks hand 
LittleFortune collected 80 from pot
*** SUMMARY ***
Total pot 80 | Rake 0 
Board [Tc 8d Jd 3d Td]
Seat 1: Mixbear (button) folded before Flop (didn't bet)
Seat 2: LittleFortune (small blind) showed [6d 9c] and won (80) with a flush, Jack high
Seat 3: Mahu2021 (big blind) mucked [8h 4c]



PokerStars Hand #243006062702: Tournament #3575531055, $9.30+$0.70 USD Hold'em No Limit - Level I (10/20) - 2023/04/10 17:37:34 CET [2023/04/10 11:37:34 ET]
Table '3575531055 1' 3-max Seat #2 is the button
Seat 1: Mixbear (430 in chips) 
Seat 2: LittleFortune (570 in chips) 
Seat 3: Mahu2021 (500 in chips) 
Mahu2021: posts small blind 10
Mixbear: posts big blind 20
*** HOLE CARDS ***
Dealt to Mahu2021 [Ac Qd]
LittleFortune: raises 20 to 40
Mahu2021: calls 30
Mixbear: calls 20
*** FLOP *** [5h Qh 6s]
Mahu2021: bets 120
Mixbear: folds 
LittleFortune: raises 410 to 530 and is all-in
Mahu2021: calls 340 and is all-in
Uncalled bet (70) returned to LittleFortune
*** TURN *** [5h Qh 6s] [2d]
*** RIVER *** [5h Qh 6s 2d] [6h]
*** SHOW DOWN ***
Mahu2021: shows [Ac Qd] (two pair, Queens and Sixes)
LittleFortune: shows [8h Kh] (a flush, King high)
LittleFortune collected 1040 from pot
Mahu2021 finished the tournament in 3rd place
*** SUMMARY ***
Total pot 1040 | Rake 0 
Board [5h Qh 6s 2d 6h]
Seat 1: Mixbear (big blind) folded on the Flop
Seat 2: LittleFortune (button) showed [8h Kh] and won (1040) with a flush, King high
Seat 3: Mahu2021 (small blind) showed [Ac Qd] and lost with two pair, Queens and Sixes



