PokerStars Hand #243030279218: Tournament #3576079999, $0.92+$0.08 USD Hold'em No Limit - Level I (10/20) - 2023/04/11 20:43:53 CET [2023/04/11 14:43:53 ET]
Table '3576079999 1' 3-max Seat #1 is the button
Seat 1: gabirebe1 (500 in chips) 
Seat 2: Mahu2021 (500 in chips) 
Seat 3: KaariKekk (500 in chips) 
Mahu2021: posts small blind 10
KaariKekk: posts big blind 20
*** HOLE CARDS ***
Dealt to Mahu2021 [Jd 7h]
gabirebe1: calls 20
Mahu2021: calls 10
KaariKekk: checks 
*** FLOP *** [4s 8c Ad]
Mahu2021: checks 
KaariKekk: checks 
gabirebe1: checks 
*** TURN *** [4s 8c Ad] [2d]
Mahu2021: checks 
KaariKekk: bets 60
gabirebe1: folds 
Mahu2021: folds 
Uncalled bet (60) returned to KaariKekk
KaariKekk collected 60 from pot
*** SUMMARY ***
Total pot 60 | Rake 0 
Board [4s 8c Ad 2d]
Seat 1: gabirebe1 (button) folded on the Turn
Seat 2: Mahu2021 (small blind) folded on the Turn
Seat 3: KaariKekk (big blind) collected (60)



PokerStars Hand #243030285894: Tournament #3576079999, $0.92+$0.08 USD Hold'em No Limit - Level I (10/20) - 2023/04/11 20:44:11 CET [2023/04/11 14:44:11 ET]
Table '3576079999 1' 3-max Seat #2 is the button
Seat 1: gabirebe1 (480 in chips) 
Seat 2: Mahu2021 (480 in chips) 
Seat 3: KaariKekk (540 in chips) 
KaariKekk: posts small blind 10
gabirebe1: posts big blind 20
*** HOLE CARDS ***
Dealt to Mahu2021 [8d 9c]
Mahu2021: folds 
KaariKekk: calls 10
gabirebe1: checks 
*** FLOP *** [6c Qc 8s]
KaariKekk: checks 
gabirebe1: checks 
*** TURN *** [6c Qc 8s] [Ah]
KaariKekk: checks 
gabirebe1: bets 20
KaariKekk: folds 
Uncalled bet (20) returned to gabirebe1
gabirebe1 collected 40 from pot
*** SUMMARY ***
Total pot 40 | Rake 0 
Board [6c Qc 8s Ah]
Seat 1: gabirebe1 (big blind) collected (40)
Seat 2: Mahu2021 (button) folded before Flop (didn't bet)
Seat 3: KaariKekk (small blind) folded on the Turn



PokerStars Hand #243030294609: Tournament #3576079999, $0.92+$0.08 USD Hold'em No Limit - Level I (10/20) - 2023/04/11 20:44:35 CET [2023/04/11 14:44:35 ET]
Table '3576079999 1' 3-max Seat #3 is the button
Seat 1: gabirebe1 (500 in chips) 
Seat 2: Mahu2021 (480 in chips) 
Seat 3: KaariKekk (520 in chips) 
gabirebe1: posts small blind 10
Mahu2021: posts big blind 20
*** HOLE CARDS ***
Dealt to Mahu2021 [Qc Jh]
KaariKekk: folds 
gabirebe1: calls 10
Mahu2021: checks 
*** FLOP *** [Td As Qs]
gabirebe1: checks 
Mahu2021: bets 40
gabirebe1: folds 
Uncalled bet (40) returned to Mahu2021
Mahu2021 collected 40 from pot
Mahu2021: doesn't show hand 
*** SUMMARY ***
Total pot 40 | Rake 0 
Board [Td As Qs]
Seat 1: gabirebe1 (small blind) folded on the Flop
Seat 2: Mahu2021 (big blind) collected (40)
Seat 3: KaariKekk (button) folded before Flop (didn't bet)



PokerStars Hand #243030301010: Tournament #3576079999, $0.92+$0.08 USD Hold'em No Limit - Level I (10/20) - 2023/04/11 20:44:52 CET [2023/04/11 14:44:52 ET]
Table '3576079999 1' 3-max Seat #1 is the button
Seat 1: gabirebe1 (480 in chips) 
Seat 2: Mahu2021 (500 in chips) 
Seat 3: KaariKekk (520 in chips) 
Mahu2021: posts small blind 10
KaariKekk: posts big blind 20
*** HOLE CARDS ***
Dealt to Mahu2021 [3c 2c]
gabirebe1: calls 20
Mahu2021: calls 10
KaariKekk: checks 
*** FLOP *** [2s Th 8c]
Mahu2021: checks 
KaariKekk: checks 
gabirebe1: checks 
*** TURN *** [2s Th 8c] [5h]
Mahu2021: checks 
KaariKekk: bets 20
gabirebe1: folds 
Mahu2021: calls 20
*** RIVER *** [2s Th 8c 5h] [Kd]
Mahu2021: checks 
KaariKekk: bets 50
Mahu2021: folds 
Uncalled bet (50) returned to KaariKekk
KaariKekk collected 100 from pot
*** SUMMARY ***
Total pot 100 | Rake 0 
Board [2s Th 8c 5h Kd]
Seat 1: gabirebe1 (button) folded on the Turn
Seat 2: Mahu2021 (small blind) folded on the River
Seat 3: KaariKekk (big blind) collected (100)



PokerStars Hand #243030311216: Tournament #3576079999, $0.92+$0.08 USD Hold'em No Limit - Level I (10/20) - 2023/04/11 20:45:19 CET [2023/04/11 14:45:19 ET]
Table '3576079999 1' 3-max Seat #2 is the button
Seat 1: gabirebe1 (460 in chips) 
Seat 2: Mahu2021 (460 in chips) 
Seat 3: KaariKekk (580 in chips) 
KaariKekk: posts small blind 10
gabirebe1: posts big blind 20
*** HOLE CARDS ***
Dealt to Mahu2021 [3d Td]
Mahu2021: folds 
KaariKekk: folds 
Uncalled bet (10) returned to gabirebe1
gabirebe1 collected 20 from pot
*** SUMMARY ***
Total pot 20 | Rake 0 
Seat 1: gabirebe1 (big blind) collected (20)
Seat 2: Mahu2021 (button) folded before Flop (didn't bet)
Seat 3: KaariKekk (small blind) folded before Flop



PokerStars Hand #243030313900: Tournament #3576079999, $0.92+$0.08 USD Hold'em No Limit - Level I (10/20) - 2023/04/11 20:45:27 CET [2023/04/11 14:45:27 ET]
Table '3576079999 1' 3-max Seat #3 is the button
Seat 1: gabirebe1 (470 in chips) 
Seat 2: Mahu2021 (460 in chips) 
Seat 3: KaariKekk (570 in chips) 
gabirebe1: posts small blind 10
Mahu2021: posts big blind 20
*** HOLE CARDS ***
Dealt to Mahu2021 [2h Ah]
KaariKekk: folds 
gabirebe1: calls 10
Mahu2021: checks 
*** FLOP *** [4d 3s 6s]
gabirebe1: bets 20
Mahu2021: calls 20
*** TURN *** [4d 3s 6s] [6c]
gabirebe1: bets 20
Mahu2021: folds 
Uncalled bet (20) returned to gabirebe1
gabirebe1 collected 80 from pot
*** SUMMARY ***
Total pot 80 | Rake 0 
Board [4d 3s 6s 6c]
Seat 1: gabirebe1 (small blind) collected (80)
Seat 2: Mahu2021 (big blind) folded on the Turn
Seat 3: KaariKekk (button) folded before Flop (didn't bet)



PokerStars Hand #243030320417: Tournament #3576079999, $0.92+$0.08 USD Hold'em No Limit - Level I (10/20) - 2023/04/11 20:45:44 CET [2023/04/11 14:45:44 ET]
Table '3576079999 1' 3-max Seat #1 is the button
Seat 1: gabirebe1 (510 in chips) 
Seat 2: Mahu2021 (420 in chips) 
Seat 3: KaariKekk (570 in chips) 
Mahu2021: posts small blind 10
KaariKekk: posts big blind 20
*** HOLE CARDS ***
Dealt to Mahu2021 [4d Jc]
gabirebe1: folds 
Mahu2021: folds 
Uncalled bet (10) returned to KaariKekk
KaariKekk collected 20 from pot
*** SUMMARY ***
Total pot 20 | Rake 0 
Seat 1: gabirebe1 (button) folded before Flop (didn't bet)
Seat 2: Mahu2021 (small blind) folded before Flop
Seat 3: KaariKekk (big blind) collected (20)



PokerStars Hand #243030323935: Tournament #3576079999, $0.92+$0.08 USD Hold'em No Limit - Level I (10/20) - 2023/04/11 20:45:54 CET [2023/04/11 14:45:54 ET]
Table '3576079999 1' 3-max Seat #2 is the button
Seat 1: gabirebe1 (510 in chips) 
Seat 2: Mahu2021 (410 in chips) 
Seat 3: KaariKekk (580 in chips) 
KaariKekk: posts small blind 10
gabirebe1: posts big blind 20
*** HOLE CARDS ***
Dealt to Mahu2021 [7s Ac]
Mahu2021: calls 20
KaariKekk: calls 10
gabirebe1: raises 20 to 40
Mahu2021: calls 20
KaariKekk: calls 20
*** FLOP *** [Qd 7c Ks]
KaariKekk: checks 
gabirebe1: checks 
Mahu2021: checks 
*** TURN *** [Qd 7c Ks] [6s]
KaariKekk: checks 
gabirebe1: checks 
Mahu2021: checks 
*** RIVER *** [Qd 7c Ks 6s] [Qh]
KaariKekk: checks 
gabirebe1: checks 
Mahu2021: checks 
*** SHOW DOWN ***
KaariKekk: shows [8h Jh] (a pair of Queens)
gabirebe1: shows [Ah 5h] (a pair of Queens - Ace kicker)
Mahu2021: shows [7s Ac] (two pair, Queens and Sevens)
Mahu2021 collected 120 from pot
*** SUMMARY ***
Total pot 120 | Rake 0 
Board [Qd 7c Ks 6s Qh]
Seat 1: gabirebe1 (big blind) showed [Ah 5h] and lost with a pair of Queens
Seat 2: Mahu2021 (button) showed [7s Ac] and won (120) with two pair, Queens and Sevens
Seat 3: KaariKekk (small blind) showed [8h Jh] and lost with a pair of Queens



PokerStars Hand #243030336895: Tournament #3576079999, $0.92+$0.08 USD Hold'em No Limit - Level I (10/20) - 2023/04/11 20:46:29 CET [2023/04/11 14:46:29 ET]
Table '3576079999 1' 3-max Seat #3 is the button
Seat 1: gabirebe1 (470 in chips) 
Seat 2: Mahu2021 (490 in chips) 
Seat 3: KaariKekk (540 in chips) 
gabirebe1: posts small blind 10
Mahu2021: posts big blind 20
*** HOLE CARDS ***
Dealt to Mahu2021 [Th As]
KaariKekk: folds 
gabirebe1: calls 10
Mahu2021: raises 40 to 60
gabirebe1: calls 40
*** FLOP *** [7c Tc 6h]
gabirebe1: bets 20
Mahu2021: raises 410 to 430 and is all-in
gabirebe1: folds 
Uncalled bet (410) returned to Mahu2021
Mahu2021 collected 160 from pot
Mahu2021: doesn't show hand 
*** SUMMARY ***
Total pot 160 | Rake 0 
Board [7c Tc 6h]
Seat 1: gabirebe1 (small blind) folded on the Flop
Seat 2: Mahu2021 (big blind) collected (160)
Seat 3: KaariKekk (button) folded before Flop (didn't bet)



PokerStars Hand #243030342983: Tournament #3576079999, $0.92+$0.08 USD Hold'em No Limit - Level I (10/20) - 2023/04/11 20:46:45 CET [2023/04/11 14:46:45 ET]
Table '3576079999 1' 3-max Seat #1 is the button
Seat 1: gabirebe1 (390 in chips) 
Seat 2: Mahu2021 (570 in chips) 
Seat 3: KaariKekk (540 in chips) 
Mahu2021: posts small blind 10
KaariKekk: posts big blind 20
*** HOLE CARDS ***
Dealt to Mahu2021 [3d 8d]
gabirebe1: calls 20
Mahu2021: folds 
KaariKekk: checks 
*** FLOP *** [4c 9s Ts]
KaariKekk: checks 
gabirebe1: bets 20
KaariKekk: calls 20
*** TURN *** [4c 9s Ts] [Jd]
KaariKekk: checks 
gabirebe1: checks 
*** RIVER *** [4c 9s Ts Jd] [Qd]
KaariKekk: bets 45
gabirebe1: calls 45
*** SHOW DOWN ***
KaariKekk: shows [7s Ks] (a straight, Nine to King)
gabirebe1: mucks hand 
KaariKekk collected 180 from pot
*** SUMMARY ***
Total pot 180 | Rake 0 
Board [4c 9s Ts Jd Qd]
Seat 1: gabirebe1 (button) mucked [6s Qs]
Seat 2: Mahu2021 (small blind) folded before Flop
Seat 3: KaariKekk (big blind) showed [7s Ks] and won (180) with a straight, Nine to King



PokerStars Hand #243030353583: Tournament #3576079999, $0.92+$0.08 USD Hold'em No Limit - Level II (15/30) - 2023/04/11 20:47:14 CET [2023/04/11 14:47:14 ET]
Table '3576079999 1' 3-max Seat #2 is the button
Seat 1: gabirebe1 (305 in chips) 
Seat 2: Mahu2021 (560 in chips) 
Seat 3: KaariKekk (635 in chips) 
KaariKekk: posts small blind 15
gabirebe1: posts big blind 30
*** HOLE CARDS ***
Dealt to Mahu2021 [Jh As]
Mahu2021: raises 30 to 60
KaariKekk: folds 
gabirebe1: folds 
Uncalled bet (30) returned to Mahu2021
Mahu2021 collected 75 from pot
Mahu2021: doesn't show hand 
*** SUMMARY ***
Total pot 75 | Rake 0 
Seat 1: gabirebe1 (big blind) folded before Flop
Seat 2: Mahu2021 (button) collected (75)
Seat 3: KaariKekk (small blind) folded before Flop



PokerStars Hand #243030356793: Tournament #3576079999, $0.92+$0.08 USD Hold'em No Limit - Level II (15/30) - 2023/04/11 20:47:23 CET [2023/04/11 14:47:23 ET]
Table '3576079999 1' 3-max Seat #3 is the button
Seat 1: gabirebe1 (275 in chips) 
Seat 2: Mahu2021 (605 in chips) 
Seat 3: KaariKekk (620 in chips) 
gabirebe1: posts small blind 15
Mahu2021: posts big blind 30
*** HOLE CARDS ***
Dealt to Mahu2021 [Ah Tc]
KaariKekk: raises 30 to 60
gabirebe1: folds 
Mahu2021: calls 30
*** FLOP *** [Ad 9h 7c]
Mahu2021: checks 
KaariKekk: checks 
*** TURN *** [Ad 9h 7c] [5c]
Mahu2021: checks 
KaariKekk: checks 
*** RIVER *** [Ad 9h 7c 5c] [8h]
Mahu2021: checks 
KaariKekk: bets 135
Mahu2021: calls 135
*** SHOW DOWN ***
KaariKekk: shows [6c 4c] (a straight, Five to Nine)
Mahu2021: mucks hand 
KaariKekk collected 405 from pot
*** SUMMARY ***
Total pot 405 | Rake 0 
Board [Ad 9h 7c 5c 8h]
Seat 1: gabirebe1 (small blind) folded before Flop
Seat 2: Mahu2021 (big blind) mucked [Ah Tc]
Seat 3: KaariKekk (button) showed [6c 4c] and won (405) with a straight, Five to Nine



PokerStars Hand #243030368086: Tournament #3576079999, $0.92+$0.08 USD Hold'em No Limit - Level II (15/30) - 2023/04/11 20:47:53 CET [2023/04/11 14:47:53 ET]
Table '3576079999 1' 3-max Seat #1 is the button
Seat 1: gabirebe1 (260 in chips) 
Seat 2: Mahu2021 (410 in chips) 
Seat 3: KaariKekk (830 in chips) 
Mahu2021: posts small blind 15
KaariKekk: posts big blind 30
*** HOLE CARDS ***
Dealt to Mahu2021 [4c 2h]
gabirebe1: calls 30
Mahu2021: folds 
KaariKekk: raises 90 to 120
gabirebe1: calls 90
*** FLOP *** [4d 3d 9c]
KaariKekk: bets 180
gabirebe1: calls 140 and is all-in
Uncalled bet (40) returned to KaariKekk
*** TURN *** [4d 3d 9c] [Tc]
*** RIVER *** [4d 3d 9c Tc] [Td]
*** SHOW DOWN ***
KaariKekk: shows [Ac Ts] (three of a kind, Tens)
gabirebe1: shows [Js 3h] (two pair, Tens and Threes)
KaariKekk collected 535 from pot
gabirebe1 finished the tournament in 3rd place
*** SUMMARY ***
Total pot 535 | Rake 0 
Board [4d 3d 9c Tc Td]
Seat 1: gabirebe1 (button) showed [Js 3h] and lost with two pair, Tens and Threes
Seat 2: Mahu2021 (small blind) folded before Flop
Seat 3: KaariKekk (big blind) showed [Ac Ts] and won (535) with three of a kind, Tens



PokerStars Hand #243030379660: Tournament #3576079999, $0.92+$0.08 USD Hold'em No Limit - Level II (15/30) - 2023/04/11 20:48:23 CET [2023/04/11 14:48:23 ET]
Table '3576079999 1' 3-max Seat #3 is the button
Seat 2: Mahu2021 (395 in chips) 
Seat 3: KaariKekk (1105 in chips) 
KaariKekk: posts small blind 15
Mahu2021: posts big blind 30
*** HOLE CARDS ***
Dealt to Mahu2021 [4c 2d]
KaariKekk: raises 30 to 60
Mahu2021: folds 
Uncalled bet (30) returned to KaariKekk
KaariKekk collected 60 from pot
*** SUMMARY ***
Total pot 60 | Rake 0 
Seat 2: Mahu2021 (big blind) folded before Flop
Seat 3: KaariKekk (button) (small blind) collected (60)



PokerStars Hand #243030382294: Tournament #3576079999, $0.92+$0.08 USD Hold'em No Limit - Level II (15/30) - 2023/04/11 20:48:30 CET [2023/04/11 14:48:30 ET]
Table '3576079999 1' 3-max Seat #2 is the button
Seat 2: Mahu2021 (365 in chips) 
Seat 3: KaariKekk (1135 in chips) 
Mahu2021: posts small blind 15
KaariKekk: posts big blind 30
*** HOLE CARDS ***
Dealt to Mahu2021 [Ah 6c]
Mahu2021: calls 15
KaariKekk: checks 
*** FLOP *** [Ks 8s Js]
KaariKekk: checks 
Mahu2021: checks 
*** TURN *** [Ks 8s Js] [9d]
KaariKekk: checks 
Mahu2021: checks 
*** RIVER *** [Ks 8s Js 9d] [9c]
KaariKekk: checks 
Mahu2021: checks 
*** SHOW DOWN ***
KaariKekk: shows [Td 8c] (two pair, Nines and Eights)
Mahu2021: mucks hand 
KaariKekk collected 60 from pot
*** SUMMARY ***
Total pot 60 | Rake 0 
Board [Ks 8s Js 9d 9c]
Seat 2: Mahu2021 (button) (small blind) mucked [Ah 6c]
Seat 3: KaariKekk (big blind) showed [Td 8c] and won (60) with two pair, Nines and Eights



PokerStars Hand #243030391455: Tournament #3576079999, $0.92+$0.08 USD Hold'em No Limit - Level II (15/30) - 2023/04/11 20:48:55 CET [2023/04/11 14:48:55 ET]
Table '3576079999 1' 3-max Seat #3 is the button
Seat 2: Mahu2021 (335 in chips) 
Seat 3: KaariKekk (1165 in chips) 
KaariKekk: posts small blind 15
Mahu2021: posts big blind 30
*** HOLE CARDS ***
Dealt to Mahu2021 [5s 8c]
KaariKekk: raises 30 to 60
Mahu2021: folds 
Uncalled bet (30) returned to KaariKekk
KaariKekk collected 60 from pot
*** SUMMARY ***
Total pot 60 | Rake 0 
Seat 2: Mahu2021 (big blind) folded before Flop
Seat 3: KaariKekk (button) (small blind) collected (60)



PokerStars Hand #243030393426: Tournament #3576079999, $0.92+$0.08 USD Hold'em No Limit - Level II (15/30) - 2023/04/11 20:49:00 CET [2023/04/11 14:49:00 ET]
Table '3576079999 1' 3-max Seat #2 is the button
Seat 2: Mahu2021 (305 in chips) 
Seat 3: KaariKekk (1195 in chips) 
Mahu2021: posts small blind 15
KaariKekk: posts big blind 30
*** HOLE CARDS ***
Dealt to Mahu2021 [Kc 2h]
Mahu2021: raises 275 to 305 and is all-in
KaariKekk: folds 
Uncalled bet (275) returned to Mahu2021
Mahu2021 collected 60 from pot
Mahu2021: doesn't show hand 
*** SUMMARY ***
Total pot 60 | Rake 0 
Seat 2: Mahu2021 (button) (small blind) collected (60)
Seat 3: KaariKekk (big blind) folded before Flop



PokerStars Hand #243030396387: Tournament #3576079999, $0.92+$0.08 USD Hold'em No Limit - Level II (15/30) - 2023/04/11 20:49:08 CET [2023/04/11 14:49:08 ET]
Table '3576079999 1' 3-max Seat #3 is the button
Seat 2: Mahu2021 (335 in chips) 
Seat 3: KaariKekk (1165 in chips) 
KaariKekk: posts small blind 15
Mahu2021: posts big blind 30
*** HOLE CARDS ***
Dealt to Mahu2021 [3h 9s]
KaariKekk: calls 15
Mahu2021: checks 
*** FLOP *** [Qh Td Jc]
Mahu2021: checks 
KaariKekk: checks 
*** TURN *** [Qh Td Jc] [Qs]
Mahu2021: bets 30
KaariKekk: calls 30
*** RIVER *** [Qh Td Jc Qs] [9h]
Mahu2021: bets 275 and is all-in
KaariKekk: calls 275
*** SHOW DOWN ***
Mahu2021: shows [3h 9s] (two pair, Queens and Nines)
KaariKekk: shows [Jd 8h] (a straight, Eight to Queen)
KaariKekk collected 670 from pot
Mahu2021 finished the tournament in 2nd place
KaariKekk wins the tournament and receives $3.00 - congratulations!
*** SUMMARY ***
Total pot 670 | Rake 0 
Board [Qh Td Jc Qs 9h]
Seat 2: Mahu2021 (big blind) showed [3h 9s] and lost with two pair, Queens and Nines
Seat 3: KaariKekk (button) (small blind) showed [Jd 8h] and won (670) with a straight, Eight to Queen



