PokerStars Hand #243242986991: Tournament #3580991363, $0.92+$0.08 USD Hold'em No Limit - Level I (10/20) - 2023/04/22 9:08:09 CET [2023/04/22 3:08:09 ET]
Table '3580991363 1' 3-max Seat #1 is the button
Seat 1: chessman8 (500 in chips) 
Seat 2: Mahu2021 (500 in chips) 
Seat 3: Motorpsic619 (500 in chips) 
Mahu2021: posts small blind 10
Motorpsic619: posts big blind 20
*** HOLE CARDS ***
Dealt to Mahu2021 [7s 3c]
chessman8: folds 
Mahu2021: folds 
Uncalled bet (10) returned to Motorpsic619
Motorpsic619 collected 20 from pot
Motorpsic619: doesn't show hand 
*** SUMMARY ***
Total pot 20 | Rake 0 
Seat 1: chessman8 (button) folded before Flop (didn't bet)
Seat 2: Mahu2021 (small blind) folded before Flop
Seat 3: Motorpsic619 (big blind) collected (20)



PokerStars Hand #243242987561: Tournament #3580991363, $0.92+$0.08 USD Hold'em No Limit - Level I (10/20) - 2023/04/22 9:08:14 CET [2023/04/22 3:08:14 ET]
Table '3580991363 1' 3-max Seat #2 is the button
Seat 1: chessman8 (500 in chips) 
Seat 2: Mahu2021 (490 in chips) 
Seat 3: Motorpsic619 (510 in chips) 
Motorpsic619: posts small blind 10
chessman8: posts big blind 20
*** HOLE CARDS ***
Dealt to Mahu2021 [Jd 9d]
Mahu2021: calls 20
Motorpsic619: folds 
chessman8: checks 
*** FLOP *** [9s Qh 5d]
chessman8: bets 20
Mahu2021: calls 20
*** TURN *** [9s Qh 5d] [Kd]
chessman8: checks 
Mahu2021: bets 40
chessman8: calls 40
*** RIVER *** [9s Qh 5d Kd] [3s]
chessman8: bets 170
Mahu2021: folds 
Uncalled bet (170) returned to chessman8
chessman8 collected 170 from pot
chessman8: doesn't show hand 
*** SUMMARY ***
Total pot 170 | Rake 0 
Board [9s Qh 5d Kd 3s]
Seat 1: chessman8 (big blind) collected (170)
Seat 2: Mahu2021 (button) folded on the River
Seat 3: Motorpsic619 (small blind) folded before Flop



PokerStars Hand #243242990579: Tournament #3580991363, $0.92+$0.08 USD Hold'em No Limit - Level I (10/20) - 2023/04/22 9:08:38 CET [2023/04/22 3:08:38 ET]
Table '3580991363 1' 3-max Seat #3 is the button
Seat 1: chessman8 (590 in chips) 
Seat 2: Mahu2021 (410 in chips) 
Seat 3: Motorpsic619 (500 in chips) 
chessman8: posts small blind 10
Mahu2021: posts big blind 20
*** HOLE CARDS ***
Dealt to Mahu2021 [4h 2s]
Motorpsic619: folds 
chessman8: calls 10
Mahu2021: checks 
*** FLOP *** [3s Ad Ts]
chessman8: bets 20
Mahu2021: calls 20
*** TURN *** [3s Ad Ts] [Qc]
chessman8: checks 
Mahu2021: checks 
*** RIVER *** [3s Ad Ts Qc] [9h]
chessman8: checks 
Mahu2021: bets 80
chessman8: calls 80
*** SHOW DOWN ***
Mahu2021: shows [4h 2s] (high card Ace)
chessman8: shows [2d Td] (a pair of Tens)
chessman8 collected 240 from pot
*** SUMMARY ***
Total pot 240 | Rake 0 
Board [3s Ad Ts Qc 9h]
Seat 1: chessman8 (small blind) showed [2d Td] and won (240) with a pair of Tens
Seat 2: Mahu2021 (big blind) showed [4h 2s] and lost with high card Ace
Seat 3: Motorpsic619 (button) folded before Flop (didn't bet)



PokerStars Hand #243242993363: Tournament #3580991363, $0.92+$0.08 USD Hold'em No Limit - Level I (10/20) - 2023/04/22 9:09:01 CET [2023/04/22 3:09:01 ET]
Table '3580991363 1' 3-max Seat #1 is the button
Seat 1: chessman8 (710 in chips) 
Seat 2: Mahu2021 (290 in chips) 
Seat 3: Motorpsic619 (500 in chips) 
Mahu2021: posts small blind 10
Motorpsic619: posts big blind 20
*** HOLE CARDS ***
Dealt to Mahu2021 [2c Jc]
chessman8: calls 20
Mahu2021: calls 10
Motorpsic619: checks 
*** FLOP *** [2h 6d Ts]
Mahu2021: checks 
Motorpsic619: checks 
chessman8: checks 
*** TURN *** [2h 6d Ts] [2d]
Mahu2021: bets 20
Motorpsic619: folds 
chessman8: folds 
Uncalled bet (20) returned to Mahu2021
Mahu2021 collected 60 from pot
Mahu2021: doesn't show hand 
*** SUMMARY ***
Total pot 60 | Rake 0 
Board [2h 6d Ts 2d]
Seat 1: chessman8 (button) folded on the Turn
Seat 2: Mahu2021 (small blind) collected (60)
Seat 3: Motorpsic619 (big blind) folded on the Turn



PokerStars Hand #243242996066: Tournament #3580991363, $0.92+$0.08 USD Hold'em No Limit - Level I (10/20) - 2023/04/22 9:09:23 CET [2023/04/22 3:09:23 ET]
Table '3580991363 1' 3-max Seat #2 is the button
Seat 1: chessman8 (690 in chips) 
Seat 2: Mahu2021 (330 in chips) 
Seat 3: Motorpsic619 (480 in chips) 
Motorpsic619: posts small blind 10
chessman8: posts big blind 20
*** HOLE CARDS ***
Dealt to Mahu2021 [3d 8h]
Mahu2021: folds 
Motorpsic619: raises 20 to 40
chessman8: calls 20
*** FLOP *** [6d Kc Ts]
Motorpsic619: checks 
chessman8: bets 20
Motorpsic619: folds 
Uncalled bet (20) returned to chessman8
chessman8 collected 80 from pot
chessman8: doesn't show hand 
*** SUMMARY ***
Total pot 80 | Rake 0 
Board [6d Kc Ts]
Seat 1: chessman8 (big blind) collected (80)
Seat 2: Mahu2021 (button) folded before Flop (didn't bet)
Seat 3: Motorpsic619 (small blind) folded on the Flop



PokerStars Hand #243242999787: Tournament #3580991363, $0.92+$0.08 USD Hold'em No Limit - Level I (10/20) - 2023/04/22 9:09:53 CET [2023/04/22 3:09:53 ET]
Table '3580991363 1' 3-max Seat #3 is the button
Seat 1: chessman8 (730 in chips) 
Seat 2: Mahu2021 (330 in chips) 
Seat 3: Motorpsic619 (440 in chips) 
chessman8: posts small blind 10
Mahu2021: posts big blind 20
*** HOLE CARDS ***
Dealt to Mahu2021 [Kd 8d]
Motorpsic619: folds 
chessman8: calls 10
Mahu2021: checks 
*** FLOP *** [Ks 9s Td]
chessman8: bets 40
Mahu2021: calls 40
*** TURN *** [Ks 9s Td] [Jh]
chessman8: bets 60
Mahu2021: folds 
Uncalled bet (60) returned to chessman8
chessman8 collected 120 from pot
chessman8: doesn't show hand 
*** SUMMARY ***
Total pot 120 | Rake 0 
Board [Ks 9s Td Jh]
Seat 1: chessman8 (small blind) collected (120)
Seat 2: Mahu2021 (big blind) folded on the Turn
Seat 3: Motorpsic619 (button) folded before Flop (didn't bet)



PokerStars Hand #243243002594: Tournament #3580991363, $0.92+$0.08 USD Hold'em No Limit - Level I (10/20) - 2023/04/22 9:10:16 CET [2023/04/22 3:10:16 ET]
Table '3580991363 1' 3-max Seat #1 is the button
Seat 1: chessman8 (790 in chips) 
Seat 2: Mahu2021 (270 in chips) 
Seat 3: Motorpsic619 (440 in chips) 
Mahu2021: posts small blind 10
Motorpsic619: posts big blind 20
*** HOLE CARDS ***
Dealt to Mahu2021 [Jd Kc]
chessman8: folds 
Mahu2021: calls 10
Motorpsic619: checks 
*** FLOP *** [Qh 3s 8s]
Mahu2021: checks 
Motorpsic619: checks 
*** TURN *** [Qh 3s 8s] [3h]
Mahu2021: bets 20
Motorpsic619: folds 
Uncalled bet (20) returned to Mahu2021
Mahu2021 collected 40 from pot
Mahu2021: doesn't show hand 
*** SUMMARY ***
Total pot 40 | Rake 0 
Board [Qh 3s 8s 3h]
Seat 1: chessman8 (button) folded before Flop (didn't bet)
Seat 2: Mahu2021 (small blind) collected (40)
Seat 3: Motorpsic619 (big blind) folded on the Turn



PokerStars Hand #243243005756: Tournament #3580991363, $0.92+$0.08 USD Hold'em No Limit - Level I (10/20) - 2023/04/22 9:10:41 CET [2023/04/22 3:10:41 ET]
Table '3580991363 1' 3-max Seat #2 is the button
Seat 1: chessman8 (790 in chips) 
Seat 2: Mahu2021 (290 in chips) 
Seat 3: Motorpsic619 (420 in chips) 
Motorpsic619: posts small blind 10
chessman8: posts big blind 20
*** HOLE CARDS ***
Dealt to Mahu2021 [Jc 3c]
Mahu2021: calls 20
Motorpsic619: calls 10
chessman8: checks 
*** FLOP *** [8c Qh 2c]
Motorpsic619: checks 
chessman8: checks 
Mahu2021: bets 60
Motorpsic619: folds 
chessman8: folds 
Uncalled bet (60) returned to Mahu2021
Mahu2021 collected 60 from pot
Mahu2021: doesn't show hand 
*** SUMMARY ***
Total pot 60 | Rake 0 
Board [8c Qh 2c]
Seat 1: chessman8 (big blind) folded on the Flop
Seat 2: Mahu2021 (button) collected (60)
Seat 3: Motorpsic619 (small blind) folded on the Flop



PokerStars Hand #243243008249: Tournament #3580991363, $0.92+$0.08 USD Hold'em No Limit - Level I (10/20) - 2023/04/22 9:11:01 CET [2023/04/22 3:11:01 ET]
Table '3580991363 1' 3-max Seat #3 is the button
Seat 1: chessman8 (770 in chips) 
Seat 2: Mahu2021 (330 in chips) 
Seat 3: Motorpsic619 (400 in chips) 
chessman8: posts small blind 10
Mahu2021: posts big blind 20
*** HOLE CARDS ***
Dealt to Mahu2021 [5h 5s]
Motorpsic619: raises 40 to 60
chessman8: calls 50
Mahu2021: raises 270 to 330 and is all-in
Motorpsic619: calls 270
chessman8: folds 
*** FLOP *** [8c Kc 7d]
*** TURN *** [8c Kc 7d] [Jc]
*** RIVER *** [8c Kc 7d Jc] [6s]
*** SHOW DOWN ***
Mahu2021: shows [5h 5s] (a pair of Fives)
Motorpsic619: shows [Ac Jh] (a pair of Jacks)
Motorpsic619 collected 720 from pot
Mahu2021 finished the tournament in 3rd place
*** SUMMARY ***
Total pot 720 | Rake 0 
Board [8c Kc 7d Jc 6s]
Seat 1: chessman8 (small blind) folded before Flop
Seat 2: Mahu2021 (big blind) showed [5h 5s] and lost with a pair of Fives
Seat 3: Motorpsic619 (button) showed [Ac Jh] and won (720) with a pair of Jacks



