PokerStars Hand #246978552326: Tournament #3669590945, $4.60+$0.40 USD Hold'em No Limit - Level I (10/20) - 2023/11/07 16:23:23 CET [2023/11/07 10:23:23 ET]
Table '3669590945 1' 3-max Seat #1 is the button
Seat 1: MachopS (500 in chips) 
Seat 2: Mahu2021 (500 in chips) 
Seat 3: Pafrencia (500 in chips) 
Mahu2021: posts small blind 10
Pafrencia: posts big blind 20
*** HOLE CARDS ***
Dealt to Mahu2021 [Qh 3s]
MachopS: folds 
Mahu2021: folds 
Uncalled bet (10) returned to Pafrencia
Pafrencia collected 20 from pot
*** SUMMARY ***
Total pot 20 | Rake 0 
Seat 1: MachopS (button) folded before Flop (didn't bet)
Seat 2: Mahu2021 (small blind) folded before Flop
Seat 3: Pafrencia (big blind) collected (20)



PokerStars Hand #246978554775: Tournament #3669590945, $4.60+$0.40 USD Hold'em No Limit - Level I (10/20) - 2023/11/07 16:23:33 CET [2023/11/07 10:23:33 ET]
Table '3669590945 1' 3-max Seat #2 is the button
Seat 1: MachopS (500 in chips) 
Seat 2: Mahu2021 (490 in chips) 
Seat 3: Pafrencia (510 in chips) 
Pafrencia: posts small blind 10
MachopS: posts big blind 20
*** HOLE CARDS ***
Dealt to Mahu2021 [Qh Ks]
Mahu2021: raises 20 to 40
Pafrencia: folds 
MachopS: folds 
Uncalled bet (20) returned to Mahu2021
Mahu2021 collected 50 from pot
Mahu2021: doesn't show hand 
*** SUMMARY ***
Total pot 50 | Rake 0 
Seat 1: MachopS (big blind) folded before Flop
Seat 2: Mahu2021 (button) collected (50)
Seat 3: Pafrencia (small blind) folded before Flop



PokerStars Hand #246978556970: Tournament #3669590945, $4.60+$0.40 USD Hold'em No Limit - Level I (10/20) - 2023/11/07 16:23:42 CET [2023/11/07 10:23:42 ET]
Table '3669590945 1' 3-max Seat #3 is the button
Seat 1: MachopS (480 in chips) 
Seat 2: Mahu2021 (520 in chips) 
Seat 3: Pafrencia (500 in chips) 
MachopS: posts small blind 10
Mahu2021: posts big blind 20
*** HOLE CARDS ***
Dealt to Mahu2021 [6s 9h]
Pafrencia: folds 
MachopS: calls 10
Mahu2021: checks 
*** FLOP *** [5h 3c Jh]
MachopS: bets 20
Mahu2021: folds 
Uncalled bet (20) returned to MachopS
MachopS collected 40 from pot
MachopS: doesn't show hand 
*** SUMMARY ***
Total pot 40 | Rake 0 
Board [5h 3c Jh]
Seat 1: MachopS (small blind) collected (40)
Seat 2: Mahu2021 (big blind) folded on the Flop
Seat 3: Pafrencia (button) folded before Flop (didn't bet)



PokerStars Hand #246978560273: Tournament #3669590945, $4.60+$0.40 USD Hold'em No Limit - Level I (10/20) - 2023/11/07 16:23:56 CET [2023/11/07 10:23:56 ET]
Table '3669590945 1' 3-max Seat #1 is the button
Seat 1: MachopS (500 in chips) 
Seat 2: Mahu2021 (500 in chips) 
Seat 3: Pafrencia (500 in chips) 
Mahu2021: posts small blind 10
Pafrencia: posts big blind 20
*** HOLE CARDS ***
Dealt to Mahu2021 [3s Ts]
MachopS: folds 
Mahu2021: calls 10
Pafrencia: checks 
*** FLOP *** [Th 6c 4d]
Mahu2021: bets 20
Pafrencia: calls 20
*** TURN *** [Th 6c 4d] [Kd]
Mahu2021: checks 
Pafrencia: bets 60
Mahu2021: folds 
Uncalled bet (60) returned to Pafrencia
Pafrencia collected 80 from pot
*** SUMMARY ***
Total pot 80 | Rake 0 
Board [Th 6c 4d Kd]
Seat 1: MachopS (button) folded before Flop (didn't bet)
Seat 2: Mahu2021 (small blind) folded on the Turn
Seat 3: Pafrencia (big blind) collected (80)



PokerStars Hand #246978568610: Tournament #3669590945, $4.60+$0.40 USD Hold'em No Limit - Level I (10/20) - 2023/11/07 16:24:31 CET [2023/11/07 10:24:31 ET]
Table '3669590945 1' 3-max Seat #2 is the button
Seat 1: MachopS (500 in chips) 
Seat 2: Mahu2021 (460 in chips) 
Seat 3: Pafrencia (540 in chips) 
Pafrencia: posts small blind 10
MachopS: posts big blind 20
*** HOLE CARDS ***
Dealt to Mahu2021 [8c 3d]
Mahu2021: folds 
Pafrencia: raises 40 to 60
MachopS: folds 
Uncalled bet (40) returned to Pafrencia
Pafrencia collected 40 from pot
*** SUMMARY ***
Total pot 40 | Rake 0 
Seat 1: MachopS (big blind) folded before Flop
Seat 2: Mahu2021 (button) folded before Flop (didn't bet)
Seat 3: Pafrencia (small blind) collected (40)



PokerStars Hand #246978570486: Tournament #3669590945, $4.60+$0.40 USD Hold'em No Limit - Level I (10/20) - 2023/11/07 16:24:39 CET [2023/11/07 10:24:39 ET]
Table '3669590945 1' 3-max Seat #3 is the button
Seat 1: MachopS (480 in chips) 
Seat 2: Mahu2021 (460 in chips) 
Seat 3: Pafrencia (560 in chips) 
MachopS: posts small blind 10
Mahu2021: posts big blind 20
*** HOLE CARDS ***
Dealt to Mahu2021 [9c 4h]
Pafrencia: folds 
MachopS: folds 
Uncalled bet (10) returned to Mahu2021
Mahu2021 collected 20 from pot
Mahu2021: doesn't show hand 
*** SUMMARY ***
Total pot 20 | Rake 0 
Seat 1: MachopS (small blind) folded before Flop
Seat 2: Mahu2021 (big blind) collected (20)
Seat 3: Pafrencia (button) folded before Flop (didn't bet)



PokerStars Hand #246978571287: Tournament #3669590945, $4.60+$0.40 USD Hold'em No Limit - Level I (10/20) - 2023/11/07 16:24:43 CET [2023/11/07 10:24:43 ET]
Table '3669590945 1' 3-max Seat #1 is the button
Seat 1: MachopS (470 in chips) 
Seat 2: Mahu2021 (470 in chips) 
Seat 3: Pafrencia (560 in chips) 
Mahu2021: posts small blind 10
Pafrencia: posts big blind 20
*** HOLE CARDS ***
Dealt to Mahu2021 [2d Ad]
MachopS: folds 
Mahu2021: raises 20 to 40
Pafrencia: calls 20
*** FLOP *** [9h 8s 2h]
Mahu2021: checks 
Pafrencia: bets 40
Mahu2021: calls 40
*** TURN *** [9h 8s 2h] [Td]
Mahu2021: checks 
Pafrencia: bets 120
Mahu2021: folds 
Uncalled bet (120) returned to Pafrencia
Pafrencia collected 160 from pot
*** SUMMARY ***
Total pot 160 | Rake 0 
Board [9h 8s 2h Td]
Seat 1: MachopS (button) folded before Flop (didn't bet)
Seat 2: Mahu2021 (small blind) folded on the Turn
Seat 3: Pafrencia (big blind) collected (160)



PokerStars Hand #246978579945: Tournament #3669590945, $4.60+$0.40 USD Hold'em No Limit - Level I (10/20) - 2023/11/07 16:25:19 CET [2023/11/07 10:25:19 ET]
Table '3669590945 1' 3-max Seat #2 is the button
Seat 1: MachopS (470 in chips) 
Seat 2: Mahu2021 (390 in chips) 
Seat 3: Pafrencia (640 in chips) 
Pafrencia: posts small blind 10
MachopS: posts big blind 20
*** HOLE CARDS ***
Dealt to Mahu2021 [Kh Ks]
Mahu2021: raises 20 to 40
Pafrencia: folds 
MachopS: calls 20
*** FLOP *** [6c Jc 8h]
MachopS: checks 
Mahu2021: bets 90
MachopS: folds 
Uncalled bet (90) returned to Mahu2021
Mahu2021 collected 90 from pot
Mahu2021: doesn't show hand 
*** SUMMARY ***
Total pot 90 | Rake 0 
Board [6c Jc 8h]
Seat 1: MachopS (big blind) folded on the Flop
Seat 2: Mahu2021 (button) collected (90)
Seat 3: Pafrencia (small blind) folded before Flop



PokerStars Hand #246978583091: Tournament #3669590945, $4.60+$0.40 USD Hold'em No Limit - Level I (10/20) - 2023/11/07 16:25:33 CET [2023/11/07 10:25:33 ET]
Table '3669590945 1' 3-max Seat #3 is the button
Seat 1: MachopS (430 in chips) 
Seat 2: Mahu2021 (440 in chips) 
Seat 3: Pafrencia (630 in chips) 
MachopS: posts small blind 10
Mahu2021: posts big blind 20
*** HOLE CARDS ***
Dealt to Mahu2021 [Qc 6s]
Pafrencia: raises 610 to 630 and is all-in
MachopS: folds 
Mahu2021: folds 
Uncalled bet (610) returned to Pafrencia
Pafrencia collected 50 from pot
*** SUMMARY ***
Total pot 50 | Rake 0 
Seat 1: MachopS (small blind) folded before Flop
Seat 2: Mahu2021 (big blind) folded before Flop
Seat 3: Pafrencia (button) collected (50)



PokerStars Hand #246978584290: Tournament #3669590945, $4.60+$0.40 USD Hold'em No Limit - Level I (10/20) - 2023/11/07 16:25:38 CET [2023/11/07 10:25:38 ET]
Table '3669590945 1' 3-max Seat #1 is the button
Seat 1: MachopS (420 in chips) 
Seat 2: Mahu2021 (420 in chips) 
Seat 3: Pafrencia (660 in chips) 
Mahu2021: posts small blind 10
Pafrencia: posts big blind 20
*** HOLE CARDS ***
Dealt to Mahu2021 [Tc 8h]
MachopS: folds 
Mahu2021: folds 
Uncalled bet (10) returned to Pafrencia
Pafrencia collected 20 from pot
*** SUMMARY ***
Total pot 20 | Rake 0 
Seat 1: MachopS (button) folded before Flop (didn't bet)
Seat 2: Mahu2021 (small blind) folded before Flop
Seat 3: Pafrencia (big blind) collected (20)



PokerStars Hand #246978585437: Tournament #3669590945, $4.60+$0.40 USD Hold'em No Limit - Level I (10/20) - 2023/11/07 16:25:43 CET [2023/11/07 10:25:43 ET]
Table '3669590945 1' 3-max Seat #2 is the button
Seat 1: MachopS (420 in chips) 
Seat 2: Mahu2021 (410 in chips) 
Seat 3: Pafrencia (670 in chips) 
Pafrencia: posts small blind 10
MachopS: posts big blind 20
*** HOLE CARDS ***
Dealt to Mahu2021 [4c Tc]
Mahu2021: folds 
Pafrencia: raises 20 to 40
MachopS: calls 20
*** FLOP *** [Ks 8h 2c]
Pafrencia: bets 27
MachopS: folds 
Uncalled bet (27) returned to Pafrencia
Pafrencia collected 80 from pot
*** SUMMARY ***
Total pot 80 | Rake 0 
Board [Ks 8h 2c]
Seat 1: MachopS (big blind) folded on the Flop
Seat 2: Mahu2021 (button) folded before Flop (didn't bet)
Seat 3: Pafrencia (small blind) collected (80)



PokerStars Hand #246978592117: Tournament #3669590945, $4.60+$0.40 USD Hold'em No Limit - Level I (10/20) - 2023/11/07 16:26:11 CET [2023/11/07 10:26:11 ET]
Table '3669590945 1' 3-max Seat #3 is the button
Seat 1: MachopS (380 in chips) 
Seat 2: Mahu2021 (410 in chips) 
Seat 3: Pafrencia (710 in chips) 
MachopS: posts small blind 10
Mahu2021: posts big blind 20
*** HOLE CARDS ***
Dealt to Mahu2021 [Ac Kd]
Pafrencia: raises 20 to 40
MachopS: calls 30
Mahu2021: raises 100 to 140
Pafrencia: folds 
MachopS: folds 
Uncalled bet (100) returned to Mahu2021
Mahu2021 collected 120 from pot
Mahu2021: doesn't show hand 
*** SUMMARY ***
Total pot 120 | Rake 0 
Seat 1: MachopS (small blind) folded before Flop
Seat 2: Mahu2021 (big blind) collected (120)
Seat 3: Pafrencia (button) folded before Flop



PokerStars Hand #246978597481: Tournament #3669590945, $4.60+$0.40 USD Hold'em No Limit - Level II (15/30) - 2023/11/07 16:26:34 CET [2023/11/07 10:26:34 ET]
Table '3669590945 1' 3-max Seat #1 is the button
Seat 1: MachopS (340 in chips) 
Seat 2: Mahu2021 (490 in chips) 
Seat 3: Pafrencia (670 in chips) 
Mahu2021: posts small blind 15
Pafrencia: posts big blind 30
*** HOLE CARDS ***
Dealt to Mahu2021 [7h 2d]
MachopS: raises 30 to 60
Mahu2021: folds 
Pafrencia: calls 30
*** FLOP *** [2s 9s 5s]
Pafrencia: checks 
MachopS: bets 90
Pafrencia: calls 90
*** TURN *** [2s 9s 5s] [Jd]
Pafrencia: checks 
MachopS: bets 190 and is all-in
Pafrencia: calls 190
*** RIVER *** [2s 9s 5s Jd] [6d]
*** SHOW DOWN ***
Pafrencia: shows [Qs Tc] (high card Queen)
MachopS: shows [Ac Ad] (a pair of Aces)
MachopS collected 695 from pot
*** SUMMARY ***
Total pot 695 | Rake 0 
Board [2s 9s 5s Jd 6d]
Seat 1: MachopS (button) showed [Ac Ad] and won (695) with a pair of Aces
Seat 2: Mahu2021 (small blind) folded before Flop
Seat 3: Pafrencia (big blind) showed [Qs Tc] and lost with high card Queen



PokerStars Hand #246978607004: Tournament #3669590945, $4.60+$0.40 USD Hold'em No Limit - Level II (15/30) - 2023/11/07 16:27:14 CET [2023/11/07 10:27:14 ET]
Table '3669590945 1' 3-max Seat #2 is the button
Seat 1: MachopS (695 in chips) 
Seat 2: Mahu2021 (475 in chips) 
Seat 3: Pafrencia (330 in chips) 
Pafrencia: posts small blind 15
MachopS: posts big blind 30
*** HOLE CARDS ***
Dealt to Mahu2021 [7c 8c]
Mahu2021: calls 30
Pafrencia: calls 15
MachopS: raises 60 to 90
Mahu2021: calls 60
Pafrencia: folds 
*** FLOP *** [4d As Th]
MachopS: checks 
Mahu2021: checks 
*** TURN *** [4d As Th] [Kc]
MachopS: bets 120
Mahu2021: folds 
Uncalled bet (120) returned to MachopS
MachopS collected 210 from pot
MachopS: doesn't show hand 
*** SUMMARY ***
Total pot 210 | Rake 0 
Board [4d As Th Kc]
Seat 1: MachopS (big blind) collected (210)
Seat 2: Mahu2021 (button) folded on the Turn
Seat 3: Pafrencia (small blind) folded before Flop



PokerStars Hand #246978614931: Tournament #3669590945, $4.60+$0.40 USD Hold'em No Limit - Level II (15/30) - 2023/11/07 16:27:48 CET [2023/11/07 10:27:48 ET]
Table '3669590945 1' 3-max Seat #3 is the button
Seat 1: MachopS (815 in chips) 
Seat 2: Mahu2021 (385 in chips) 
Seat 3: Pafrencia (300 in chips) 
MachopS: posts small blind 15
Mahu2021: posts big blind 30
*** HOLE CARDS ***
Dealt to Mahu2021 [Ac 2c]
Pafrencia: folds 
MachopS: folds 
Uncalled bet (15) returned to Mahu2021
Mahu2021 collected 30 from pot
Mahu2021: doesn't show hand 
*** SUMMARY ***
Total pot 30 | Rake 0 
Seat 1: MachopS (small blind) folded before Flop
Seat 2: Mahu2021 (big blind) collected (30)
Seat 3: Pafrencia (button) folded before Flop (didn't bet)



PokerStars Hand #246978615745: Tournament #3669590945, $4.60+$0.40 USD Hold'em No Limit - Level II (15/30) - 2023/11/07 16:27:51 CET [2023/11/07 10:27:51 ET]
Table '3669590945 1' 3-max Seat #1 is the button
Seat 1: MachopS (800 in chips) 
Seat 2: Mahu2021 (400 in chips) 
Seat 3: Pafrencia (300 in chips) 
Mahu2021: posts small blind 15
Pafrencia: posts big blind 30
*** HOLE CARDS ***
Dealt to Mahu2021 [Qc 4s]
MachopS: folds 
Mahu2021: folds 
Uncalled bet (15) returned to Pafrencia
Pafrencia collected 30 from pot
*** SUMMARY ***
Total pot 30 | Rake 0 
Seat 1: MachopS (button) folded before Flop (didn't bet)
Seat 2: Mahu2021 (small blind) folded before Flop
Seat 3: Pafrencia (big blind) collected (30)



PokerStars Hand #246978616930: Tournament #3669590945, $4.60+$0.40 USD Hold'em No Limit - Level II (15/30) - 2023/11/07 16:27:56 CET [2023/11/07 10:27:56 ET]
Table '3669590945 1' 3-max Seat #2 is the button
Seat 1: MachopS (800 in chips) 
Seat 2: Mahu2021 (385 in chips) 
Seat 3: Pafrencia (315 in chips) 
Pafrencia: posts small blind 15
MachopS: posts big blind 30
*** HOLE CARDS ***
Dealt to Mahu2021 [4h 5h]
Mahu2021: calls 30
Pafrencia: raises 285 to 315 and is all-in
MachopS: folds 
Mahu2021: folds 
Uncalled bet (285) returned to Pafrencia
Pafrencia collected 90 from pot
*** SUMMARY ***
Total pot 90 | Rake 0 
Seat 1: MachopS (big blind) folded before Flop
Seat 2: Mahu2021 (button) folded before Flop
Seat 3: Pafrencia (small blind) collected (90)



PokerStars Hand #246978618873: Tournament #3669590945, $4.60+$0.40 USD Hold'em No Limit - Level II (15/30) - 2023/11/07 16:28:04 CET [2023/11/07 10:28:04 ET]
Table '3669590945 1' 3-max Seat #3 is the button
Seat 1: MachopS (770 in chips) 
Seat 2: Mahu2021 (355 in chips) 
Seat 3: Pafrencia (375 in chips) 
MachopS: posts small blind 15
Mahu2021: posts big blind 30
*** HOLE CARDS ***
Dealt to Mahu2021 [9c Jh]
Pafrencia: folds 
MachopS: calls 15
Mahu2021: checks 
*** FLOP *** [8s 8c Th]
MachopS: bets 30
Mahu2021: calls 30
*** TURN *** [8s 8c Th] [Jc]
MachopS: checks 
Mahu2021: bets 120
MachopS: folds 
Uncalled bet (120) returned to Mahu2021
Mahu2021 collected 120 from pot
Mahu2021: doesn't show hand 
*** SUMMARY ***
Total pot 120 | Rake 0 
Board [8s 8c Th Jc]
Seat 1: MachopS (small blind) folded on the Turn
Seat 2: Mahu2021 (big blind) collected (120)
Seat 3: Pafrencia (button) folded before Flop (didn't bet)



PokerStars Hand #246978624631: Tournament #3669590945, $4.60+$0.40 USD Hold'em No Limit - Level II (15/30) - 2023/11/07 16:28:29 CET [2023/11/07 10:28:29 ET]
Table '3669590945 1' 3-max Seat #1 is the button
Seat 1: MachopS (710 in chips) 
Seat 2: Mahu2021 (415 in chips) 
Seat 3: Pafrencia (375 in chips) 
Mahu2021: posts small blind 15
Pafrencia: posts big blind 30
*** HOLE CARDS ***
Dealt to Mahu2021 [5c Jd]
MachopS: raises 30 to 60
Mahu2021: folds 
Pafrencia: folds 
Uncalled bet (30) returned to MachopS
MachopS collected 75 from pot
MachopS: doesn't show hand 
*** SUMMARY ***
Total pot 75 | Rake 0 
Seat 1: MachopS (button) collected (75)
Seat 2: Mahu2021 (small blind) folded before Flop
Seat 3: Pafrencia (big blind) folded before Flop



PokerStars Hand #246978626194: Tournament #3669590945, $4.60+$0.40 USD Hold'em No Limit - Level II (15/30) - 2023/11/07 16:28:35 CET [2023/11/07 10:28:35 ET]
Table '3669590945 1' 3-max Seat #2 is the button
Seat 1: MachopS (755 in chips) 
Seat 2: Mahu2021 (400 in chips) 
Seat 3: Pafrencia (345 in chips) 
Pafrencia: posts small blind 15
MachopS: posts big blind 30
*** HOLE CARDS ***
Dealt to Mahu2021 [8s Ks]
Mahu2021: raises 30 to 60
Pafrencia: calls 45
MachopS: calls 30
*** FLOP *** [Qc 6d 5d]
Pafrencia: bets 135
MachopS: folds 
Mahu2021: folds 
Uncalled bet (135) returned to Pafrencia
Pafrencia collected 180 from pot
*** SUMMARY ***
Total pot 180 | Rake 0 
Board [Qc 6d 5d]
Seat 1: MachopS (big blind) folded on the Flop
Seat 2: Mahu2021 (button) folded on the Flop
Seat 3: Pafrencia (small blind) collected (180)



PokerStars Hand #246978633308: Tournament #3669590945, $4.60+$0.40 USD Hold'em No Limit - Level II (15/30) - 2023/11/07 16:29:06 CET [2023/11/07 10:29:06 ET]
Table '3669590945 1' 3-max Seat #3 is the button
Seat 1: MachopS (695 in chips) 
Seat 2: Mahu2021 (340 in chips) 
Seat 3: Pafrencia (465 in chips) 
MachopS: posts small blind 15
Mahu2021: posts big blind 30
*** HOLE CARDS ***
Dealt to Mahu2021 [3c 2s]
Pafrencia: raises 435 to 465 and is all-in
MachopS: folds 
Mahu2021: folds 
Uncalled bet (435) returned to Pafrencia
Pafrencia collected 75 from pot
*** SUMMARY ***
Total pot 75 | Rake 0 
Seat 1: MachopS (small blind) folded before Flop
Seat 2: Mahu2021 (big blind) folded before Flop
Seat 3: Pafrencia (button) collected (75)



PokerStars Hand #246978636453: Tournament #3669590945, $4.60+$0.40 USD Hold'em No Limit - Level II (15/30) - 2023/11/07 16:29:19 CET [2023/11/07 10:29:19 ET]
Table '3669590945 1' 3-max Seat #1 is the button
Seat 1: MachopS (680 in chips) 
Seat 2: Mahu2021 (310 in chips) 
Seat 3: Pafrencia (510 in chips) 
Mahu2021: posts small blind 15
Pafrencia: posts big blind 30
*** HOLE CARDS ***
Dealt to Mahu2021 [2s Ac]
MachopS: raises 30 to 60
Mahu2021: raises 250 to 310 and is all-in
Pafrencia: folds 
MachopS: calls 250
*** FLOP *** [5h 5c Jc]
*** TURN *** [5h 5c Jc] [6h]
*** RIVER *** [5h 5c Jc 6h] [8d]
*** SHOW DOWN ***
Mahu2021: shows [2s Ac] (a pair of Fives)
MachopS: shows [Qs Kc] (a pair of Fives - lower kicker)
Mahu2021 collected 650 from pot
*** SUMMARY ***
Total pot 650 | Rake 0 
Board [5h 5c Jc 6h 8d]
Seat 1: MachopS (button) showed [Qs Kc] and lost with a pair of Fives
Seat 2: Mahu2021 (small blind) showed [2s Ac] and won (650) with a pair of Fives
Seat 3: Pafrencia (big blind) folded before Flop



PokerStars Hand #246978641070: Tournament #3669590945, $4.60+$0.40 USD Hold'em No Limit - Level III (20/40) - 2023/11/07 16:29:39 CET [2023/11/07 10:29:39 ET]
Table '3669590945 1' 3-max Seat #2 is the button
Seat 1: MachopS (370 in chips) 
Seat 2: Mahu2021 (650 in chips) 
Seat 3: Pafrencia (480 in chips) 
Pafrencia: posts small blind 20
MachopS: posts big blind 40
*** HOLE CARDS ***
Dealt to Mahu2021 [Kc 5s]
Mahu2021: folds 
Pafrencia: raises 440 to 480 and is all-in
MachopS: calls 330 and is all-in
Uncalled bet (110) returned to Pafrencia
*** FLOP *** [8d 3d 3c]
*** TURN *** [8d 3d 3c] [Kd]
*** RIVER *** [8d 3d 3c Kd] [3h]
*** SHOW DOWN ***
Pafrencia: shows [Ah 2s] (three of a kind, Threes)
MachopS: shows [7s 7d] (a full house, Threes full of Sevens)
MachopS collected 740 from pot
*** SUMMARY ***
Total pot 740 | Rake 0 
Board [8d 3d 3c Kd 3h]
Seat 1: MachopS (big blind) showed [7s 7d] and won (740) with a full house, Threes full of Sevens
Seat 2: Mahu2021 (button) folded before Flop (didn't bet)
Seat 3: Pafrencia (small blind) showed [Ah 2s] and lost with three of a kind, Threes



PokerStars Hand #246978645371: Tournament #3669590945, $4.60+$0.40 USD Hold'em No Limit - Level III (20/40) - 2023/11/07 16:29:57 CET [2023/11/07 10:29:57 ET]
Table '3669590945 1' 3-max Seat #3 is the button
Seat 1: MachopS (740 in chips) 
Seat 2: Mahu2021 (650 in chips) 
Seat 3: Pafrencia (110 in chips) 
MachopS: posts small blind 20
Mahu2021: posts big blind 40
*** HOLE CARDS ***
Dealt to Mahu2021 [7c Qc]
Pafrencia: raises 70 to 110 and is all-in
MachopS: folds 
Mahu2021: calls 70
*** FLOP *** [Td 5s 3h]
*** TURN *** [Td 5s 3h] [Kd]
*** RIVER *** [Td 5s 3h Kd] [9h]
*** SHOW DOWN ***
Mahu2021: shows [7c Qc] (high card King)
Pafrencia: shows [Qh Ac] (high card Ace)
Pafrencia collected 240 from pot
*** SUMMARY ***
Total pot 240 | Rake 0 
Board [Td 5s 3h Kd 9h]
Seat 1: MachopS (small blind) folded before Flop
Seat 2: Mahu2021 (big blind) showed [7c Qc] and lost with high card King
Seat 3: Pafrencia (button) showed [Qh Ac] and won (240) with high card Ace



PokerStars Hand #246978648949: Tournament #3669590945, $4.60+$0.40 USD Hold'em No Limit - Level III (20/40) - 2023/11/07 16:30:12 CET [2023/11/07 10:30:12 ET]
Table '3669590945 1' 3-max Seat #1 is the button
Seat 1: MachopS (720 in chips) 
Seat 2: Mahu2021 (540 in chips) 
Seat 3: Pafrencia (240 in chips) 
Mahu2021: posts small blind 20
Pafrencia: posts big blind 40
*** HOLE CARDS ***
Dealt to Mahu2021 [Jh Js]
MachopS: folds 
Mahu2021: raises 500 to 540 and is all-in
Pafrencia: calls 200 and is all-in
Uncalled bet (300) returned to Mahu2021
*** FLOP *** [7h As Ks]
*** TURN *** [7h As Ks] [Ad]
*** RIVER *** [7h As Ks Ad] [Kd]
*** SHOW DOWN ***
Mahu2021: shows [Jh Js] (two pair, Aces and Kings)
Pafrencia: shows [Th Jd] (two pair, Aces and Kings)
Mahu2021 collected 240 from pot
Pafrencia collected 240 from pot
*** SUMMARY ***
Total pot 480 | Rake 0 
Board [7h As Ks Ad Kd]
Seat 1: MachopS (button) folded before Flop (didn't bet)
Seat 2: Mahu2021 (small blind) showed [Jh Js] and won (240) with two pair, Aces and Kings
Seat 3: Pafrencia (big blind) showed [Th Jd] and won (240) with two pair, Aces and Kings



PokerStars Hand #246978652596: Tournament #3669590945, $4.60+$0.40 USD Hold'em No Limit - Level III (20/40) - 2023/11/07 16:30:27 CET [2023/11/07 10:30:27 ET]
Table '3669590945 1' 3-max Seat #2 is the button
Seat 1: MachopS (720 in chips) 
Seat 2: Mahu2021 (540 in chips) 
Seat 3: Pafrencia (240 in chips) 
Pafrencia: posts small blind 20
MachopS: posts big blind 40
*** HOLE CARDS ***
Dealt to Mahu2021 [9d Tc]
Mahu2021: folds 
Pafrencia: raises 200 to 240 and is all-in
MachopS: calls 200
*** FLOP *** [Qh 9s 5d]
*** TURN *** [Qh 9s 5d] [9h]
*** RIVER *** [Qh 9s 5d 9h] [4d]
*** SHOW DOWN ***
Pafrencia: shows [6d 6c] (two pair, Nines and Sixes)
MachopS: shows [Ks 6s] (a pair of Nines)
Pafrencia collected 480 from pot
*** SUMMARY ***
Total pot 480 | Rake 0 
Board [Qh 9s 5d 9h 4d]
Seat 1: MachopS (big blind) showed [Ks 6s] and lost with a pair of Nines
Seat 2: Mahu2021 (button) folded before Flop (didn't bet)
Seat 3: Pafrencia (small blind) showed [6d 6c] and won (480) with two pair, Nines and Sixes



PokerStars Hand #246978656053: Tournament #3669590945, $4.60+$0.40 USD Hold'em No Limit - Level III (20/40) - 2023/11/07 16:30:42 CET [2023/11/07 10:30:42 ET]
Table '3669590945 1' 3-max Seat #3 is the button
Seat 1: MachopS (480 in chips) 
Seat 2: Mahu2021 (540 in chips) 
Seat 3: Pafrencia (480 in chips) 
MachopS: posts small blind 20
Mahu2021: posts big blind 40
*** HOLE CARDS ***
Dealt to Mahu2021 [Tc Ts]
Pafrencia: folds 
MachopS: calls 20
Mahu2021: checks 
*** FLOP *** [4s 4c 5s]
MachopS: checks 
Mahu2021: bets 80
MachopS: folds 
Uncalled bet (80) returned to Mahu2021
Mahu2021 collected 80 from pot
Mahu2021: doesn't show hand 
*** SUMMARY ***
Total pot 80 | Rake 0 
Board [4s 4c 5s]
Seat 1: MachopS (small blind) folded on the Flop
Seat 2: Mahu2021 (big blind) collected (80)
Seat 3: Pafrencia (button) folded before Flop (didn't bet)



PokerStars Hand #246978659571: Tournament #3669590945, $4.60+$0.40 USD Hold'em No Limit - Level III (20/40) - 2023/11/07 16:30:56 CET [2023/11/07 10:30:56 ET]
Table '3669590945 1' 3-max Seat #1 is the button
Seat 1: MachopS (440 in chips) 
Seat 2: Mahu2021 (580 in chips) 
Seat 3: Pafrencia (480 in chips) 
Mahu2021: posts small blind 20
Pafrencia: posts big blind 40
*** HOLE CARDS ***
Dealt to Mahu2021 [Ts 4d]
MachopS: folds 
Mahu2021: folds 
Uncalled bet (20) returned to Pafrencia
Pafrencia collected 40 from pot
*** SUMMARY ***
Total pot 40 | Rake 0 
Seat 1: MachopS (button) folded before Flop (didn't bet)
Seat 2: Mahu2021 (small blind) folded before Flop
Seat 3: Pafrencia (big blind) collected (40)



PokerStars Hand #246978660699: Tournament #3669590945, $4.60+$0.40 USD Hold'em No Limit - Level III (20/40) - 2023/11/07 16:31:01 CET [2023/11/07 10:31:01 ET]
Table '3669590945 1' 3-max Seat #2 is the button
Seat 1: MachopS (440 in chips) 
Seat 2: Mahu2021 (560 in chips) 
Seat 3: Pafrencia (500 in chips) 
Pafrencia: posts small blind 20
MachopS: posts big blind 40
*** HOLE CARDS ***
Dealt to Mahu2021 [Td Kc]
Mahu2021: calls 40
Pafrencia: folds 
MachopS: raises 80 to 120
Mahu2021: calls 80
*** FLOP *** [4c 5h Qh]
MachopS: checks 
Mahu2021: checks 
*** TURN *** [4c 5h Qh] [Qc]
MachopS: checks 
Mahu2021: bets 80
MachopS: raises 80 to 160
Mahu2021: calls 80
*** RIVER *** [4c 5h Qh Qc] [Th]
MachopS: bets 160 and is all-in
Mahu2021: calls 160
*** SHOW DOWN ***
MachopS: shows [As Ac] (two pair, Aces and Queens)
Mahu2021: shows [Td Kc] (two pair, Queens and Tens)
MachopS collected 900 from pot
*** SUMMARY ***
Total pot 900 | Rake 0 
Board [4c 5h Qh Qc Th]
Seat 1: MachopS (big blind) showed [As Ac] and won (900) with two pair, Aces and Queens
Seat 2: Mahu2021 (button) showed [Td Kc] and lost with two pair, Queens and Tens
Seat 3: Pafrencia (small blind) folded before Flop



PokerStars Hand #246978669358: Tournament #3669590945, $4.60+$0.40 USD Hold'em No Limit - Level III (20/40) - 2023/11/07 16:31:37 CET [2023/11/07 10:31:37 ET]
Table '3669590945 1' 3-max Seat #3 is the button
Seat 1: MachopS (900 in chips) 
Seat 2: Mahu2021 (120 in chips) 
Seat 3: Pafrencia (480 in chips) 
MachopS: posts small blind 20
Mahu2021: posts big blind 40
*** HOLE CARDS ***
Dealt to Mahu2021 [Kd 7s]
Pafrencia: raises 440 to 480 and is all-in
MachopS: folds 
Mahu2021: calls 80 and is all-in
Uncalled bet (360) returned to Pafrencia
*** FLOP *** [Js 4d Ah]
*** TURN *** [Js 4d Ah] [5s]
*** RIVER *** [Js 4d Ah 5s] [5c]
*** SHOW DOWN ***
Mahu2021: shows [Kd 7s] (a pair of Fives)
Pafrencia: shows [2h Ad] (two pair, Aces and Fives)
Pafrencia collected 260 from pot
Mahu2021 finished the tournament in 3rd place
*** SUMMARY ***
Total pot 260 | Rake 0 
Board [Js 4d Ah 5s 5c]
Seat 1: MachopS (small blind) folded before Flop
Seat 2: Mahu2021 (big blind) showed [Kd 7s] and lost with a pair of Fives
Seat 3: Pafrencia (button) showed [2h Ad] and won (260) with two pair, Aces and Fives



