PokerStars Hand #243276167480: Tournament #3581698278, $0.92+$0.08 USD Hold'em No Limit - Level I (10/20) - 2023/04/23 21:51:55 CET [2023/04/23 15:51:55 ET]
Table '3581698278 1' 3-max Seat #1 is the button
Seat 1: RAVIE-777 (500 in chips) 
Seat 2: dareios112 (500 in chips) 
Seat 3: Mahu2021 (500 in chips) 
dareios112: posts small blind 10
Mahu2021: posts big blind 20
*** HOLE CARDS ***
Dealt to Mahu2021 [Qd Tc]
RAVIE-777: folds 
dareios112: calls 10
Mahu2021: checks 
*** FLOP *** [4s 3h 5h]
dareios112: checks 
Mahu2021: checks 
*** TURN *** [4s 3h 5h] [6s]
dareios112: checks 
Mahu2021: checks 
*** RIVER *** [4s 3h 5h 6s] [9c]
dareios112: checks 
Mahu2021: checks 
*** SHOW DOWN ***
dareios112: shows [Qs Kc] (high card King)
Mahu2021: mucks hand 
dareios112 collected 40 from pot
*** SUMMARY ***
Total pot 40 | Rake 0 
Board [4s 3h 5h 6s 9c]
Seat 1: RAVIE-777 (button) folded before Flop (didn't bet)
Seat 2: dareios112 (small blind) showed [Qs Kc] and won (40) with high card King
Seat 3: Mahu2021 (big blind) mucked [Qd Tc]



PokerStars Hand #243276176005: Tournament #3581698278, $0.92+$0.08 USD Hold'em No Limit - Level I (10/20) - 2023/04/23 21:52:13 CET [2023/04/23 15:52:13 ET]
Table '3581698278 1' 3-max Seat #2 is the button
Seat 1: RAVIE-777 (500 in chips) 
Seat 2: dareios112 (520 in chips) 
Seat 3: Mahu2021 (480 in chips) 
Mahu2021: posts small blind 10
RAVIE-777: posts big blind 20
*** HOLE CARDS ***
Dealt to Mahu2021 [7h Jc]
dareios112: calls 20
Mahu2021: calls 10
RAVIE-777: checks 
*** FLOP *** [4c 6s 8d]
Mahu2021: bets 40
RAVIE-777: folds 
dareios112: folds 
Uncalled bet (40) returned to Mahu2021
Mahu2021 collected 60 from pot
Mahu2021: doesn't show hand 
*** SUMMARY ***
Total pot 60 | Rake 0 
Board [4c 6s 8d]
Seat 1: RAVIE-777 (big blind) folded on the Flop
Seat 2: dareios112 (button) folded on the Flop
Seat 3: Mahu2021 (small blind) collected (60)



PokerStars Hand #243276183799: Tournament #3581698278, $0.92+$0.08 USD Hold'em No Limit - Level I (10/20) - 2023/04/23 21:52:29 CET [2023/04/23 15:52:29 ET]
Table '3581698278 1' 3-max Seat #3 is the button
Seat 1: RAVIE-777 (480 in chips) 
Seat 2: dareios112 (500 in chips) 
Seat 3: Mahu2021 (520 in chips) 
RAVIE-777: posts small blind 10
dareios112: posts big blind 20
*** HOLE CARDS ***
Dealt to Mahu2021 [9c 3d]
Mahu2021: folds 
RAVIE-777: raises 460 to 480 and is all-in
dareios112: folds 
Uncalled bet (460) returned to RAVIE-777
RAVIE-777 collected 40 from pot
*** SUMMARY ***
Total pot 40 | Rake 0 
Seat 1: RAVIE-777 (small blind) collected (40)
Seat 2: dareios112 (big blind) folded before Flop
Seat 3: Mahu2021 (button) folded before Flop (didn't bet)



PokerStars Hand #243276189879: Tournament #3581698278, $0.92+$0.08 USD Hold'em No Limit - Level I (10/20) - 2023/04/23 21:52:42 CET [2023/04/23 15:52:42 ET]
Table '3581698278 1' 3-max Seat #1 is the button
Seat 1: RAVIE-777 (500 in chips) 
Seat 2: dareios112 (480 in chips) 
Seat 3: Mahu2021 (520 in chips) 
dareios112: posts small blind 10
Mahu2021: posts big blind 20
*** HOLE CARDS ***
Dealt to Mahu2021 [Jd Th]
RAVIE-777: raises 50 to 70
dareios112: folds 
Mahu2021: calls 50
*** FLOP *** [7c 4d 7h]
Mahu2021: checks 
RAVIE-777: checks 
*** TURN *** [7c 4d 7h] [Kd]
Mahu2021: checks 
RAVIE-777: checks 
*** RIVER *** [7c 4d 7h Kd] [3d]
Mahu2021: bets 60
RAVIE-777: calls 60
*** SHOW DOWN ***
Mahu2021: shows [Jd Th] (a pair of Sevens)
RAVIE-777: shows [Qc Js] (a pair of Sevens - King+Queen kicker)
RAVIE-777 collected 270 from pot
*** SUMMARY ***
Total pot 270 | Rake 0 
Board [7c 4d 7h Kd 3d]
Seat 1: RAVIE-777 (button) showed [Qc Js] and won (270) with a pair of Sevens
Seat 2: dareios112 (small blind) folded before Flop
Seat 3: Mahu2021 (big blind) showed [Jd Th] and lost with a pair of Sevens



PokerStars Hand #243276205621: Tournament #3581698278, $0.92+$0.08 USD Hold'em No Limit - Level I (10/20) - 2023/04/23 21:53:15 CET [2023/04/23 15:53:15 ET]
Table '3581698278 1' 3-max Seat #2 is the button
Seat 1: RAVIE-777 (640 in chips) 
Seat 2: dareios112 (470 in chips) 
Seat 3: Mahu2021 (390 in chips) 
Mahu2021: posts small blind 10
RAVIE-777: posts big blind 20
*** HOLE CARDS ***
Dealt to Mahu2021 [Th Tc]
dareios112: folds 
Mahu2021: raises 370 to 390 and is all-in
RAVIE-777: folds 
Uncalled bet (370) returned to Mahu2021
Mahu2021 collected 40 from pot
Mahu2021: doesn't show hand 
*** SUMMARY ***
Total pot 40 | Rake 0 
Seat 1: RAVIE-777 (big blind) folded before Flop
Seat 2: dareios112 (button) folded before Flop (didn't bet)
Seat 3: Mahu2021 (small blind) collected (40)



PokerStars Hand #243276209644: Tournament #3581698278, $0.92+$0.08 USD Hold'em No Limit - Level I (10/20) - 2023/04/23 21:53:24 CET [2023/04/23 15:53:24 ET]
Table '3581698278 1' 3-max Seat #3 is the button
Seat 1: RAVIE-777 (620 in chips) 
Seat 2: dareios112 (470 in chips) 
Seat 3: Mahu2021 (410 in chips) 
RAVIE-777: posts small blind 10
dareios112: posts big blind 20
*** HOLE CARDS ***
Dealt to Mahu2021 [4d Kc]
Mahu2021: folds 
RAVIE-777: folds 
Uncalled bet (10) returned to dareios112
dareios112 collected 20 from pot
dareios112: doesn't show hand 
*** SUMMARY ***
Total pot 20 | Rake 0 
Seat 1: RAVIE-777 (small blind) folded before Flop
Seat 2: dareios112 (big blind) collected (20)
Seat 3: Mahu2021 (button) folded before Flop (didn't bet)



PokerStars Hand #243276212310: Tournament #3581698278, $0.92+$0.08 USD Hold'em No Limit - Level I (10/20) - 2023/04/23 21:53:29 CET [2023/04/23 15:53:29 ET]
Table '3581698278 1' 3-max Seat #1 is the button
Seat 1: RAVIE-777 (610 in chips) 
Seat 2: dareios112 (480 in chips) 
Seat 3: Mahu2021 (410 in chips) 
dareios112: posts small blind 10
Mahu2021: posts big blind 20
*** HOLE CARDS ***
Dealt to Mahu2021 [9c Th]
RAVIE-777: folds 
dareios112: calls 10
Mahu2021: checks 
*** FLOP *** [9d 9s 6h]
dareios112: checks 
Mahu2021: checks 
*** TURN *** [9d 9s 6h] [7h]
dareios112: checks 
Mahu2021: checks 
*** RIVER *** [9d 9s 6h 7h] [Ks]
dareios112: bets 60
Mahu2021: raises 160 to 220
dareios112: calls 160
*** SHOW DOWN ***
Mahu2021: shows [9c Th] (three of a kind, Nines)
dareios112: mucks hand 
Mahu2021 collected 480 from pot
*** SUMMARY ***
Total pot 480 | Rake 0 
Board [9d 9s 6h 7h Ks]
Seat 1: RAVIE-777 (button) folded before Flop (didn't bet)
Seat 2: dareios112 (small blind) mucked [Kc Jd]
Seat 3: Mahu2021 (big blind) showed [9c Th] and won (480) with three of a kind, Nines



PokerStars Hand #243276223810: Tournament #3581698278, $0.92+$0.08 USD Hold'em No Limit - Level I (10/20) - 2023/04/23 21:53:53 CET [2023/04/23 15:53:53 ET]
Table '3581698278 1' 3-max Seat #2 is the button
Seat 1: RAVIE-777 (610 in chips) 
Seat 2: dareios112 (240 in chips) 
Seat 3: Mahu2021 (650 in chips) 
Mahu2021: posts small blind 10
RAVIE-777: posts big blind 20
*** HOLE CARDS ***
Dealt to Mahu2021 [8s 9h]
dareios112: raises 220 to 240 and is all-in
Mahu2021: folds 
RAVIE-777: folds 
Uncalled bet (220) returned to dareios112
dareios112 collected 50 from pot
dareios112: doesn't show hand 
*** SUMMARY ***
Total pot 50 | Rake 0 
Seat 1: RAVIE-777 (big blind) folded before Flop
Seat 2: dareios112 (button) collected (50)
Seat 3: Mahu2021 (small blind) folded before Flop



PokerStars Hand #243276230896: Tournament #3581698278, $0.92+$0.08 USD Hold'em No Limit - Level II (15/30) - 2023/04/23 21:54:08 CET [2023/04/23 15:54:08 ET]
Table '3581698278 1' 3-max Seat #3 is the button
Seat 1: RAVIE-777 (590 in chips) 
Seat 2: dareios112 (270 in chips) 
Seat 3: Mahu2021 (640 in chips) 
RAVIE-777: posts small blind 15
dareios112: posts big blind 30
*** HOLE CARDS ***
Dealt to Mahu2021 [9h 7c]
Mahu2021: folds 
RAVIE-777: folds 
Uncalled bet (15) returned to dareios112
dareios112 collected 30 from pot
dareios112: doesn't show hand 
*** SUMMARY ***
Total pot 30 | Rake 0 
Seat 1: RAVIE-777 (small blind) folded before Flop
Seat 2: dareios112 (big blind) collected (30)
Seat 3: Mahu2021 (button) folded before Flop (didn't bet)



PokerStars Hand #243276239634: Tournament #3581698278, $0.92+$0.08 USD Hold'em No Limit - Level II (15/30) - 2023/04/23 21:54:27 CET [2023/04/23 15:54:27 ET]
Table '3581698278 1' 3-max Seat #1 is the button
Seat 1: RAVIE-777 (575 in chips) 
Seat 2: dareios112 (285 in chips) 
Seat 3: Mahu2021 (640 in chips) 
dareios112: posts small blind 15
Mahu2021: posts big blind 30
*** HOLE CARDS ***
Dealt to Mahu2021 [7h 2s]
RAVIE-777: folds 
dareios112: calls 15
Mahu2021: checks 
*** FLOP *** [Qs 2d 2h]
dareios112: checks 
Mahu2021: checks 
*** TURN *** [Qs 2d 2h] [7d]
dareios112: checks 
Mahu2021: checks 
*** RIVER *** [Qs 2d 2h 7d] [Kd]
dareios112: checks 
Mahu2021: bets 610 and is all-in
dareios112: folds 
Uncalled bet (610) returned to Mahu2021
Mahu2021 collected 60 from pot
Mahu2021: doesn't show hand 
*** SUMMARY ***
Total pot 60 | Rake 0 
Board [Qs 2d 2h 7d Kd]
Seat 1: RAVIE-777 (button) folded before Flop (didn't bet)
Seat 2: dareios112 (small blind) folded on the River
Seat 3: Mahu2021 (big blind) collected (60)



PokerStars Hand #243276249234: Tournament #3581698278, $0.92+$0.08 USD Hold'em No Limit - Level II (15/30) - 2023/04/23 21:54:47 CET [2023/04/23 15:54:47 ET]
Table '3581698278 1' 3-max Seat #2 is the button
Seat 1: RAVIE-777 (575 in chips) 
Seat 2: dareios112 (255 in chips) 
Seat 3: Mahu2021 (670 in chips) 
Mahu2021: posts small blind 15
RAVIE-777: posts big blind 30
*** HOLE CARDS ***
Dealt to Mahu2021 [8d 2s]
dareios112: calls 30
Mahu2021: folds 
RAVIE-777: raises 545 to 575 and is all-in
dareios112: calls 225 and is all-in
Uncalled bet (320) returned to RAVIE-777
*** FLOP *** [4h 5h Kc]
*** TURN *** [4h 5h Kc] [6h]
*** RIVER *** [4h 5h Kc 6h] [Kd]
*** SHOW DOWN ***
RAVIE-777: shows [3c 3d] (two pair, Kings and Threes)
dareios112: shows [7s Ks] (three of a kind, Kings)
dareios112 collected 525 from pot
*** SUMMARY ***
Total pot 525 | Rake 0 
Board [4h 5h Kc 6h Kd]
Seat 1: RAVIE-777 (big blind) showed [3c 3d] and lost with two pair, Kings and Threes
Seat 2: dareios112 (button) showed [7s Ks] and won (525) with three of a kind, Kings
Seat 3: Mahu2021 (small blind) folded before Flop



PokerStars Hand #243276257419: Tournament #3581698278, $0.92+$0.08 USD Hold'em No Limit - Level II (15/30) - 2023/04/23 21:55:04 CET [2023/04/23 15:55:04 ET]
Table '3581698278 1' 3-max Seat #3 is the button
Seat 1: RAVIE-777 (320 in chips) 
Seat 2: dareios112 (525 in chips) 
Seat 3: Mahu2021 (655 in chips) 
RAVIE-777: posts small blind 15
dareios112: posts big blind 30
*** HOLE CARDS ***
Dealt to Mahu2021 [4d Js]
Mahu2021: folds 
RAVIE-777: raises 290 to 320 and is all-in
dareios112: calls 290
*** FLOP *** [3c Ac Td]
*** TURN *** [3c Ac Td] [8h]
*** RIVER *** [3c Ac Td 8h] [Kc]
*** SHOW DOWN ***
RAVIE-777: shows [Qh 5s] (high card Ace)
dareios112: shows [2h Ad] (a pair of Aces)
dareios112 collected 640 from pot
RAVIE-777 finished the tournament in 3rd place
*** SUMMARY ***
Total pot 640 | Rake 0 
Board [3c Ac Td 8h Kc]
Seat 1: RAVIE-777 (small blind) showed [Qh 5s] and lost with high card Ace
Seat 2: dareios112 (big blind) showed [2h Ad] and won (640) with a pair of Aces
Seat 3: Mahu2021 (button) folded before Flop (didn't bet)



PokerStars Hand #243276264481: Tournament #3581698278, $0.92+$0.08 USD Hold'em No Limit - Level II (15/30) - 2023/04/23 21:55:28 CET [2023/04/23 15:55:28 ET]
Table '3581698278 1' 3-max Seat #2 is the button
Seat 2: dareios112 (845 in chips) 
Seat 3: Mahu2021 (655 in chips) 
dareios112: posts small blind 15
Mahu2021: posts big blind 30
*** HOLE CARDS ***
Dealt to Mahu2021 [2h 4c]
dareios112: folds 
Uncalled bet (15) returned to Mahu2021
Mahu2021 collected 30 from pot
Mahu2021: doesn't show hand 
*** SUMMARY ***
Total pot 30 | Rake 0 
Seat 2: dareios112 (button) (small blind) folded before Flop
Seat 3: Mahu2021 (big blind) collected (30)



PokerStars Hand #243276265633: Tournament #3581698278, $0.92+$0.08 USD Hold'em No Limit - Level II (15/30) - 2023/04/23 21:55:32 CET [2023/04/23 15:55:32 ET]
Table '3581698278 1' 3-max Seat #3 is the button
Seat 2: dareios112 (830 in chips) 
Seat 3: Mahu2021 (670 in chips) 
Mahu2021: posts small blind 15
dareios112: posts big blind 30
*** HOLE CARDS ***
Dealt to Mahu2021 [2s Tc]
Mahu2021: folds 
Uncalled bet (15) returned to dareios112
dareios112 collected 30 from pot
dareios112: doesn't show hand 
*** SUMMARY ***
Total pot 30 | Rake 0 
Seat 2: dareios112 (big blind) collected (30)
Seat 3: Mahu2021 (button) (small blind) folded before Flop



PokerStars Hand #243276266876: Tournament #3581698278, $0.92+$0.08 USD Hold'em No Limit - Level II (15/30) - 2023/04/23 21:55:37 CET [2023/04/23 15:55:37 ET]
Table '3581698278 1' 3-max Seat #2 is the button
Seat 2: dareios112 (845 in chips) 
Seat 3: Mahu2021 (655 in chips) 
dareios112: posts small blind 15
Mahu2021: posts big blind 30
*** HOLE CARDS ***
Dealt to Mahu2021 [6s 5h]
dareios112: calls 15
Mahu2021: checks 
*** FLOP *** [4h 9h 5d]
Mahu2021: checks 
dareios112: bets 60
Mahu2021: calls 60
*** TURN *** [4h 9h 5d] [Qc]
Mahu2021: checks 
dareios112: checks 
*** RIVER *** [4h 9h 5d Qc] [Ah]
Mahu2021: checks 
dareios112: checks 
*** SHOW DOWN ***
Mahu2021: shows [6s 5h] (a pair of Fives)
dareios112: shows [9d Ts] (a pair of Nines)
dareios112 collected 180 from pot
*** SUMMARY ***
Total pot 180 | Rake 0 
Board [4h 9h 5d Qc Ah]
Seat 2: dareios112 (button) (small blind) showed [9d Ts] and won (180) with a pair of Nines
Seat 3: Mahu2021 (big blind) showed [6s 5h] and lost with a pair of Fives



PokerStars Hand #243276273225: Tournament #3581698278, $0.92+$0.08 USD Hold'em No Limit - Level III (20/40) - 2023/04/23 21:56:01 CET [2023/04/23 15:56:01 ET]
Table '3581698278 1' 3-max Seat #3 is the button
Seat 2: dareios112 (935 in chips) 
Seat 3: Mahu2021 (565 in chips) 
Mahu2021: posts small blind 20
dareios112: posts big blind 40
*** HOLE CARDS ***
Dealt to Mahu2021 [3h Qh]
Mahu2021: calls 20
dareios112: checks 
*** FLOP *** [3s Ks 8s]
dareios112: checks 
Mahu2021: bets 80
dareios112: folds 
Uncalled bet (80) returned to Mahu2021
Mahu2021 collected 80 from pot
Mahu2021: doesn't show hand 
*** SUMMARY ***
Total pot 80 | Rake 0 
Board [3s Ks 8s]
Seat 2: dareios112 (big blind) folded on the Flop
Seat 3: Mahu2021 (button) (small blind) collected (80)



PokerStars Hand #243276276099: Tournament #3581698278, $0.92+$0.08 USD Hold'em No Limit - Level III (20/40) - 2023/04/23 21:56:12 CET [2023/04/23 15:56:12 ET]
Table '3581698278 1' 3-max Seat #2 is the button
Seat 2: dareios112 (895 in chips) 
Seat 3: Mahu2021 (605 in chips) 
dareios112: posts small blind 20
Mahu2021: posts big blind 40
*** HOLE CARDS ***
Dealt to Mahu2021 [8c 8d]
dareios112: calls 20
Mahu2021: raises 80 to 120
dareios112: folds 
Uncalled bet (80) returned to Mahu2021
Mahu2021 collected 80 from pot
Mahu2021: doesn't show hand 
*** SUMMARY ***
Total pot 80 | Rake 0 
Seat 2: dareios112 (button) (small blind) folded before Flop
Seat 3: Mahu2021 (big blind) collected (80)



PokerStars Hand #243276278153: Tournament #3581698278, $0.92+$0.08 USD Hold'em No Limit - Level III (20/40) - 2023/04/23 21:56:19 CET [2023/04/23 15:56:19 ET]
Table '3581698278 1' 3-max Seat #3 is the button
Seat 2: dareios112 (855 in chips) 
Seat 3: Mahu2021 (645 in chips) 
Mahu2021: posts small blind 20
dareios112: posts big blind 40
*** HOLE CARDS ***
Dealt to Mahu2021 [Ks 8h]
Mahu2021: raises 80 to 120
dareios112: folds 
Uncalled bet (80) returned to Mahu2021
Mahu2021 collected 80 from pot
Mahu2021: doesn't show hand 
*** SUMMARY ***
Total pot 80 | Rake 0 
Seat 2: dareios112 (big blind) folded before Flop
Seat 3: Mahu2021 (button) (small blind) collected (80)



PokerStars Hand #243276279530: Tournament #3581698278, $0.92+$0.08 USD Hold'em No Limit - Level III (20/40) - 2023/04/23 21:56:24 CET [2023/04/23 15:56:24 ET]
Table '3581698278 1' 3-max Seat #2 is the button
Seat 2: dareios112 (815 in chips) 
Seat 3: Mahu2021 (685 in chips) 
dareios112: posts small blind 20
Mahu2021: posts big blind 40
*** HOLE CARDS ***
Dealt to Mahu2021 [5h 2d]
dareios112: calls 20
Mahu2021: checks 
*** FLOP *** [Qc Kd 6c]
Mahu2021: checks 
dareios112: checks 
*** TURN *** [Qc Kd 6c] [Ks]
Mahu2021: checks 
dareios112: checks 
*** RIVER *** [Qc Kd 6c Ks] [2h]
Mahu2021: bets 40
dareios112: calls 40
*** SHOW DOWN ***
Mahu2021: shows [5h 2d] (two pair, Kings and Deuces)
dareios112: mucks hand 
Mahu2021 collected 160 from pot
*** SUMMARY ***
Total pot 160 | Rake 0 
Board [Qc Kd 6c Ks 2h]
Seat 2: dareios112 (button) (small blind) mucked [Tc Ac]
Seat 3: Mahu2021 (big blind) showed [5h 2d] and won (160) with two pair, Kings and Deuces



PokerStars Hand #243276282878: Tournament #3581698278, $0.92+$0.08 USD Hold'em No Limit - Level III (20/40) - 2023/04/23 21:56:37 CET [2023/04/23 15:56:37 ET]
Table '3581698278 1' 3-max Seat #3 is the button
Seat 2: dareios112 (735 in chips) 
Seat 3: Mahu2021 (765 in chips) 
Mahu2021: posts small blind 20
dareios112: posts big blind 40
*** HOLE CARDS ***
Dealt to Mahu2021 [Qs 3h]
Mahu2021: calls 20
dareios112: checks 
*** FLOP *** [Ks 5d 7d]
dareios112: checks 
Mahu2021: bets 40
dareios112: folds 
Uncalled bet (40) returned to Mahu2021
Mahu2021 collected 80 from pot
Mahu2021: doesn't show hand 
*** SUMMARY ***
Total pot 80 | Rake 0 
Board [Ks 5d 7d]
Seat 2: dareios112 (big blind) folded on the Flop
Seat 3: Mahu2021 (button) (small blind) collected (80)



PokerStars Hand #243276285491: Tournament #3581698278, $0.92+$0.08 USD Hold'em No Limit - Level III (20/40) - 2023/04/23 21:56:46 CET [2023/04/23 15:56:46 ET]
Table '3581698278 1' 3-max Seat #2 is the button
Seat 2: dareios112 (695 in chips) 
Seat 3: Mahu2021 (805 in chips) 
dareios112: posts small blind 20
Mahu2021: posts big blind 40
*** HOLE CARDS ***
Dealt to Mahu2021 [2h Qh]
dareios112: raises 160 to 200
Mahu2021: folds 
Uncalled bet (160) returned to dareios112
dareios112 collected 80 from pot
dareios112: doesn't show hand 
*** SUMMARY ***
Total pot 80 | Rake 0 
Seat 2: dareios112 (button) (small blind) collected (80)
Seat 3: Mahu2021 (big blind) folded before Flop



PokerStars Hand #243276287283: Tournament #3581698278, $0.92+$0.08 USD Hold'em No Limit - Level III (20/40) - 2023/04/23 21:56:53 CET [2023/04/23 15:56:53 ET]
Table '3581698278 1' 3-max Seat #3 is the button
Seat 2: dareios112 (735 in chips) 
Seat 3: Mahu2021 (765 in chips) 
Mahu2021: posts small blind 20
dareios112: posts big blind 40
*** HOLE CARDS ***
Dealt to Mahu2021 [4c Th]
Mahu2021: folds 
Uncalled bet (20) returned to dareios112
dareios112 collected 40 from pot
dareios112: doesn't show hand 
*** SUMMARY ***
Total pot 40 | Rake 0 
Seat 2: dareios112 (big blind) collected (40)
Seat 3: Mahu2021 (button) (small blind) folded before Flop



PokerStars Hand #243276288584: Tournament #3581698278, $0.92+$0.08 USD Hold'em No Limit - Level III (20/40) - 2023/04/23 21:56:58 CET [2023/04/23 15:56:58 ET]
Table '3581698278 1' 3-max Seat #2 is the button
Seat 2: dareios112 (755 in chips) 
Seat 3: Mahu2021 (745 in chips) 
dareios112: posts small blind 20
Mahu2021: posts big blind 40
*** HOLE CARDS ***
Dealt to Mahu2021 [6c Jc]
dareios112: calls 20
Mahu2021: checks 
*** FLOP *** [2d 4d 6h]
Mahu2021: bets 80
dareios112: folds 
Uncalled bet (80) returned to Mahu2021
Mahu2021 collected 80 from pot
Mahu2021: doesn't show hand 
*** SUMMARY ***
Total pot 80 | Rake 0 
Board [2d 4d 6h]
Seat 2: dareios112 (button) (small blind) folded on the Flop
Seat 3: Mahu2021 (big blind) collected (80)



PokerStars Hand #243276291229: Tournament #3581698278, $0.92+$0.08 USD Hold'em No Limit - Level III (20/40) - 2023/04/23 21:57:07 CET [2023/04/23 15:57:07 ET]
Table '3581698278 1' 3-max Seat #3 is the button
Seat 2: dareios112 (715 in chips) 
Seat 3: Mahu2021 (785 in chips) 
Mahu2021: posts small blind 20
dareios112: posts big blind 40
*** HOLE CARDS ***
Dealt to Mahu2021 [Jd 2h]
Mahu2021: calls 20
dareios112: checks 
*** FLOP *** [2s 3s Qs]
dareios112: checks 
Mahu2021: bets 80
dareios112: calls 80
*** TURN *** [2s 3s Qs] [5s]
dareios112: checks 
Mahu2021: checks 
*** RIVER *** [2s 3s Qs 5s] [7s]
dareios112: bets 595 and is all-in
Mahu2021: folds 
Uncalled bet (595) returned to dareios112
dareios112 collected 240 from pot
dareios112: doesn't show hand 
*** SUMMARY ***
Total pot 240 | Rake 0 
Board [2s 3s Qs 5s 7s]
Seat 2: dareios112 (big blind) collected (240)
Seat 3: Mahu2021 (button) (small blind) folded on the River



PokerStars Hand #243276295630: Tournament #3581698278, $0.92+$0.08 USD Hold'em No Limit - Level III (20/40) - 2023/04/23 21:57:23 CET [2023/04/23 15:57:23 ET]
Table '3581698278 1' 3-max Seat #2 is the button
Seat 2: dareios112 (835 in chips) 
Seat 3: Mahu2021 (665 in chips) 
dareios112: posts small blind 20
Mahu2021: posts big blind 40
*** HOLE CARDS ***
Dealt to Mahu2021 [5c 6s]
dareios112: calls 20
Mahu2021: checks 
*** FLOP *** [9d Qh Kc]
Mahu2021: bets 80
dareios112: calls 80
*** TURN *** [9d Qh Kc] [5h]
Mahu2021: checks 
dareios112: bets 715 and is all-in
Mahu2021: folds 
Uncalled bet (715) returned to dareios112
dareios112 collected 240 from pot
dareios112: doesn't show hand 
*** SUMMARY ***
Total pot 240 | Rake 0 
Board [9d Qh Kc 5h]
Seat 2: dareios112 (button) (small blind) collected (240)
Seat 3: Mahu2021 (big blind) folded on the Turn



PokerStars Hand #243276299554: Tournament #3581698278, $0.92+$0.08 USD Hold'em No Limit - Level III (20/40) - 2023/04/23 21:57:38 CET [2023/04/23 15:57:38 ET]
Table '3581698278 1' 3-max Seat #3 is the button
Seat 2: dareios112 (955 in chips) 
Seat 3: Mahu2021 (545 in chips) 
Mahu2021: posts small blind 20
dareios112: posts big blind 40
*** HOLE CARDS ***
Dealt to Mahu2021 [Kc 4h]
Mahu2021: calls 20
dareios112: raises 120 to 160
Mahu2021: folds 
Uncalled bet (120) returned to dareios112
dareios112 collected 80 from pot
dareios112: doesn't show hand 
*** SUMMARY ***
Total pot 80 | Rake 0 
Seat 2: dareios112 (big blind) collected (80)
Seat 3: Mahu2021 (button) (small blind) folded before Flop



PokerStars Hand #243276301704: Tournament #3581698278, $0.92+$0.08 USD Hold'em No Limit - Level III (20/40) - 2023/04/23 21:57:45 CET [2023/04/23 15:57:45 ET]
Table '3581698278 1' 3-max Seat #2 is the button
Seat 2: dareios112 (995 in chips) 
Seat 3: Mahu2021 (505 in chips) 
dareios112: posts small blind 20
Mahu2021: posts big blind 40
*** HOLE CARDS ***
Dealt to Mahu2021 [9c Jc]
dareios112: calls 20
Mahu2021: checks 
*** FLOP *** [4s Ah 7c]
Mahu2021: checks 
dareios112: checks 
*** TURN *** [4s Ah 7c] [5s]
Mahu2021: checks 
dareios112: checks 
*** RIVER *** [4s Ah 7c 5s] [9d]
Mahu2021: checks 
dareios112: bets 80
Mahu2021: calls 80
*** SHOW DOWN ***
dareios112: shows [Jd 9h] (a pair of Nines)
Mahu2021: shows [9c Jc] (a pair of Nines)
Mahu2021 collected 120 from pot
dareios112 collected 120 from pot
*** SUMMARY ***
Total pot 240 | Rake 0 
Board [4s Ah 7c 5s 9d]
Seat 2: dareios112 (button) (small blind) showed [Jd 9h] and won (120) with a pair of Nines
Seat 3: Mahu2021 (big blind) showed [9c Jc] and won (120) with a pair of Nines



PokerStars Hand #243276306027: Tournament #3581698278, $0.92+$0.08 USD Hold'em No Limit - Level IV (30/60) - 2023/04/23 21:58:02 CET [2023/04/23 15:58:02 ET]
Table '3581698278 1' 3-max Seat #3 is the button
Seat 2: dareios112 (995 in chips) 
Seat 3: Mahu2021 (505 in chips) 
Mahu2021: posts small blind 30
dareios112: posts big blind 60
*** HOLE CARDS ***
Dealt to Mahu2021 [7s 4s]
Mahu2021: calls 30
dareios112: checks 
*** FLOP *** [8d 9h 3h]
dareios112: checks 
Mahu2021: checks 
*** TURN *** [8d 9h 3h] [Jd]
dareios112: checks 
Mahu2021: checks 
*** RIVER *** [8d 9h 3h Jd] [5h]
dareios112: checks 
Mahu2021: checks 
*** SHOW DOWN ***
dareios112: shows [3c Kd] (a pair of Threes)
Mahu2021: mucks hand 
dareios112 collected 120 from pot
*** SUMMARY ***
Total pot 120 | Rake 0 
Board [8d 9h 3h Jd 5h]
Seat 2: dareios112 (big blind) showed [3c Kd] and won (120) with a pair of Threes
Seat 3: Mahu2021 (button) (small blind) mucked [7s 4s]



PokerStars Hand #243276309580: Tournament #3581698278, $0.92+$0.08 USD Hold'em No Limit - Level IV (30/60) - 2023/04/23 21:58:15 CET [2023/04/23 15:58:15 ET]
Table '3581698278 1' 3-max Seat #2 is the button
Seat 2: dareios112 (1055 in chips) 
Seat 3: Mahu2021 (445 in chips) 
dareios112: posts small blind 30
Mahu2021: posts big blind 60
*** HOLE CARDS ***
Dealt to Mahu2021 [4s 4c]
dareios112: calls 30
Mahu2021: raises 385 to 445 and is all-in
dareios112: calls 385
*** FLOP *** [Kd Jh Ts]
*** TURN *** [Kd Jh Ts] [7s]
*** RIVER *** [Kd Jh Ts 7s] [3s]
*** SHOW DOWN ***
Mahu2021: shows [4s 4c] (a pair of Fours)
dareios112: shows [Kc Jc] (two pair, Kings and Jacks)
dareios112 collected 890 from pot
Mahu2021 finished the tournament in 2nd place
dareios112 wins the tournament and receives $2.00 - congratulations!
*** SUMMARY ***
Total pot 890 | Rake 0 
Board [Kd Jh Ts 7s 3s]
Seat 2: dareios112 (button) (small blind) showed [Kc Jc] and won (890) with two pair, Kings and Jacks
Seat 3: Mahu2021 (big blind) showed [4s 4c] and lost with a pair of Fours



