PokerStars Hand #254937905573: Tournament #3860615689, $4.60+$0.40 USD Hold'em No Limit - Level I (10/20) - 2025/02/19 10:10:25 CET [2025/02/19 4:10:25 ET]
Table '3860615689 1' 3-max Seat #1 is the button
Seat 1: Mahu2021 (500 in chips) 
Seat 2: alifred20 (500 in chips) 
Seat 3: donjanser (500 in chips) 
alifred20: posts small blind 10
donjanser: posts big blind 20
*** HOLE CARDS ***
Dealt to Mahu2021 [7c Ah]
Mahu2021: folds 
alifred20: raises 20 to 40
donjanser: calls 20
*** FLOP *** [2h 6d Kh]
alifred20: checks 
donjanser: checks 
*** TURN *** [2h 6d Kh] [5s]
alifred20: checks 
donjanser: bets 40
alifred20: calls 40
*** RIVER *** [2h 6d Kh 5s] [6h]
alifred20: checks 
donjanser: bets 100
alifred20: folds 
Uncalled bet (100) returned to donjanser
donjanser collected 160 from pot
donjanser: doesn't show hand 
*** SUMMARY ***
Total pot 160 | Rake 0 
Board [2h 6d Kh 5s 6h]
Seat 1: Mahu2021 (button) folded before Flop (didn't bet)
Seat 2: alifred20 (small blind) folded on the River
Seat 3: donjanser (big blind) collected (160)



PokerStars Hand #254937907886: Tournament #3860615689, $4.60+$0.40 USD Hold'em No Limit - Level I (10/20) - 2025/02/19 10:10:51 CET [2025/02/19 4:10:51 ET]
Table '3860615689 1' 3-max Seat #2 is the button
Seat 1: Mahu2021 (500 in chips) 
Seat 2: alifred20 (420 in chips) 
Seat 3: donjanser (580 in chips) 
donjanser: posts small blind 10
Mahu2021: posts big blind 20
*** HOLE CARDS ***
Dealt to Mahu2021 [Js Ac]
alifred20: calls 20
donjanser: calls 10
Mahu2021: raises 120 to 140
alifred20: folds 
donjanser: folds 
Uncalled bet (120) returned to Mahu2021
Mahu2021 collected 60 from pot
Mahu2021: doesn't show hand 
*** SUMMARY ***
Total pot 60 | Rake 0 
Seat 1: Mahu2021 (big blind) collected (60)
Seat 2: alifred20 (button) folded before Flop
Seat 3: donjanser (small blind) folded before Flop



PokerStars Hand #254937910231: Tournament #3860615689, $4.60+$0.40 USD Hold'em No Limit - Level I (10/20) - 2025/02/19 10:11:18 CET [2025/02/19 4:11:18 ET]
Table '3860615689 1' 3-max Seat #3 is the button
Seat 1: Mahu2021 (540 in chips) 
Seat 2: alifred20 (400 in chips) 
Seat 3: donjanser (560 in chips) 
Mahu2021: posts small blind 10
alifred20: posts big blind 20
*** HOLE CARDS ***
Dealt to Mahu2021 [8d Td]
donjanser: raises 20 to 40
Mahu2021: folds 
alifred20: calls 20
*** FLOP *** [As 2s 9d]
alifred20: checks 
donjanser: bets 60
alifred20: calls 60
*** TURN *** [As 2s 9d] [7h]
alifred20: checks 
donjanser: bets 120
alifred20: calls 120
*** RIVER *** [As 2s 9d 7h] [9h]
alifred20: bets 180 and is all-in
donjanser: calls 180
*** SHOW DOWN ***
alifred20: shows [3s 9s] (three of a kind, Nines)
donjanser: shows [3h Ac] (two pair, Aces and Nines)
alifred20 collected 810 from pot
*** SUMMARY ***
Total pot 810 | Rake 0 
Board [As 2s 9d 7h 9h]
Seat 1: Mahu2021 (small blind) folded before Flop
Seat 2: alifred20 (big blind) showed [3s 9s] and won (810) with three of a kind, Nines
Seat 3: donjanser (button) showed [3h Ac] and lost with two pair, Aces and Nines



PokerStars Hand #254937913155: Tournament #3860615689, $4.60+$0.40 USD Hold'em No Limit - Level I (10/20) - 2025/02/19 10:11:52 CET [2025/02/19 4:11:52 ET]
Table '3860615689 1' 3-max Seat #1 is the button
Seat 1: Mahu2021 (530 in chips) 
Seat 2: alifred20 (810 in chips) 
Seat 3: donjanser (160 in chips) 
alifred20: posts small blind 10
donjanser: posts big blind 20
*** HOLE CARDS ***
Dealt to Mahu2021 [Ad Ts]
Mahu2021: raises 20 to 40
alifred20: calls 30
donjanser: raises 120 to 160 and is all-in
Mahu2021: calls 120
alifred20: calls 120
*** FLOP *** [9h Tc 5c]
alifred20: checks 
Mahu2021: bets 370 and is all-in
alifred20: folds 
Uncalled bet (370) returned to Mahu2021
*** TURN *** [9h Tc 5c] [Kd]
*** RIVER *** [9h Tc 5c Kd] [4c]
*** SHOW DOWN ***
donjanser: shows [Kc Th] (two pair, Kings and Tens)
Mahu2021: shows [Ad Ts] (a pair of Tens)
donjanser collected 480 from pot
*** SUMMARY ***
Total pot 480 | Rake 0 
Board [9h Tc 5c Kd 4c]
Seat 1: Mahu2021 (button) showed [Ad Ts] and lost with a pair of Tens
Seat 2: alifred20 (small blind) folded on the Flop
Seat 3: donjanser (big blind) showed [Kc Th] and won (480) with two pair, Kings and Tens



PokerStars Hand #254937915621: Tournament #3860615689, $4.60+$0.40 USD Hold'em No Limit - Level I (10/20) - 2025/02/19 10:12:20 CET [2025/02/19 4:12:20 ET]
Table '3860615689 1' 3-max Seat #2 is the button
Seat 1: Mahu2021 (370 in chips) 
Seat 2: alifred20 (650 in chips) 
Seat 3: donjanser (480 in chips) 
donjanser: posts small blind 10
Mahu2021: posts big blind 20
*** HOLE CARDS ***
Dealt to Mahu2021 [5c Tc]
alifred20: folds 
donjanser: raises 20 to 40
Mahu2021: calls 20
*** FLOP *** [8h 3h Ks]
donjanser: bets 60
Mahu2021: folds 
Uncalled bet (60) returned to donjanser
donjanser collected 80 from pot
donjanser: doesn't show hand 
*** SUMMARY ***
Total pot 80 | Rake 0 
Board [8h 3h Ks]
Seat 1: Mahu2021 (big blind) folded on the Flop
Seat 2: alifred20 (button) folded before Flop (didn't bet)
Seat 3: donjanser (small blind) collected (80)



PokerStars Hand #254937917103: Tournament #3860615689, $4.60+$0.40 USD Hold'em No Limit - Level II (15/30) - 2025/02/19 10:12:37 CET [2025/02/19 4:12:37 ET]
Table '3860615689 1' 3-max Seat #3 is the button
Seat 1: Mahu2021 (330 in chips) 
Seat 2: alifred20 (650 in chips) 
Seat 3: donjanser (520 in chips) 
Mahu2021: posts small blind 15
alifred20: posts big blind 30
*** HOLE CARDS ***
Dealt to Mahu2021 [4h 8c]
donjanser: raises 30 to 60
Mahu2021: folds 
alifred20: folds 
Uncalled bet (30) returned to donjanser
donjanser collected 75 from pot
donjanser: doesn't show hand 
*** SUMMARY ***
Total pot 75 | Rake 0 
Seat 1: Mahu2021 (small blind) folded before Flop
Seat 2: alifred20 (big blind) folded before Flop
Seat 3: donjanser (button) collected (75)



PokerStars Hand #254937918379: Tournament #3860615689, $4.60+$0.40 USD Hold'em No Limit - Level II (15/30) - 2025/02/19 10:12:52 CET [2025/02/19 4:12:52 ET]
Table '3860615689 1' 3-max Seat #1 is the button
Seat 1: Mahu2021 (315 in chips) 
Seat 2: alifred20 (620 in chips) 
Seat 3: donjanser (565 in chips) 
alifred20: posts small blind 15
donjanser: posts big blind 30
*** HOLE CARDS ***
Dealt to Mahu2021 [7c 6h]
Mahu2021: folds 
alifred20: calls 15
donjanser: checks 
*** FLOP *** [Js 3s 2h]
alifred20: bets 90
donjanser: calls 90
*** TURN *** [Js 3s 2h] [5d]
alifred20: bets 90
donjanser: calls 90
*** RIVER *** [Js 3s 2h 5d] [Ts]
alifred20: bets 120
donjanser: raises 235 to 355 and is all-in
alifred20: calls 235
*** SHOW DOWN ***
donjanser: shows [9h 2d] (a pair of Deuces)
alifred20: shows [2s 6s] (a flush, Jack high)
alifred20 collected 1130 from pot
donjanser finished the tournament in 3rd place
*** SUMMARY ***
Total pot 1130 | Rake 0 
Board [Js 3s 2h 5d Ts]
Seat 1: Mahu2021 (button) folded before Flop (didn't bet)
Seat 2: alifred20 (small blind) showed [2s 6s] and won (1130) with a flush, Jack high
Seat 3: donjanser (big blind) showed [9h 2d] and lost with a pair of Deuces



PokerStars Hand #254937921224: Tournament #3860615689, $4.60+$0.40 USD Hold'em No Limit - Level II (15/30) - 2025/02/19 10:13:25 CET [2025/02/19 4:13:25 ET]
Table '3860615689 1' 3-max Seat #2 is the button
Seat 1: Mahu2021 (315 in chips) 
Seat 2: alifred20 (1185 in chips) 
alifred20: posts small blind 15
Mahu2021: posts big blind 30
*** HOLE CARDS ***
Dealt to Mahu2021 [9s 4h]
alifred20: calls 15
Mahu2021: checks 
*** FLOP *** [7c 5h Tc]
Mahu2021: checks 
alifred20: checks 
*** TURN *** [7c 5h Tc] [Qc]
Mahu2021: checks 
alifred20: bets 30
Mahu2021: folds 
Uncalled bet (30) returned to alifred20
alifred20 collected 60 from pot
*** SUMMARY ***
Total pot 60 | Rake 0 
Board [7c 5h Tc Qc]
Seat 1: Mahu2021 (big blind) folded on the Turn
Seat 2: alifred20 (button) (small blind) collected (60)



PokerStars Hand #254937922115: Tournament #3860615689, $4.60+$0.40 USD Hold'em No Limit - Level II (15/30) - 2025/02/19 10:13:35 CET [2025/02/19 4:13:35 ET]
Table '3860615689 1' 3-max Seat #1 is the button
Seat 1: Mahu2021 (285 in chips) 
Seat 2: alifred20 (1215 in chips) 
Mahu2021: posts small blind 15
alifred20: posts big blind 30
*** HOLE CARDS ***
Dealt to Mahu2021 [7c 3d]
Mahu2021: folds 
Uncalled bet (15) returned to alifred20
alifred20 collected 30 from pot
*** SUMMARY ***
Total pot 30 | Rake 0 
Seat 1: Mahu2021 (button) (small blind) folded before Flop
Seat 2: alifred20 (big blind) collected (30)



PokerStars Hand #254937922538: Tournament #3860615689, $4.60+$0.40 USD Hold'em No Limit - Level II (15/30) - 2025/02/19 10:13:39 CET [2025/02/19 4:13:39 ET]
Table '3860615689 1' 3-max Seat #2 is the button
Seat 1: Mahu2021 (270 in chips) 
Seat 2: alifred20 (1230 in chips) 
alifred20: posts small blind 15
Mahu2021: posts big blind 30
*** HOLE CARDS ***
Dealt to Mahu2021 [9d 8s]
alifred20: folds 
Uncalled bet (15) returned to Mahu2021
Mahu2021 collected 30 from pot
Mahu2021: doesn't show hand 
*** SUMMARY ***
Total pot 30 | Rake 0 
Seat 1: Mahu2021 (big blind) collected (30)
Seat 2: alifred20 (button) (small blind) folded before Flop



PokerStars Hand #254937922888: Tournament #3860615689, $4.60+$0.40 USD Hold'em No Limit - Level II (15/30) - 2025/02/19 10:13:43 CET [2025/02/19 4:13:43 ET]
Table '3860615689 1' 3-max Seat #1 is the button
Seat 1: Mahu2021 (285 in chips) 
Seat 2: alifred20 (1215 in chips) 
Mahu2021: posts small blind 15
alifred20: posts big blind 30
*** HOLE CARDS ***
Dealt to Mahu2021 [7h 8c]
Mahu2021: raises 30 to 60
alifred20: raises 90 to 150
Mahu2021: folds 
Uncalled bet (90) returned to alifred20
alifred20 collected 120 from pot
*** SUMMARY ***
Total pot 120 | Rake 0 
Seat 1: Mahu2021 (button) (small blind) folded before Flop
Seat 2: alifred20 (big blind) collected (120)



PokerStars Hand #254937923613: Tournament #3860615689, $4.60+$0.40 USD Hold'em No Limit - Level II (15/30) - 2025/02/19 10:13:52 CET [2025/02/19 4:13:52 ET]
Table '3860615689 1' 3-max Seat #2 is the button
Seat 1: Mahu2021 (225 in chips) 
Seat 2: alifred20 (1275 in chips) 
alifred20: posts small blind 15
Mahu2021: posts big blind 30
*** HOLE CARDS ***
Dealt to Mahu2021 [Ah Js]
alifred20: folds 
Uncalled bet (15) returned to Mahu2021
Mahu2021 collected 30 from pot
Mahu2021: doesn't show hand 
*** SUMMARY ***
Total pot 30 | Rake 0 
Seat 1: Mahu2021 (big blind) collected (30)
Seat 2: alifred20 (button) (small blind) folded before Flop



PokerStars Hand #254937923939: Tournament #3860615689, $4.60+$0.40 USD Hold'em No Limit - Level II (15/30) - 2025/02/19 10:13:55 CET [2025/02/19 4:13:55 ET]
Table '3860615689 1' 3-max Seat #1 is the button
Seat 1: Mahu2021 (240 in chips) 
Seat 2: alifred20 (1260 in chips) 
Mahu2021: posts small blind 15
alifred20: posts big blind 30
*** HOLE CARDS ***
Dealt to Mahu2021 [8s 5d]
Mahu2021: folds 
Uncalled bet (15) returned to alifred20
alifred20 collected 30 from pot
*** SUMMARY ***
Total pot 30 | Rake 0 
Seat 1: Mahu2021 (button) (small blind) folded before Flop
Seat 2: alifred20 (big blind) collected (30)



PokerStars Hand #254937924386: Tournament #3860615689, $4.60+$0.40 USD Hold'em No Limit - Level II (15/30) - 2025/02/19 10:14:00 CET [2025/02/19 4:14:00 ET]
Table '3860615689 1' 3-max Seat #2 is the button
Seat 1: Mahu2021 (225 in chips) 
Seat 2: alifred20 (1275 in chips) 
alifred20: posts small blind 15
Mahu2021: posts big blind 30
*** HOLE CARDS ***
Dealt to Mahu2021 [8s Ts]
alifred20: raises 30 to 60
Mahu2021: calls 30
*** FLOP *** [6c 2d Js]
Mahu2021: checks 
alifred20: checks 
*** TURN *** [6c 2d Js] [8c]
Mahu2021: bets 60
alifred20: calls 60
*** RIVER *** [6c 2d Js 8c] [4d]
Mahu2021: bets 105 and is all-in
alifred20: folds 
Uncalled bet (105) returned to Mahu2021
Mahu2021 collected 240 from pot
Mahu2021: doesn't show hand 
*** SUMMARY ***
Total pot 240 | Rake 0 
Board [6c 2d Js 8c 4d]
Seat 1: Mahu2021 (big blind) collected (240)
Seat 2: alifred20 (button) (small blind) folded on the River



PokerStars Hand #254937925679: Tournament #3860615689, $4.60+$0.40 USD Hold'em No Limit - Level II (15/30) - 2025/02/19 10:14:15 CET [2025/02/19 4:14:15 ET]
Table '3860615689 1' 3-max Seat #1 is the button
Seat 1: Mahu2021 (345 in chips) 
Seat 2: alifred20 (1155 in chips) 
Mahu2021: posts small blind 15
alifred20: posts big blind 30
*** HOLE CARDS ***
Dealt to Mahu2021 [2c 7h]
Mahu2021: folds 
Uncalled bet (15) returned to alifred20
alifred20 collected 30 from pot
*** SUMMARY ***
Total pot 30 | Rake 0 
Seat 1: Mahu2021 (button) (small blind) folded before Flop
Seat 2: alifred20 (big blind) collected (30)



PokerStars Hand #254937926085: Tournament #3860615689, $4.60+$0.40 USD Hold'em No Limit - Level II (15/30) - 2025/02/19 10:14:20 CET [2025/02/19 4:14:20 ET]
Table '3860615689 1' 3-max Seat #2 is the button
Seat 1: Mahu2021 (330 in chips) 
Seat 2: alifred20 (1170 in chips) 
alifred20: posts small blind 15
Mahu2021: posts big blind 30
*** HOLE CARDS ***
Dealt to Mahu2021 [3c Kc]
alifred20: folds 
Uncalled bet (15) returned to Mahu2021
Mahu2021 collected 30 from pot
Mahu2021: doesn't show hand 
*** SUMMARY ***
Total pot 30 | Rake 0 
Seat 1: Mahu2021 (big blind) collected (30)
Seat 2: alifred20 (button) (small blind) folded before Flop



PokerStars Hand #254937926451: Tournament #3860615689, $4.60+$0.40 USD Hold'em No Limit - Level II (15/30) - 2025/02/19 10:14:24 CET [2025/02/19 4:14:24 ET]
Table '3860615689 1' 3-max Seat #1 is the button
Seat 1: Mahu2021 (345 in chips) 
Seat 2: alifred20 (1155 in chips) 
Mahu2021: posts small blind 15
alifred20: posts big blind 30
*** HOLE CARDS ***
Dealt to Mahu2021 [3h 6c]
Mahu2021: folds 
Uncalled bet (15) returned to alifred20
alifred20 collected 30 from pot
*** SUMMARY ***
Total pot 30 | Rake 0 
Seat 1: Mahu2021 (button) (small blind) folded before Flop
Seat 2: alifred20 (big blind) collected (30)



PokerStars Hand #254937927150: Tournament #3860615689, $4.60+$0.40 USD Hold'em No Limit - Level III (20/40) - 2025/02/19 10:14:31 CET [2025/02/19 4:14:31 ET]
Table '3860615689 1' 3-max Seat #2 is the button
Seat 1: Mahu2021 (330 in chips) 
Seat 2: alifred20 (1170 in chips) 
alifred20: posts small blind 20
Mahu2021: posts big blind 40
*** HOLE CARDS ***
Dealt to Mahu2021 [2h 6h]
alifred20: calls 20
Mahu2021: checks 
*** FLOP *** [Ts 3c 5c]
Mahu2021: checks 
alifred20: checks 
*** TURN *** [Ts 3c 5c] [Ad]
Mahu2021: checks 
alifred20: checks 
*** RIVER *** [Ts 3c 5c Ad] [Js]
Mahu2021: checks 
alifred20: checks 
*** SHOW DOWN ***
Mahu2021: shows [2h 6h] (high card Ace)
alifred20: shows [Kh 6c] (high card Ace - King kicker)
alifred20 collected 80 from pot
*** SUMMARY ***
Total pot 80 | Rake 0 
Board [Ts 3c 5c Ad Js]
Seat 1: Mahu2021 (big blind) showed [2h 6h] and lost with high card Ace
Seat 2: alifred20 (button) (small blind) showed [Kh 6c] and won (80) with high card Ace



PokerStars Hand #254937928146: Tournament #3860615689, $4.60+$0.40 USD Hold'em No Limit - Level III (20/40) - 2025/02/19 10:14:43 CET [2025/02/19 4:14:43 ET]
Table '3860615689 1' 3-max Seat #1 is the button
Seat 1: Mahu2021 (290 in chips) 
Seat 2: alifred20 (1210 in chips) 
Mahu2021: posts small blind 20
alifred20: posts big blind 40
*** HOLE CARDS ***
Dealt to Mahu2021 [7d Tc]
Mahu2021: folds 
Uncalled bet (20) returned to alifred20
alifred20 collected 40 from pot
*** SUMMARY ***
Total pot 40 | Rake 0 
Seat 1: Mahu2021 (button) (small blind) folded before Flop
Seat 2: alifred20 (big blind) collected (40)



PokerStars Hand #254937928725: Tournament #3860615689, $4.60+$0.40 USD Hold'em No Limit - Level III (20/40) - 2025/02/19 10:14:49 CET [2025/02/19 4:14:49 ET]
Table '3860615689 1' 3-max Seat #2 is the button
Seat 1: Mahu2021 (270 in chips) 
Seat 2: alifred20 (1230 in chips) 
alifred20: posts small blind 20
Mahu2021: posts big blind 40
*** HOLE CARDS ***
Dealt to Mahu2021 [4s 6d]
alifred20: calls 20
Mahu2021: checks 
*** FLOP *** [Td Ac 4d]
Mahu2021: checks 
alifred20: checks 
*** TURN *** [Td Ac 4d] [Kc]
Mahu2021: checks 
alifred20: checks 
*** RIVER *** [Td Ac 4d Kc] [2d]
Mahu2021: checks 
alifred20: checks 
*** SHOW DOWN ***
Mahu2021: shows [4s 6d] (a pair of Fours)
alifred20: mucks hand 
Mahu2021 collected 80 from pot
*** SUMMARY ***
Total pot 80 | Rake 0 
Board [Td Ac 4d Kc 2d]
Seat 1: Mahu2021 (big blind) showed [4s 6d] and won (80) with a pair of Fours
Seat 2: alifred20 (button) (small blind) mucked [9c Jd]



PokerStars Hand #254937929736: Tournament #3860615689, $4.60+$0.40 USD Hold'em No Limit - Level III (20/40) - 2025/02/19 10:15:01 CET [2025/02/19 4:15:01 ET]
Table '3860615689 1' 3-max Seat #1 is the button
Seat 1: Mahu2021 (310 in chips) 
Seat 2: alifred20 (1190 in chips) 
Mahu2021: posts small blind 20
alifred20: posts big blind 40
*** HOLE CARDS ***
Dealt to Mahu2021 [9d Tc]
Mahu2021: calls 20
alifred20: checks 
*** FLOP *** [Ah Qd 6s]
alifred20: checks 
Mahu2021: checks 
*** TURN *** [Ah Qd 6s] [8s]
alifred20: checks 
Mahu2021: checks 
*** RIVER *** [Ah Qd 6s 8s] [9s]
alifred20: checks 
Mahu2021: checks 
*** SHOW DOWN ***
alifred20: shows [4c 7c] (high card Ace)
Mahu2021: shows [9d Tc] (a pair of Nines)
Mahu2021 collected 80 from pot
*** SUMMARY ***
Total pot 80 | Rake 0 
Board [Ah Qd 6s 8s 9s]
Seat 1: Mahu2021 (button) (small blind) showed [9d Tc] and won (80) with a pair of Nines
Seat 2: alifred20 (big blind) showed [4c 7c] and lost with high card Ace



PokerStars Hand #254937930875: Tournament #3860615689, $4.60+$0.40 USD Hold'em No Limit - Level III (20/40) - 2025/02/19 10:15:14 CET [2025/02/19 4:15:14 ET]
Table '3860615689 1' 3-max Seat #2 is the button
Seat 1: Mahu2021 (350 in chips) 
Seat 2: alifred20 (1150 in chips) 
alifred20: posts small blind 20
Mahu2021: posts big blind 40
*** HOLE CARDS ***
Dealt to Mahu2021 [2d Ac]
alifred20: raises 40 to 80
Mahu2021: folds 
Uncalled bet (40) returned to alifred20
alifred20 collected 80 from pot
*** SUMMARY ***
Total pot 80 | Rake 0 
Seat 1: Mahu2021 (big blind) folded before Flop
Seat 2: alifred20 (button) (small blind) collected (80)



PokerStars Hand #254937931500: Tournament #3860615689, $4.60+$0.40 USD Hold'em No Limit - Level III (20/40) - 2025/02/19 10:15:21 CET [2025/02/19 4:15:21 ET]
Table '3860615689 1' 3-max Seat #1 is the button
Seat 1: Mahu2021 (310 in chips) 
Seat 2: alifred20 (1190 in chips) 
Mahu2021: posts small blind 20
alifred20: posts big blind 40
*** HOLE CARDS ***
Dealt to Mahu2021 [9d 3s]
Mahu2021: folds 
Uncalled bet (20) returned to alifred20
alifred20 collected 40 from pot
*** SUMMARY ***
Total pot 40 | Rake 0 
Seat 1: Mahu2021 (button) (small blind) folded before Flop
Seat 2: alifred20 (big blind) collected (40)



PokerStars Hand #254937931865: Tournament #3860615689, $4.60+$0.40 USD Hold'em No Limit - Level III (20/40) - 2025/02/19 10:15:25 CET [2025/02/19 4:15:25 ET]
Table '3860615689 1' 3-max Seat #2 is the button
Seat 1: Mahu2021 (290 in chips) 
Seat 2: alifred20 (1210 in chips) 
alifred20: posts small blind 20
Mahu2021: posts big blind 40
*** HOLE CARDS ***
Dealt to Mahu2021 [Qd 2d]
alifred20: calls 20
Mahu2021: checks 
*** FLOP *** [Th Kd 6s]
Mahu2021: checks 
alifred20: checks 
*** TURN *** [Th Kd 6s] [Ks]
Mahu2021: checks 
alifred20: bets 40
Mahu2021: folds 
Uncalled bet (40) returned to alifred20
alifred20 collected 80 from pot
*** SUMMARY ***
Total pot 80 | Rake 0 
Board [Th Kd 6s Ks]
Seat 1: Mahu2021 (big blind) folded on the Turn
Seat 2: alifred20 (button) (small blind) collected (80)



PokerStars Hand #254937932795: Tournament #3860615689, $4.60+$0.40 USD Hold'em No Limit - Level III (20/40) - 2025/02/19 10:15:36 CET [2025/02/19 4:15:36 ET]
Table '3860615689 1' 3-max Seat #1 is the button
Seat 1: Mahu2021 (250 in chips) 
Seat 2: alifred20 (1250 in chips) 
Mahu2021: posts small blind 20
alifred20: posts big blind 40
*** HOLE CARDS ***
Dealt to Mahu2021 [5s Jh]
Mahu2021: calls 20
alifred20: checks 
*** FLOP *** [6h 3h Jc]
alifred20: checks 
Mahu2021: checks 
*** TURN *** [6h 3h Jc] [2h]
alifred20: checks 
Mahu2021: bets 40
alifred20: calls 40
*** RIVER *** [6h 3h Jc 2h] [4s]
alifred20: bets 1170 and is all-in
Mahu2021: calls 170 and is all-in
Uncalled bet (1000) returned to alifred20
*** SHOW DOWN ***
alifred20: shows [Kh 5c] (a straight, Deuce to Six)
Mahu2021: shows [5s Jh] (a straight, Deuce to Six)
alifred20 collected 250 from pot
Mahu2021 collected 250 from pot
*** SUMMARY ***
Total pot 500 | Rake 0 
Board [6h 3h Jc 2h 4s]
Seat 1: Mahu2021 (button) (small blind) showed [5s Jh] and won (250) with a straight, Deuce to Six
Seat 2: alifred20 (big blind) showed [Kh 5c] and won (250) with a straight, Deuce to Six



PokerStars Hand #254937934281: Tournament #3860615689, $4.60+$0.40 USD Hold'em No Limit - Level III (20/40) - 2025/02/19 10:15:52 CET [2025/02/19 4:15:52 ET]
Table '3860615689 1' 3-max Seat #2 is the button
Seat 1: Mahu2021 (250 in chips) 
Seat 2: alifred20 (1250 in chips) 
alifred20: posts small blind 20
Mahu2021: posts big blind 40
*** HOLE CARDS ***
Dealt to Mahu2021 [6h Ts]
alifred20: folds 
Uncalled bet (20) returned to Mahu2021
Mahu2021 collected 40 from pot
Mahu2021: doesn't show hand 
*** SUMMARY ***
Total pot 40 | Rake 0 
Seat 1: Mahu2021 (big blind) collected (40)
Seat 2: alifred20 (button) (small blind) folded before Flop



PokerStars Hand #254937934770: Tournament #3860615689, $4.60+$0.40 USD Hold'em No Limit - Level III (20/40) - 2025/02/19 10:15:58 CET [2025/02/19 4:15:58 ET]
Table '3860615689 1' 3-max Seat #1 is the button
Seat 1: Mahu2021 (270 in chips) 
Seat 2: alifred20 (1230 in chips) 
Mahu2021: posts small blind 20
alifred20: posts big blind 40
*** HOLE CARDS ***
Dealt to Mahu2021 [Td 3d]
Mahu2021: folds 
Uncalled bet (20) returned to alifred20
alifred20 collected 40 from pot
*** SUMMARY ***
Total pot 40 | Rake 0 
Seat 1: Mahu2021 (button) (small blind) folded before Flop
Seat 2: alifred20 (big blind) collected (40)



PokerStars Hand #254937935158: Tournament #3860615689, $4.60+$0.40 USD Hold'em No Limit - Level III (20/40) - 2025/02/19 10:16:03 CET [2025/02/19 4:16:03 ET]
Table '3860615689 1' 3-max Seat #2 is the button
Seat 1: Mahu2021 (250 in chips) 
Seat 2: alifred20 (1250 in chips) 
alifred20: posts small blind 20
Mahu2021: posts big blind 40
*** HOLE CARDS ***
Dealt to Mahu2021 [3c Qs]
alifred20: folds 
Uncalled bet (20) returned to Mahu2021
Mahu2021 collected 40 from pot
Mahu2021: doesn't show hand 
*** SUMMARY ***
Total pot 40 | Rake 0 
Seat 1: Mahu2021 (big blind) collected (40)
Seat 2: alifred20 (button) (small blind) folded before Flop



PokerStars Hand #254937935499: Tournament #3860615689, $4.60+$0.40 USD Hold'em No Limit - Level III (20/40) - 2025/02/19 10:16:07 CET [2025/02/19 4:16:07 ET]
Table '3860615689 1' 3-max Seat #1 is the button
Seat 1: Mahu2021 (270 in chips) 
Seat 2: alifred20 (1230 in chips) 
Mahu2021: posts small blind 20
alifred20: posts big blind 40
*** HOLE CARDS ***
Dealt to Mahu2021 [4s 4h]
Mahu2021: raises 230 to 270 and is all-in
alifred20: folds 
Uncalled bet (230) returned to Mahu2021
Mahu2021 collected 80 from pot
Mahu2021: doesn't show hand 
*** SUMMARY ***
Total pot 80 | Rake 0 
Seat 1: Mahu2021 (button) (small blind) collected (80)
Seat 2: alifred20 (big blind) folded before Flop



PokerStars Hand #254937936098: Tournament #3860615689, $4.60+$0.40 USD Hold'em No Limit - Level III (20/40) - 2025/02/19 10:16:14 CET [2025/02/19 4:16:14 ET]
Table '3860615689 1' 3-max Seat #2 is the button
Seat 1: Mahu2021 (310 in chips) 
Seat 2: alifred20 (1190 in chips) 
alifred20: posts small blind 20
Mahu2021: posts big blind 40
*** HOLE CARDS ***
Dealt to Mahu2021 [Js 9h]
alifred20: calls 20
Mahu2021: checks 
*** FLOP *** [3c Td 2d]
Mahu2021: checks 
alifred20: bets 40
Mahu2021: folds 
Uncalled bet (40) returned to alifred20
alifred20 collected 80 from pot
*** SUMMARY ***
Total pot 80 | Rake 0 
Board [3c Td 2d]
Seat 1: Mahu2021 (big blind) folded on the Flop
Seat 2: alifred20 (button) (small blind) collected (80)



PokerStars Hand #254937936821: Tournament #3860615689, $4.60+$0.40 USD Hold'em No Limit - Level III (20/40) - 2025/02/19 10:16:22 CET [2025/02/19 4:16:22 ET]
Table '3860615689 1' 3-max Seat #1 is the button
Seat 1: Mahu2021 (270 in chips) 
Seat 2: alifred20 (1230 in chips) 
Mahu2021: posts small blind 20
alifred20: posts big blind 40
*** HOLE CARDS ***
Dealt to Mahu2021 [5c 2s]
Mahu2021: folds 
Uncalled bet (20) returned to alifred20
alifred20 collected 40 from pot
*** SUMMARY ***
Total pot 40 | Rake 0 
Seat 1: Mahu2021 (button) (small blind) folded before Flop
Seat 2: alifred20 (big blind) collected (40)



PokerStars Hand #254937937578: Tournament #3860615689, $4.60+$0.40 USD Hold'em No Limit - Level IV (30/60) - 2025/02/19 10:16:30 CET [2025/02/19 4:16:30 ET]
Table '3860615689 1' 3-max Seat #2 is the button
Seat 1: Mahu2021 (250 in chips) 
Seat 2: alifred20 (1250 in chips) 
alifred20: posts small blind 30
Mahu2021: posts big blind 60
*** HOLE CARDS ***
Dealt to Mahu2021 [Jc Jd]
alifred20: folds 
Uncalled bet (30) returned to Mahu2021
Mahu2021 collected 60 from pot
Mahu2021: doesn't show hand 
*** SUMMARY ***
Total pot 60 | Rake 0 
Seat 1: Mahu2021 (big blind) collected (60)
Seat 2: alifred20 (button) (small blind) folded before Flop



PokerStars Hand #254937937898: Tournament #3860615689, $4.60+$0.40 USD Hold'em No Limit - Level IV (30/60) - 2025/02/19 10:16:34 CET [2025/02/19 4:16:34 ET]
Table '3860615689 1' 3-max Seat #1 is the button
Seat 1: Mahu2021 (280 in chips) 
Seat 2: alifred20 (1220 in chips) 
Mahu2021: posts small blind 30
alifred20: posts big blind 60
*** HOLE CARDS ***
Dealt to Mahu2021 [5h 2c]
Mahu2021: folds 
Uncalled bet (30) returned to alifred20
alifred20 collected 60 from pot
*** SUMMARY ***
Total pot 60 | Rake 0 
Seat 1: Mahu2021 (button) (small blind) folded before Flop
Seat 2: alifred20 (big blind) collected (60)



PokerStars Hand #254937938332: Tournament #3860615689, $4.60+$0.40 USD Hold'em No Limit - Level IV (30/60) - 2025/02/19 10:16:39 CET [2025/02/19 4:16:39 ET]
Table '3860615689 1' 3-max Seat #2 is the button
Seat 1: Mahu2021 (250 in chips) 
Seat 2: alifred20 (1250 in chips) 
alifred20: posts small blind 30
Mahu2021: posts big blind 60
*** HOLE CARDS ***
Dealt to Mahu2021 [4h Ad]
alifred20: raises 60 to 120
Mahu2021: raises 130 to 250 and is all-in
alifred20: calls 130
*** FLOP *** [5d Td 8h]
*** TURN *** [5d Td 8h] [3s]
*** RIVER *** [5d Td 8h 3s] [2h]
*** SHOW DOWN ***
Mahu2021: shows [4h Ad] (a straight, Ace to Five)
alifred20: shows [8c 8d] (three of a kind, Eights)
Mahu2021 collected 500 from pot
*** SUMMARY ***
Total pot 500 | Rake 0 
Board [5d Td 8h 3s 2h]
Seat 1: Mahu2021 (big blind) showed [4h Ad] and won (500) with a straight, Ace to Five
Seat 2: alifred20 (button) (small blind) showed [8c 8d] and lost with three of a kind, Eights



PokerStars Hand #254937939411: Tournament #3860615689, $4.60+$0.40 USD Hold'em No Limit - Level IV (30/60) - 2025/02/19 10:16:51 CET [2025/02/19 4:16:51 ET]
Table '3860615689 1' 3-max Seat #1 is the button
Seat 1: Mahu2021 (500 in chips) 
Seat 2: alifred20 (1000 in chips) 
Mahu2021: posts small blind 30
alifred20: posts big blind 60
*** HOLE CARDS ***
Dealt to Mahu2021 [Qh 4d]
Mahu2021: calls 30
alifred20: raises 940 to 1000 and is all-in
Mahu2021: folds 
Uncalled bet (940) returned to alifred20
alifred20 collected 120 from pot
*** SUMMARY ***
Total pot 120 | Rake 0 
Seat 1: Mahu2021 (button) (small blind) folded before Flop
Seat 2: alifred20 (big blind) collected (120)



PokerStars Hand #254937940130: Tournament #3860615689, $4.60+$0.40 USD Hold'em No Limit - Level IV (30/60) - 2025/02/19 10:16:59 CET [2025/02/19 4:16:59 ET]
Table '3860615689 1' 3-max Seat #2 is the button
Seat 1: Mahu2021 (440 in chips) 
Seat 2: alifred20 (1060 in chips) 
alifred20: posts small blind 30
Mahu2021: posts big blind 60
*** HOLE CARDS ***
Dealt to Mahu2021 [Js Ts]
alifred20: raises 1000 to 1060 and is all-in
Mahu2021: folds 
Uncalled bet (1000) returned to alifred20
alifred20 collected 120 from pot
*** SUMMARY ***
Total pot 120 | Rake 0 
Seat 1: Mahu2021 (big blind) folded before Flop
Seat 2: alifred20 (button) (small blind) collected (120)



PokerStars Hand #254937940620: Tournament #3860615689, $4.60+$0.40 USD Hold'em No Limit - Level IV (30/60) - 2025/02/19 10:17:05 CET [2025/02/19 4:17:05 ET]
Table '3860615689 1' 3-max Seat #1 is the button
Seat 1: Mahu2021 (380 in chips) 
Seat 2: alifred20 (1120 in chips) 
Mahu2021: posts small blind 30
alifred20: posts big blind 60
*** HOLE CARDS ***
Dealt to Mahu2021 [Ks 2s]
Mahu2021: calls 30
alifred20: checks 
*** FLOP *** [4s 7d Ts]
alifred20: checks 
Mahu2021: bets 60
alifred20: folds 
Uncalled bet (60) returned to Mahu2021
Mahu2021 collected 120 from pot
Mahu2021: doesn't show hand 
*** SUMMARY ***
Total pot 120 | Rake 0 
Board [4s 7d Ts]
Seat 1: Mahu2021 (button) (small blind) collected (120)
Seat 2: alifred20 (big blind) folded on the Flop



PokerStars Hand #254937941429: Tournament #3860615689, $4.60+$0.40 USD Hold'em No Limit - Level IV (30/60) - 2025/02/19 10:17:14 CET [2025/02/19 4:17:14 ET]
Table '3860615689 1' 3-max Seat #2 is the button
Seat 1: Mahu2021 (440 in chips) 
Seat 2: alifred20 (1060 in chips) 
alifred20: posts small blind 30
Mahu2021: posts big blind 60
*** HOLE CARDS ***
Dealt to Mahu2021 [Kd Qh]
alifred20: folds 
Uncalled bet (30) returned to Mahu2021
Mahu2021 collected 60 from pot
Mahu2021: doesn't show hand 
*** SUMMARY ***
Total pot 60 | Rake 0 
Seat 1: Mahu2021 (big blind) collected (60)
Seat 2: alifred20 (button) (small blind) folded before Flop



PokerStars Hand #254937941849: Tournament #3860615689, $4.60+$0.40 USD Hold'em No Limit - Level IV (30/60) - 2025/02/19 10:17:19 CET [2025/02/19 4:17:19 ET]
Table '3860615689 1' 3-max Seat #1 is the button
Seat 1: Mahu2021 (470 in chips) 
Seat 2: alifred20 (1030 in chips) 
Mahu2021: posts small blind 30
alifred20: posts big blind 60
*** HOLE CARDS ***
Dealt to Mahu2021 [Tc Kd]
Mahu2021: calls 30
alifred20: raises 970 to 1030 and is all-in
Mahu2021: folds 
Uncalled bet (970) returned to alifred20
alifred20 collected 120 from pot
*** SUMMARY ***
Total pot 120 | Rake 0 
Seat 1: Mahu2021 (button) (small blind) folded before Flop
Seat 2: alifred20 (big blind) collected (120)



PokerStars Hand #254937942567: Tournament #3860615689, $4.60+$0.40 USD Hold'em No Limit - Level IV (30/60) - 2025/02/19 10:17:27 CET [2025/02/19 4:17:27 ET]
Table '3860615689 1' 3-max Seat #2 is the button
Seat 1: Mahu2021 (410 in chips) 
Seat 2: alifred20 (1090 in chips) 
alifred20: posts small blind 30
Mahu2021: posts big blind 60
*** HOLE CARDS ***
Dealt to Mahu2021 [As 9h]
alifred20: raises 1030 to 1090 and is all-in
Mahu2021: calls 350 and is all-in
Uncalled bet (680) returned to alifred20
*** FLOP *** [Jc 9d 2c]
*** TURN *** [Jc 9d 2c] [Kd]
*** RIVER *** [Jc 9d 2c Kd] [Ks]
*** SHOW DOWN ***
Mahu2021: shows [As 9h] (two pair, Kings and Nines)
alifred20: shows [7h Ah] (a pair of Kings)
Mahu2021 collected 820 from pot
*** SUMMARY ***
Total pot 820 | Rake 0 
Board [Jc 9d 2c Kd Ks]
Seat 1: Mahu2021 (big blind) showed [As 9h] and won (820) with two pair, Kings and Nines
Seat 2: alifred20 (button) (small blind) showed [7h Ah] and lost with a pair of Kings



PokerStars Hand #254937943559: Tournament #3860615689, $4.60+$0.40 USD Hold'em No Limit - Level IV (30/60) - 2025/02/19 10:17:38 CET [2025/02/19 4:17:38 ET]
Table '3860615689 1' 3-max Seat #1 is the button
Seat 1: Mahu2021 (820 in chips) 
Seat 2: alifred20 (680 in chips) 
Mahu2021: posts small blind 30
alifred20: posts big blind 60
*** HOLE CARDS ***
Dealt to Mahu2021 [5d 4h]
Mahu2021: calls 30
alifred20: raises 620 to 680 and is all-in
Mahu2021: folds 
Uncalled bet (620) returned to alifred20
alifred20 collected 120 from pot
*** SUMMARY ***
Total pot 120 | Rake 0 
Seat 1: Mahu2021 (button) (small blind) folded before Flop
Seat 2: alifred20 (big blind) collected (120)



PokerStars Hand #254937944274: Tournament #3860615689, $4.60+$0.40 USD Hold'em No Limit - Level IV (30/60) - 2025/02/19 10:17:47 CET [2025/02/19 4:17:47 ET]
Table '3860615689 1' 3-max Seat #2 is the button
Seat 1: Mahu2021 (760 in chips) 
Seat 2: alifred20 (740 in chips) 
alifred20: posts small blind 30
Mahu2021: posts big blind 60
*** HOLE CARDS ***
Dealt to Mahu2021 [Js Qd]
alifred20: calls 30
Mahu2021: checks 
*** FLOP *** [Ad 7c 8d]
Mahu2021: checks 
alifred20: bets 120
Mahu2021: folds 
Uncalled bet (120) returned to alifred20
alifred20 collected 120 from pot
*** SUMMARY ***
Total pot 120 | Rake 0 
Board [Ad 7c 8d]
Seat 1: Mahu2021 (big blind) folded on the Flop
Seat 2: alifred20 (button) (small blind) collected (120)



PokerStars Hand #254937945040: Tournament #3860615689, $4.60+$0.40 USD Hold'em No Limit - Level IV (30/60) - 2025/02/19 10:17:56 CET [2025/02/19 4:17:56 ET]
Table '3860615689 1' 3-max Seat #1 is the button
Seat 1: Mahu2021 (700 in chips) 
Seat 2: alifred20 (800 in chips) 
Mahu2021: posts small blind 30
alifred20: posts big blind 60
*** HOLE CARDS ***
Dealt to Mahu2021 [8d Jc]
Mahu2021: calls 30
alifred20: raises 740 to 800 and is all-in
Mahu2021: folds 
Uncalled bet (740) returned to alifred20
alifred20 collected 120 from pot
*** SUMMARY ***
Total pot 120 | Rake 0 
Seat 1: Mahu2021 (button) (small blind) folded before Flop
Seat 2: alifred20 (big blind) collected (120)



PokerStars Hand #254937945589: Tournament #3860615689, $4.60+$0.40 USD Hold'em No Limit - Level IV (30/60) - 2025/02/19 10:18:03 CET [2025/02/19 4:18:03 ET]
Table '3860615689 1' 3-max Seat #2 is the button
Seat 1: Mahu2021 (640 in chips) 
Seat 2: alifred20 (860 in chips) 
alifred20: posts small blind 30
Mahu2021: posts big blind 60
*** HOLE CARDS ***
Dealt to Mahu2021 [6s Ks]
alifred20: calls 30
Mahu2021: checks 
*** FLOP *** [8d 6c Td]
Mahu2021: checks 
alifred20: checks 
*** TURN *** [8d 6c Td] [Qd]
Mahu2021: checks 
alifred20: bets 60
Mahu2021: calls 60
*** RIVER *** [8d 6c Td Qd] [Kc]
Mahu2021: bets 520 and is all-in
alifred20: calls 520
*** SHOW DOWN ***
Mahu2021: shows [6s Ks] (two pair, Kings and Sixes)
alifred20: shows [7d Jd] (a flush, Queen high)
alifred20 collected 1280 from pot
Mahu2021 finished the tournament in 2nd place
alifred20 wins the tournament and receives $10.00 - congratulations!
*** SUMMARY ***
Total pot 1280 | Rake 0 
Board [8d 6c Td Qd Kc]
Seat 1: Mahu2021 (big blind) showed [6s Ks] and lost with two pair, Kings and Sixes
Seat 2: alifred20 (button) (small blind) showed [7d Jd] and won (1280) with a flush, Queen high



