PokerStars Hand #245101063264: Tournament #3624360978, $0.92+$0.08 USD Hold'em No Limit - Level I (10/20) - 2023/07/30 12:49:43 CET [2023/07/30 6:49:43 ET]
Table '3624360978 1' 3-max Seat #1 is the button
Seat 1: Mahu2021 (500 in chips) 
Seat 2: rodos ady (500 in chips) 
Seat 3: sessansess (500 in chips) 
rodos ady: posts small blind 10
sessansess: posts big blind 20
*** HOLE CARDS ***
Dealt to Mahu2021 [Kd 9h]
Mahu2021: raises 20 to 40
rodos ady: calls 30
sessansess: raises 20 to 60
Mahu2021: calls 20
rodos ady: calls 20
*** FLOP *** [2c 3s Jc]
rodos ady: checks 
sessansess: checks 
Mahu2021: checks 
*** TURN *** [2c 3s Jc] [Ks]
rodos ady: checks 
sessansess: bets 20
Mahu2021: raises 220 to 240
rodos ady: folds 
sessansess: folds 
Uncalled bet (220) returned to Mahu2021
Mahu2021 collected 220 from pot
Mahu2021: doesn't show hand 
*** SUMMARY ***
Total pot 220 | Rake 0 
Board [2c 3s Jc Ks]
Seat 1: Mahu2021 (button) collected (220)
Seat 2: rodos ady (small blind) folded on the Turn
Seat 3: sessansess (big blind) folded on the Turn



PokerStars Hand #245101070917: Tournament #3624360978, $0.92+$0.08 USD Hold'em No Limit - Level I (10/20) - 2023/07/30 12:50:30 CET [2023/07/30 6:50:30 ET]
Table '3624360978 1' 3-max Seat #2 is the button
Seat 1: Mahu2021 (640 in chips) 
Seat 2: rodos ady (440 in chips) 
Seat 3: sessansess (420 in chips) 
sessansess: posts small blind 10
Mahu2021: posts big blind 20
*** HOLE CARDS ***
Dealt to Mahu2021 [5h Jd]
rodos ady: folds 
sessansess: calls 10
Mahu2021: checks 
*** FLOP *** [Kh 8c 9d]
sessansess: bets 20
Mahu2021: folds 
Uncalled bet (20) returned to sessansess
sessansess collected 40 from pot
*** SUMMARY ***
Total pot 40 | Rake 0 
Board [Kh 8c 9d]
Seat 1: Mahu2021 (big blind) folded on the Flop
Seat 2: rodos ady (button) folded before Flop (didn't bet)
Seat 3: sessansess (small blind) collected (40)



PokerStars Hand #245101072823: Tournament #3624360978, $0.92+$0.08 USD Hold'em No Limit - Level I (10/20) - 2023/07/30 12:50:42 CET [2023/07/30 6:50:42 ET]
Table '3624360978 1' 3-max Seat #3 is the button
Seat 1: Mahu2021 (620 in chips) 
Seat 2: rodos ady (440 in chips) 
Seat 3: sessansess (440 in chips) 
Mahu2021: posts small blind 10
rodos ady: posts big blind 20
*** HOLE CARDS ***
Dealt to Mahu2021 [Ac 7d]
sessansess: calls 20
Mahu2021: calls 10
rodos ady: checks 
*** FLOP *** [Tc Ts Js]
Mahu2021: checks 
rodos ady: checks 
sessansess: bets 20
Mahu2021: folds 
rodos ady: folds 
Uncalled bet (20) returned to sessansess
sessansess collected 60 from pot
*** SUMMARY ***
Total pot 60 | Rake 0 
Board [Tc Ts Js]
Seat 1: Mahu2021 (small blind) folded on the Flop
Seat 2: rodos ady (big blind) folded on the Flop
Seat 3: sessansess (button) collected (60)



PokerStars Hand #245101076768: Tournament #3624360978, $0.92+$0.08 USD Hold'em No Limit - Level I (10/20) - 2023/07/30 12:51:07 CET [2023/07/30 6:51:07 ET]
Table '3624360978 1' 3-max Seat #1 is the button
Seat 1: Mahu2021 (600 in chips) 
Seat 2: rodos ady (420 in chips) 
Seat 3: sessansess (480 in chips) 
rodos ady: posts small blind 10
sessansess: posts big blind 20
*** HOLE CARDS ***
Dealt to Mahu2021 [Ts Ks]
Mahu2021 has timed out
Mahu2021: folds 
Mahu2021 is sitting out
Mahu2021 has returned
rodos ady: calls 10
sessansess: raises 20 to 40
rodos ady: folds 
Uncalled bet (20) returned to sessansess
sessansess collected 40 from pot
*** SUMMARY ***
Total pot 40 | Rake 0 
Seat 1: Mahu2021 (button) folded before Flop (didn't bet)
Seat 2: rodos ady (small blind) folded before Flop
Seat 3: sessansess (big blind) collected (40)



PokerStars Hand #245101082063: Tournament #3624360978, $0.92+$0.08 USD Hold'em No Limit - Level I (10/20) - 2023/07/30 12:51:39 CET [2023/07/30 6:51:39 ET]
Table '3624360978 1' 3-max Seat #2 is the button
Seat 1: Mahu2021 (600 in chips) 
Seat 2: rodos ady (400 in chips) 
Seat 3: sessansess (500 in chips) 
sessansess: posts small blind 10
Mahu2021: posts big blind 20
*** HOLE CARDS ***
Dealt to Mahu2021 [Jc Qc]
rodos ady: calls 20
sessansess: folds 
Mahu2021: raises 40 to 60
rodos ady: raises 40 to 100
Mahu2021: raises 500 to 600 and is all-in
rodos ady: calls 300 and is all-in
Uncalled bet (200) returned to Mahu2021
*** FLOP *** [8c 7d 6d]
*** TURN *** [8c 7d 6d] [3h]
*** RIVER *** [8c 7d 6d 3h] [4s]
*** SHOW DOWN ***
Mahu2021: shows [Jc Qc] (high card Queen)
rodos ady: shows [Ks Kh] (a pair of Kings)
rodos ady collected 810 from pot
*** SUMMARY ***
Total pot 810 | Rake 0 
Board [8c 7d 6d 3h 4s]
Seat 1: Mahu2021 (big blind) showed [Jc Qc] and lost with high card Queen
Seat 2: rodos ady (button) showed [Ks Kh] and won (810) with a pair of Kings
Seat 3: sessansess (small blind) folded before Flop



PokerStars Hand #245101086423: Tournament #3624360978, $0.92+$0.08 USD Hold'em No Limit - Level II (15/30) - 2023/07/30 12:52:06 CET [2023/07/30 6:52:06 ET]
Table '3624360978 1' 3-max Seat #3 is the button
Seat 1: Mahu2021 (200 in chips) 
Seat 2: rodos ady (810 in chips) 
Seat 3: sessansess (490 in chips) 
Mahu2021: posts small blind 15
rodos ady: posts big blind 30
*** HOLE CARDS ***
Dealt to Mahu2021 [3d 9d]
sessansess: raises 30 to 60
Mahu2021: folds 
rodos ady: calls 30
*** FLOP *** [7c Qc 3c]
rodos ady: checks 
sessansess: bets 30
rodos ady: folds 
Uncalled bet (30) returned to sessansess
sessansess collected 135 from pot
sessansess: doesn't show hand 
*** SUMMARY ***
Total pot 135 | Rake 0 
Board [7c Qc 3c]
Seat 1: Mahu2021 (small blind) folded before Flop
Seat 2: rodos ady (big blind) folded on the Flop
Seat 3: sessansess (button) collected (135)



PokerStars Hand #245101089357: Tournament #3624360978, $0.92+$0.08 USD Hold'em No Limit - Level II (15/30) - 2023/07/30 12:52:24 CET [2023/07/30 6:52:24 ET]
Table '3624360978 1' 3-max Seat #1 is the button
Seat 1: Mahu2021 (185 in chips) 
Seat 2: rodos ady (750 in chips) 
Seat 3: sessansess (565 in chips) 
rodos ady: posts small blind 15
sessansess: posts big blind 30
*** HOLE CARDS ***
Dealt to Mahu2021 [Qs 5h]
Mahu2021: raises 155 to 185 and is all-in
rodos ady: calls 170
sessansess: folds 
*** FLOP *** [Td 2d 4c]
*** TURN *** [Td 2d 4c] [4h]
*** RIVER *** [Td 2d 4c 4h] [4d]
*** SHOW DOWN ***
rodos ady: shows [Qc Ac] (three of a kind, Fours)
Mahu2021: shows [Qs 5h] (three of a kind, Fours - lower kicker)
rodos ady collected 400 from pot
Mahu2021 finished the tournament in 3rd place
*** SUMMARY ***
Total pot 400 | Rake 0 
Board [Td 2d 4c 4h 4d]
Seat 1: Mahu2021 (button) showed [Qs 5h] and lost with three of a kind, Fours
Seat 2: rodos ady (small blind) showed [Qc Ac] and won (400) with three of a kind, Fours
Seat 3: sessansess (big blind) folded before Flop



