PokerStars Hand #243293831619: Tournament #3582091236, $0.92+$0.08 USD Hold'em No Limit - Level I (10/20) - 2023/04/24 20:28:05 CET [2023/04/24 14:28:05 ET]
Table '3582091236 1' 3-max Seat #1 is the button
Seat 1: POX79 (500 in chips) 
Seat 2: Mahu2021 (500 in chips) 
Seat 3: mocla2 (500 in chips) 
Mahu2021: posts small blind 10
mocla2: posts big blind 20
*** HOLE CARDS ***
Dealt to Mahu2021 [5d Qc]
POX79: folds 
Mahu2021: folds 
Uncalled bet (10) returned to mocla2
mocla2 collected 20 from pot
mocla2: doesn't show hand 
*** SUMMARY ***
Total pot 20 | Rake 0 
Seat 1: POX79 (button) folded before Flop (didn't bet)
Seat 2: Mahu2021 (small blind) folded before Flop
Seat 3: mocla2 (big blind) collected (20)



PokerStars Hand #243293833228: Tournament #3582091236, $0.92+$0.08 USD Hold'em No Limit - Level I (10/20) - 2023/04/24 20:28:09 CET [2023/04/24 14:28:09 ET]
Table '3582091236 1' 3-max Seat #2 is the button
Seat 1: POX79 (500 in chips) 
Seat 2: Mahu2021 (490 in chips) 
Seat 3: mocla2 (510 in chips) 
mocla2: posts small blind 10
POX79: posts big blind 20
*** HOLE CARDS ***
Dealt to Mahu2021 [6h Jh]
Mahu2021: folds 
mocla2: calls 10
POX79: checks 
*** FLOP *** [Jd 6s 5s]
mocla2: bets 20
POX79: folds 
Uncalled bet (20) returned to mocla2
mocla2 collected 40 from pot
mocla2: doesn't show hand 
*** SUMMARY ***
Total pot 40 | Rake 0 
Board [Jd 6s 5s]
Seat 1: POX79 (big blind) folded on the Flop
Seat 2: Mahu2021 (button) folded before Flop (didn't bet)
Seat 3: mocla2 (small blind) collected (40)



PokerStars Hand #243293838724: Tournament #3582091236, $0.92+$0.08 USD Hold'em No Limit - Level I (10/20) - 2023/04/24 20:28:25 CET [2023/04/24 14:28:25 ET]
Table '3582091236 1' 3-max Seat #3 is the button
Seat 1: POX79 (480 in chips) 
Seat 2: Mahu2021 (490 in chips) 
Seat 3: mocla2 (530 in chips) 
POX79: posts small blind 10
Mahu2021: posts big blind 20
*** HOLE CARDS ***
Dealt to Mahu2021 [Ac 5h]
mocla2: folds 
POX79: folds 
Uncalled bet (10) returned to Mahu2021
Mahu2021 collected 20 from pot
Mahu2021: doesn't show hand 
*** SUMMARY ***
Total pot 20 | Rake 0 
Seat 1: POX79 (small blind) folded before Flop
Seat 2: Mahu2021 (big blind) collected (20)
Seat 3: mocla2 (button) folded before Flop (didn't bet)



PokerStars Hand #243293841117: Tournament #3582091236, $0.92+$0.08 USD Hold'em No Limit - Level I (10/20) - 2023/04/24 20:28:32 CET [2023/04/24 14:28:32 ET]
Table '3582091236 1' 3-max Seat #1 is the button
Seat 1: POX79 (470 in chips) 
Seat 2: Mahu2021 (500 in chips) 
Seat 3: mocla2 (530 in chips) 
Mahu2021: posts small blind 10
mocla2: posts big blind 20
*** HOLE CARDS ***
Dealt to Mahu2021 [9s Js]
POX79: folds 
Mahu2021: raises 20 to 40
mocla2: calls 20
*** FLOP *** [7h 2d 6d]
Mahu2021: checks 
mocla2: bets 40
Mahu2021: folds 
Uncalled bet (40) returned to mocla2
mocla2 collected 80 from pot
mocla2: doesn't show hand 
*** SUMMARY ***
Total pot 80 | Rake 0 
Board [7h 2d 6d]
Seat 1: POX79 (button) folded before Flop (didn't bet)
Seat 2: Mahu2021 (small blind) folded on the Flop
Seat 3: mocla2 (big blind) collected (80)



PokerStars Hand #243293846458: Tournament #3582091236, $0.92+$0.08 USD Hold'em No Limit - Level I (10/20) - 2023/04/24 20:28:47 CET [2023/04/24 14:28:47 ET]
Table '3582091236 1' 3-max Seat #2 is the button
Seat 1: POX79 (470 in chips) 
Seat 2: Mahu2021 (460 in chips) 
Seat 3: mocla2 (570 in chips) 
mocla2: posts small blind 10
POX79: posts big blind 20
*** HOLE CARDS ***
Dealt to Mahu2021 [Ah 4d]
Mahu2021: calls 20
mocla2: folds 
POX79: checks 
*** FLOP *** [3d 5h Jh]
POX79: checks 
Mahu2021: bets 40
POX79: folds 
Uncalled bet (40) returned to Mahu2021
Mahu2021 collected 50 from pot
Mahu2021: doesn't show hand 
*** SUMMARY ***
Total pot 50 | Rake 0 
Board [3d 5h Jh]
Seat 1: POX79 (big blind) folded on the Flop
Seat 2: Mahu2021 (button) collected (50)
Seat 3: mocla2 (small blind) folded before Flop



PokerStars Hand #243293854161: Tournament #3582091236, $0.92+$0.08 USD Hold'em No Limit - Level I (10/20) - 2023/04/24 20:29:09 CET [2023/04/24 14:29:09 ET]
Table '3582091236 1' 3-max Seat #3 is the button
Seat 1: POX79 (450 in chips) 
Seat 2: Mahu2021 (490 in chips) 
Seat 3: mocla2 (560 in chips) 
POX79: posts small blind 10
Mahu2021: posts big blind 20
*** HOLE CARDS ***
Dealt to Mahu2021 [9c 3d]
mocla2: folds 
POX79: raises 22 to 42
Mahu2021: folds 
Uncalled bet (22) returned to POX79
POX79 collected 40 from pot
*** SUMMARY ***
Total pot 40 | Rake 0 
Seat 1: POX79 (small blind) collected (40)
Seat 2: Mahu2021 (big blind) folded before Flop
Seat 3: mocla2 (button) folded before Flop (didn't bet)



PokerStars Hand #243293856843: Tournament #3582091236, $0.92+$0.08 USD Hold'em No Limit - Level I (10/20) - 2023/04/24 20:29:17 CET [2023/04/24 14:29:17 ET]
Table '3582091236 1' 3-max Seat #1 is the button
Seat 1: POX79 (470 in chips) 
Seat 2: Mahu2021 (470 in chips) 
Seat 3: mocla2 (560 in chips) 
Mahu2021: posts small blind 10
mocla2: posts big blind 20
*** HOLE CARDS ***
Dealt to Mahu2021 [Jc 2h]
POX79: folds 
Mahu2021: folds 
Uncalled bet (10) returned to mocla2
mocla2 collected 20 from pot
mocla2: doesn't show hand 
*** SUMMARY ***
Total pot 20 | Rake 0 
Seat 1: POX79 (button) folded before Flop (didn't bet)
Seat 2: Mahu2021 (small blind) folded before Flop
Seat 3: mocla2 (big blind) collected (20)



PokerStars Hand #243293858632: Tournament #3582091236, $0.92+$0.08 USD Hold'em No Limit - Level I (10/20) - 2023/04/24 20:29:22 CET [2023/04/24 14:29:22 ET]
Table '3582091236 1' 3-max Seat #2 is the button
Seat 1: POX79 (470 in chips) 
Seat 2: Mahu2021 (460 in chips) 
Seat 3: mocla2 (570 in chips) 
mocla2: posts small blind 10
POX79: posts big blind 20
*** HOLE CARDS ***
Dealt to Mahu2021 [Ts 2c]
Mahu2021: folds 
mocla2: calls 10
POX79: checks 
*** FLOP *** [Qs Qd 5d]
mocla2: checks 
POX79: checks 
*** TURN *** [Qs Qd 5d] [2d]
mocla2: bets 40
POX79: calls 40
*** RIVER *** [Qs Qd 5d 2d] [7s]
mocla2: checks 
POX79: checks 
*** SHOW DOWN ***
mocla2: shows [Js 2s] (two pair, Queens and Deuces)
POX79: shows [3h 5h] (two pair, Queens and Fives)
POX79 collected 120 from pot
*** SUMMARY ***
Total pot 120 | Rake 0 
Board [Qs Qd 5d 2d 7s]
Seat 1: POX79 (big blind) showed [3h 5h] and won (120) with two pair, Queens and Fives
Seat 2: Mahu2021 (button) folded before Flop (didn't bet)
Seat 3: mocla2 (small blind) showed [Js 2s] and lost with two pair, Queens and Deuces



PokerStars Hand #243293879117: Tournament #3582091236, $0.92+$0.08 USD Hold'em No Limit - Level II (15/30) - 2023/04/24 20:30:18 CET [2023/04/24 14:30:18 ET]
Table '3582091236 1' 3-max Seat #3 is the button
Seat 1: POX79 (530 in chips) 
Seat 2: Mahu2021 (460 in chips) 
Seat 3: mocla2 (510 in chips) 
POX79: posts small blind 15
Mahu2021: posts big blind 30
*** HOLE CARDS ***
Dealt to Mahu2021 [8d Kh]
mocla2: folds 
POX79: folds 
Uncalled bet (15) returned to Mahu2021
Mahu2021 collected 30 from pot
Mahu2021: doesn't show hand 
*** SUMMARY ***
Total pot 30 | Rake 0 
Seat 1: POX79 (small blind) folded before Flop
Seat 2: Mahu2021 (big blind) collected (30)
Seat 3: mocla2 (button) folded before Flop (didn't bet)



PokerStars Hand #243293881887: Tournament #3582091236, $0.92+$0.08 USD Hold'em No Limit - Level II (15/30) - 2023/04/24 20:30:26 CET [2023/04/24 14:30:26 ET]
Table '3582091236 1' 3-max Seat #1 is the button
Seat 1: POX79 (515 in chips) 
Seat 2: Mahu2021 (475 in chips) 
Seat 3: mocla2 (510 in chips) 
Mahu2021: posts small blind 15
mocla2: posts big blind 30
*** HOLE CARDS ***
Dealt to Mahu2021 [8d Kh]
POX79: folds 
Mahu2021: calls 15
mocla2: checks 
*** FLOP *** [3s Qs Jd]
Mahu2021: checks 
mocla2: checks 
*** TURN *** [3s Qs Jd] [3h]
Mahu2021: bets 60
mocla2: folds 
Uncalled bet (60) returned to Mahu2021
Mahu2021 collected 60 from pot
Mahu2021: doesn't show hand 
*** SUMMARY ***
Total pot 60 | Rake 0 
Board [3s Qs Jd 3h]
Seat 1: POX79 (button) folded before Flop (didn't bet)
Seat 2: Mahu2021 (small blind) collected (60)
Seat 3: mocla2 (big blind) folded on the Turn



PokerStars Hand #243293892731: Tournament #3582091236, $0.92+$0.08 USD Hold'em No Limit - Level II (15/30) - 2023/04/24 20:30:56 CET [2023/04/24 14:30:56 ET]
Table '3582091236 1' 3-max Seat #2 is the button
Seat 1: POX79 (515 in chips) 
Seat 2: Mahu2021 (505 in chips) 
Seat 3: mocla2 (480 in chips) 
mocla2: posts small blind 15
POX79: posts big blind 30
*** HOLE CARDS ***
Dealt to Mahu2021 [9h 7h]
Mahu2021: calls 30
mocla2: folds 
POX79: checks 
*** FLOP *** [2h Js 4d]
POX79: checks 
Mahu2021: checks 
*** TURN *** [2h Js 4d] [5s]
POX79: checks 
Mahu2021: checks 
*** RIVER *** [2h Js 4d 5s] [5d]
POX79: bets 90
Mahu2021: folds 
Uncalled bet (90) returned to POX79
POX79 collected 75 from pot
*** SUMMARY ***
Total pot 75 | Rake 0 
Board [2h Js 4d 5s 5d]
Seat 1: POX79 (big blind) collected (75)
Seat 2: Mahu2021 (button) folded on the River
Seat 3: mocla2 (small blind) folded before Flop



PokerStars Hand #243293901531: Tournament #3582091236, $0.92+$0.08 USD Hold'em No Limit - Level II (15/30) - 2023/04/24 20:31:20 CET [2023/04/24 14:31:20 ET]
Table '3582091236 1' 3-max Seat #3 is the button
Seat 1: POX79 (560 in chips) 
Seat 2: Mahu2021 (475 in chips) 
Seat 3: mocla2 (465 in chips) 
POX79: posts small blind 15
Mahu2021: posts big blind 30
*** HOLE CARDS ***
Dealt to Mahu2021 [3c Td]
mocla2: folds 
POX79: calls 15
Mahu2021: checks 
*** FLOP *** [Ks 5c 4c]
POX79: bets 30
Mahu2021: folds 
Uncalled bet (30) returned to POX79
POX79 collected 60 from pot
*** SUMMARY ***
Total pot 60 | Rake 0 
Board [Ks 5c 4c]
Seat 1: POX79 (small blind) collected (60)
Seat 2: Mahu2021 (big blind) folded on the Flop
Seat 3: mocla2 (button) folded before Flop (didn't bet)



PokerStars Hand #243293909540: Tournament #3582091236, $0.92+$0.08 USD Hold'em No Limit - Level II (15/30) - 2023/04/24 20:31:42 CET [2023/04/24 14:31:42 ET]
Table '3582091236 1' 3-max Seat #1 is the button
Seat 1: POX79 (590 in chips) 
Seat 2: Mahu2021 (445 in chips) 
Seat 3: mocla2 (465 in chips) 
Mahu2021: posts small blind 15
mocla2: posts big blind 30
*** HOLE CARDS ***
Dealt to Mahu2021 [9d 7s]
POX79: folds 
Mahu2021: folds 
Uncalled bet (15) returned to mocla2
mocla2 collected 30 from pot
mocla2: doesn't show hand 
*** SUMMARY ***
Total pot 30 | Rake 0 
Seat 1: POX79 (button) folded before Flop (didn't bet)
Seat 2: Mahu2021 (small blind) folded before Flop
Seat 3: mocla2 (big blind) collected (30)



PokerStars Hand #243293912339: Tournament #3582091236, $0.92+$0.08 USD Hold'em No Limit - Level II (15/30) - 2023/04/24 20:31:50 CET [2023/04/24 14:31:50 ET]
Table '3582091236 1' 3-max Seat #2 is the button
Seat 1: POX79 (590 in chips) 
Seat 2: Mahu2021 (430 in chips) 
Seat 3: mocla2 (480 in chips) 
mocla2: posts small blind 15
POX79: posts big blind 30
*** HOLE CARDS ***
Dealt to Mahu2021 [8h 5c]
Mahu2021: folds 
mocla2: calls 15
POX79: checks 
*** FLOP *** [5h 5s 7c]
mocla2: bets 30
POX79: folds 
Uncalled bet (30) returned to mocla2
mocla2 collected 60 from pot
mocla2: doesn't show hand 
*** SUMMARY ***
Total pot 60 | Rake 0 
Board [5h 5s 7c]
Seat 1: POX79 (big blind) folded on the Flop
Seat 2: Mahu2021 (button) folded before Flop (didn't bet)
Seat 3: mocla2 (small blind) collected (60)



PokerStars Hand #243293917728: Tournament #3582091236, $0.92+$0.08 USD Hold'em No Limit - Level II (15/30) - 2023/04/24 20:32:05 CET [2023/04/24 14:32:05 ET]
Table '3582091236 1' 3-max Seat #3 is the button
Seat 1: POX79 (560 in chips) 
Seat 2: Mahu2021 (430 in chips) 
Seat 3: mocla2 (510 in chips) 
POX79: posts small blind 15
Mahu2021: posts big blind 30
*** HOLE CARDS ***
Dealt to Mahu2021 [Ts 4s]
mocla2: folds 
POX79: calls 15
Mahu2021: checks 
*** FLOP *** [Ac 8c 5d]
POX79: bets 30
Mahu2021: folds 
Uncalled bet (30) returned to POX79
POX79 collected 60 from pot
*** SUMMARY ***
Total pot 60 | Rake 0 
Board [Ac 8c 5d]
Seat 1: POX79 (small blind) collected (60)
Seat 2: Mahu2021 (big blind) folded on the Flop
Seat 3: mocla2 (button) folded before Flop (didn't bet)



PokerStars Hand #243293924080: Tournament #3582091236, $0.92+$0.08 USD Hold'em No Limit - Level III (20/40) - 2023/04/24 20:32:23 CET [2023/04/24 14:32:23 ET]
Table '3582091236 1' 3-max Seat #1 is the button
Seat 1: POX79 (590 in chips) 
Seat 2: Mahu2021 (400 in chips) 
Seat 3: mocla2 (510 in chips) 
Mahu2021: posts small blind 20
mocla2: posts big blind 40
*** HOLE CARDS ***
Dealt to Mahu2021 [6c 5c]
POX79: folds 
Mahu2021: calls 20
mocla2: checks 
*** FLOP *** [Qc As Kc]
Mahu2021: bets 80
mocla2: folds 
Uncalled bet (80) returned to Mahu2021
Mahu2021 collected 80 from pot
Mahu2021: doesn't show hand 
*** SUMMARY ***
Total pot 80 | Rake 0 
Board [Qc As Kc]
Seat 1: POX79 (button) folded before Flop (didn't bet)
Seat 2: Mahu2021 (small blind) collected (80)
Seat 3: mocla2 (big blind) folded on the Flop



PokerStars Hand #243293929021: Tournament #3582091236, $0.92+$0.08 USD Hold'em No Limit - Level III (20/40) - 2023/04/24 20:32:36 CET [2023/04/24 14:32:36 ET]
Table '3582091236 1' 3-max Seat #2 is the button
Seat 1: POX79 (590 in chips) 
Seat 2: Mahu2021 (440 in chips) 
Seat 3: mocla2 (470 in chips) 
mocla2: posts small blind 20
POX79: posts big blind 40
*** HOLE CARDS ***
Dealt to Mahu2021 [7s 4d]
Mahu2021: folds 
mocla2: raises 430 to 470 and is all-in
POX79: folds 
Uncalled bet (430) returned to mocla2
mocla2 collected 80 from pot
mocla2: doesn't show hand 
*** SUMMARY ***
Total pot 80 | Rake 0 
Seat 1: POX79 (big blind) folded before Flop
Seat 2: Mahu2021 (button) folded before Flop (didn't bet)
Seat 3: mocla2 (small blind) collected (80)



PokerStars Hand #243293934368: Tournament #3582091236, $0.92+$0.08 USD Hold'em No Limit - Level III (20/40) - 2023/04/24 20:32:51 CET [2023/04/24 14:32:51 ET]
Table '3582091236 1' 3-max Seat #3 is the button
Seat 1: POX79 (550 in chips) 
Seat 2: Mahu2021 (440 in chips) 
Seat 3: mocla2 (510 in chips) 
POX79: posts small blind 20
Mahu2021: posts big blind 40
*** HOLE CARDS ***
Dealt to Mahu2021 [3d 9h]
mocla2: folds 
POX79: raises 510 to 550 and is all-in
Mahu2021: folds 
Uncalled bet (510) returned to POX79
POX79 collected 80 from pot
*** SUMMARY ***
Total pot 80 | Rake 0 
Seat 1: POX79 (small blind) collected (80)
Seat 2: Mahu2021 (big blind) folded before Flop
Seat 3: mocla2 (button) folded before Flop (didn't bet)



PokerStars Hand #243293937815: Tournament #3582091236, $0.92+$0.08 USD Hold'em No Limit - Level III (20/40) - 2023/04/24 20:33:01 CET [2023/04/24 14:33:01 ET]
Table '3582091236 1' 3-max Seat #1 is the button
Seat 1: POX79 (590 in chips) 
Seat 2: Mahu2021 (400 in chips) 
Seat 3: mocla2 (510 in chips) 
Mahu2021: posts small blind 20
mocla2: posts big blind 40
*** HOLE CARDS ***
Dealt to Mahu2021 [Qc Kc]
POX79: raises 40 to 80
Mahu2021: calls 60
mocla2: calls 40
*** FLOP *** [2d Ts Ad]
Mahu2021: checks 
mocla2: checks 
POX79: bets 72
Mahu2021: calls 72
mocla2: calls 72
*** TURN *** [2d Ts Ad] [8c]
Mahu2021: checks 
mocla2: checks 
POX79: checks 
*** RIVER *** [2d Ts Ad 8c] [7d]
Mahu2021: checks 
mocla2: checks 
POX79: bets 228
Mahu2021: folds 
mocla2: calls 228
*** SHOW DOWN ***
POX79: shows [Td Jd] (a flush, Ace high)
mocla2: mucks hand 
POX79 collected 912 from pot
*** SUMMARY ***
Total pot 912 | Rake 0 
Board [2d Ts Ad 8c 7d]
Seat 1: POX79 (button) showed [Td Jd] and won (912) with a flush, Ace high
Seat 2: Mahu2021 (small blind) folded on the River
Seat 3: mocla2 (big blind) mucked [As 9d]



PokerStars Hand #243293952976: Tournament #3582091236, $0.92+$0.08 USD Hold'em No Limit - Level III (20/40) - 2023/04/24 20:33:43 CET [2023/04/24 14:33:43 ET]
Table '3582091236 1' 3-max Seat #2 is the button
Seat 1: POX79 (1122 in chips) 
Seat 2: Mahu2021 (248 in chips) 
Seat 3: mocla2 (130 in chips) 
mocla2: posts small blind 20
POX79: posts big blind 40
*** HOLE CARDS ***
Dealt to Mahu2021 [Ts As]
Mahu2021: raises 208 to 248 and is all-in
mocla2: folds 
POX79: folds 
Uncalled bet (208) returned to Mahu2021
Mahu2021 collected 100 from pot
Mahu2021: doesn't show hand 
*** SUMMARY ***
Total pot 100 | Rake 0 
Seat 1: POX79 (big blind) folded before Flop
Seat 2: Mahu2021 (button) collected (100)
Seat 3: mocla2 (small blind) folded before Flop



PokerStars Hand #243293956139: Tournament #3582091236, $0.92+$0.08 USD Hold'em No Limit - Level III (20/40) - 2023/04/24 20:33:52 CET [2023/04/24 14:33:52 ET]
Table '3582091236 1' 3-max Seat #3 is the button
Seat 1: POX79 (1082 in chips) 
Seat 2: Mahu2021 (308 in chips) 
Seat 3: mocla2 (110 in chips) 
POX79: posts small blind 20
Mahu2021: posts big blind 40
*** HOLE CARDS ***
Dealt to Mahu2021 [9d 2s]
mocla2: raises 70 to 110 and is all-in
POX79: folds 
Mahu2021: folds 
Uncalled bet (70) returned to mocla2
mocla2 collected 100 from pot
mocla2: doesn't show hand 
*** SUMMARY ***
Total pot 100 | Rake 0 
Seat 1: POX79 (small blind) folded before Flop
Seat 2: Mahu2021 (big blind) folded before Flop
Seat 3: mocla2 (button) collected (100)



PokerStars Hand #243293958488: Tournament #3582091236, $0.92+$0.08 USD Hold'em No Limit - Level III (20/40) - 2023/04/24 20:33:58 CET [2023/04/24 14:33:58 ET]
Table '3582091236 1' 3-max Seat #1 is the button
Seat 1: POX79 (1062 in chips) 
Seat 2: Mahu2021 (268 in chips) 
Seat 3: mocla2 (170 in chips) 
Mahu2021: posts small blind 20
mocla2: posts big blind 40
*** HOLE CARDS ***
Dealt to Mahu2021 [Js Qc]
POX79: folds 
Mahu2021: calls 20
mocla2: raises 130 to 170 and is all-in
Mahu2021: calls 130
*** FLOP *** [Kh 9s 7c]
*** TURN *** [Kh 9s 7c] [8c]
*** RIVER *** [Kh 9s 7c 8c] [As]
*** SHOW DOWN ***
Mahu2021: shows [Js Qc] (high card Ace)
mocla2: shows [Kd 8h] (two pair, Kings and Eights)
mocla2 collected 340 from pot
*** SUMMARY ***
Total pot 340 | Rake 0 
Board [Kh 9s 7c 8c As]
Seat 1: POX79 (button) folded before Flop (didn't bet)
Seat 2: Mahu2021 (small blind) showed [Js Qc] and lost with high card Ace
Seat 3: mocla2 (big blind) showed [Kd 8h] and won (340) with two pair, Kings and Eights



PokerStars Hand #243293966201: Tournament #3582091236, $0.92+$0.08 USD Hold'em No Limit - Level IV (30/60) - 2023/04/24 20:34:20 CET [2023/04/24 14:34:20 ET]
Table '3582091236 1' 3-max Seat #2 is the button
Seat 1: POX79 (1062 in chips) 
Seat 2: Mahu2021 (98 in chips) 
Seat 3: mocla2 (340 in chips) 
mocla2: posts small blind 30
POX79: posts big blind 60
*** HOLE CARDS ***
Dealt to Mahu2021 [9d 6c]
Mahu2021: folds 
mocla2: raises 280 to 340 and is all-in
POX79: calls 280
*** FLOP *** [6s 3c 9c]
*** TURN *** [6s 3c 9c] [8h]
*** RIVER *** [6s 3c 9c 8h] [8d]
*** SHOW DOWN ***
mocla2: shows [Js Ts] (a pair of Eights)
POX79: shows [As 4c] (a pair of Eights - Ace kicker)
POX79 collected 680 from pot
mocla2 finished the tournament in 3rd place
*** SUMMARY ***
Total pot 680 | Rake 0 
Board [6s 3c 9c 8h 8d]
Seat 1: POX79 (big blind) showed [As 4c] and won (680) with a pair of Eights
Seat 2: Mahu2021 (button) folded before Flop (didn't bet)
Seat 3: mocla2 (small blind) showed [Js Ts] and lost with a pair of Eights



PokerStars Hand #243293972870: Tournament #3582091236, $0.92+$0.08 USD Hold'em No Limit - Level IV (30/60) - 2023/04/24 20:34:38 CET [2023/04/24 14:34:38 ET]
Table '3582091236 1' 3-max Seat #1 is the button
Seat 1: POX79 (1402 in chips) 
Seat 2: Mahu2021 (98 in chips) 
POX79: posts small blind 30
Mahu2021: posts big blind 60
*** HOLE CARDS ***
Dealt to Mahu2021 [Th 3s]
POX79: raises 60 to 120
Mahu2021: calls 38 and is all-in
Uncalled bet (22) returned to POX79
*** FLOP *** [Jd 2s Ad]
*** TURN *** [Jd 2s Ad] [7h]
*** RIVER *** [Jd 2s Ad 7h] [Ts]
*** SHOW DOWN ***
Mahu2021: shows [Th 3s] (a pair of Tens)
POX79: shows [Kc Kd] (a pair of Kings)
POX79 collected 196 from pot
Mahu2021 finished the tournament in 2nd place
POX79 wins the tournament and receives $2.00 - congratulations!
*** SUMMARY ***
Total pot 196 | Rake 0 
Board [Jd 2s Ad 7h Ts]
Seat 1: POX79 (button) (small blind) showed [Kc Kd] and won (196) with a pair of Kings
Seat 2: Mahu2021 (big blind) showed [Th 3s] and lost with a pair of Tens



