PokerStars Hand #253147958602: Tournament #3817544358, $1.84+$0.16 USD Hold'em No Limit - Level I (10/20) - 2024/10/28 22:18:56 CET [2024/10/28 17:18:56 ET]
Table '3817544358 1' 3-max Seat #1 is the button
Seat 1: Mahu2021 (500 in chips) 
Seat 2: Andre.flly (500 in chips) 
Seat 3: D.tonke (500 in chips) 
Andre.flly: posts small blind 10
D.tonke: posts big blind 20
*** HOLE CARDS ***
Dealt to Mahu2021 [7s 9d]
Mahu2021: folds 
Andre.flly: folds 
Uncalled bet (10) returned to D.tonke
D.tonke collected 20 from pot
D.tonke: doesn't show hand 
*** SUMMARY ***
Total pot 20 | Rake 0 
Seat 1: Mahu2021 (button) folded before Flop (didn't bet)
Seat 2: Andre.flly (small blind) folded before Flop
Seat 3: D.tonke (big blind) collected (20)



PokerStars Hand #253147959848: Tournament #3817544358, $1.84+$0.16 USD Hold'em No Limit - Level I (10/20) - 2024/10/28 22:19:00 CET [2024/10/28 17:19:00 ET]
Table '3817544358 1' 3-max Seat #2 is the button
Seat 1: Mahu2021 (500 in chips) 
Seat 2: Andre.flly (490 in chips) 
Seat 3: D.tonke (510 in chips) 
D.tonke: posts small blind 10
Mahu2021: posts big blind 20
*** HOLE CARDS ***
Dealt to Mahu2021 [4d As]
Andre.flly: raises 20 to 40
D.tonke: folds 
Mahu2021: calls 20
*** FLOP *** [5d Ks Kh]
Mahu2021: checks 
Andre.flly: bets 30
Mahu2021: calls 30
*** TURN *** [5d Ks Kh] [7h]
Mahu2021: checks 
Andre.flly: bets 108
Mahu2021: folds 
Uncalled bet (108) returned to Andre.flly
Andre.flly collected 150 from pot
Andre.flly: doesn't show hand 
*** SUMMARY ***
Total pot 150 | Rake 0 
Board [5d Ks Kh 7h]
Seat 1: Mahu2021 (big blind) folded on the Turn
Seat 2: Andre.flly (button) collected (150)
Seat 3: D.tonke (small blind) folded before Flop



PokerStars Hand #253147964667: Tournament #3817544358, $1.84+$0.16 USD Hold'em No Limit - Level I (10/20) - 2024/10/28 22:19:18 CET [2024/10/28 17:19:18 ET]
Table '3817544358 1' 3-max Seat #3 is the button
Seat 1: Mahu2021 (430 in chips) 
Seat 2: Andre.flly (570 in chips) 
Seat 3: D.tonke (500 in chips) 
Mahu2021: posts small blind 10
Andre.flly: posts big blind 20
*** HOLE CARDS ***
Dealt to Mahu2021 [4h 9h]
D.tonke: raises 20 to 40
Mahu2021: folds 
Andre.flly: calls 20
*** FLOP *** [7c Ts 4s]
Andre.flly: checks 
D.tonke: checks 
*** TURN *** [7c Ts 4s] [Ad]
Andre.flly: bets 65
D.tonke: raises 98 to 163
Andre.flly: folds 
Uncalled bet (98) returned to D.tonke
D.tonke collected 220 from pot
D.tonke: doesn't show hand 
*** SUMMARY ***
Total pot 220 | Rake 0 
Board [7c Ts 4s Ad]
Seat 1: Mahu2021 (small blind) folded before Flop
Seat 2: Andre.flly (big blind) folded on the Turn
Seat 3: D.tonke (button) collected (220)



PokerStars Hand #253147968867: Tournament #3817544358, $1.84+$0.16 USD Hold'em No Limit - Level I (10/20) - 2024/10/28 22:19:34 CET [2024/10/28 17:19:34 ET]
Table '3817544358 1' 3-max Seat #1 is the button
Seat 1: Mahu2021 (420 in chips) 
Seat 2: Andre.flly (465 in chips) 
Seat 3: D.tonke (615 in chips) 
Andre.flly: posts small blind 10
D.tonke: posts big blind 20
*** HOLE CARDS ***
Dealt to Mahu2021 [4s 6s]
Mahu2021: folds 
Andre.flly: raises 50 to 70
D.tonke: folds 
Uncalled bet (50) returned to Andre.flly
Andre.flly collected 40 from pot
Andre.flly: doesn't show hand 
*** SUMMARY ***
Total pot 40 | Rake 0 
Seat 1: Mahu2021 (button) folded before Flop (didn't bet)
Seat 2: Andre.flly (small blind) collected (40)
Seat 3: D.tonke (big blind) folded before Flop



PokerStars Hand #253147971744: Tournament #3817544358, $1.84+$0.16 USD Hold'em No Limit - Level I (10/20) - 2024/10/28 22:19:44 CET [2024/10/28 17:19:44 ET]
Table '3817544358 1' 3-max Seat #2 is the button
Seat 1: Mahu2021 (420 in chips) 
Seat 2: Andre.flly (485 in chips) 
Seat 3: D.tonke (595 in chips) 
D.tonke: posts small blind 10
Mahu2021: posts big blind 20
*** HOLE CARDS ***
Dealt to Mahu2021 [Kd 6h]
Andre.flly: folds 
D.tonke: folds 
Uncalled bet (10) returned to Mahu2021
Mahu2021 collected 20 from pot
Mahu2021: doesn't show hand 
*** SUMMARY ***
Total pot 20 | Rake 0 
Seat 1: Mahu2021 (big blind) collected (20)
Seat 2: Andre.flly (button) folded before Flop (didn't bet)
Seat 3: D.tonke (small blind) folded before Flop



PokerStars Hand #253147973777: Tournament #3817544358, $1.84+$0.16 USD Hold'em No Limit - Level I (10/20) - 2024/10/28 22:19:52 CET [2024/10/28 17:19:52 ET]
Table '3817544358 1' 3-max Seat #3 is the button
Seat 1: Mahu2021 (430 in chips) 
Seat 2: Andre.flly (485 in chips) 
Seat 3: D.tonke (585 in chips) 
Mahu2021: posts small blind 10
Andre.flly: posts big blind 20
*** HOLE CARDS ***
Dealt to Mahu2021 [Js 2h]
D.tonke: raises 20 to 40
Mahu2021: calls 30
Andre.flly: calls 20
*** FLOP *** [Td 4d 5d]
Mahu2021: checks 
Andre.flly: checks 
D.tonke: bets 90
Mahu2021: folds 
Andre.flly: folds 
Uncalled bet (90) returned to D.tonke
D.tonke collected 120 from pot
D.tonke: doesn't show hand 
*** SUMMARY ***
Total pot 120 | Rake 0 
Board [Td 4d 5d]
Seat 1: Mahu2021 (small blind) folded on the Flop
Seat 2: Andre.flly (big blind) folded on the Flop
Seat 3: D.tonke (button) collected (120)



PokerStars Hand #253147980562: Tournament #3817544358, $1.84+$0.16 USD Hold'em No Limit - Level I (10/20) - 2024/10/28 22:20:17 CET [2024/10/28 17:20:17 ET]
Table '3817544358 1' 3-max Seat #1 is the button
Seat 1: Mahu2021 (390 in chips) 
Seat 2: Andre.flly (445 in chips) 
Seat 3: D.tonke (665 in chips) 
Andre.flly: posts small blind 10
D.tonke: posts big blind 20
*** HOLE CARDS ***
Dealt to Mahu2021 [Kc Qh]
Mahu2021: raises 20 to 40
Andre.flly: folds 
D.tonke: folds 
Uncalled bet (20) returned to Mahu2021
Mahu2021 collected 50 from pot
Mahu2021: doesn't show hand 
*** SUMMARY ***
Total pot 50 | Rake 0 
Seat 1: Mahu2021 (button) collected (50)
Seat 2: Andre.flly (small blind) folded before Flop
Seat 3: D.tonke (big blind) folded before Flop



PokerStars Hand #253147984769: Tournament #3817544358, $1.84+$0.16 USD Hold'em No Limit - Level I (10/20) - 2024/10/28 22:20:33 CET [2024/10/28 17:20:33 ET]
Table '3817544358 1' 3-max Seat #2 is the button
Seat 1: Mahu2021 (420 in chips) 
Seat 2: Andre.flly (435 in chips) 
Seat 3: D.tonke (645 in chips) 
D.tonke: posts small blind 10
Mahu2021: posts big blind 20
*** HOLE CARDS ***
Dealt to Mahu2021 [Ac Th]
Andre.flly: raises 20 to 40
D.tonke: folds 
Mahu2021: calls 20
*** FLOP *** [9s Td 5d]
Mahu2021: bets 90
Andre.flly: folds 
Uncalled bet (90) returned to Mahu2021
Mahu2021 collected 90 from pot
Mahu2021: doesn't show hand 
*** SUMMARY ***
Total pot 90 | Rake 0 
Board [9s Td 5d]
Seat 1: Mahu2021 (big blind) collected (90)
Seat 2: Andre.flly (button) folded on the Flop
Seat 3: D.tonke (small blind) folded before Flop



PokerStars Hand #253147992731: Tournament #3817544358, $1.84+$0.16 USD Hold'em No Limit - Level II (15/30) - 2024/10/28 22:21:02 CET [2024/10/28 17:21:02 ET]
Table '3817544358 1' 3-max Seat #3 is the button
Seat 1: Mahu2021 (470 in chips) 
Seat 2: Andre.flly (395 in chips) 
Seat 3: D.tonke (635 in chips) 
Mahu2021: posts small blind 15
Andre.flly: posts big blind 30
*** HOLE CARDS ***
Dealt to Mahu2021 [2s Ks]
D.tonke: folds 
Mahu2021: raises 30 to 60
Andre.flly: calls 30
*** FLOP *** [9h 9c 3d]
Mahu2021: checks 
Andre.flly: bets 40
Mahu2021: folds 
Uncalled bet (40) returned to Andre.flly
Andre.flly collected 120 from pot
Andre.flly: doesn't show hand 
*** SUMMARY ***
Total pot 120 | Rake 0 
Board [9h 9c 3d]
Seat 1: Mahu2021 (small blind) folded on the Flop
Seat 2: Andre.flly (big blind) collected (120)
Seat 3: D.tonke (button) folded before Flop (didn't bet)



PokerStars Hand #253147997185: Tournament #3817544358, $1.84+$0.16 USD Hold'em No Limit - Level II (15/30) - 2024/10/28 22:21:19 CET [2024/10/28 17:21:19 ET]
Table '3817544358 1' 3-max Seat #1 is the button
Seat 1: Mahu2021 (410 in chips) 
Seat 2: Andre.flly (455 in chips) 
Seat 3: D.tonke (635 in chips) 
Andre.flly: posts small blind 15
D.tonke: posts big blind 30
*** HOLE CARDS ***
Dealt to Mahu2021 [5h Ac]
Mahu2021: raises 30 to 60
Andre.flly: calls 45
D.tonke: folds 
*** FLOP *** [3h Qc 4h]
Andre.flly: checks 
Mahu2021: checks 
*** TURN *** [3h Qc 4h] [2s]
Andre.flly: bets 80
Mahu2021: raises 80 to 160
Andre.flly: folds 
Uncalled bet (80) returned to Mahu2021
Mahu2021 collected 310 from pot
Mahu2021: doesn't show hand 
*** SUMMARY ***
Total pot 310 | Rake 0 
Board [3h Qc 4h 2s]
Seat 1: Mahu2021 (button) collected (310)
Seat 2: Andre.flly (small blind) folded on the Turn
Seat 3: D.tonke (big blind) folded before Flop



PokerStars Hand #253148002582: Tournament #3817544358, $1.84+$0.16 USD Hold'em No Limit - Level II (15/30) - 2024/10/28 22:21:39 CET [2024/10/28 17:21:39 ET]
Table '3817544358 1' 3-max Seat #2 is the button
Seat 1: Mahu2021 (580 in chips) 
Seat 2: Andre.flly (315 in chips) 
Seat 3: D.tonke (605 in chips) 
D.tonke: posts small blind 15
Mahu2021: posts big blind 30
*** HOLE CARDS ***
Dealt to Mahu2021 [Kd Th]
Andre.flly: folds 
D.tonke: raises 60 to 90
Mahu2021: calls 60
*** FLOP *** [Jh 8c 7h]
D.tonke: bets 90
Mahu2021: folds 
Uncalled bet (90) returned to D.tonke
D.tonke collected 180 from pot
D.tonke: doesn't show hand 
*** SUMMARY ***
Total pot 180 | Rake 0 
Board [Jh 8c 7h]
Seat 1: Mahu2021 (big blind) folded on the Flop
Seat 2: Andre.flly (button) folded before Flop (didn't bet)
Seat 3: D.tonke (small blind) collected (180)



PokerStars Hand #253148008380: Tournament #3817544358, $1.84+$0.16 USD Hold'em No Limit - Level II (15/30) - 2024/10/28 22:22:00 CET [2024/10/28 17:22:00 ET]
Table '3817544358 1' 3-max Seat #3 is the button
Seat 1: Mahu2021 (490 in chips) 
Seat 2: Andre.flly (315 in chips) 
Seat 3: D.tonke (695 in chips) 
Mahu2021: posts small blind 15
Andre.flly: posts big blind 30
*** HOLE CARDS ***
Dealt to Mahu2021 [Ac 5h]
D.tonke: folds 
Mahu2021: calls 15
Andre.flly: checks 
*** FLOP *** [3h Qs Kh]
Mahu2021: checks 
Andre.flly: checks 
*** TURN *** [3h Qs Kh] [6d]
Mahu2021: checks 
Andre.flly: checks 
*** RIVER *** [3h Qs Kh 6d] [Ah]
Mahu2021: bets 30
Andre.flly: calls 30
*** SHOW DOWN ***
Mahu2021: shows [Ac 5h] (a pair of Aces)
Andre.flly: mucks hand 
Mahu2021 collected 120 from pot
*** SUMMARY ***
Total pot 120 | Rake 0 
Board [3h Qs Kh 6d Ah]
Seat 1: Mahu2021 (small blind) showed [Ac 5h] and won (120) with a pair of Aces
Seat 2: Andre.flly (big blind) mucked [Jd 4d]
Seat 3: D.tonke (button) folded before Flop (didn't bet)



PokerStars Hand #253148013636: Tournament #3817544358, $1.84+$0.16 USD Hold'em No Limit - Level II (15/30) - 2024/10/28 22:22:20 CET [2024/10/28 17:22:20 ET]
Table '3817544358 1' 3-max Seat #1 is the button
Seat 1: Mahu2021 (550 in chips) 
Seat 2: Andre.flly (255 in chips) 
Seat 3: D.tonke (695 in chips) 
Andre.flly: posts small blind 15
D.tonke: posts big blind 30
*** HOLE CARDS ***
Dealt to Mahu2021 [7h 5s]
Mahu2021: folds 
Andre.flly: folds 
Uncalled bet (15) returned to D.tonke
D.tonke collected 30 from pot
D.tonke: doesn't show hand 
*** SUMMARY ***
Total pot 30 | Rake 0 
Seat 1: Mahu2021 (button) folded before Flop (didn't bet)
Seat 2: Andre.flly (small blind) folded before Flop
Seat 3: D.tonke (big blind) collected (30)



PokerStars Hand #253148015639: Tournament #3817544358, $1.84+$0.16 USD Hold'em No Limit - Level II (15/30) - 2024/10/28 22:22:28 CET [2024/10/28 17:22:28 ET]
Table '3817544358 1' 3-max Seat #2 is the button
Seat 1: Mahu2021 (550 in chips) 
Seat 2: Andre.flly (240 in chips) 
Seat 3: D.tonke (710 in chips) 
D.tonke: posts small blind 15
Mahu2021: posts big blind 30
*** HOLE CARDS ***
Dealt to Mahu2021 [2s 4c]
Andre.flly: folds 
D.tonke: folds 
Uncalled bet (15) returned to Mahu2021
Mahu2021 collected 30 from pot
Mahu2021: doesn't show hand 
*** SUMMARY ***
Total pot 30 | Rake 0 
Seat 1: Mahu2021 (big blind) collected (30)
Seat 2: Andre.flly (button) folded before Flop (didn't bet)
Seat 3: D.tonke (small blind) folded before Flop



PokerStars Hand #253148018864: Tournament #3817544358, $1.84+$0.16 USD Hold'em No Limit - Level II (15/30) - 2024/10/28 22:22:40 CET [2024/10/28 17:22:40 ET]
Table '3817544358 1' 3-max Seat #3 is the button
Seat 1: Mahu2021 (565 in chips) 
Seat 2: Andre.flly (240 in chips) 
Seat 3: D.tonke (695 in chips) 
Mahu2021: posts small blind 15
Andre.flly: posts big blind 30
*** HOLE CARDS ***
Dealt to Mahu2021 [Ts 8s]
D.tonke: folds 
Mahu2021: raises 30 to 60
Andre.flly: calls 30
*** FLOP *** [As 9d Ah]
Mahu2021: checks 
Andre.flly: bets 40
Mahu2021: folds 
Uncalled bet (40) returned to Andre.flly
Andre.flly collected 120 from pot
Andre.flly: doesn't show hand 
*** SUMMARY ***
Total pot 120 | Rake 0 
Board [As 9d Ah]
Seat 1: Mahu2021 (small blind) folded on the Flop
Seat 2: Andre.flly (big blind) collected (120)
Seat 3: D.tonke (button) folded before Flop (didn't bet)



PokerStars Hand #253148022793: Tournament #3817544358, $1.84+$0.16 USD Hold'em No Limit - Level II (15/30) - 2024/10/28 22:22:54 CET [2024/10/28 17:22:54 ET]
Table '3817544358 1' 3-max Seat #1 is the button
Seat 1: Mahu2021 (505 in chips) 
Seat 2: Andre.flly (300 in chips) 
Seat 3: D.tonke (695 in chips) 
Andre.flly: posts small blind 15
D.tonke: posts big blind 30
*** HOLE CARDS ***
Dealt to Mahu2021 [8d 4c]
Mahu2021: folds 
Andre.flly: raises 270 to 300 and is all-in
D.tonke: calls 270
*** FLOP *** [3d Qh 2s]
*** TURN *** [3d Qh 2s] [Ac]
*** RIVER *** [3d Qh 2s Ac] [Jd]
*** SHOW DOWN ***
Andre.flly: shows [Kh 4h] (high card Ace)
D.tonke: shows [Ah 9s] (a pair of Aces)
D.tonke collected 600 from pot
Andre.flly finished the tournament in 3rd place
*** SUMMARY ***
Total pot 600 | Rake 0 
Board [3d Qh 2s Ac Jd]
Seat 1: Mahu2021 (button) folded before Flop (didn't bet)
Seat 2: Andre.flly (small blind) showed [Kh 4h] and lost with high card Ace
Seat 3: D.tonke (big blind) showed [Ah 9s] and won (600) with a pair of Aces



PokerStars Hand #253148027545: Tournament #3817544358, $1.84+$0.16 USD Hold'em No Limit - Level III (20/40) - 2024/10/28 22:23:12 CET [2024/10/28 17:23:12 ET]
Table '3817544358 1' 3-max Seat #3 is the button
Seat 1: Mahu2021 (505 in chips) 
Seat 3: D.tonke (995 in chips) 
D.tonke: posts small blind 20
Mahu2021: posts big blind 40
*** HOLE CARDS ***
Dealt to Mahu2021 [Th Tc]
D.tonke: calls 20
Mahu2021: raises 465 to 505 and is all-in
D.tonke: folds 
Uncalled bet (465) returned to Mahu2021
Mahu2021 collected 80 from pot
Mahu2021: doesn't show hand 
*** SUMMARY ***
Total pot 80 | Rake 0 
Seat 1: Mahu2021 (big blind) collected (80)
Seat 3: D.tonke (button) (small blind) folded before Flop



PokerStars Hand #253148030994: Tournament #3817544358, $1.84+$0.16 USD Hold'em No Limit - Level III (20/40) - 2024/10/28 22:23:25 CET [2024/10/28 17:23:25 ET]
Table '3817544358 1' 3-max Seat #1 is the button
Seat 1: Mahu2021 (545 in chips) 
Seat 3: D.tonke (955 in chips) 
Mahu2021: posts small blind 20
D.tonke: posts big blind 40
*** HOLE CARDS ***
Dealt to Mahu2021 [Ah 5c]
Mahu2021: raises 40 to 80
D.tonke: calls 40
*** FLOP *** [9d 9h 3s]
D.tonke: checks 
Mahu2021: bets 80
D.tonke: folds 
Uncalled bet (80) returned to Mahu2021
Mahu2021 collected 160 from pot
Mahu2021: doesn't show hand 
*** SUMMARY ***
Total pot 160 | Rake 0 
Board [9d 9h 3s]
Seat 1: Mahu2021 (button) (small blind) collected (160)
Seat 3: D.tonke (big blind) folded on the Flop



PokerStars Hand #253148035895: Tournament #3817544358, $1.84+$0.16 USD Hold'em No Limit - Level III (20/40) - 2024/10/28 22:23:44 CET [2024/10/28 17:23:44 ET]
Table '3817544358 1' 3-max Seat #3 is the button
Seat 1: Mahu2021 (625 in chips) 
Seat 3: D.tonke (875 in chips) 
D.tonke: posts small blind 20
Mahu2021: posts big blind 40
*** HOLE CARDS ***
Dealt to Mahu2021 [Qh 6c]
D.tonke: raises 40 to 80
Mahu2021: calls 40
*** FLOP *** [Qc 7s 8c]
Mahu2021: checks 
D.tonke: checks 
*** TURN *** [Qc 7s 8c] [Jc]
Mahu2021: checks 
D.tonke: checks 
*** RIVER *** [Qc 7s 8c Jc] [Ks]
Mahu2021: checks 
D.tonke: bets 140
Mahu2021: folds 
Uncalled bet (140) returned to D.tonke
D.tonke collected 160 from pot
D.tonke: doesn't show hand 
*** SUMMARY ***
Total pot 160 | Rake 0 
Board [Qc 7s 8c Jc Ks]
Seat 1: Mahu2021 (big blind) folded on the River
Seat 3: D.tonke (button) (small blind) collected (160)



PokerStars Hand #253148042457: Tournament #3817544358, $1.84+$0.16 USD Hold'em No Limit - Level III (20/40) - 2024/10/28 22:24:08 CET [2024/10/28 17:24:08 ET]
Table '3817544358 1' 3-max Seat #1 is the button
Seat 1: Mahu2021 (545 in chips) 
Seat 3: D.tonke (955 in chips) 
Mahu2021: posts small blind 20
D.tonke: posts big blind 40
*** HOLE CARDS ***
Dealt to Mahu2021 [Qh 3s]
Mahu2021: calls 20
D.tonke: checks 
*** FLOP *** [Kd 3h 4s]
D.tonke: checks 
Mahu2021: bets 40
D.tonke: folds 
Uncalled bet (40) returned to Mahu2021
Mahu2021 collected 80 from pot
Mahu2021: doesn't show hand 
*** SUMMARY ***
Total pot 80 | Rake 0 
Board [Kd 3h 4s]
Seat 1: Mahu2021 (button) (small blind) collected (80)
Seat 3: D.tonke (big blind) folded on the Flop



PokerStars Hand #253148045710: Tournament #3817544358, $1.84+$0.16 USD Hold'em No Limit - Level III (20/40) - 2024/10/28 22:24:20 CET [2024/10/28 17:24:20 ET]
Table '3817544358 1' 3-max Seat #3 is the button
Seat 1: Mahu2021 (585 in chips) 
Seat 3: D.tonke (915 in chips) 
D.tonke: posts small blind 20
Mahu2021: posts big blind 40
*** HOLE CARDS ***
Dealt to Mahu2021 [2c 8c]
D.tonke: calls 20
Mahu2021: checks 
*** FLOP *** [Ad 4h 7h]
Mahu2021: checks 
D.tonke: checks 
*** TURN *** [Ad 4h 7h] [6h]
Mahu2021: checks 
D.tonke: checks 
*** RIVER *** [Ad 4h 7h 6h] [Jd]
Mahu2021: checks 
D.tonke: checks 
*** SHOW DOWN ***
Mahu2021: shows [2c 8c] (high card Ace)
D.tonke: shows [9c 5c] (high card Ace - Jack+Nine kicker)
D.tonke collected 80 from pot
*** SUMMARY ***
Total pot 80 | Rake 0 
Board [Ad 4h 7h 6h Jd]
Seat 1: Mahu2021 (big blind) showed [2c 8c] and lost with high card Ace
Seat 3: D.tonke (button) (small blind) showed [9c 5c] and won (80) with high card Ace



PokerStars Hand #253148051501: Tournament #3817544358, $1.84+$0.16 USD Hold'em No Limit - Level III (20/40) - 2024/10/28 22:24:42 CET [2024/10/28 17:24:42 ET]
Table '3817544358 1' 3-max Seat #1 is the button
Seat 1: Mahu2021 (545 in chips) 
Seat 3: D.tonke (955 in chips) 
Mahu2021: posts small blind 20
D.tonke: posts big blind 40
*** HOLE CARDS ***
Dealt to Mahu2021 [7s 5h]
Mahu2021: folds 
Uncalled bet (20) returned to D.tonke
D.tonke collected 40 from pot
D.tonke: doesn't show hand 
*** SUMMARY ***
Total pot 40 | Rake 0 
Seat 1: Mahu2021 (button) (small blind) folded before Flop
Seat 3: D.tonke (big blind) collected (40)



PokerStars Hand #253148053209: Tournament #3817544358, $1.84+$0.16 USD Hold'em No Limit - Level III (20/40) - 2024/10/28 22:24:48 CET [2024/10/28 17:24:48 ET]
Table '3817544358 1' 3-max Seat #3 is the button
Seat 1: Mahu2021 (525 in chips) 
Seat 3: D.tonke (975 in chips) 
D.tonke: posts small blind 20
Mahu2021: posts big blind 40
*** HOLE CARDS ***
Dealt to Mahu2021 [8d Qh]
D.tonke: raises 935 to 975 and is all-in
Mahu2021: folds 
Uncalled bet (935) returned to D.tonke
D.tonke collected 80 from pot
D.tonke: doesn't show hand 
*** SUMMARY ***
Total pot 80 | Rake 0 
Seat 1: Mahu2021 (big blind) folded before Flop
Seat 3: D.tonke (button) (small blind) collected (80)



PokerStars Hand #253148054705: Tournament #3817544358, $1.84+$0.16 USD Hold'em No Limit - Level III (20/40) - 2024/10/28 22:24:54 CET [2024/10/28 17:24:54 ET]
Table '3817544358 1' 3-max Seat #1 is the button
Seat 1: Mahu2021 (485 in chips) 
Seat 3: D.tonke (1015 in chips) 
Mahu2021: posts small blind 20
D.tonke: posts big blind 40
*** HOLE CARDS ***
Dealt to Mahu2021 [Js 9c]
Mahu2021: raises 40 to 80
D.tonke: folds 
Uncalled bet (40) returned to Mahu2021
Mahu2021 collected 80 from pot
Mahu2021: doesn't show hand 
*** SUMMARY ***
Total pot 80 | Rake 0 
Seat 1: Mahu2021 (button) (small blind) collected (80)
Seat 3: D.tonke (big blind) folded before Flop



PokerStars Hand #253148057255: Tournament #3817544358, $1.84+$0.16 USD Hold'em No Limit - Level IV (30/60) - 2024/10/28 22:25:03 CET [2024/10/28 17:25:03 ET]
Table '3817544358 1' 3-max Seat #3 is the button
Seat 1: Mahu2021 (525 in chips) 
Seat 3: D.tonke (975 in chips) 
D.tonke: posts small blind 30
Mahu2021: posts big blind 60
*** HOLE CARDS ***
Dealt to Mahu2021 [7s 2h]
D.tonke: calls 30
Mahu2021: checks 
*** FLOP *** [8s Ts Jh]
Mahu2021: checks 
D.tonke: checks 
*** TURN *** [8s Ts Jh] [Qh]
Mahu2021: checks 
D.tonke: bets 60
Mahu2021: folds 
Uncalled bet (60) returned to D.tonke
D.tonke collected 120 from pot
D.tonke: doesn't show hand 
*** SUMMARY ***
Total pot 120 | Rake 0 
Board [8s Ts Jh Qh]
Seat 1: Mahu2021 (big blind) folded on the Turn
Seat 3: D.tonke (button) (small blind) collected (120)



PokerStars Hand #253148065242: Tournament #3817544358, $1.84+$0.16 USD Hold'em No Limit - Level IV (30/60) - 2024/10/28 22:25:34 CET [2024/10/28 17:25:34 ET]
Table '3817544358 1' 3-max Seat #1 is the button
Seat 1: Mahu2021 (465 in chips) 
Seat 3: D.tonke (1035 in chips) 
Mahu2021: posts small blind 30
D.tonke: posts big blind 60
*** HOLE CARDS ***
Dealt to Mahu2021 [3d 6c]
Mahu2021: folds 
Uncalled bet (30) returned to D.tonke
D.tonke collected 60 from pot
D.tonke: doesn't show hand 
*** SUMMARY ***
Total pot 60 | Rake 0 
Seat 1: Mahu2021 (button) (small blind) folded before Flop
Seat 3: D.tonke (big blind) collected (60)



PokerStars Hand #253148066513: Tournament #3817544358, $1.84+$0.16 USD Hold'em No Limit - Level IV (30/60) - 2024/10/28 22:25:38 CET [2024/10/28 17:25:38 ET]
Table '3817544358 1' 3-max Seat #3 is the button
Seat 1: Mahu2021 (435 in chips) 
Seat 3: D.tonke (1065 in chips) 
D.tonke: posts small blind 30
Mahu2021: posts big blind 60
*** HOLE CARDS ***
Dealt to Mahu2021 [Tc As]
D.tonke: raises 1005 to 1065 and is all-in
Mahu2021: calls 375 and is all-in
Uncalled bet (630) returned to D.tonke
*** FLOP *** [Qd 9s Ah]
*** TURN *** [Qd 9s Ah] [4s]
*** RIVER *** [Qd 9s Ah 4s] [Ts]
*** SHOW DOWN ***
Mahu2021: shows [Tc As] (two pair, Aces and Tens)
D.tonke: shows [Kc Jd] (a straight, Ten to Ace)
D.tonke collected 870 from pot
Mahu2021 finished the tournament in 2nd place
D.tonke wins the tournament and receives $4.00 - congratulations!
*** SUMMARY ***
Total pot 870 | Rake 0 
Board [Qd 9s Ah 4s Ts]
Seat 1: Mahu2021 (big blind) showed [Tc As] and lost with two pair, Aces and Tens
Seat 3: D.tonke (button) (small blind) showed [Kc Jd] and won (870) with a straight, Ten to Ace



