PokerStars Zoom Hand #254607366634:  Hold'em No Limit ($0.05/$0.10) - 2025/01/29 16:41:41 CET [2025/01/29 10:41:41 ET]
Table 'Aludra' 6-max Seat #1 is the button
Seat 1: Fishpoker17 ($11.11 in chips) 
Seat 2: Titsamach ($11.40 in chips) 
Seat 3: Mahu2021 ($10 in chips) 
Seat 4: BluesUK ($17.63 in chips) 
Seat 5: Soli56 ($31.24 in chips) 
Seat 6: StefanGhinea ($19.46 in chips) 
Titsamach: posts small blind $0.05
Mahu2021: posts big blind $0.10
*** HOLE CARDS ***
Dealt to Mahu2021 [3s 9s]
BluesUK: folds 
Soli56 has timed out while disconnected
Soli56: folds 
StefanGhinea: folds 
Fishpoker17: raises $0.15 to $0.25
Titsamach: folds 
Mahu2021: folds 
Uncalled bet ($0.15) returned to Fishpoker17
Fishpoker17 collected $0.25 from pot
Fishpoker17: doesn't show hand 
*** SUMMARY ***
Total pot $0.25 | Rake $0 
Seat 1: Fishpoker17 (button) collected ($0.25)
Seat 2: Titsamach (small blind) folded before Flop
Seat 3: Mahu2021 (big blind) folded before Flop
Seat 4: BluesUK folded before Flop (didn't bet)
Seat 5: Soli56 folded before Flop (didn't bet)
Seat 6: StefanGhinea folded before Flop (didn't bet)



PokerStars Zoom Hand #254607370468:  Hold'em No Limit ($0.05/$0.10) - 2025/01/29 16:41:59 CET [2025/01/29 10:41:59 ET]
Table 'Aludra' 6-max Seat #1 is the button
Seat 1: 00O-2Z ($13.17 in chips) 
Seat 2: Mahu2021 ($9.90 in chips) 
Seat 3: AceWise ($11.21 in chips) 
Seat 4: Mallardz ($13.42 in chips) 
Seat 5: lowprofessional ($5 in chips) 
Seat 6: Rmlalex ($10 in chips) 
Mahu2021: posts small blind $0.05
AceWise: posts big blind $0.10
*** HOLE CARDS ***
Dealt to Mahu2021 [Kh 5c]
Mallardz: raises $0.15 to $0.25
lowprofessional: calls $0.25
Rmlalex: calls $0.25
00O-2Z: folds 
Mahu2021: folds 
AceWise: folds 
*** FLOP *** [2s Js 6h]
Mallardz: checks 
lowprofessional: bets $0.43
Rmlalex: raises $9.32 to $9.75 and is all-in
Mallardz: folds 
lowprofessional: calls $4.32 and is all-in
Uncalled bet ($5) returned to Rmlalex
*** TURN *** [2s Js 6h] [2d]
*** RIVER *** [2s Js 6h 2d] [4h]
*** SHOW DOWN ***
lowprofessional: shows [8h Jh] (two pair, Jacks and Deuces)
Rmlalex: shows [As 9s] (a pair of Deuces)
lowprofessional collected $9.93 from pot
*** SUMMARY ***
Total pot $10.40 | Rake $0.47 
Board [2s Js 6h 2d 4h]
Seat 1: 00O-2Z (button) folded before Flop (didn't bet)
Seat 2: Mahu2021 (small blind) folded before Flop
Seat 3: AceWise (big blind) folded before Flop
Seat 4: Mallardz folded on the Flop
Seat 5: lowprofessional showed [8h Jh] and won ($9.93) with two pair, Jacks and Deuces
Seat 6: Rmlalex showed [As 9s] and lost with a pair of Deuces



PokerStars Zoom Hand #254607371325:  Hold'em No Limit ($0.05/$0.10) - 2025/01/29 16:42:03 CET [2025/01/29 10:42:03 ET]
Table 'Aludra' 6-max Seat #1 is the button
Seat 1: Mahu2021 ($9.85 in chips) 
Seat 2: v4valter88 ($10 in chips) 
Seat 3: IvishoW ($12.90 in chips) 
Seat 4: Elvisc8_96 ($12.59 in chips) 
Seat 5: Rhymer82 ($14 in chips) 
Seat 6: Titsamach ($11.35 in chips) 
v4valter88: posts small blind $0.05
IvishoW: posts big blind $0.10
*** HOLE CARDS ***
Dealt to Mahu2021 [Qs Kd]
Elvisc8_96: folds 
Rhymer82: raises $0.20 to $0.30
Titsamach: folds 
Mahu2021: calls $0.30
v4valter88: folds 
IvishoW: folds 
*** FLOP *** [9s Qc 4d]
Rhymer82: bets $0.36
Mahu2021: calls $0.36
*** TURN *** [9s Qc 4d] [Th]
Rhymer82: bets $1.40
Mahu2021: calls $1.40
*** RIVER *** [9s Qc 4d Th] [7h]
Rhymer82: bets $4.08
Mahu2021: folds 
Uncalled bet ($4.08) returned to Rhymer82
Rhymer82 collected $4.08 from pot
Rhymer82: doesn't show hand 
*** SUMMARY ***
Total pot $4.27 | Rake $0.19 
Board [9s Qc 4d Th 7h]
Seat 1: Mahu2021 (button) folded on the River
Seat 2: v4valter88 (small blind) folded before Flop
Seat 3: IvishoW (big blind) folded before Flop
Seat 4: Elvisc8_96 folded before Flop (didn't bet)
Seat 5: Rhymer82 collected ($4.08)
Seat 6: Titsamach folded before Flop (didn't bet)



PokerStars Zoom Hand #254607383100:  Hold'em No Limit ($0.05/$0.10) - 2025/01/29 16:42:59 CET [2025/01/29 10:42:59 ET]
Table 'Aludra' 6-max Seat #1 is the button
Seat 1: stiucarul ($5.14 in chips) 
Seat 2: wiseman888 ($4.17 in chips) 
Seat 3: MarkShark01 ($3.07 in chips) 
Seat 4: kloniss ($16.52 in chips) 
Seat 5: Mahu2021 ($7.79 in chips) 
Seat 6: IvishoW ($9.76 in chips) 
wiseman888: posts small blind $0.05
MarkShark01: posts big blind $0.10
*** HOLE CARDS ***
Dealt to Mahu2021 [9d Js]
kloniss: folds 
Mahu2021: folds 
IvishoW: folds 
stiucarul: folds 
wiseman888: folds 
Uncalled bet ($0.05) returned to MarkShark01
MarkShark01 collected $0.10 from pot
MarkShark01: doesn't show hand 
*** SUMMARY ***
Total pot $0.10 | Rake $0 
Seat 1: stiucarul (button) folded before Flop (didn't bet)
Seat 2: wiseman888 (small blind) folded before Flop
Seat 3: MarkShark01 (big blind) collected ($0.10)
Seat 4: kloniss folded before Flop (didn't bet)
Seat 5: Mahu2021 folded before Flop (didn't bet)
Seat 6: IvishoW folded before Flop (didn't bet)



PokerStars Zoom Hand #254607382056:  Hold'em No Limit ($0.05/$0.10) - 2025/01/29 16:42:54 CET [2025/01/29 10:42:54 ET]
Table 'Aludra' 6-max Seat #1 is the button
Seat 1: Pinkmnn ($17.48 in chips) 
Seat 2: looser00091 ($10.19 in chips) 
Seat 3: BluesUK ($17.33 in chips) 
Seat 4: maishigao ($8.52 in chips) 
Seat 5: Mahu2021 ($7.79 in chips) 
Seat 6: v4valter88 ($10 in chips) 
looser00091: posts small blind $0.05
BluesUK: posts big blind $0.10
*** HOLE CARDS ***
Dealt to Mahu2021 [Ts 9d]
maishigao: raises $0.20 to $0.30
Mahu2021: folds 
v4valter88: folds 
Pinkmnn: folds 
looser00091: folds 
BluesUK: folds 
Uncalled bet ($0.20) returned to maishigao
maishigao collected $0.25 from pot
maishigao: doesn't show hand 
*** SUMMARY ***
Total pot $0.25 | Rake $0 
Seat 1: Pinkmnn (button) folded before Flop (didn't bet)
Seat 2: looser00091 (small blind) folded before Flop
Seat 3: BluesUK (big blind) folded before Flop
Seat 4: maishigao collected ($0.25)
Seat 5: Mahu2021 folded before Flop (didn't bet)
Seat 6: v4valter88 folded before Flop (didn't bet)



PokerStars Zoom Hand #254607381400:  Hold'em No Limit ($0.05/$0.10) - 2025/01/29 16:42:51 CET [2025/01/29 10:42:51 ET]
Table 'Aludra' 6-max Seat #1 is the button
Seat 1: Julian125 ($10 in chips) 
Seat 2: kato-2003 ($10.51 in chips) 
Seat 3: Pastor28 ($11.73 in chips) 
Seat 4: PaduaC ($10 in chips) 
Seat 5: Rhymer82 ($16.02 in chips) 
Seat 6: Mahu2021 ($7.79 in chips) 
kato-2003: posts small blind $0.05
Pastor28: posts big blind $0.10
*** HOLE CARDS ***
Dealt to Mahu2021 [9h 8d]
PaduaC: raises $0.12 to $0.22
Rhymer82: calls $0.22
Mahu2021: folds 
Julian125: folds 
kato-2003: folds 
Pastor28: calls $0.12
*** FLOP *** [Td 2s 3c]
Pastor28: checks 
PaduaC: checks 
Rhymer82: bets $0.34
Pastor28: folds 
PaduaC: folds 
Uncalled bet ($0.34) returned to Rhymer82
Rhymer82 collected $0.68 from pot
Rhymer82: doesn't show hand 
*** SUMMARY ***
Total pot $0.71 | Rake $0.03 
Board [Td 2s 3c]
Seat 1: Julian125 (button) folded before Flop (didn't bet)
Seat 2: kato-2003 (small blind) folded before Flop
Seat 3: Pastor28 (big blind) folded on the Flop
Seat 4: PaduaC folded on the Flop
Seat 5: Rhymer82 collected ($0.68)
Seat 6: Mahu2021 folded before Flop (didn't bet)



PokerStars Zoom Hand #254607389863:  Hold'em No Limit ($0.05/$0.10) - 2025/01/29 16:43:30 CET [2025/01/29 10:43:30 ET]
Table 'Aludra' 6-max Seat #1 is the button
Seat 1: Cr0w932 ($10 in chips) 
Seat 2: Mahu2021 ($7.49 in chips) 
Seat 3: JB00888 ($3.31 in chips) 
Seat 4: BluesUK ($17.08 in chips) 
Seat 5: foggz ($10.10 in chips) 
Seat 6: sv5555555 ($8.10 in chips) 
Mahu2021: posts small blind $0.05
JB00888: posts big blind $0.10
*** HOLE CARDS ***
Dealt to Mahu2021 [8d 6h]
BluesUK: folds 
foggz: folds 
sv5555555: folds 
Cr0w932: folds 
Mahu2021: folds 
Uncalled bet ($0.05) returned to JB00888
JB00888 collected $0.10 from pot
JB00888: doesn't show hand 
*** SUMMARY ***
Total pot $0.10 | Rake $0 
Seat 1: Cr0w932 (button) folded before Flop (didn't bet)
Seat 2: Mahu2021 (small blind) folded before Flop
Seat 3: JB00888 (big blind) collected ($0.10)
Seat 4: BluesUK folded before Flop (didn't bet)
Seat 5: foggz folded before Flop (didn't bet)
Seat 6: sv5555555 folded before Flop (didn't bet)



PokerStars Zoom Hand #254607390666:  Hold'em No Limit ($0.05/$0.10) - 2025/01/29 16:43:34 CET [2025/01/29 10:43:34 ET]
Table 'Aludra' 6-max Seat #1 is the button
Seat 1: Gobi000 ($10 in chips) 
Seat 2: IvishoW ($9.66 in chips) 
Seat 3: Titsamach ($11.41 in chips) 
Seat 4: Mahu2021 ($7.44 in chips) 
Seat 5: Pinkmnn ($17.63 in chips) 
Seat 6: sestovschi ($5.70 in chips) 
IvishoW: posts small blind $0.05
Titsamach: posts big blind $0.10
*** HOLE CARDS ***
Dealt to Mahu2021 [8c 5s]
Mahu2021: folds 
Pinkmnn: folds 
sestovschi: folds 
Gobi000: raises $0.10 to $0.20
IvishoW: folds 
Titsamach: folds 
Uncalled bet ($0.10) returned to Gobi000
Gobi000 collected $0.25 from pot
Gobi000: doesn't show hand 
*** SUMMARY ***
Total pot $0.25 | Rake $0 
Seat 1: Gobi000 (button) collected ($0.25)
Seat 2: IvishoW (small blind) folded before Flop
Seat 3: Titsamach (big blind) folded before Flop
Seat 4: Mahu2021 folded before Flop (didn't bet)
Seat 5: Pinkmnn folded before Flop (didn't bet)
Seat 6: sestovschi folded before Flop (didn't bet)



PokerStars Zoom Hand #254607384405:  Hold'em No Limit ($0.05/$0.10) - 2025/01/29 16:43:05 CET [2025/01/29 10:43:05 ET]
Table 'Aludra' 6-max Seat #1 is the button
Seat 1: jeonjinny ($16.28 in chips) 
Seat 2: Gobi000 ($15.83 in chips) 
Seat 3: Mahu2021 ($7.79 in chips) 
Seat 4: v4valter88 ($10 in chips) 
Seat 5: looser00091 ($10.14 in chips) 
Seat 6: XR7C ($5.98 in chips) 
Gobi000: posts small blind $0.05
Mahu2021: posts big blind $0.10
*** HOLE CARDS ***
Dealt to Mahu2021 [Qd 9d]
v4valter88: folds 
looser00091: folds 
XR7C: raises $0.20 to $0.30
jeonjinny: calls $0.30
Gobi000: folds 
Mahu2021: calls $0.20
*** FLOP *** [Jh 3c 4s]
Mahu2021: checks 
XR7C: checks 
jeonjinny: checks 
*** TURN *** [Jh 3c 4s] [2s]
Mahu2021: checks 
XR7C: bets $0.46
jeonjinny: calls $0.46
Mahu2021: folds 
*** RIVER *** [Jh 3c 4s 2s] [Qs]
XR7C: bets $1.10
jeonjinny: raises $2.31 to $3.41
XR7C: folds 
Uncalled bet ($2.31) returned to jeonjinny
jeonjinny collected $3.89 from pot
jeonjinny: doesn't show hand 
*** SUMMARY ***
Total pot $4.07 | Rake $0.18 
Board [Jh 3c 4s 2s Qs]
Seat 1: jeonjinny (button) collected ($3.89)
Seat 2: Gobi000 (small blind) folded before Flop
Seat 3: Mahu2021 (big blind) folded on the Turn
Seat 4: v4valter88 folded before Flop (didn't bet)
Seat 5: looser00091 folded before Flop (didn't bet)
Seat 6: XR7C folded on the River



PokerStars Zoom Hand #254607392264:  Hold'em No Limit ($0.05/$0.10) - 2025/01/29 16:43:42 CET [2025/01/29 10:43:42 ET]
Table 'Aludra' 6-max Seat #1 is the button
Seat 1: Al3xrz ($18.19 in chips) 
Seat 2: iza_doria ($4.55 in chips) 
Seat 3: sv5555555 ($8.10 in chips) 
Seat 4: Charlie13711 ($10.91 in chips) 
Seat 5: Titsamach ($11.10 in chips) 
Seat 6: Mahu2021 ($7.44 in chips) 
iza_doria: posts small blind $0.05
sv5555555: posts big blind $0.10
*** HOLE CARDS ***
Dealt to Mahu2021 [4d 6c]
Charlie13711: folds 
Titsamach: raises $0.10 to $0.20
Mahu2021: folds 
Al3xrz: folds 
iza_doria: folds 
sv5555555: raises $7.90 to $8.10 and is all-in
Titsamach: folds 
Uncalled bet ($7.90) returned to sv5555555
sv5555555 collected $0.45 from pot
sv5555555: doesn't show hand 
*** SUMMARY ***
Total pot $0.45 | Rake $0 
Seat 1: Al3xrz (button) folded before Flop (didn't bet)
Seat 2: iza_doria (small blind) folded before Flop
Seat 3: sv5555555 (big blind) collected ($0.45)
Seat 4: Charlie13711 folded before Flop (didn't bet)
Seat 5: Titsamach folded before Flop
Seat 6: Mahu2021 folded before Flop (didn't bet)



PokerStars Zoom Hand #254607392946:  Hold'em No Limit ($0.05/$0.10) - 2025/01/29 16:43:45 CET [2025/01/29 10:43:45 ET]
Table 'Aludra' 6-max Seat #1 is the button
Seat 1: Smiffler ($10.15 in chips) 
Seat 2: v4valter88 ($10 in chips) 
Seat 3: Mahu2021 ($7.44 in chips) 
Seat 4: stiucarul ($5.04 in chips) 
Seat 5: BluesUK ($17.03 in chips) 
Seat 6: Cr0w932 ($10 in chips) 
v4valter88: posts small blind $0.05
Mahu2021: posts big blind $0.10
*** HOLE CARDS ***
Dealt to Mahu2021 [Tc 7c]
stiucarul: folds 
BluesUK: folds 
Cr0w932: folds 
Smiffler: raises $0.15 to $0.25
v4valter88: folds 
Mahu2021: calls $0.15
*** FLOP *** [Qs Jd 4d]
Mahu2021: checks 
Smiffler: bets $0.25
Mahu2021: folds 
Uncalled bet ($0.25) returned to Smiffler
Smiffler collected $0.53 from pot
Smiffler: doesn't show hand 
*** SUMMARY ***
Total pot $0.55 | Rake $0.02 
Board [Qs Jd 4d]
Seat 1: Smiffler (button) collected ($0.53)
Seat 2: v4valter88 (small blind) folded before Flop
Seat 3: Mahu2021 (big blind) folded on the Flop
Seat 4: stiucarul folded before Flop (didn't bet)
Seat 5: BluesUK folded before Flop (didn't bet)
Seat 6: Cr0w932 folded before Flop (didn't bet)



PokerStars Zoom Hand #254607401168:  Hold'em No Limit ($0.05/$0.10) - 2025/01/29 16:44:24 CET [2025/01/29 10:44:24 ET]
Table 'Aludra' 6-max Seat #1 is the button
Seat 1: BigDepsx ($10.12 in chips) 
Seat 2: Titsamach ($10.90 in chips) 
Seat 3: AceWise ($10.69 in chips) 
Seat 4: jeonjinny ($12.29 in chips) 
Seat 5: Mahu2021 ($7.19 in chips) 
Seat 6: TeoMT7 ($3.75 in chips) 
Titsamach: posts small blind $0.05
AceWise: posts big blind $0.10
*** HOLE CARDS ***
Dealt to Mahu2021 [3c 2h]
jeonjinny: folds 
Mahu2021: folds 
TeoMT7: folds 
BigDepsx: folds 
Titsamach: folds 
Uncalled bet ($0.05) returned to AceWise
AceWise collected $0.10 from pot
AceWise: doesn't show hand 
*** SUMMARY ***
Total pot $0.10 | Rake $0 
Seat 1: BigDepsx (button) folded before Flop (didn't bet)
Seat 2: Titsamach (small blind) folded before Flop
Seat 3: AceWise (big blind) collected ($0.10)
Seat 4: jeonjinny folded before Flop (didn't bet)
Seat 5: Mahu2021 folded before Flop (didn't bet)
Seat 6: TeoMT7 folded before Flop (didn't bet)



PokerStars Zoom Hand #254607401991:  Hold'em No Limit ($0.05/$0.10) - 2025/01/29 16:44:28 CET [2025/01/29 10:44:28 ET]
Table 'Aludra' 6-max Seat #1 is the button
Seat 1: Pastor28 ($11.01 in chips) 
Seat 2: Mahu2021 ($7.19 in chips) 
Seat 3: Titsamach ($10.85 in chips) 
Seat 4: schmitinho ($13.51 in chips) 
Seat 5: IvishoW ($9.61 in chips) 
Seat 6: ljy990514 ($12.53 in chips) 
Mahu2021: posts small blind $0.05
Titsamach: posts big blind $0.10
*** HOLE CARDS ***
Dealt to Mahu2021 [9d 6s]
schmitinho: folds 
IvishoW: folds 
ljy990514: folds 
Pastor28: raises $0.15 to $0.25
Mahu2021: folds 
Titsamach: folds 
Uncalled bet ($0.15) returned to Pastor28
Pastor28 collected $0.25 from pot
Pastor28: doesn't show hand 
*** SUMMARY ***
Total pot $0.25 | Rake $0 
Seat 1: Pastor28 (button) collected ($0.25)
Seat 2: Mahu2021 (small blind) folded before Flop
Seat 3: Titsamach (big blind) folded before Flop
Seat 4: schmitinho folded before Flop (didn't bet)
Seat 5: IvishoW folded before Flop (didn't bet)
Seat 6: ljy990514 folded before Flop (didn't bet)



PokerStars Zoom Hand #254607399096:  Hold'em No Limit ($0.05/$0.10) - 2025/01/29 16:44:14 CET [2025/01/29 10:44:14 ET]
Table 'Aludra' 6-max Seat #1 is the button
Seat 1: kato-2003 ($10 in chips) 
Seat 2: BluesUK ($16.93 in chips) 
Seat 3: Elvisc8_96 ($11.99 in chips) 
Seat 4: Mahu2021 ($7.19 in chips) 
Seat 5: systraxsix ($6.63 in chips) 
Seat 6: AceWise ($24.45 in chips) 
BluesUK: posts small blind $0.05
Elvisc8_96: posts big blind $0.10
*** HOLE CARDS ***
Dealt to Mahu2021 [7c Qh]
Mahu2021: folds 
systraxsix: calls $0.10
AceWise: folds 
kato-2003: raises $0.30 to $0.40
BluesUK: folds 
Elvisc8_96: calls $0.30
systraxsix: calls $0.30
*** FLOP *** [4c Qc 6d]
Elvisc8_96: checks 
systraxsix: checks 
kato-2003: checks 
*** TURN *** [4c Qc 6d] [9d]
Elvisc8_96: bets $0.89
systraxsix: folds 
kato-2003: folds 
Uncalled bet ($0.89) returned to Elvisc8_96
Elvisc8_96 collected $1.19 from pot
Elvisc8_96: doesn't show hand 
*** SUMMARY ***
Total pot $1.25 | Rake $0.06 
Board [4c Qc 6d 9d]
Seat 1: kato-2003 (button) folded on the Turn
Seat 2: BluesUK (small blind) folded before Flop
Seat 3: Elvisc8_96 (big blind) collected ($1.19)
Seat 4: Mahu2021 folded before Flop (didn't bet)
Seat 5: systraxsix folded on the Turn
Seat 6: AceWise folded before Flop (didn't bet)



PokerStars Zoom Hand #254607391416:  Hold'em No Limit ($0.05/$0.10) - 2025/01/29 16:43:38 CET [2025/01/29 10:43:38 ET]
Table 'Aludra' 6-max Seat #1 is the button
Seat 1: Mahu2021 ($7.44 in chips) 
Seat 2: BigDepsx ($12.73 in chips) 
Seat 3: IvishoW ($22.90 in chips) 
Seat 4: Fishpoker17 ($10 in chips) 
Seat 5: wiseman888 ($4.17 in chips) 
Seat 6: Radoslav_Rusev ($15.49 in chips) 
BigDepsx: posts small blind $0.05
IvishoW: posts big blind $0.10
*** HOLE CARDS ***
Dealt to Mahu2021 [7h Ts]
Fishpoker17: raises $0.10 to $0.20
wiseman888: folds 
Radoslav_Rusev: folds 
Mahu2021: folds 
BigDepsx: calls $0.15
IvishoW: calls $0.10
*** FLOP *** [Qd 6h Kc]
BigDepsx: checks 
IvishoW: checks 
Fishpoker17: checks 
*** TURN *** [Qd 6h Kc] [5h]
BigDepsx: checks 
IvishoW: checks 
Fishpoker17: checks 
*** RIVER *** [Qd 6h Kc 5h] [9h]
BigDepsx: checks 
IvishoW: checks 
Fishpoker17: checks 
*** SHOW DOWN ***
BigDepsx: shows [3s 3d] (a pair of Threes)
IvishoW: shows [Jd 9c] (a pair of Nines)
Fishpoker17: mucks hand 
IvishoW collected $0.57 from pot
*** SUMMARY ***
Total pot $0.60 | Rake $0.03 
Board [Qd 6h Kc 5h 9h]
Seat 1: Mahu2021 (button) folded before Flop (didn't bet)
Seat 2: BigDepsx (small blind) showed [3s 3d] and lost with a pair of Threes
Seat 3: IvishoW (big blind) showed [Jd 9c] and won ($0.57) with a pair of Nines
Seat 4: Fishpoker17 mucked [Td As]
Seat 5: wiseman888 folded before Flop (didn't bet)
Seat 6: Radoslav_Rusev folded before Flop (didn't bet)



PokerStars Zoom Hand #254607400123:  Hold'em No Limit ($0.05/$0.10) - 2025/01/29 16:44:19 CET [2025/01/29 10:44:19 ET]
Table 'Aludra' 6-max Seat #1 is the button
Seat 1: Pastor28 ($31.46 in chips) 
Seat 2: PiekAss4711 ($10.23 in chips) 
Seat 3: cip1001t ($9.75 in chips) 
Seat 4: MaJuCap ($10.06 in chips) 
Seat 5: v4valter88 ($10.17 in chips) 
Seat 6: Mahu2021 ($7.19 in chips) 
PiekAss4711: posts small blind $0.05
cip1001t: posts big blind $0.10
*** HOLE CARDS ***
Dealt to Mahu2021 [4s Td]
MaJuCap: folds 
v4valter88: folds 
Mahu2021: folds 
Pastor28: folds 
PiekAss4711: calls $0.05
cip1001t: checks 
*** FLOP *** [9s Qc 5s]
PiekAss4711: checks 
cip1001t: checks 
*** TURN *** [9s Qc 5s] [2c]
PiekAss4711: bets $0.10
cip1001t: folds 
Uncalled bet ($0.10) returned to PiekAss4711
PiekAss4711 collected $0.19 from pot
PiekAss4711: doesn't show hand 
*** SUMMARY ***
Total pot $0.20 | Rake $0.01 
Board [9s Qc 5s 2c]
Seat 1: Pastor28 (button) folded before Flop (didn't bet)
Seat 2: PiekAss4711 (small blind) collected ($0.19)
Seat 3: cip1001t (big blind) folded on the Turn
Seat 4: MaJuCap folded before Flop (didn't bet)
Seat 5: v4valter88 folded before Flop (didn't bet)
Seat 6: Mahu2021 folded before Flop (didn't bet)



PokerStars Zoom Hand #254607402707:  Hold'em No Limit ($0.05/$0.10) - 2025/01/29 16:44:31 CET [2025/01/29 10:44:31 ET]
Table 'Aludra' 6-max Seat #1 is the button
Seat 1: Mallardz ($12.11 in chips) 
Seat 2: Berserkzz ($6.66 in chips) 
Seat 3: Mahu2021 ($7.14 in chips) 
Seat 4: StefanGhinea ($16.32 in chips) 
Seat 5: kabyll ($8.45 in chips) 
Seat 6: JB00888 ($6.47 in chips) 
Berserkzz: posts small blind $0.05
Mahu2021: posts big blind $0.10
*** HOLE CARDS ***
Dealt to Mahu2021 [Ac 9c]
StefanGhinea: raises $0.12 to $0.22
kabyll: folds 
JB00888: folds 
Mallardz: folds 
Berserkzz: folds 
Mahu2021: calls $0.12
*** FLOP *** [Ks 8s Js]
Mahu2021: checks 
StefanGhinea: checks 
*** TURN *** [Ks 8s Js] [7h]
Mahu2021: checks 
StefanGhinea: checks 
*** RIVER *** [Ks 8s Js 7h] [4s]
Mahu2021: bets $0.47
StefanGhinea: folds 
Uncalled bet ($0.47) returned to Mahu2021
Mahu2021 collected $0.47 from pot
Mahu2021: doesn't show hand 
*** SUMMARY ***
Total pot $0.49 | Rake $0.02 
Board [Ks 8s Js 7h 4s]
Seat 1: Mallardz (button) folded before Flop (didn't bet)
Seat 2: Berserkzz (small blind) folded before Flop
Seat 3: Mahu2021 (big blind) collected ($0.47)
Seat 4: StefanGhinea folded on the River
Seat 5: kabyll folded before Flop (didn't bet)
Seat 6: JB00888 folded before Flop (didn't bet)



PokerStars Zoom Hand #254607417336:  Hold'em No Limit ($0.05/$0.10) - 2025/01/29 16:45:39 CET [2025/01/29 10:45:39 ET]
Table 'Aludra' 6-max Seat #1 is the button
Seat 1: Mahu2021 ($7.39 in chips) 
Seat 2: Nussen2013 ($9.85 in chips) 
Seat 3: BigDepsx ($12.53 in chips) 
Seat 4: ljy990514 ($20.48 in chips) 
Seat 5: Titsamach ($15.95 in chips) 
Seat 6: Egretei89 ($10.02 in chips) 
Nussen2013: posts small blind $0.05
BigDepsx: posts big blind $0.10
*** HOLE CARDS ***
Dealt to Mahu2021 [5s 4h]
ljy990514: folds 
Titsamach: folds 
Egretei89: folds 
Mahu2021: folds 
Nussen2013: folds 
Uncalled bet ($0.05) returned to BigDepsx
BigDepsx collected $0.10 from pot
BigDepsx: doesn't show hand 
*** SUMMARY ***
Total pot $0.10 | Rake $0 
Seat 1: Mahu2021 (button) folded before Flop (didn't bet)
Seat 2: Nussen2013 (small blind) folded before Flop
Seat 3: BigDepsx (big blind) collected ($0.10)
Seat 4: ljy990514 folded before Flop (didn't bet)
Seat 5: Titsamach folded before Flop (didn't bet)
Seat 6: Egretei89 folded before Flop (didn't bet)



PokerStars Zoom Hand #254607419071:  Hold'em No Limit ($0.05/$0.10) - 2025/01/29 16:45:47 CET [2025/01/29 10:45:47 ET]
Table 'Aludra' 6-max Seat #1 is the button
Seat 1: Mahu2021 ($7.39 in chips) 
Seat 2: TonypokerMK ($11.40 in chips) 
Seat 3: AceWise ($24.45 in chips) 
Seat 4: zALEXKAYz ($10 in chips) 
Seat 5: MarkShark01 ($2.47 in chips) 
Seat 6: rGiosa ($10 in chips) 
TonypokerMK: posts small blind $0.05
AceWise: posts big blind $0.10
*** HOLE CARDS ***
Dealt to Mahu2021 [Th 6c]
zALEXKAYz: folds 
MarkShark01: folds 
rGiosa: raises $0.15 to $0.25
Mahu2021: folds 
TonypokerMK: folds 
AceWise: folds 
Uncalled bet ($0.15) returned to rGiosa
rGiosa collected $0.25 from pot
rGiosa: doesn't show hand 
*** SUMMARY ***
Total pot $0.25 | Rake $0 
Seat 1: Mahu2021 (button) folded before Flop (didn't bet)
Seat 2: TonypokerMK (small blind) folded before Flop
Seat 3: AceWise (big blind) folded before Flop
Seat 4: zALEXKAYz folded before Flop (didn't bet)
Seat 5: MarkShark01 folded before Flop (didn't bet)
Seat 6: rGiosa collected ($0.25)



PokerStars Zoom Hand #254607418238:  Hold'em No Limit ($0.05/$0.10) - 2025/01/29 16:45:43 CET [2025/01/29 10:45:43 ET]
Table 'Aludra' 6-max Seat #1 is the button
Seat 1: BluesUK ($17.34 in chips) 
Seat 2: zozorrr ($11.64 in chips) 
Seat 3: Titsamach ($15.95 in chips) 
Seat 4: v4valter88 ($11.79 in chips) 
Seat 5: Mahu2021 ($7.39 in chips) 
Seat 6: looser00091 ($15.61 in chips) 
zozorrr: posts small blind $0.05
Titsamach: posts big blind $0.10
*** HOLE CARDS ***
Dealt to Mahu2021 [5s Kd]
v4valter88: raises $0.10 to $0.20
Mahu2021: folds 
looser00091: folds 
BluesUK: folds 
zozorrr: folds 
Titsamach: calls $0.10
*** FLOP *** [Qd 6s 8d]
Titsamach: checks 
v4valter88: bets $0.13
Titsamach: folds 
Uncalled bet ($0.13) returned to v4valter88
v4valter88 collected $0.43 from pot
v4valter88: doesn't show hand 
*** SUMMARY ***
Total pot $0.45 | Rake $0.02 
Board [Qd 6s 8d]
Seat 1: BluesUK (button) folded before Flop (didn't bet)
Seat 2: zozorrr (small blind) folded before Flop
Seat 3: Titsamach (big blind) folded on the Flop
Seat 4: v4valter88 collected ($0.43)
Seat 5: Mahu2021 folded before Flop (didn't bet)
Seat 6: looser00091 folded before Flop (didn't bet)



PokerStars Zoom Hand #254607421080:  Hold'em No Limit ($0.05/$0.10) - 2025/01/29 16:45:56 CET [2025/01/29 10:45:56 ET]
Table 'Aludra' 6-max Seat #1 is the button
Seat 1: Mallardz ($12.52 in chips) 
Seat 2: Mahu2021 ($7.39 in chips) 
Seat 3: Titsamach ($11 in chips) 
Seat 4: Pastor28 ($31.46 in chips) 
Seat 5: TeoMT7 ($3.64 in chips) 
Seat 6: schmitinho ($12.91 in chips) 
Mahu2021: posts small blind $0.05
Titsamach: posts big blind $0.10
*** HOLE CARDS ***
Dealt to Mahu2021 [2c 2s]
Pastor28: folds 
TeoMT7: calls $0.10
schmitinho: folds 
Mallardz: folds 
Mahu2021: calls $0.05
Titsamach: checks 
*** FLOP *** [Ac 3h Td]
Mahu2021: checks 
Titsamach: checks 
TeoMT7: checks 
*** TURN *** [Ac 3h Td] [4h]
Mahu2021: bets $0.10
Titsamach: folds 
TeoMT7: calls $0.10
*** RIVER *** [Ac 3h Td 4h] [2h]
Mahu2021: bets $0.48
TeoMT7: calls $0.48
*** SHOW DOWN ***
Mahu2021: shows [2c 2s] (three of a kind, Deuces)
TeoMT7: shows [5d 8d] (a straight, Ace to Five)
TeoMT7 collected $1.39 from pot
*** SUMMARY ***
Total pot $1.46 | Rake $0.07 
Board [Ac 3h Td 4h 2h]
Seat 1: Mallardz (button) folded before Flop (didn't bet)
Seat 2: Mahu2021 (small blind) showed [2c 2s] and lost with three of a kind, Deuces
Seat 3: Titsamach (big blind) folded on the Turn
Seat 4: Pastor28 folded before Flop (didn't bet)
Seat 5: TeoMT7 showed [5d 8d] and won ($1.39) with a straight, Ace to Five
Seat 6: schmitinho folded before Flop (didn't bet)



PokerStars Zoom Hand #254607427762:  Hold'em No Limit ($0.05/$0.10) - 2025/01/29 16:46:27 CET [2025/01/29 10:46:27 ET]
Table 'Aludra' 6-max Seat #1 is the button
Seat 1: Elvisc8_96 ($17.23 in chips) 
Seat 2: thebuilder86 ($10.05 in chips) 
Seat 3: corape ($18.47 in chips) 
Seat 4: vola83 ($6.70 in chips) 
Seat 5: Julian125 ($10.10 in chips) 
Seat 6: Mahu2021 ($6.71 in chips) 
thebuilder86: posts small blind $0.05
corape: posts big blind $0.10
*** HOLE CARDS ***
Dealt to Mahu2021 [Kh 2c]
vola83: folds 
Julian125: folds 
Mahu2021: folds 
Elvisc8_96: raises $0.10 to $0.20
thebuilder86: folds 
corape: folds 
Uncalled bet ($0.10) returned to Elvisc8_96
Elvisc8_96 collected $0.25 from pot
Elvisc8_96: doesn't show hand 
*** SUMMARY ***
Total pot $0.25 | Rake $0 
Seat 1: Elvisc8_96 (button) collected ($0.25)
Seat 2: thebuilder86 (small blind) folded before Flop
Seat 3: corape (big blind) folded before Flop
Seat 4: vola83 folded before Flop (didn't bet)
Seat 5: Julian125 folded before Flop (didn't bet)
Seat 6: Mahu2021 folded before Flop (didn't bet)



PokerStars Zoom Hand #254607420094:  Hold'em No Limit ($0.05/$0.10) - 2025/01/29 16:45:52 CET [2025/01/29 10:45:52 ET]
Table 'Aludra' 6-max Seat #1 is the button
Seat 1: Egretei89 ($10.02 in chips) 
Seat 2: schmitinho ($12.96 in chips) 
Seat 3: maishigao ($12.78 in chips) 
Seat 4: Mahu2021 ($7.39 in chips) 
Seat 5: MarkShark01 ($2.47 in chips) 
Seat 6: Gobi000 ($16.24 in chips) 
schmitinho: posts small blind $0.05
maishigao: posts big blind $0.10
*** HOLE CARDS ***
Dealt to Mahu2021 [Td 7c]
Mahu2021: folds 
MarkShark01: folds 
Gobi000: raises $0.15 to $0.25
Egretei89: folds 
schmitinho: folds 
maishigao: calls $0.15
*** FLOP *** [Ah 6d 9s]
maishigao: checks 
Gobi000: checks 
*** TURN *** [Ah 6d 9s] [2c]
maishigao: checks 
Gobi000: checks 
*** RIVER *** [Ah 6d 9s 2c] [4c]
maishigao: checks 
Gobi000: checks 
*** SHOW DOWN ***
maishigao: shows [3h 3d] (a pair of Threes)
Gobi000: shows [5d 5c] (a pair of Fives)
Gobi000 collected $0.53 from pot
*** SUMMARY ***
Total pot $0.55 | Rake $0.02 
Board [Ah 6d 9s 2c 4c]
Seat 1: Egretei89 (button) folded before Flop (didn't bet)
Seat 2: schmitinho (small blind) folded before Flop
Seat 3: maishigao (big blind) showed [3h 3d] and lost with a pair of Threes
Seat 4: Mahu2021 folded before Flop (didn't bet)
Seat 5: MarkShark01 folded before Flop (didn't bet)
Seat 6: Gobi000 showed [5d 5c] and won ($0.53) with a pair of Fives



PokerStars Zoom Hand #254607429234:  Hold'em No Limit ($0.05/$0.10) - 2025/01/29 16:46:34 CET [2025/01/29 10:46:34 ET]
Table 'Aludra' 6-max Seat #1 is the button
Seat 1: Mallardz ($15.26 in chips) 
Seat 2: wiseman888 ($4.63 in chips) 
Seat 3: PiekAss4711 ($8.52 in chips) 
Seat 4: rGiosa ($10.10 in chips) 
Seat 5: Mahu2021 ($6.71 in chips) 
Seat 6: Titsamach ($15.70 in chips) 
wiseman888: posts small blind $0.05
PiekAss4711: posts big blind $0.10
*** HOLE CARDS ***
Dealt to Mahu2021 [Qh 5s]
rGiosa: folds 
Mahu2021: folds 
Titsamach: raises $0.10 to $0.20
Mallardz: folds 
wiseman888: folds 
PiekAss4711: folds 
Uncalled bet ($0.10) returned to Titsamach
Titsamach collected $0.25 from pot
Titsamach: doesn't show hand 
*** SUMMARY ***
Total pot $0.25 | Rake $0 
Seat 1: Mallardz (button) folded before Flop (didn't bet)
Seat 2: wiseman888 (small blind) folded before Flop
Seat 3: PiekAss4711 (big blind) folded before Flop
Seat 4: rGiosa folded before Flop (didn't bet)
Seat 5: Mahu2021 folded before Flop (didn't bet)
Seat 6: Titsamach collected ($0.25)



PokerStars Zoom Hand #254607430042:  Hold'em No Limit ($0.05/$0.10) - 2025/01/29 16:46:37 CET [2025/01/29 10:46:37 ET]
Table 'Aludra' 6-max Seat #1 is the button
Seat 1: KrysuSkerdikas ($16.74 in chips) 
Seat 2: thebuilder86 ($10 in chips) 
Seat 3: Mahu2021 ($6.71 in chips) 
Seat 4: Mallardz ($15.26 in chips) 
Seat 5: Elvisc8_96 ($19.77 in chips) 
Seat 6: Julian125 ($18.15 in chips) 
thebuilder86: posts small blind $0.05
Mahu2021: posts big blind $0.10
*** HOLE CARDS ***
Dealt to Mahu2021 [Jd Ah]
Mallardz: folds 
Elvisc8_96: folds 
Julian125: folds 
KrysuSkerdikas: folds 
thebuilder86: raises $0.20 to $0.30
Mahu2021: raises $0.60 to $0.90
thebuilder86: raises $9.10 to $10 and is all-in
Mahu2021: folds 
Uncalled bet ($9.10) returned to thebuilder86
thebuilder86 collected $1.80 from pot
thebuilder86: doesn't show hand 
*** SUMMARY ***
Total pot $1.80 | Rake $0 
Seat 1: KrysuSkerdikas (button) folded before Flop (didn't bet)
Seat 2: thebuilder86 (small blind) collected ($1.80)
Seat 3: Mahu2021 (big blind) folded before Flop
Seat 4: Mallardz folded before Flop (didn't bet)
Seat 5: Elvisc8_96 folded before Flop (didn't bet)
Seat 6: Julian125 folded before Flop (didn't bet)



