PokerStars Zoom Hand #255093203189:  Hold'em No Limit ($0.05/$0.10) - 2025/03/01 21:03:06 CET [2025/03/01 15:03:06 ET]
Table 'Aludra' 6-max Seat #1 is the button
Seat 1: fargofargo ($22.35 in chips) 
Seat 2: go_vandam ($15.01 in chips) 
Seat 3: Mahu2021 ($10 in chips) 
Seat 4: Rezzotto0208 ($21.37 in chips) 
Seat 5: Sinan123488 ($34.13 in chips) 
Seat 6: dh7889 ($10.05 in chips) 
go_vandam: posts small blind $0.05
Mahu2021: posts big blind $0.10
*** HOLE CARDS ***
Dealt to Mahu2021 [8h 7c]
Rezzotto0208: folds 
Sinan123488: folds 
dh7889: raises $0.10 to $0.20
fargofargo: folds 
go_vandam: folds 
Mahu2021: calls $0.10
*** FLOP *** [9h Qc Qs]
Mahu2021: checks 
dh7889: bets $0.14
Mahu2021: folds 
Uncalled bet ($0.14) returned to dh7889
dh7889 collected $0.43 from pot
dh7889: doesn't show hand 
*** SUMMARY ***
Total pot $0.45 | Rake $0.02 
Board [9h Qc Qs]
Seat 1: fargofargo (button) folded before Flop (didn't bet)
Seat 2: go_vandam (small blind) folded before Flop
Seat 3: Mahu2021 (big blind) folded on the Flop
Seat 4: Rezzotto0208 folded before Flop (didn't bet)
Seat 5: Sinan123488 folded before Flop (didn't bet)
Seat 6: dh7889 collected ($0.43)



PokerStars Zoom Hand #255093207638:  Hold'em No Limit ($0.05/$0.10) - 2025/03/01 21:03:22 CET [2025/03/01 15:03:22 ET]
Table 'Aludra' 6-max Seat #1 is the button
Seat 1: Beardown72 ($5.92 in chips) 
Seat 2: Mahu2021 ($9.80 in chips) 
Seat 3: prettika ($10.09 in chips) 
Seat 4: TFIF ($7.69 in chips) 
Seat 5: TilTheEnd982 ($22.27 in chips) 
Seat 6: FHstyles ($22.80 in chips) 
Mahu2021: posts small blind $0.05
prettika: posts big blind $0.10
*** HOLE CARDS ***
Dealt to Mahu2021 [3d 6h]
TFIF: folds 
TilTheEnd982: raises $0.12 to $0.22
FHstyles: folds 
Beardown72: folds 
Mahu2021: folds 
prettika: folds 
Uncalled bet ($0.12) returned to TilTheEnd982
TilTheEnd982 collected $0.25 from pot
TilTheEnd982: doesn't show hand 
*** SUMMARY ***
Total pot $0.25 | Rake $0 
Seat 1: Beardown72 (button) folded before Flop (didn't bet)
Seat 2: Mahu2021 (small blind) folded before Flop
Seat 3: prettika (big blind) folded before Flop
Seat 4: TFIF folded before Flop (didn't bet)
Seat 5: TilTheEnd982 collected ($0.25)
Seat 6: FHstyles folded before Flop (didn't bet)



PokerStars Zoom Hand #255093209677:  Hold'em No Limit ($0.05/$0.10) - 2025/03/01 21:03:29 CET [2025/03/01 15:03:29 ET]
Table 'Aludra' 6-max Seat #1 is the button
Seat 1: Mahu2021 ($9.75 in chips) 
Seat 2: TFIF ($7.69 in chips) 
Seat 3: JonnHsk ($5.03 in chips) 
Seat 4: Rodesp6893 ($11.45 in chips) 
Seat 5: theacesofdeath ($11.08 in chips) 
Seat 6: BigfootWwa ($10 in chips) 
TFIF: posts small blind $0.05
JonnHsk: posts big blind $0.10
*** HOLE CARDS ***
Dealt to Mahu2021 [8d 6c]
Rodesp6893: folds 
theacesofdeath: folds 
BigfootWwa: folds 
Mahu2021: folds 
TFIF: folds 
Uncalled bet ($0.05) returned to JonnHsk
JonnHsk collected $0.10 from pot
JonnHsk: doesn't show hand 
*** SUMMARY ***
Total pot $0.10 | Rake $0 
Seat 1: Mahu2021 (button) folded before Flop (didn't bet)
Seat 2: TFIF (small blind) folded before Flop
Seat 3: JonnHsk (big blind) collected ($0.10)
Seat 4: Rodesp6893 folded before Flop (didn't bet)
Seat 5: theacesofdeath folded before Flop (didn't bet)
Seat 6: BigfootWwa folded before Flop (didn't bet)



PokerStars Zoom Hand #255093208781:  Hold'em No Limit ($0.05/$0.10) - 2025/03/01 21:03:26 CET [2025/03/01 15:03:26 ET]
Table 'Aludra' 6-max Seat #1 is the button
Seat 1: SkyBoy23 ($13.64 in chips) 
Seat 2: saskinis ($7.93 in chips) 
Seat 3: dh7889 ($10.23 in chips) 
Seat 4: emo114 ($14.47 in chips) 
Seat 5: iNteldrive ($9.50 in chips) 
Seat 6: Mahu2021 ($9.75 in chips) 
saskinis: posts small blind $0.05
dh7889: posts big blind $0.10
*** HOLE CARDS ***
Dealt to Mahu2021 [8d Tc]
emo114: folds 
iNteldrive: folds 
Mahu2021: folds 
SkyBoy23: folds 
saskinis: calls $0.05
dh7889: checks 
*** FLOP *** [7d Qh Jc]
saskinis: checks 
dh7889: bets $0.10
saskinis: calls $0.10
*** TURN *** [7d Qh Jc] [8s]
saskinis: checks 
dh7889: bets $0.29
saskinis: calls $0.29
*** RIVER *** [7d Qh Jc 8s] [6h]
saskinis: checks 
dh7889: bets $0.71
saskinis: calls $0.71
*** SHOW DOWN ***
dh7889: shows [Qs 3h] (a pair of Queens)
saskinis: shows [Jh 7h] (two pair, Jacks and Sevens)
saskinis collected $2.29 from pot
*** SUMMARY ***
Total pot $2.40 | Rake $0.11 
Board [7d Qh Jc 8s 6h]
Seat 1: SkyBoy23 (button) folded before Flop (didn't bet)
Seat 2: saskinis (small blind) showed [Jh 7h] and won ($2.29) with two pair, Jacks and Sevens
Seat 3: dh7889 (big blind) showed [Qs 3h] and lost with a pair of Queens
Seat 4: emo114 folded before Flop (didn't bet)
Seat 5: iNteldrive folded before Flop (didn't bet)
Seat 6: Mahu2021 folded before Flop (didn't bet)



PokerStars Zoom Hand #255093211020:  Hold'em No Limit ($0.05/$0.10) - 2025/03/01 21:03:34 CET [2025/03/01 15:03:34 ET]
Table 'Aludra' 6-max Seat #1 is the button
Seat 1: Hopewar ($10.35 in chips) 
Seat 2: dimitriskous ($11.81 in chips) 
Seat 3: Mr Andronik ($4.31 in chips) 
Seat 4: Beardown72 ($5.92 in chips) 
Seat 5: Mahu2021 ($9.75 in chips) 
Seat 6: iNteldrive ($10.84 in chips) 
dimitriskous: posts small blind $0.05
Mr Andronik: posts big blind $0.10
*** HOLE CARDS ***
Dealt to Mahu2021 [9h Kh]
Beardown72: folds 
Mahu2021: raises $0.14 to $0.24
iNteldrive: calls $0.24
Hopewar: calls $0.24
dimitriskous: folds 
Mr Andronik: folds 
*** FLOP *** [5d Qh Ts]
Mahu2021: checks 
iNteldrive: checks 
Hopewar: bets $0.30
Mahu2021: folds 
iNteldrive: folds 
Uncalled bet ($0.30) returned to Hopewar
Hopewar collected $0.83 from pot
Hopewar: doesn't show hand 
*** SUMMARY ***
Total pot $0.87 | Rake $0.04 
Board [5d Qh Ts]
Seat 1: Hopewar (button) collected ($0.83)
Seat 2: dimitriskous (small blind) folded before Flop
Seat 3: Mr Andronik (big blind) folded before Flop
Seat 4: Beardown72 folded before Flop (didn't bet)
Seat 5: Mahu2021 folded on the Flop
Seat 6: iNteldrive folded on the Flop



PokerStars Zoom Hand #255093226429:  Hold'em No Limit ($0.05/$0.10) - 2025/03/01 21:04:28 CET [2025/03/01 15:04:28 ET]
Table 'Aludra' 6-max Seat #1 is the button
Seat 1: durugica10 ($16.48 in chips) 
Seat 2: SkyBoy23 ($24.02 in chips) 
Seat 3: Mahu2021 ($9.51 in chips) 
Seat 4: Mr Andronik ($5.29 in chips) 
Seat 5: Chakman1990 ($14.97 in chips) 
Seat 6: clever max ($5.73 in chips) 
SkyBoy23: posts small blind $0.05
Mahu2021: posts big blind $0.10
*** HOLE CARDS ***
Dealt to Mahu2021 [2c Js]
Mr Andronik: raises $0.10 to $0.20
Chakman1990: folds 
clever max: folds 
durugica10: folds 
SkyBoy23: folds 
Mahu2021: folds 
Uncalled bet ($0.10) returned to Mr Andronik
Mr Andronik collected $0.25 from pot
Mr Andronik: doesn't show hand 
*** SUMMARY ***
Total pot $0.25 | Rake $0 
Seat 1: durugica10 (button) folded before Flop (didn't bet)
Seat 2: SkyBoy23 (small blind) folded before Flop
Seat 3: Mahu2021 (big blind) folded before Flop
Seat 4: Mr Andronik collected ($0.25)
Seat 5: Chakman1990 folded before Flop (didn't bet)
Seat 6: clever max folded before Flop (didn't bet)



PokerStars Zoom Hand #255093225488:  Hold'em No Limit ($0.05/$0.10) - 2025/03/01 21:04:24 CET [2025/03/01 15:04:24 ET]
Table 'Aludra' 6-max Seat #1 is the button
Seat 1: clever max ($5.73 in chips) 
Seat 2: dh7889 ($10 in chips) 
Seat 3: marcioadrs ($12.93 in chips) 
Seat 4: Mahu2021 ($9.51 in chips) 
Seat 5: heebo234 ($10.57 in chips) 
Seat 6: BigfootWwa ($12.49 in chips) 
dh7889: posts small blind $0.05
marcioadrs: posts big blind $0.10
*** HOLE CARDS ***
Dealt to Mahu2021 [6h 8c]
Mahu2021: folds 
heebo234: raises $0.15 to $0.25
BigfootWwa: raises $0.50 to $0.75
clever max: folds 
dh7889: folds 
marcioadrs: folds 
heebo234: calls $0.50
*** FLOP *** [Js 8h 6c]
heebo234: checks 
BigfootWwa: bets $0.52
heebo234: folds 
Uncalled bet ($0.52) returned to BigfootWwa
BigfootWwa collected $1.58 from pot
BigfootWwa: doesn't show hand 
*** SUMMARY ***
Total pot $1.65 | Rake $0.07 
Board [Js 8h 6c]
Seat 1: clever max (button) folded before Flop (didn't bet)
Seat 2: dh7889 (small blind) folded before Flop
Seat 3: marcioadrs (big blind) folded before Flop
Seat 4: Mahu2021 folded before Flop (didn't bet)
Seat 5: heebo234 folded on the Flop
Seat 6: BigfootWwa collected ($1.58)



PokerStars Zoom Hand #255093228299:  Hold'em No Limit ($0.05/$0.10) - 2025/03/01 21:04:35 CET [2025/03/01 15:04:35 ET]
Table 'Aludra' 6-max Seat #1 is the button
Seat 1: micp89 ($15.68 in chips) 
Seat 2: Mahu2021 ($9.41 in chips) 
Seat 3: Die8 ($10 in chips) 
Seat 4: Chakman1990 ($14.97 in chips) 
Seat 5: 491811 ($12.87 in chips) 
Seat 6: iam2fun4u ($6.43 in chips) 
Mahu2021: posts small blind $0.05
Die8: posts big blind $0.10
*** HOLE CARDS ***
Dealt to Mahu2021 [Ac Js]
Chakman1990: folds 
491811: folds 
iam2fun4u: folds 
micp89: folds 
Mahu2021: raises $0.20 to $0.30
Die8: folds 
Uncalled bet ($0.20) returned to Mahu2021
Mahu2021 collected $0.20 from pot
Mahu2021: doesn't show hand 
*** SUMMARY ***
Total pot $0.20 | Rake $0 
Seat 1: micp89 (button) folded before Flop (didn't bet)
Seat 2: Mahu2021 (small blind) collected ($0.20)
Seat 3: Die8 (big blind) folded before Flop
Seat 4: Chakman1990 folded before Flop (didn't bet)
Seat 5: 491811 folded before Flop (didn't bet)
Seat 6: iam2fun4u folded before Flop (didn't bet)



PokerStars Zoom Hand #255093234536:  Hold'em No Limit ($0.05/$0.10) - 2025/03/01 21:04:56 CET [2025/03/01 15:04:56 ET]
Table 'Aludra' 6-max Seat #1 is the button
Seat 1: anakondo87 ($7.68 in chips) 
Seat 2: auraph333 ($8.75 in chips) 
Seat 3: vasi0908 ($8.39 in chips) 
Seat 4: aalewee56 ($19.11 in chips) 
Seat 5: Mahu2021 ($9.51 in chips) 
Seat 6: rlawnsdud ($10.82 in chips) 
auraph333: posts small blind $0.05
vasi0908: posts big blind $0.10
*** HOLE CARDS ***
Dealt to Mahu2021 [Ad 8c]
aalewee56: folds 
Mahu2021: folds 
rlawnsdud: raises $0.15 to $0.25
anakondo87: calls $0.25
auraph333: folds 
vasi0908: folds 
*** FLOP *** [As 5c Js]
rlawnsdud: checks 
anakondo87: checks 
*** TURN *** [As 5c Js] [7s]
rlawnsdud: bets $0.81
anakondo87: folds 
Uncalled bet ($0.81) returned to rlawnsdud
rlawnsdud collected $0.62 from pot
rlawnsdud: doesn't show hand 
*** SUMMARY ***
Total pot $0.65 | Rake $0.03 
Board [As 5c Js 7s]
Seat 1: anakondo87 (button) folded on the Turn
Seat 2: auraph333 (small blind) folded before Flop
Seat 3: vasi0908 (big blind) folded before Flop
Seat 4: aalewee56 folded before Flop (didn't bet)
Seat 5: Mahu2021 folded before Flop (didn't bet)
Seat 6: rlawnsdud collected ($0.62)



PokerStars Zoom Hand #255093235642:  Hold'em No Limit ($0.05/$0.10) - 2025/03/01 21:04:59 CET [2025/03/01 15:04:59 ET]
Table 'Aludra' 6-max Seat #1 is the button
Seat 1: Mahu2021 ($9.51 in chips) 
Seat 2: fargofargo ($8.45 in chips) 
Seat 3: Last70 ($10.14 in chips) 
Seat 4: auraph333 ($8.70 in chips) 
Seat 5: Anesme1 ($9.75 in chips) 
Seat 6: iNteldrive ($12.17 in chips) 
fargofargo: posts small blind $0.05
Last70: posts big blind $0.10
*** HOLE CARDS ***
Dealt to Mahu2021 [Kh 2h]
auraph333: folds 
Anesme1: folds 
iNteldrive: folds 
Mahu2021: raises $0.20 to $0.30
fargofargo: calls $0.25
Last70: calls $0.20
*** FLOP *** [4h 2c Jd]
fargofargo: checks 
Last70: checks 
Mahu2021: bets $0.30
fargofargo: calls $0.30
Last70: calls $0.30
*** TURN *** [4h 2c Jd] [2d]
fargofargo: checks 
Last70: checks 
Mahu2021: bets $1.72
fargofargo: calls $1.72
Last70: folds 
*** RIVER *** [4h 2c Jd 2d] [Js]
fargofargo: bets $6.13 and is all-in
Mahu2021: folds 
Uncalled bet ($6.13) returned to fargofargo
fargofargo collected $5 from pot
fargofargo: doesn't show hand 
*** SUMMARY ***
Total pot $5.24 | Rake $0.24 
Board [4h 2c Jd 2d Js]
Seat 1: Mahu2021 (button) folded on the River
Seat 2: fargofargo (small blind) collected ($5)
Seat 3: Last70 (big blind) folded on the Turn
Seat 4: auraph333 folded before Flop (didn't bet)
Seat 5: Anesme1 folded before Flop (didn't bet)
Seat 6: iNteldrive folded before Flop (didn't bet)



PokerStars Zoom Hand #255093255963:  Hold'em No Limit ($0.05/$0.10) - 2025/03/01 21:06:10 CET [2025/03/01 15:06:10 ET]
Table 'Aludra' 6-max Seat #1 is the button
Seat 1: Last70 ($24.97 in chips) 
Seat 2: Mahu2021 ($7.19 in chips) 
Seat 3: ALEKC6 ($17.82 in chips) 
Seat 4: KidMamba ($82.49 in chips) 
Seat 5: Al Fr€d 69 ($9.11 in chips) 
Seat 6: alanindublin ($14.80 in chips) 
Mahu2021: posts small blind $0.05
ALEKC6: posts big blind $0.10
*** HOLE CARDS ***
Dealt to Mahu2021 [Ts 3d]
KidMamba: raises $0.11 to $0.21
Al Fr€d 69: folds 
alanindublin: folds 
Last70: folds 
Mahu2021: folds 
ALEKC6: folds 
Uncalled bet ($0.11) returned to KidMamba
KidMamba collected $0.25 from pot
KidMamba: doesn't show hand 
*** SUMMARY ***
Total pot $0.25 | Rake $0 
Seat 1: Last70 (button) folded before Flop (didn't bet)
Seat 2: Mahu2021 (small blind) folded before Flop
Seat 3: ALEKC6 (big blind) folded before Flop
Seat 4: KidMamba collected ($0.25)
Seat 5: Al Fr€d 69 folded before Flop (didn't bet)
Seat 6: alanindublin folded before Flop (didn't bet)



PokerStars Zoom Hand #255093254879:  Hold'em No Limit ($0.05/$0.10) - 2025/03/01 21:06:06 CET [2025/03/01 15:06:06 ET]
Table 'Aludra' 6-max Seat #1 is the button
Seat 1: Jajje7 ($10.53 in chips) 
Seat 2: Takinu_zen ($12.29 in chips) 
Seat 3: LuchoJacobo8 ($9.95 in chips) 
Seat 4: KidMamba ($82.49 in chips) 
Seat 5: wilson91169 ($14.97 in chips) 
Seat 6: Mahu2021 ($7.19 in chips) 
Takinu_zen: posts small blind $0.05
LuchoJacobo8: posts big blind $0.10
*** HOLE CARDS ***
Dealt to Mahu2021 [Th 2s]
KidMamba: folds 
wilson91169: folds 
Mahu2021: folds 
Jajje7: raises $0.10 to $0.20
Takinu_zen: folds 
LuchoJacobo8: raises $0.35 to $0.55
Jajje7: folds 
Uncalled bet ($0.35) returned to LuchoJacobo8
LuchoJacobo8 collected $0.45 from pot
LuchoJacobo8: doesn't show hand 
*** SUMMARY ***
Total pot $0.45 | Rake $0 
Seat 1: Jajje7 (button) folded before Flop
Seat 2: Takinu_zen (small blind) folded before Flop
Seat 3: LuchoJacobo8 (big blind) collected ($0.45)
Seat 4: KidMamba folded before Flop (didn't bet)
Seat 5: wilson91169 folded before Flop (didn't bet)
Seat 6: Mahu2021 folded before Flop (didn't bet)



PokerStars Zoom Hand #255093258438:  Hold'em No Limit ($0.05/$0.10) - 2025/03/01 21:06:18 CET [2025/03/01 15:06:18 ET]
Table 'Aludra' 6-max Seat #1 is the button
Seat 1: Ritter00 ($5.15 in chips) 
Seat 2: anakondo87 ($9.54 in chips) 
Seat 3: Mahu2021 ($7.14 in chips) 
Seat 4: alanindublin ($14.80 in chips) 
Seat 5: Anesme1 ($9.55 in chips) 
Seat 6: pokeripuikko ($21.83 in chips) 
anakondo87: posts small blind $0.05
Mahu2021: posts big blind $0.10
*** HOLE CARDS ***
Dealt to Mahu2021 [3c Ks]
alanindublin: folds 
Anesme1: folds 
pokeripuikko: folds 
Ritter00: folds 
anakondo87: folds 
Uncalled bet ($0.05) returned to Mahu2021
Mahu2021 collected $0.10 from pot
Mahu2021: doesn't show hand 
*** SUMMARY ***
Total pot $0.10 | Rake $0 
Seat 1: Ritter00 (button) folded before Flop (didn't bet)
Seat 2: anakondo87 (small blind) folded before Flop
Seat 3: Mahu2021 (big blind) collected ($0.10)
Seat 4: alanindublin folded before Flop (didn't bet)
Seat 5: Anesme1 folded before Flop (didn't bet)
Seat 6: pokeripuikko folded before Flop (didn't bet)



PokerStars Zoom Hand #255093257446:  Hold'em No Limit ($0.05/$0.10) - 2025/03/01 21:06:15 CET [2025/03/01 15:06:15 ET]
Table 'Aludra' 6-max Seat #1 is the button
Seat 1: wilson91169 ($12.45 in chips) 
Seat 2: pokeripuikko ($21.88 in chips) 
Seat 3: Tozsy17 ($8.17 in chips) 
Seat 4: fusermx ($5.90 in chips) 
Seat 5: Last70 ($24.97 in chips) 
Seat 6: Mahu2021 ($7.14 in chips) 
pokeripuikko: posts small blind $0.05
Tozsy17: posts big blind $0.10
*** HOLE CARDS ***
Dealt to Mahu2021 [8h 6d]
fusermx: raises $0.10 to $0.20
Last70: folds 
Mahu2021: folds 
wilson91169: folds 
pokeripuikko: folds 
Tozsy17: folds 
Uncalled bet ($0.10) returned to fusermx
fusermx collected $0.25 from pot
fusermx: doesn't show hand 
*** SUMMARY ***
Total pot $0.25 | Rake $0 
Seat 1: wilson91169 (button) folded before Flop (didn't bet)
Seat 2: pokeripuikko (small blind) folded before Flop
Seat 3: Tozsy17 (big blind) folded before Flop
Seat 4: fusermx collected ($0.25)
Seat 5: Last70 folded before Flop (didn't bet)
Seat 6: Mahu2021 folded before Flop (didn't bet)



PokerStars Zoom Hand #255093260908:  Hold'em No Limit ($0.05/$0.10) - 2025/03/01 21:06:26 CET [2025/03/01 15:06:26 ET]
Table 'Aludra' 6-max Seat #1 is the button
Seat 1: Mahu2021 ($7.19 in chips) 
Seat 2: heebo234 ($10 in chips) 
Seat 3: emo114 ($10 in chips) 
Seat 4: ProjectPokerPro ($19.55 in chips) 
Seat 5: AnjinhoTrex ($11.53 in chips) 
Seat 6: Takinu_zen ($10.75 in chips) 
heebo234: posts small blind $0.05
emo114: posts big blind $0.10
*** HOLE CARDS ***
Dealt to Mahu2021 [3d Ad]
ProjectPokerPro: folds 
AnjinhoTrex: folds 
Takinu_zen: folds 
Mahu2021: raises $0.20 to $0.30
heebo234: calls $0.25
emo114: folds 
*** FLOP *** [2d 8h 6c]
heebo234: bets $0.34
Mahu2021: calls $0.34
*** TURN *** [2d 8h 6c] [5d]
heebo234: bets $0.66
Mahu2021: calls $0.66
*** RIVER *** [2d 8h 6c 5d] [3c]
heebo234: bets $1.29
Mahu2021: calls $1.29
*** SHOW DOWN ***
heebo234: shows [Kd 9s] (high card King)
Mahu2021: shows [3d Ad] (a pair of Threes)
Mahu2021 collected $5.04 from pot
*** SUMMARY ***
Total pot $5.28 | Rake $0.24 
Board [2d 8h 6c 5d 3c]
Seat 1: Mahu2021 (button) showed [3d Ad] and won ($5.04) with a pair of Threes
Seat 2: heebo234 (small blind) showed [Kd 9s] and lost with high card King
Seat 3: emo114 (big blind) folded before Flop
Seat 4: ProjectPokerPro folded before Flop (didn't bet)
Seat 5: AnjinhoTrex folded before Flop (didn't bet)
Seat 6: Takinu_zen folded before Flop (didn't bet)



PokerStars Zoom Hand #255093271196:  Hold'em No Limit ($0.05/$0.10) - 2025/03/01 21:07:02 CET [2025/03/01 15:07:02 ET]
Table 'Aludra' 6-max Seat #1 is the button
Seat 1: marcioadrs ($14.96 in chips) 
Seat 2: Die8 ($10.40 in chips) 
Seat 3: iNteldrive ($10.25 in chips) 
Seat 4: Ruabe ($9.75 in chips) 
Seat 5: Takinu_zen ($10.75 in chips) 
Seat 6: Mahu2021 ($9.64 in chips) 
Die8: posts small blind $0.05
iNteldrive: posts big blind $0.10
*** HOLE CARDS ***
Dealt to Mahu2021 [Th 7h]
Ruabe: folds 
Takinu_zen: folds 
Mahu2021: raises $0.14 to $0.24
marcioadrs: folds 
Die8: folds 
iNteldrive: folds 
Uncalled bet ($0.14) returned to Mahu2021
Mahu2021 collected $0.25 from pot
Mahu2021: doesn't show hand 
*** SUMMARY ***
Total pot $0.25 | Rake $0 
Seat 1: marcioadrs (button) folded before Flop (didn't bet)
Seat 2: Die8 (small blind) folded before Flop
Seat 3: iNteldrive (big blind) folded before Flop
Seat 4: Ruabe folded before Flop (didn't bet)
Seat 5: Takinu_zen folded before Flop (didn't bet)
Seat 6: Mahu2021 collected ($0.25)



PokerStars Zoom Hand #255093278010:  Hold'em No Limit ($0.05/$0.10) - 2025/03/01 21:07:25 CET [2025/03/01 15:07:25 ET]
Table 'Aludra' 6-max Seat #1 is the button
Seat 1: JonKing75 ($12.71 in chips) 
Seat 2: Mahu2021 ($9.79 in chips) 
Seat 3: Miracle of 50k ($16.63 in chips) 
Seat 4: leut1210 ($12.49 in chips) 
Seat 5: davowar ($6.94 in chips) 
Seat 6: Die8 ($10 in chips) 
Mahu2021: posts small blind $0.05
Miracle of 50k: posts big blind $0.10
*** HOLE CARDS ***
Dealt to Mahu2021 [6h 7c]
leut1210: folds 
davowar: folds 
Die8: folds 
JonKing75: folds 
Mahu2021: folds 
Uncalled bet ($0.05) returned to Miracle of 50k
Miracle of 50k collected $0.10 from pot
Miracle of 50k: doesn't show hand 
*** SUMMARY ***
Total pot $0.10 | Rake $0 
Seat 1: JonKing75 (button) folded before Flop (didn't bet)
Seat 2: Mahu2021 (small blind) folded before Flop
Seat 3: Miracle of 50k (big blind) collected ($0.10)
Seat 4: leut1210 folded before Flop (didn't bet)
Seat 5: davowar folded before Flop (didn't bet)
Seat 6: Die8 folded before Flop (didn't bet)



PokerStars Zoom Hand #255093285566:  Hold'em No Limit ($0.05/$0.10) - 2025/03/01 21:07:50 CET [2025/03/01 15:07:50 ET]
Table 'Aludra' 6-max Seat #1 is the button
Seat 1: citizen6e ($10 in chips) 
Seat 2: SkyBoy23 ($28.05 in chips) 
Seat 3: Mahu2021 ($9.50 in chips) 
Seat 4: philmcweapon ($5.98 in chips) 
Seat 5: NoSoupForAll ($23.02 in chips) 
Seat 6: Jannemann1999 ($10.77 in chips) 
SkyBoy23: posts small blind $0.05
Mahu2021: posts big blind $0.10
*** HOLE CARDS ***
Dealt to Mahu2021 [6c 8s]
philmcweapon: folds 
NoSoupForAll: folds 
Jannemann1999: folds 
citizen6e: folds 
SkyBoy23: folds 
Uncalled bet ($0.05) returned to Mahu2021
Mahu2021 collected $0.10 from pot
Mahu2021: doesn't show hand 
*** SUMMARY ***
Total pot $0.10 | Rake $0 
Seat 1: citizen6e (button) folded before Flop (didn't bet)
Seat 2: SkyBoy23 (small blind) folded before Flop
Seat 3: Mahu2021 (big blind) collected ($0.10)
Seat 4: philmcweapon folded before Flop (didn't bet)
Seat 5: NoSoupForAll folded before Flop (didn't bet)
Seat 6: Jannemann1999 folded before Flop (didn't bet)



PokerStars Zoom Hand #255093276795:  Hold'em No Limit ($0.05/$0.10) - 2025/03/01 21:07:21 CET [2025/03/01 15:07:21 ET]
Table 'Aludra' 6-max Seat #1 is the button
Seat 1: TilTheEnd982 ($22.49 in chips) 
Seat 2: Aidusia1 ($16.91 in chips) 
Seat 3: NutHunt5R ($10.15 in chips) 
Seat 4: Mahu2021 ($9.79 in chips) 
Seat 5: Omaha Craig ($7.84 in chips) 
Seat 6: Miracle of 50k ($16.63 in chips) 
Aidusia1: posts small blind $0.05
NutHunt5R: posts big blind $0.10
*** HOLE CARDS ***
Dealt to Mahu2021 [Jd 9c]
Mahu2021: folds 
Omaha Craig: raises $0.10 to $0.20
Miracle of 50k: folds 
TilTheEnd982: raises $0.52 to $0.72
Aidusia1: folds 
NutHunt5R: folds 
Omaha Craig: calls $0.52
*** FLOP *** [3s Ts 5c]
Omaha Craig: checks 
TilTheEnd982: bets $0.91
Omaha Craig: calls $0.91
*** TURN *** [3s Ts 5c] [2c]
Omaha Craig: checks 
TilTheEnd982: bets $2.20
Omaha Craig: calls $2.20
*** RIVER *** [3s Ts 5c 2c] [3h]
Omaha Craig: checks 
TilTheEnd982: bets $4.48
Omaha Craig: folds 
Uncalled bet ($4.48) returned to TilTheEnd982
TilTheEnd982 collected $7.46 from pot
TilTheEnd982: doesn't show hand 
*** SUMMARY ***
Total pot $7.81 | Rake $0.35 
Board [3s Ts 5c 2c 3h]
Seat 1: TilTheEnd982 (button) collected ($7.46)
Seat 2: Aidusia1 (small blind) folded before Flop
Seat 3: NutHunt5R (big blind) folded before Flop
Seat 4: Mahu2021 folded before Flop (didn't bet)
Seat 5: Omaha Craig folded on the River
Seat 6: Miracle of 50k folded before Flop (didn't bet)



PokerStars Zoom Hand #255093269775:  Hold'em No Limit ($0.05/$0.10) - 2025/03/01 21:06:57 CET [2025/03/01 15:06:57 ET]
Table 'Aludra' 6-max Seat #1 is the button
Seat 1: citizen6e ($10 in chips) 
Seat 2: ManuuVidela ($10.89 in chips) 
Seat 3: auraph333 ($12.46 in chips) 
Seat 4: Anesme1 ($9.80 in chips) 
Seat 5: Mahu2021 ($9.64 in chips) 
Seat 6: iNteldrive ($10.25 in chips) 
ManuuVidela: posts small blind $0.05
auraph333: posts big blind $0.10
*** HOLE CARDS ***
Dealt to Mahu2021 [7c 9h]
Anesme1: folds 
Mahu2021: folds 
iNteldrive: folds 
citizen6e: raises $0.12 to $0.22
ManuuVidela: raises $0.63 to $0.85
auraph333: calls $0.75
citizen6e: calls $0.63
*** FLOP *** [9d Kh 8s]
ManuuVidela: checks 
auraph333: checks 
citizen6e: checks 
*** TURN *** [9d Kh 8s] [7d]
ManuuVidela: bets $0.81
auraph333: calls $0.81
citizen6e: calls $0.81
*** RIVER *** [9d Kh 8s 7d] [Ac]
ManuuVidela: bets $3.10
auraph333: folds 
citizen6e: folds 
Uncalled bet ($3.10) returned to ManuuVidela
ManuuVidela collected $4.76 from pot
ManuuVidela: doesn't show hand 
*** SUMMARY ***
Total pot $4.98 | Rake $0.22 
Board [9d Kh 8s 7d Ac]
Seat 1: citizen6e (button) folded on the River
Seat 2: ManuuVidela (small blind) collected ($4.76)
Seat 3: auraph333 (big blind) folded on the River
Seat 4: Anesme1 folded before Flop (didn't bet)
Seat 5: Mahu2021 folded before Flop (didn't bet)
Seat 6: iNteldrive folded before Flop (didn't bet)



PokerStars Zoom Hand #255093279137:  Hold'em No Limit ($0.05/$0.10) - 2025/03/01 21:07:28 CET [2025/03/01 15:07:28 ET]
Table 'Aludra' 6-max Seat #1 is the button
Seat 1: durugica10 ($17.53 in chips) 
Seat 2: davowar ($6.94 in chips) 
Seat 3: welshman19 ($18.69 in chips) 
Seat 4: emo114 ($10.15 in chips) 
Seat 5: Mahu2021 ($9.74 in chips) 
Seat 6: prettika ($8.74 in chips) 
davowar: posts small blind $0.05
welshman19: posts big blind $0.10
*** HOLE CARDS ***
Dealt to Mahu2021 [3d 3h]
emo114: folds 
Mahu2021: raises $0.14 to $0.24
prettika: folds 
durugica10: folds 
davowar: calls $0.19
welshman19: calls $0.14
*** FLOP *** [4s 9h Qh]
davowar: checks 
welshman19: checks 
Mahu2021: checks 
*** TURN *** [4s 9h Qh] [Td]
davowar: bets $0.40
welshman19: calls $0.40
Mahu2021: folds 
*** RIVER *** [4s 9h Qh Td] [6d]
davowar: bets $0.73
welshman19: raises $3.55 to $4.28
davowar: folds 
Uncalled bet ($3.55) returned to welshman19
welshman19 collected $2.85 from pot
welshman19: doesn't show hand 
*** SUMMARY ***
Total pot $2.98 | Rake $0.13 
Board [4s 9h Qh Td 6d]
Seat 1: durugica10 (button) folded before Flop (didn't bet)
Seat 2: davowar (small blind) folded on the River
Seat 3: welshman19 (big blind) collected ($2.85)
Seat 4: emo114 folded before Flop (didn't bet)
Seat 5: Mahu2021 folded on the Turn
Seat 6: prettika folded before Flop (didn't bet)



PokerStars Zoom Hand #255093287625:  Hold'em No Limit ($0.05/$0.10) - 2025/03/01 21:07:58 CET [2025/03/01 15:07:58 ET]
Table 'Aludra' 6-max Seat #1 is the button
Seat 1: Mahu2021 ($9.55 in chips) 
Seat 2: emo114 ($25.50 in chips) 
Seat 3: fusermx ($6.86 in chips) 
Seat 4: Last70 ($10 in chips) 
Seat 5: ALEKC6 ($10.75 in chips) 
Seat 6: dh7889 ($10.35 in chips) 
emo114: posts small blind $0.05
fusermx: posts big blind $0.10
*** HOLE CARDS ***
Dealt to Mahu2021 [Kh 9c]
Last70: folds 
ALEKC6: folds 
dh7889: raises $0.10 to $0.20
Mahu2021: calls $0.20
emo114: folds 
fusermx: folds 
*** FLOP *** [3h Qd Ks]
dh7889: checks 
Mahu2021: bets $0.53
dh7889: folds 
Uncalled bet ($0.53) returned to Mahu2021
Mahu2021 collected $0.53 from pot
Mahu2021: doesn't show hand 
*** SUMMARY ***
Total pot $0.55 | Rake $0.02 
Board [3h Qd Ks]
Seat 1: Mahu2021 (button) collected ($0.53)
Seat 2: emo114 (small blind) folded before Flop
Seat 3: fusermx (big blind) folded before Flop
Seat 4: Last70 folded before Flop (didn't bet)
Seat 5: ALEKC6 folded before Flop (didn't bet)
Seat 6: dh7889 folded on the Flop



PokerStars Zoom Hand #255093297351:  Hold'em No Limit ($0.05/$0.10) - 2025/03/01 21:08:31 CET [2025/03/01 15:08:31 ET]
Table 'Aludra' 6-max Seat #1 is the button
Seat 1: emo114 ($10 in chips) 
Seat 2: Mahu2021 ($9.88 in chips) 
Seat 3: DiNiceBoy ($30.37 in chips) 
Seat 4: dh7889 ($10.48 in chips) 
Seat 5: pokeripuikko ($20.81 in chips) 
Seat 6: JonKing75 ($11.65 in chips) 
Mahu2021: posts small blind $0.05
DiNiceBoy: posts big blind $0.10
*** HOLE CARDS ***
Dealt to Mahu2021 [4c 4s]
dh7889: raises $0.10 to $0.20
pokeripuikko: raises $0.40 to $0.60
JonKing75: folds 
emo114: folds 
Mahu2021: folds 
DiNiceBoy: folds 
dh7889: calls $0.40
*** FLOP *** [Kc 2c 9h]
dh7889: checks 
pokeripuikko: bets $0.43
dh7889: folds 
Uncalled bet ($0.43) returned to pokeripuikko
pokeripuikko collected $1.29 from pot
pokeripuikko: doesn't show hand 
*** SUMMARY ***
Total pot $1.35 | Rake $0.06 
Board [Kc 2c 9h]
Seat 1: emo114 (button) folded before Flop (didn't bet)
Seat 2: Mahu2021 (small blind) folded before Flop
Seat 3: DiNiceBoy (big blind) folded before Flop
Seat 4: dh7889 folded on the Flop
Seat 5: pokeripuikko collected ($1.29)
Seat 6: JonKing75 folded before Flop (didn't bet)



PokerStars Zoom Hand #255093296156:  Hold'em No Limit ($0.05/$0.10) - 2025/03/01 21:08:27 CET [2025/03/01 15:08:27 ET]
Table 'Aludra' 6-max Seat #1 is the button
Seat 1: citizen6e ($10.15 in chips) 
Seat 2: Sniffer20 ($10.15 in chips) 
Seat 3: iam2fun4u ($7.80 in chips) 
Seat 4: Mahu2021 ($9.88 in chips) 
Seat 5: pokeripuikko ($24.01 in chips) 
Seat 6: theacesofdeath ($12.29 in chips) 
Sniffer20: posts small blind $0.05
iam2fun4u: posts big blind $0.10
*** HOLE CARDS ***
Dealt to Mahu2021 [2d 9d]
Mahu2021: folds 
pokeripuikko: raises $0.12 to $0.22
theacesofdeath: calls $0.22
citizen6e: folds 
Sniffer20: folds 
iam2fun4u: folds 
*** FLOP *** [5s Jc 7d]
pokeripuikko: checks 
theacesofdeath: checks 
*** TURN *** [5s Jc 7d] [Td]
pokeripuikko: bets $0.38
theacesofdeath: calls $0.38
*** RIVER *** [5s Jc 7d Td] [5d]
pokeripuikko: checks 
theacesofdeath: bets $1.29
pokeripuikko: folds 
Uncalled bet ($1.29) returned to theacesofdeath
theacesofdeath collected $1.29 from pot
theacesofdeath: doesn't show hand 
*** SUMMARY ***
Total pot $1.35 | Rake $0.06 
Board [5s Jc 7d Td 5d]
Seat 1: citizen6e (button) folded before Flop (didn't bet)
Seat 2: Sniffer20 (small blind) folded before Flop
Seat 3: iam2fun4u (big blind) folded before Flop
Seat 4: Mahu2021 folded before Flop (didn't bet)
Seat 5: pokeripuikko folded on the River
Seat 6: theacesofdeath collected ($1.29)



PokerStars Zoom Hand #255093300173:  Hold'em No Limit ($0.05/$0.10) - 2025/03/01 21:08:41 CET [2025/03/01 15:08:41 ET]
Table 'Aludra' 6-max Seat #1 is the button
Seat 1: KidMamba ($83.54 in chips) 
Seat 2: Miracle of 50k ($16.36 in chips) 
Seat 3: Mahu2021 ($9.83 in chips) 
Seat 4: Jajje7 ($10 in chips) 
Seat 5: alanindublin ($14.65 in chips) 
Seat 6: DIAMOND_0920 ($10.23 in chips) 
Miracle of 50k: posts small blind $0.05
Mahu2021: posts big blind $0.10
*** HOLE CARDS ***
Dealt to Mahu2021 [3d 3s]
Jajje7: raises $0.10 to $0.20
alanindublin: folds 
DIAMOND_0920: folds 
KidMamba: folds 
Miracle of 50k: folds 
Mahu2021: calls $0.10
*** FLOP *** [8h Jc 8c]
Mahu2021: checks 
Jajje7: bets $0.14
Mahu2021: calls $0.14
*** TURN *** [8h Jc 8c] [5h]
Mahu2021: checks 
Jajje7: bets $0.30
Mahu2021: calls $0.30
*** RIVER *** [8h Jc 8c 5h] [7s]
Mahu2021: checks 
Jajje7: bets $0.75
Mahu2021: calls $0.75
*** SHOW DOWN ***
Jajje7: shows [Jd Kh] (two pair, Jacks and Eights)
Mahu2021: mucks hand 
Jajje7 collected $2.70 from pot
*** SUMMARY ***
Total pot $2.83 | Rake $0.13 
Board [8h Jc 8c 5h 7s]
Seat 1: KidMamba (button) folded before Flop (didn't bet)
Seat 2: Miracle of 50k (small blind) folded before Flop
Seat 3: Mahu2021 (big blind) mucked [3d 3s]
Seat 4: Jajje7 showed [Jd Kh] and won ($2.70) with two pair, Jacks and Eights
Seat 5: alanindublin folded before Flop (didn't bet)
Seat 6: DIAMOND_0920 folded before Flop (didn't bet)



PokerStars Zoom Hand #255093311554:  Hold'em No Limit ($0.05/$0.10) - 2025/03/01 21:09:20 CET [2025/03/01 15:09:20 ET]
Table 'Aludra' 6-max Seat #1 is the button
Seat 1: Die8 ($10 in chips) 
Seat 2: AnjinhoTrex ($11.11 in chips) 
Seat 3: Latte is horse ($11.35 in chips) 
Seat 4: iNteldrive ($9.80 in chips) 
Seat 5: aveitsch ($13.99 in chips) 
Seat 6: Mahu2021 ($8.44 in chips) 
AnjinhoTrex: posts small blind $0.05
Latte is horse: posts big blind $0.10
*** HOLE CARDS ***
Dealt to Mahu2021 [4s 8h]
iNteldrive: folds 
aveitsch: folds 
Mahu2021: folds 
Die8: folds 
AnjinhoTrex: folds 
Uncalled bet ($0.05) returned to Latte is horse
Latte is horse collected $0.10 from pot
Latte is horse: doesn't show hand 
*** SUMMARY ***
Total pot $0.10 | Rake $0 
Seat 1: Die8 (button) folded before Flop (didn't bet)
Seat 2: AnjinhoTrex (small blind) folded before Flop
Seat 3: Latte is horse (big blind) collected ($0.10)
Seat 4: iNteldrive folded before Flop (didn't bet)
Seat 5: aveitsch folded before Flop (didn't bet)
Seat 6: Mahu2021 folded before Flop (didn't bet)



PokerStars Zoom Hand #255093313024:  Hold'em No Limit ($0.05/$0.10) - 2025/03/01 21:09:25 CET [2025/03/01 15:09:25 ET]
Table 'Aludra' 6-max Seat #1 is the button
Seat 1: Mahu2021 ($8.44 in chips) 
Seat 2: Anesme1 ($10 in chips) 
Seat 3: rlawnsdud ($10.15 in chips) 
Seat 4: Tangros ($17.07 in chips) 
Seat 5: AnjinhoTrex ($11.06 in chips) 
Seat 6: Atreticano ($11.38 in chips) 
Anesme1: posts small blind $0.05
rlawnsdud: posts big blind $0.10
*** HOLE CARDS ***
Dealt to Mahu2021 [5c Ac]
Tangros: folds 
AnjinhoTrex: raises $0.20 to $0.30
Atreticano: folds 
Mahu2021: calls $0.30
Anesme1: folds 
rlawnsdud: raises $0.80 to $1.10
AnjinhoTrex: calls $0.80
Mahu2021: folds 
*** FLOP *** [2d Qs Jd]
rlawnsdud: checks 
AnjinhoTrex: bets $0.81
rlawnsdud: folds 
Uncalled bet ($0.81) returned to AnjinhoTrex
AnjinhoTrex collected $2.44 from pot
AnjinhoTrex: doesn't show hand 
*** SUMMARY ***
Total pot $2.55 | Rake $0.11 
Board [2d Qs Jd]
Seat 1: Mahu2021 (button) folded before Flop
Seat 2: Anesme1 (small blind) folded before Flop
Seat 3: rlawnsdud (big blind) folded on the Flop
Seat 4: Tangros folded before Flop (didn't bet)
Seat 5: AnjinhoTrex collected ($2.44)
Seat 6: Atreticano folded before Flop (didn't bet)



PokerStars Zoom Hand #255093318227:  Hold'em No Limit ($0.05/$0.10) - 2025/03/01 21:09:43 CET [2025/03/01 15:09:43 ET]
Table 'Aludra' 6-max Seat #1 is the button
Seat 1: MrCappu ($6.11 in chips) 
Seat 2: gio!!!160490 ($10.05 in chips) 
Seat 3: JonKing75 ($36.17 in chips) 
Seat 4: durugica10 ($18.30 in chips) 
Seat 5: Mahu2021 ($8.14 in chips) 
Seat 6: Last70 ($10 in chips) 
gio!!!160490: posts small blind $0.05
JonKing75: posts big blind $0.10
*** HOLE CARDS ***
Dealt to Mahu2021 [2s 7d]
durugica10: folds 
Mahu2021: folds 
Last70: folds 
MrCappu: folds 
gio!!!160490: folds 
Uncalled bet ($0.05) returned to JonKing75
JonKing75 collected $0.10 from pot
JonKing75: doesn't show hand 
*** SUMMARY ***
Total pot $0.10 | Rake $0 
Seat 1: MrCappu (button) folded before Flop (didn't bet)
Seat 2: gio!!!160490 (small blind) folded before Flop
Seat 3: JonKing75 (big blind) collected ($0.10)
Seat 4: durugica10 folded before Flop (didn't bet)
Seat 5: Mahu2021 folded before Flop (didn't bet)
Seat 6: Last70 folded before Flop (didn't bet)



PokerStars Zoom Hand #255093320409:  Hold'em No Limit ($0.05/$0.10) - 2025/03/01 21:09:50 CET [2025/03/01 15:09:50 ET]
Table 'Aludra' 6-max Seat #1 is the button
Seat 1: Die8 ($12.34 in chips) 
Seat 2: Mahu2021 ($8.14 in chips) 
Seat 3: TFIF ($6.94 in chips) 
Seat 4: davowar ($4.89 in chips) 
Seat 5: Sniffer20 ($10 in chips) 
Seat 6: emo114 ($10 in chips) 
Mahu2021: posts small blind $0.05
TFIF: posts big blind $0.10
*** HOLE CARDS ***
Dealt to Mahu2021 [3c 3h]
davowar: folds 
Sniffer20: folds 
emo114: folds 
Die8: folds 
Mahu2021: folds 
Uncalled bet ($0.05) returned to TFIF
TFIF collected $0.10 from pot
TFIF: doesn't show hand 
*** SUMMARY ***
Total pot $0.10 | Rake $0 
Seat 1: Die8 (button) folded before Flop (didn't bet)
Seat 2: Mahu2021 (small blind) folded before Flop
Seat 3: TFIF (big blind) collected ($0.10)
Seat 4: davowar folded before Flop (didn't bet)
Seat 5: Sniffer20 folded before Flop (didn't bet)
Seat 6: emo114 folded before Flop (didn't bet)



PokerStars Zoom Hand #255093321442:  Hold'em No Limit ($0.05/$0.10) - 2025/03/01 21:09:54 CET [2025/03/01 15:09:54 ET]
Table 'Aludra' 6-max Seat #1 is the button
Seat 1: NutHunt5R ($10.34 in chips) 
Seat 2: SkyBoy23 ($10 in chips) 
Seat 3: Mahu2021 ($8.09 in chips) 
Seat 4: Mr Andronik ($4.12 in chips) 
Seat 5: Latte is horse ($11.15 in chips) 
Seat 6: Malloy08 ($23.06 in chips) 
SkyBoy23: posts small blind $0.05
Mahu2021: posts big blind $0.10
*** HOLE CARDS ***
Dealt to Mahu2021 [6h Ks]
Mr Andronik: raises $0.25 to $0.35
Latte is horse: folds 
Malloy08: folds 
NutHunt5R: folds 
SkyBoy23: folds 
Mahu2021: folds 
Uncalled bet ($0.25) returned to Mr Andronik
Mr Andronik collected $0.25 from pot
Mr Andronik: doesn't show hand 
*** SUMMARY ***
Total pot $0.25 | Rake $0 
Seat 1: NutHunt5R (button) folded before Flop (didn't bet)
Seat 2: SkyBoy23 (small blind) folded before Flop
Seat 3: Mahu2021 (big blind) folded before Flop
Seat 4: Mr Andronik collected ($0.25)
Seat 5: Latte is horse folded before Flop (didn't bet)
Seat 6: Malloy08 folded before Flop (didn't bet)



PokerStars Zoom Hand #255093319389:  Hold'em No Limit ($0.05/$0.10) - 2025/03/01 21:09:47 CET [2025/03/01 15:09:47 ET]
Table 'Aludra' 6-max Seat #1 is the button
Seat 1: dh7889 ($10.20 in chips) 
Seat 2: durugica10 ($18.30 in chips) 
Seat 3: JD 2266 E ($14.64 in chips) 
Seat 4: Rodesp6893 ($14 in chips) 
Seat 5: MarkRegen ($10.67 in chips) 
Seat 6: Mahu2021 ($8.14 in chips) 
durugica10: posts small blind $0.05
JD 2266 E: posts big blind $0.10
*** HOLE CARDS ***
Dealt to Mahu2021 [8d 6h]
Rodesp6893: folds 
MarkRegen: folds 
Mahu2021: folds 
dh7889: folds 
durugica10: folds 
Uncalled bet ($0.05) returned to JD 2266 E
JD 2266 E collected $0.10 from pot
JD 2266 E: doesn't show hand 
*** SUMMARY ***
Total pot $0.10 | Rake $0 
Seat 1: dh7889 (button) folded before Flop (didn't bet)
Seat 2: durugica10 (small blind) folded before Flop
Seat 3: JD 2266 E (big blind) collected ($0.10)
Seat 4: Rodesp6893 folded before Flop (didn't bet)
Seat 5: MarkRegen folded before Flop (didn't bet)
Seat 6: Mahu2021 folded before Flop (didn't bet)



PokerStars Zoom Hand #255093322965:  Hold'em No Limit ($0.05/$0.10) - 2025/03/01 21:09:59 CET [2025/03/01 15:09:59 ET]
Table 'Aludra' 6-max Seat #1 is the button
Seat 1: marcioadrs ($12.15 in chips) 
Seat 2: alanindublin ($14.40 in chips) 
Seat 3: Miracle of 50k ($17.40 in chips) 
Seat 4: Mahu2021 ($7.99 in chips) 
Seat 5: Jajje7 ($14.07 in chips) 
Seat 6: Beardown72 ($6.84 in chips) 
alanindublin: posts small blind $0.05
Miracle of 50k: posts big blind $0.10
*** HOLE CARDS ***
Dealt to Mahu2021 [8h Qd]
Mahu2021: folds 
Jajje7: folds 
Beardown72: folds 
marcioadrs: folds 
alanindublin: folds 
Uncalled bet ($0.05) returned to Miracle of 50k
Miracle of 50k collected $0.10 from pot
Miracle of 50k: doesn't show hand 
*** SUMMARY ***
Total pot $0.10 | Rake $0 
Seat 1: marcioadrs (button) folded before Flop (didn't bet)
Seat 2: alanindublin (small blind) folded before Flop
Seat 3: Miracle of 50k (big blind) collected ($0.10)
Seat 4: Mahu2021 folded before Flop (didn't bet)
Seat 5: Jajje7 folded before Flop (didn't bet)
Seat 6: Beardown72 folded before Flop (didn't bet)



PokerStars Zoom Hand #255093329855:  Hold'em No Limit ($0.05/$0.10) - 2025/03/01 21:10:23 CET [2025/03/01 15:10:23 ET]
Table 'Aludra' 6-max Seat #1 is the button
Seat 1: Cyborg_0113 ($12.90 in chips) 
Seat 2: ALEKC6 ($10.62 in chips) 
Seat 3: citizen6e ($10 in chips) 
Seat 4: JonKing75 ($35.88 in chips) 
Seat 5: aalewee56 ($16.87 in chips) 
Seat 6: Mahu2021 ($7.74 in chips) 
ALEKC6: posts small blind $0.05
citizen6e: posts big blind $0.10
*** HOLE CARDS ***
Dealt to Mahu2021 [2c Ah]
JonKing75: folds 
aalewee56: folds 
Mahu2021: folds 
Cyborg_0113: folds 
ALEKC6: folds 
Uncalled bet ($0.05) returned to citizen6e
citizen6e collected $0.10 from pot
citizen6e: doesn't show hand 
*** SUMMARY ***
Total pot $0.10 | Rake $0 
Seat 1: Cyborg_0113 (button) folded before Flop (didn't bet)
Seat 2: ALEKC6 (small blind) folded before Flop
Seat 3: citizen6e (big blind) collected ($0.10)
Seat 4: JonKing75 folded before Flop (didn't bet)
Seat 5: aalewee56 folded before Flop (didn't bet)
Seat 6: Mahu2021 folded before Flop (didn't bet)



PokerStars Zoom Hand #255093328680:  Hold'em No Limit ($0.05/$0.10) - 2025/03/01 21:10:19 CET [2025/03/01 15:10:19 ET]
Table 'Aludra' 6-max Seat #1 is the button
Seat 1: Mahu2021 ($7.74 in chips) 
Seat 2: clever max ($9.66 in chips) 
Seat 3: Omaha Craig ($5.61 in chips) 
Seat 4: zamponios ($26.05 in chips) 
Seat 5: Beardown72 ($5.55 in chips) 
Seat 6: Die8 ($10.10 in chips) 
clever max: posts small blind $0.05
Omaha Craig: posts big blind $0.10
*** HOLE CARDS ***
Dealt to Mahu2021 [2h Jc]
zamponios: raises $0.10 to $0.20
Beardown72: folds 
Die8: folds 
Mahu2021: folds 
clever max: raises $0.70 to $0.90
Omaha Craig: folds 
zamponios: calls $0.70
*** FLOP *** [9s 3s 3d]
clever max: bets $1.19
zamponios: folds 
Uncalled bet ($1.19) returned to clever max
clever max collected $1.81 from pot
clever max: doesn't show hand 
*** SUMMARY ***
Total pot $1.90 | Rake $0.09 
Board [9s 3s 3d]
Seat 1: Mahu2021 (button) folded before Flop (didn't bet)
Seat 2: clever max (small blind) collected ($1.81)
Seat 3: Omaha Craig (big blind) folded before Flop
Seat 4: zamponios folded on the Flop
Seat 5: Beardown72 folded before Flop (didn't bet)
Seat 6: Die8 folded before Flop (didn't bet)



PokerStars Zoom Hand #255093331136:  Hold'em No Limit ($0.05/$0.10) - 2025/03/01 21:10:27 CET [2025/03/01 15:10:27 ET]
Table 'Aludra' 6-max Seat #1 is the button
Seat 1: welshman19 ($16.33 in chips) 
Seat 2: Die8 ($10.10 in chips) 
Seat 3: philmcweapon ($10 in chips) 
Seat 4: DIAMOND_0920 ($10 in chips) 
Seat 5: Mahu2021 ($7.74 in chips) 
Seat 6: SkyBoy23 ($36.15 in chips) 
Die8: posts small blind $0.05
philmcweapon: posts big blind $0.10
*** HOLE CARDS ***
Dealt to Mahu2021 [As Kd]
DIAMOND_0920: folds 
Mahu2021: raises $0.14 to $0.24
SkyBoy23: folds 
welshman19: folds 
Die8: folds 
philmcweapon: calls $0.14
*** FLOP *** [9h Jc Jd]
philmcweapon: bets $0.17
Mahu2021: folds 
Uncalled bet ($0.17) returned to philmcweapon
philmcweapon collected $0.51 from pot
philmcweapon: doesn't show hand 
*** SUMMARY ***
Total pot $0.53 | Rake $0.02 
Board [9h Jc Jd]
Seat 1: welshman19 (button) folded before Flop (didn't bet)
Seat 2: Die8 (small blind) folded before Flop
Seat 3: philmcweapon (big blind) collected ($0.51)
Seat 4: DIAMOND_0920 folded before Flop (didn't bet)
Seat 5: Mahu2021 folded on the Flop
Seat 6: SkyBoy23 folded before Flop (didn't bet)



PokerStars Zoom Hand #255093337448:  Hold'em No Limit ($0.05/$0.10) - 2025/03/01 21:10:49 CET [2025/03/01 15:10:49 ET]
Table 'Aludra' 6-max Seat #1 is the button
Seat 1: JonKing75 ($10.98 in chips) 
Seat 2: aveitsch ($11.27 in chips) 
Seat 3: Mahu2021 ($7.50 in chips) 
Seat 4: pokeripuikko ($20.69 in chips) 
Seat 5: KidMamba ($90.49 in chips) 
Seat 6: micp89 ($18.14 in chips) 
aveitsch: posts small blind $0.05
Mahu2021: posts big blind $0.10
*** HOLE CARDS ***
Dealt to Mahu2021 [7s Kd]
pokeripuikko: folds 
KidMamba: folds 
micp89: folds 
JonKing75: folds 
aveitsch: folds 
Uncalled bet ($0.05) returned to Mahu2021
Mahu2021 collected $0.10 from pot
Mahu2021: doesn't show hand 
*** SUMMARY ***
Total pot $0.10 | Rake $0 
Seat 1: JonKing75 (button) folded before Flop (didn't bet)
Seat 2: aveitsch (small blind) folded before Flop
Seat 3: Mahu2021 (big blind) collected ($0.10)
Seat 4: pokeripuikko folded before Flop (didn't bet)
Seat 5: KidMamba folded before Flop (didn't bet)
Seat 6: micp89 folded before Flop (didn't bet)



PokerStars Zoom Hand #255093340481:  Hold'em No Limit ($0.05/$0.10) - 2025/03/01 21:10:59 CET [2025/03/01 15:10:59 ET]
Table 'Aludra' 6-max Seat #1 is the button
Seat 1: Relaxing616 ($10.30 in chips) 
Seat 2: Mahu2021 ($7.55 in chips) 
Seat 3: Omaha Craig ($5.46 in chips) 
Seat 4: WRG198623 ($10 in chips) 
Seat 5: goettems1992 ($29.71 in chips) 
Seat 6: pokeripuikko ($20.69 in chips) 
Mahu2021: posts small blind $0.05
Omaha Craig: posts big blind $0.10
*** HOLE CARDS ***
Dealt to Mahu2021 [5c 5d]
WRG198623: raises $0.20 to $0.30
goettems1992: calls $0.30
pokeripuikko: folds 
Relaxing616: folds 
Mahu2021: calls $0.25
Omaha Craig: folds 
*** FLOP *** [Td 9d 7c]
Mahu2021: checks 
WRG198623: bets $0.58
goettems1992: folds 
Mahu2021: folds 
Uncalled bet ($0.58) returned to WRG198623
WRG198623 collected $0.96 from pot
WRG198623: doesn't show hand 
*** SUMMARY ***
Total pot $1 | Rake $0.04 
Board [Td 9d 7c]
Seat 1: Relaxing616 (button) folded before Flop (didn't bet)
Seat 2: Mahu2021 (small blind) folded on the Flop
Seat 3: Omaha Craig (big blind) folded before Flop
Seat 4: WRG198623 collected ($0.96)
Seat 5: goettems1992 folded on the Flop
Seat 6: pokeripuikko folded before Flop (didn't bet)



PokerStars Zoom Hand #255093324147:  Hold'em No Limit ($0.05/$0.10) - 2025/03/01 21:10:03 CET [2025/03/01 15:10:03 ET]
Table 'Aludra' 6-max Seat #1 is the button
Seat 1: rlawnsdud ($12.28 in chips) 
Seat 2: ALEKC6 ($10 in chips) 
Seat 3: dh7889 ($10.23 in chips) 
Seat 4: Takinu_zen ($10.88 in chips) 
Seat 5: Mahu2021 ($7.99 in chips) 
Seat 6: JonKing75 ($36.17 in chips) 
ALEKC6: posts small blind $0.05
dh7889: posts big blind $0.10
*** HOLE CARDS ***
Dealt to Mahu2021 [5c 5d]
Takinu_zen: raises $0.15 to $0.25
Mahu2021: calls $0.25
JonKing75: folds 
rlawnsdud: folds 
ALEKC6: folds 
dh7889: calls $0.15
*** FLOP *** [Jd As Kh]
dh7889: checks 
Takinu_zen: bets $0.25
Mahu2021: folds 
dh7889: calls $0.25
*** TURN *** [Jd As Kh] [Kc]
dh7889: checks 
Takinu_zen has timed out
Takinu_zen: checks 
*** RIVER *** [Jd As Kh Kc] [Th]
dh7889: bets $2.50
Takinu_zen: raises $7.88 to $10.38 and is all-in
dh7889: folds 
Uncalled bet ($7.88) returned to Takinu_zen
Takinu_zen collected $6.02 from pot
Takinu_zen: doesn't show hand 
*** SUMMARY ***
Total pot $6.30 | Rake $0.28 
Board [Jd As Kh Kc Th]
Seat 1: rlawnsdud (button) folded before Flop (didn't bet)
Seat 2: ALEKC6 (small blind) folded before Flop
Seat 3: dh7889 (big blind) folded on the River
Seat 4: Takinu_zen collected ($6.02)
Seat 5: Mahu2021 folded on the Flop
Seat 6: JonKing75 folded before Flop (didn't bet)



PokerStars Zoom Hand #255093347545:  Hold'em No Limit ($0.05/$0.10) - 2025/03/01 21:11:23 CET [2025/03/01 15:11:23 ET]
Table 'Aludra' 6-max Seat #1 is the button
Seat 1: Atreticano ($10 in chips) 
Seat 2: rlawnsdud ($11.75 in chips) 
Seat 3: emo114 ($10 in chips) 
Seat 4: Mahu2021 ($7.25 in chips) 
Seat 5: Zutuzutu_90 ($10 in chips) 
Seat 6: Beardown72 ($5.40 in chips) 
rlawnsdud: posts small blind $0.05
emo114: posts big blind $0.10
*** HOLE CARDS ***
Dealt to Mahu2021 [9d 8d]
Mahu2021: raises $0.14 to $0.24
Zutuzutu_90: folds 
Beardown72: folds 
Atreticano: folds 
rlawnsdud: folds 
emo114: folds 
Uncalled bet ($0.14) returned to Mahu2021
Mahu2021 collected $0.25 from pot
Mahu2021: doesn't show hand 
*** SUMMARY ***
Total pot $0.25 | Rake $0 
Seat 1: Atreticano (button) folded before Flop (didn't bet)
Seat 2: rlawnsdud (small blind) folded before Flop
Seat 3: emo114 (big blind) folded before Flop
Seat 4: Mahu2021 collected ($0.25)
Seat 5: Zutuzutu_90 folded before Flop (didn't bet)
Seat 6: Beardown72 folded before Flop (didn't bet)



PokerStars Zoom Hand #255093345707:  Hold'em No Limit ($0.05/$0.10) - 2025/03/01 21:11:17 CET [2025/03/01 15:11:17 ET]
Table 'Aludra' 6-max Seat #1 is the button
Seat 1: Mahu2021 ($7.25 in chips) 
Seat 2: aveitsch ($18.51 in chips) 
Seat 3: Io Beto 2020 ($32.51 in chips) 
Seat 4: Zutuzutu_90 ($10 in chips) 
Seat 5: emo114 ($10 in chips) 
Seat 6: wilson91169 ($12.60 in chips) 
aveitsch: posts small blind $0.05
Io Beto 2020: posts big blind $0.10
*** HOLE CARDS ***
Dealt to Mahu2021 [7d 4c]
Zutuzutu_90: folds 
emo114: folds 
wilson91169: raises $0.15 to $0.25
Mahu2021: folds 
aveitsch: folds 
Io Beto 2020: calls $0.15
*** FLOP *** [5h 3s 9h]
Io Beto 2020: checks 
wilson91169: checks 
*** TURN *** [5h 3s 9h] [Th]
Io Beto 2020: bets $0.80
wilson91169: folds 
Uncalled bet ($0.80) returned to Io Beto 2020
Io Beto 2020 collected $0.53 from pot
Io Beto 2020: doesn't show hand 
*** SUMMARY ***
Total pot $0.55 | Rake $0.02 
Board [5h 3s 9h Th]
Seat 1: Mahu2021 (button) folded before Flop (didn't bet)
Seat 2: aveitsch (small blind) folded before Flop
Seat 3: Io Beto 2020 (big blind) collected ($0.53)
Seat 4: Zutuzutu_90 folded before Flop (didn't bet)
Seat 5: emo114 folded before Flop (didn't bet)
Seat 6: wilson91169 folded on the Turn



PokerStars Zoom Hand #255093355045:  Hold'em No Limit ($0.05/$0.10) - 2025/03/01 21:11:49 CET [2025/03/01 15:11:49 ET]
Table 'Aludra' 6-max Seat #1 is the button
Seat 1: rayfur ($10 in chips) 
Seat 2: Mahu2021 ($7.40 in chips) 
Seat 3: Miracle of 50k ($16.85 in chips) 
Seat 4: emo114 ($10 in chips) 
Seat 5: philmcweapon ($10.15 in chips) 
Seat 6: pokeripuikko ($20.20 in chips) 
Mahu2021: posts small blind $0.05
Miracle of 50k: posts big blind $0.10
*** HOLE CARDS ***
Dealt to Mahu2021 [6d 8c]
emo114: folds 
philmcweapon: folds 
pokeripuikko: folds 
rayfur: raises $0.15 to $0.25
Mahu2021: folds 
Miracle of 50k: folds 
Uncalled bet ($0.15) returned to rayfur
rayfur collected $0.25 from pot
rayfur: doesn't show hand 
*** SUMMARY ***
Total pot $0.25 | Rake $0 
Seat 1: rayfur (button) collected ($0.25)
Seat 2: Mahu2021 (small blind) folded before Flop
Seat 3: Miracle of 50k (big blind) folded before Flop
Seat 4: emo114 folded before Flop (didn't bet)
Seat 5: philmcweapon folded before Flop (didn't bet)
Seat 6: pokeripuikko folded before Flop (didn't bet)



PokerStars Zoom Hand #255093356550:  Hold'em No Limit ($0.05/$0.10) - 2025/03/01 21:11:54 CET [2025/03/01 15:11:54 ET]
Table 'Aludra' 6-max Seat #1 is the button
Seat 1: 777aprilia ($9.90 in chips) 
Seat 2: emo114 ($14.29 in chips) 
Seat 3: rlawnsdud ($12.60 in chips) 
Seat 4: iNteldrive ($11.10 in chips) 
Seat 5: durugica10 ($18.65 in chips) 
Seat 6: Mahu2021 ($7.35 in chips) 
emo114: posts small blind $0.05
rlawnsdud: posts big blind $0.10
*** HOLE CARDS ***
Dealt to Mahu2021 [7h 9d]
iNteldrive: raises $0.10 to $0.20
durugica10: folds 
Mahu2021: folds 
777aprilia: folds 
emo114: folds 
rlawnsdud: folds 
Uncalled bet ($0.10) returned to iNteldrive
iNteldrive collected $0.25 from pot
iNteldrive: doesn't show hand 
*** SUMMARY ***
Total pot $0.25 | Rake $0 
Seat 1: 777aprilia (button) folded before Flop (didn't bet)
Seat 2: emo114 (small blind) folded before Flop
Seat 3: rlawnsdud (big blind) folded before Flop
Seat 4: iNteldrive collected ($0.25)
Seat 5: durugica10 folded before Flop (didn't bet)
Seat 6: Mahu2021 folded before Flop (didn't bet)



PokerStars Zoom Hand #255093362192:  Hold'em No Limit ($0.05/$0.10) - 2025/03/01 21:12:13 CET [2025/03/01 15:12:13 ET]
Table 'Aludra' 6-max Seat #1 is the button
Seat 1: Tangros ($17.37 in chips) 
Seat 2: marcioadrs ($10.37 in chips) 
Seat 3: auraph333 ($12.32 in chips) 
Seat 4: rayfur ($10.15 in chips) 
Seat 5: Mahu2021 ($7.25 in chips) 
Seat 6: JonKing75 ($35.22 in chips) 
marcioadrs: posts small blind $0.05
auraph333: posts big blind $0.10
*** HOLE CARDS ***
Dealt to Mahu2021 [6d Jd]
rayfur: folds 
Mahu2021: folds 
JonKing75: folds 
Tangros: raises $0.15 to $0.25
marcioadrs: folds 
auraph333: folds 
Uncalled bet ($0.15) returned to Tangros
Tangros collected $0.25 from pot
Tangros: doesn't show hand 
*** SUMMARY ***
Total pot $0.25 | Rake $0 
Seat 1: Tangros (button) collected ($0.25)
Seat 2: marcioadrs (small blind) folded before Flop
Seat 3: auraph333 (big blind) folded before Flop
Seat 4: rayfur folded before Flop (didn't bet)
Seat 5: Mahu2021 folded before Flop (didn't bet)
Seat 6: JonKing75 folded before Flop (didn't bet)



PokerStars Zoom Hand #255093354012:  Hold'em No Limit ($0.05/$0.10) - 2025/03/01 21:11:45 CET [2025/03/01 15:11:45 ET]
Table 'Aludra' 6-max Seat #1 is the button
Seat 1: Beardown72 ($6.54 in chips) 
Seat 2: gareth76 ($10 in chips) 
Seat 3: NoSoupForAll ($21.86 in chips) 
Seat 4: Mahu2021 ($7.40 in chips) 
Seat 5: rlawnsdud ($10 in chips) 
Seat 6: Die8 ($10.20 in chips) 
gareth76: posts small blind $0.05
NoSoupForAll: posts big blind $0.10
*** HOLE CARDS ***
Dealt to Mahu2021 [2c 6h]
Mahu2021: folds 
rlawnsdud: folds 
Die8: folds 
Beardown72: folds 
gareth76: raises $0.20 to $0.30
NoSoupForAll: calls $0.20
*** FLOP *** [6s 7c As]
gareth76: bets $0.20
NoSoupForAll: calls $0.20
*** TURN *** [6s 7c As] [Qs]
gareth76: checks 
NoSoupForAll: bets $0.48
gareth76: calls $0.48
*** RIVER *** [6s 7c As Qs] [5s]
gareth76: checks 
NoSoupForAll: checks 
*** SHOW DOWN ***
gareth76: shows [Qd Tc] (a pair of Queens)
NoSoupForAll: mucks hand 
gareth76 collected $1.87 from pot
*** SUMMARY ***
Total pot $1.96 | Rake $0.09 
Board [6s 7c As Qs 5s]
Seat 1: Beardown72 (button) folded before Flop (didn't bet)
Seat 2: gareth76 (small blind) showed [Qd Tc] and won ($1.87) with a pair of Queens
Seat 3: NoSoupForAll (big blind) mucked [4h 6c]
Seat 4: Mahu2021 folded before Flop (didn't bet)
Seat 5: rlawnsdud folded before Flop (didn't bet)
Seat 6: Die8 folded before Flop (didn't bet)



PokerStars Zoom Hand #255093364845:  Hold'em No Limit ($0.05/$0.10) - 2025/03/01 21:12:23 CET [2025/03/01 15:12:23 ET]
Table 'Aludra' 6-max Seat #1 is the button
Seat 1: SkyBoy23 ($28.92 in chips) 
Seat 2: dh7889 ($10.42 in chips) 
Seat 3: JonKing75 ($32.19 in chips) 
Seat 4: Mahu2021 ($7.25 in chips) 
Seat 5: LuchoJacobo8 ($7.90 in chips) 
Seat 6: wilson91169 ($10 in chips) 
dh7889: posts small blind $0.05
JonKing75: posts big blind $0.10
*** HOLE CARDS ***
Dealt to Mahu2021 [3c Kh]
Mahu2021: folds 
LuchoJacobo8: folds 
wilson91169: raises $0.10 to $0.20
SkyBoy23: folds 
dh7889: folds 
JonKing75: folds 
Uncalled bet ($0.10) returned to wilson91169
wilson91169 collected $0.25 from pot
wilson91169: doesn't show hand 
*** SUMMARY ***
Total pot $0.25 | Rake $0 
Seat 1: SkyBoy23 (button) folded before Flop (didn't bet)
Seat 2: dh7889 (small blind) folded before Flop
Seat 3: JonKing75 (big blind) folded before Flop
Seat 4: Mahu2021 folded before Flop (didn't bet)
Seat 5: LuchoJacobo8 folded before Flop (didn't bet)
Seat 6: wilson91169 collected ($0.25)



PokerStars Zoom Hand #255093358293:  Hold'em No Limit ($0.05/$0.10) - 2025/03/01 21:12:00 CET [2025/03/01 15:12:00 ET]
Table 'Aludra' 6-max Seat #1 is the button
Seat 1: emo114 ($26.89 in chips) 
Seat 2: Ritter00 ($4.75 in chips) 
Seat 3: Mahu2021 ($7.35 in chips) 
Seat 4: johnyboyjnr ($9.43 in chips) 
Seat 5: Die8 ($10.15 in chips) 
Seat 6: wilson91169 ($12.35 in chips) 
Ritter00: posts small blind $0.05
Mahu2021: posts big blind $0.10
*** HOLE CARDS ***
Dealt to Mahu2021 [7d Qh]
johnyboyjnr: folds 
Die8: folds 
wilson91169: raises $0.10 to $0.20
emo114: calls $0.20
Ritter00: folds 
Mahu2021: folds 
*** FLOP *** [2h 6s 5s]
wilson91169: checks 
emo114: checks 
*** TURN *** [2h 6s 5s] [Js]
wilson91169: checks 
emo114: checks 
*** RIVER *** [2h 6s 5s Js] [Kh]
wilson91169: bets $0.10
emo114: calls $0.10
*** SHOW DOWN ***
wilson91169: shows [7s 7h] (a pair of Sevens)
emo114: shows [Td Kd] (a pair of Kings)
emo114 collected $0.72 from pot
*** SUMMARY ***
Total pot $0.75 | Rake $0.03 
Board [2h 6s 5s Js Kh]
Seat 1: emo114 (button) showed [Td Kd] and won ($0.72) with a pair of Kings
Seat 2: Ritter00 (small blind) folded before Flop
Seat 3: Mahu2021 (big blind) folded before Flop
Seat 4: johnyboyjnr folded before Flop (didn't bet)
Seat 5: Die8 folded before Flop (didn't bet)
Seat 6: wilson91169 showed [7s 7h] and lost with a pair of Sevens



PokerStars Zoom Hand #255093366064:  Hold'em No Limit ($0.05/$0.10) - 2025/03/01 21:12:27 CET [2025/03/01 15:12:27 ET]
Table 'Aludra' 6-max Seat #1 is the button
Seat 1: Mahu2021 ($7.25 in chips) 
Seat 2: iNteldrive ($10.23 in chips) 
Seat 3: ManuuVidela ($13.59 in chips) 
Seat 4: Omaha Craig ($5.57 in chips) 
Seat 5: AnjinhoTrex ($10.13 in chips) 
Seat 6: ALEKC6 ($10.47 in chips) 
iNteldrive: posts small blind $0.05
ManuuVidela: posts big blind $0.10
*** HOLE CARDS ***
Dealt to Mahu2021 [Jd 8d]
Omaha Craig: folds 
AnjinhoTrex: folds 
ALEKC6: folds 
Mahu2021: raises $0.20 to $0.30
iNteldrive: folds 
ManuuVidela: folds 
Uncalled bet ($0.20) returned to Mahu2021
Mahu2021 collected $0.25 from pot
Mahu2021: doesn't show hand 
*** SUMMARY ***
Total pot $0.25 | Rake $0 
Seat 1: Mahu2021 (button) collected ($0.25)
Seat 2: iNteldrive (small blind) folded before Flop
Seat 3: ManuuVidela (big blind) folded before Flop
Seat 4: Omaha Craig folded before Flop (didn't bet)
Seat 5: AnjinhoTrex folded before Flop (didn't bet)
Seat 6: ALEKC6 folded before Flop (didn't bet)



PokerStars Zoom Hand #255093363651:  Hold'em No Limit ($0.05/$0.10) - 2025/03/01 21:12:18 CET [2025/03/01 15:12:18 ET]
Table 'Aludra' 6-max Seat #1 is the button
Seat 1: rayfur ($10.15 in chips) 
Seat 2: durugica10 ($10.19 in chips) 
Seat 3: Knox2015 ($5.41 in chips) 
Seat 4: 1goodreason ($27.69 in chips) 
Seat 5: yahree99 ($11.33 in chips) 
Seat 6: Mahu2021 ($7.25 in chips) 
durugica10: posts small blind $0.05
Knox2015: posts big blind $0.10
*** HOLE CARDS ***
Dealt to Mahu2021 [5c Jc]
1goodreason: folds 
yahree99: calls $0.10
Mahu2021: folds 
rayfur: folds 
durugica10: folds 
Knox2015: checks 
*** FLOP *** [Td Qs Ad]
Knox2015: checks 
yahree99: bets $0.20
Knox2015: folds 
Uncalled bet ($0.20) returned to yahree99
yahree99 collected $0.24 from pot
yahree99: doesn't show hand 
*** SUMMARY ***
Total pot $0.25 | Rake $0.01 
Board [Td Qs Ad]
Seat 1: rayfur (button) folded before Flop (didn't bet)
Seat 2: durugica10 (small blind) folded before Flop
Seat 3: Knox2015 (big blind) folded on the Flop
Seat 4: 1goodreason folded before Flop (didn't bet)
Seat 5: yahree99 collected ($0.24)
Seat 6: Mahu2021 folded before Flop (didn't bet)



PokerStars Zoom Hand #255093360119:  Hold'em No Limit ($0.05/$0.10) - 2025/03/01 21:12:06 CET [2025/03/01 15:12:06 ET]
Table 'Aludra' 6-max Seat #1 is the button
Seat 1: Mahu2021 ($7.25 in chips) 
Seat 2: Atreticano ($10 in chips) 
Seat 3: iNteldrive ($20.56 in chips) 
Seat 4: SkyBoy23 ($29.07 in chips) 
Seat 5: Jannemann1999 ($13.28 in chips) 
Seat 6: iam2fun4u ($7.30 in chips) 
Atreticano: posts small blind $0.05
iNteldrive: posts big blind $0.10
*** HOLE CARDS ***
Dealt to Mahu2021 [5h 3s]
SkyBoy23: folds 
Jannemann1999: folds 
iam2fun4u: calls $0.10
Mahu2021: folds 
Atreticano: raises $0.30 to $0.40
iNteldrive: folds 
iam2fun4u: calls $0.30
*** FLOP *** [Ad Qd Ts]
Atreticano: checks 
iam2fun4u: bets $0.86
Atreticano: calls $0.86
*** TURN *** [Ad Qd Ts] [Ah]
Atreticano: checks 
iam2fun4u: bets $2.50
Atreticano: folds 
Uncalled bet ($2.50) returned to iam2fun4u
iam2fun4u collected $2.50 from pot
iam2fun4u: doesn't show hand 
*** SUMMARY ***
Total pot $2.62 | Rake $0.12 
Board [Ad Qd Ts Ah]
Seat 1: Mahu2021 (button) folded before Flop (didn't bet)
Seat 2: Atreticano (small blind) folded on the Turn
Seat 3: iNteldrive (big blind) folded before Flop
Seat 4: SkyBoy23 folded before Flop (didn't bet)
Seat 5: Jannemann1999 folded before Flop (didn't bet)
Seat 6: iam2fun4u collected ($2.50)



PokerStars Zoom Hand #255093370316:  Hold'em No Limit ($0.05/$0.10) - 2025/03/01 21:12:41 CET [2025/03/01 15:12:41 ET]
Table 'Aludra' 6-max Seat #1 is the button
Seat 1: auraph333 ($12.17 in chips) 
Seat 2: DouglasHomem12 ($10.27 in chips) 
Seat 3: Mahu2021 ($7.40 in chips) 
Seat 4: Last70 ($11.17 in chips) 
Seat 5: JonKing75 ($41.84 in chips) 
Seat 6: emo114 ($27.21 in chips) 
DouglasHomem12: posts small blind $0.05
Mahu2021: posts big blind $0.10
*** HOLE CARDS ***
Dealt to Mahu2021 [Td 5d]
Last70: folds 
JonKing75: folds 
emo114: folds 
auraph333: folds 
DouglasHomem12: raises $0.10 to $0.20
Mahu2021: calls $0.10
*** FLOP *** [9s Kh Kd]
DouglasHomem12: checks 
Mahu2021: checks 
*** TURN *** [9s Kh Kd] [Qd]
DouglasHomem12: bets $0.19
Mahu2021: calls $0.19
*** RIVER *** [9s Kh Kd Qd] [8c]
DouglasHomem12: bets $0.37
Mahu2021: folds 
Uncalled bet ($0.37) returned to DouglasHomem12
DouglasHomem12 collected $0.74 from pot
DouglasHomem12: doesn't show hand 
*** SUMMARY ***
Total pot $0.78 | Rake $0.04 
Board [9s Kh Kd Qd 8c]
Seat 1: auraph333 (button) folded before Flop (didn't bet)
Seat 2: DouglasHomem12 (small blind) collected ($0.74)
Seat 3: Mahu2021 (big blind) folded on the River
Seat 4: Last70 folded before Flop (didn't bet)
Seat 5: JonKing75 folded before Flop (didn't bet)
Seat 6: emo114 folded before Flop (didn't bet)



PokerStars Zoom Hand #255093377322:  Hold'em No Limit ($0.05/$0.10) - 2025/03/01 21:13:05 CET [2025/03/01 15:13:05 ET]
Table 'Aludra' 6-max Seat #1 is the button
Seat 1: philmcweapon ($18.58 in chips) 
Seat 2: Mahu2021 ($7.01 in chips) 
Seat 3: kong121291 ($8.58 in chips) 
Seat 4: saskinis ($7.34 in chips) 
Seat 5: emo114 ($13.99 in chips) 
Seat 6: Relaxing616 ($27.09 in chips) 
Mahu2021: posts small blind $0.05
kong121291: posts big blind $0.10
*** HOLE CARDS ***
Dealt to Mahu2021 [4h 2c]
saskinis: raises $0.10 to $0.20
emo114: folds 
Relaxing616: folds 
philmcweapon: folds 
Mahu2021: folds 
kong121291: folds 
Uncalled bet ($0.10) returned to saskinis
saskinis collected $0.25 from pot
saskinis: doesn't show hand 
*** SUMMARY ***
Total pot $0.25 | Rake $0 
Seat 1: philmcweapon (button) folded before Flop (didn't bet)
Seat 2: Mahu2021 (small blind) folded before Flop
Seat 3: kong121291 (big blind) folded before Flop
Seat 4: saskinis collected ($0.25)
Seat 5: emo114 folded before Flop (didn't bet)
Seat 6: Relaxing616 folded before Flop (didn't bet)



PokerStars Zoom Hand #255093380402:  Hold'em No Limit ($0.05/$0.10) - 2025/03/01 21:13:15 CET [2025/03/01 15:13:15 ET]
Table 'Aludra' 6-max Seat #1 is the button
Seat 1: Rodesp6893 ($14.97 in chips) 
Seat 2: saskinis ($7.49 in chips) 
Seat 3: I'm _The _Groke ($11.28 in chips) 
Seat 4: JonKing75 ($41.64 in chips) 
Seat 5: Mahu2021 ($6.96 in chips) 
Seat 6: Tangros ($17.61 in chips) 
saskinis: posts small blind $0.05
I'm _The _Groke: posts big blind $0.10
*** HOLE CARDS ***
Dealt to Mahu2021 [9s 9d]
JonKing75: raises $0.15 to $0.25
Mahu2021: calls $0.25
Tangros: folds 
Rodesp6893: calls $0.25
saskinis: calls $0.20
I'm _The _Groke: calls $0.15
*** FLOP *** [2d 3c Kd]
saskinis: checks 
I'm _The _Groke: checks 
JonKing75: bets $0.39
Mahu2021: calls $0.39
Rodesp6893: calls $0.39
saskinis: folds 
I'm _The _Groke: folds 
*** TURN *** [2d 3c Kd] [8s]
JonKing75: bets $1.73
Mahu2021: folds 
Rodesp6893: folds 
Uncalled bet ($1.73) returned to JonKing75
JonKing75 collected $2.31 from pot
JonKing75: doesn't show hand 
*** SUMMARY ***
Total pot $2.42 | Rake $0.11 
Board [2d 3c Kd 8s]
Seat 1: Rodesp6893 (button) folded on the Turn
Seat 2: saskinis (small blind) folded on the Flop
Seat 3: I'm _The _Groke (big blind) folded on the Flop
Seat 4: JonKing75 collected ($2.31)
Seat 5: Mahu2021 folded on the Turn
Seat 6: Tangros folded before Flop (didn't bet)



PokerStars Zoom Hand #255093401742:  Hold'em No Limit ($0.05/$0.10) - 2025/03/01 21:14:29 CET [2025/03/01 15:14:29 ET]
Table 'Aludra' 6-max Seat #1 is the button
Seat 1: ManuuVidela ($14.21 in chips) 
Seat 2: pokeripuikko ($24.20 in chips) 
Seat 3: Sniffer20 ($10.38 in chips) 
Seat 4: Rodesp6893 ($14.33 in chips) 
Seat 5: marcioadrs ($14.74 in chips) 
Seat 6: Mahu2021 ($6.32 in chips) 
pokeripuikko: posts small blind $0.05
Sniffer20: posts big blind $0.10
*** HOLE CARDS ***
Dealt to Mahu2021 [2s 8h]
Rodesp6893: raises $0.20 to $0.30
marcioadrs: folds 
Mahu2021: folds 
ManuuVidela: folds 
pokeripuikko: folds 
Sniffer20: folds 
Uncalled bet ($0.20) returned to Rodesp6893
Rodesp6893 collected $0.25 from pot
Rodesp6893: doesn't show hand 
*** SUMMARY ***
Total pot $0.25 | Rake $0 
Seat 1: ManuuVidela (button) folded before Flop (didn't bet)
Seat 2: pokeripuikko (small blind) folded before Flop
Seat 3: Sniffer20 (big blind) folded before Flop
Seat 4: Rodesp6893 collected ($0.25)
Seat 5: marcioadrs folded before Flop (didn't bet)
Seat 6: Mahu2021 folded before Flop (didn't bet)



PokerStars Zoom Hand #255093400566:  Hold'em No Limit ($0.05/$0.10) - 2025/03/01 21:14:25 CET [2025/03/01 15:14:25 ET]
Table 'Aludra' 6-max Seat #1 is the button
Seat 1: Last70 ($10 in chips) 
Seat 2: polina70 ($4.62 in chips) 
Seat 3: Rezzotto0208 ($18.14 in chips) 
Seat 4: iam2fun4u ($8.71 in chips) 
Seat 5: Mahu2021 ($6.32 in chips) 
Seat 6: DiNiceBoy ($31.03 in chips) 
polina70: posts small blind $0.05
Rezzotto0208: posts big blind $0.10
*** HOLE CARDS ***
Dealt to Mahu2021 [9d Tc]
iam2fun4u: folds 
Mahu2021: folds 
DiNiceBoy: folds 
Last70: raises $0.12 to $0.22
polina70: calls $0.17
Rezzotto0208: folds 
*** FLOP *** [3c Jc 3h]
polina70: checks 
Last70: bets $0.26
polina70: folds 
Uncalled bet ($0.26) returned to Last70
Last70 collected $0.52 from pot
Last70: doesn't show hand 
*** SUMMARY ***
Total pot $0.54 | Rake $0.02 
Board [3c Jc 3h]
Seat 1: Last70 (button) collected ($0.52)
Seat 2: polina70 (small blind) folded on the Flop
Seat 3: Rezzotto0208 (big blind) folded before Flop
Seat 4: iam2fun4u folded before Flop (didn't bet)
Seat 5: Mahu2021 folded before Flop (didn't bet)
Seat 6: DiNiceBoy folded before Flop (didn't bet)



PokerStars Zoom Hand #255093403196:  Hold'em No Limit ($0.05/$0.10) - 2025/03/01 21:14:34 CET [2025/03/01 15:14:34 ET]
Table 'Aludra' 6-max Seat #1 is the button
Seat 1: fargofargo ($10 in chips) 
Seat 2: Latte is horse ($10.33 in chips) 
Seat 3: wilson91169 ($10 in chips) 
Seat 4: Mahu2021 ($6.32 in chips) 
Seat 5: anakondo87 ($9.59 in chips) 
Seat 6: Malloy08 ($22.86 in chips) 
Latte is horse: posts small blind $0.05
wilson91169: posts big blind $0.10
*** HOLE CARDS ***
Dealt to Mahu2021 [Ad Tc]
Mahu2021: raises $0.14 to $0.24
anakondo87: folds 
Malloy08: folds 
fargofargo: folds 
Latte is horse: folds 
wilson91169: folds 
Uncalled bet ($0.14) returned to Mahu2021
Mahu2021 collected $0.25 from pot
Mahu2021: doesn't show hand 
*** SUMMARY ***
Total pot $0.25 | Rake $0 
Seat 1: fargofargo (button) folded before Flop (didn't bet)
Seat 2: Latte is horse (small blind) folded before Flop
Seat 3: wilson91169 (big blind) folded before Flop
Seat 4: Mahu2021 collected ($0.25)
Seat 5: anakondo87 folded before Flop (didn't bet)
Seat 6: Malloy08 folded before Flop (didn't bet)



PokerStars Zoom Hand #255093408691:  Hold'em No Limit ($0.05/$0.10) - 2025/03/01 21:14:53 CET [2025/03/01 15:14:53 ET]
Table 'Aludra' 6-max Seat #1 is the button
Seat 1: emo114 ($14.23 in chips) 
Seat 2: Illusioni973 ($10 in chips) 
Seat 3: Mahu2021 ($6.47 in chips) 
Seat 4: J0hnDee ($11.22 in chips) 
Seat 5: Hopewar ($10.52 in chips) 
Seat 6: Last70 ($11.02 in chips) 
Illusioni973: posts small blind $0.05
Mahu2021: posts big blind $0.10
*** HOLE CARDS ***
Dealt to Mahu2021 [Ts 5d]
J0hnDee: folds 
Hopewar: folds 
Last70: folds 
emo114: raises $0.15 to $0.25
Illusioni973: folds 
Mahu2021: folds 
Uncalled bet ($0.15) returned to emo114
emo114 collected $0.25 from pot
emo114: doesn't show hand 
*** SUMMARY ***
Total pot $0.25 | Rake $0 
Seat 1: emo114 (button) collected ($0.25)
Seat 2: Illusioni973 (small blind) folded before Flop
Seat 3: Mahu2021 (big blind) folded before Flop
Seat 4: J0hnDee folded before Flop (didn't bet)
Seat 5: Hopewar folded before Flop (didn't bet)
Seat 6: Last70 folded before Flop (didn't bet)



PokerStars Zoom Hand #255093412485:  Hold'em No Limit ($0.05/$0.10) - 2025/03/01 21:15:05 CET [2025/03/01 15:15:05 ET]
Table 'Aludra' 6-max Seat #1 is the button
Seat 1: JonKing75 ($10.72 in chips) 
Seat 2: Mahu2021 ($6.37 in chips) 
Seat 3: Jajje7 ($10.61 in chips) 
Seat 4: ALEKC6 ($20.96 in chips) 
Seat 5: Miracle of 50k ($13.55 in chips) 
Seat 6: iNteldrive ($10.15 in chips) 
Mahu2021: posts small blind $0.05
Jajje7: posts big blind $0.10
*** HOLE CARDS ***
Dealt to Mahu2021 [Kc 5h]
ALEKC6: folds 
Miracle of 50k: folds 
iNteldrive: folds 
JonKing75: folds 
Mahu2021: folds 
Uncalled bet ($0.05) returned to Jajje7
Jajje7 collected $0.10 from pot
Jajje7: doesn't show hand 
*** SUMMARY ***
Total pot $0.10 | Rake $0 
Seat 1: JonKing75 (button) folded before Flop (didn't bet)
Seat 2: Mahu2021 (small blind) folded before Flop
Seat 3: Jajje7 (big blind) collected ($0.10)
Seat 4: ALEKC6 folded before Flop (didn't bet)
Seat 5: Miracle of 50k folded before Flop (didn't bet)
Seat 6: iNteldrive folded before Flop (didn't bet)



PokerStars Zoom Hand #255093413660:  Hold'em No Limit ($0.05/$0.10) - 2025/03/01 21:15:09 CET [2025/03/01 15:15:09 ET]
Table 'Aludra' 6-max Seat #1 is the button
Seat 1: Mahu2021 ($6.32 in chips) 
Seat 2: emo114 ($24.22 in chips) 
Seat 3: yahree99 ($7.16 in chips) 
Seat 4: JonKing75 ($32.62 in chips) 
Seat 5: DouglasHomem12 ($10.20 in chips) 
Seat 6: Zutuzutu_90 ($9.95 in chips) 
emo114: posts small blind $0.05
yahree99: posts big blind $0.10
*** HOLE CARDS ***
Dealt to Mahu2021 [9s 8h]
JonKing75: raises $0.10 to $0.20
DouglasHomem12: folds 
Zutuzutu_90: folds 
Mahu2021: calls $0.20
emo114: raises $0.70 to $0.90
yahree99: folds 
JonKing75: calls $0.70
Mahu2021: folds 
*** FLOP *** [3s Ts 5h]
emo114: bets $1.41
JonKing75: folds 
Uncalled bet ($1.41) returned to emo114
emo114 collected $2.01 from pot
emo114: doesn't show hand 
*** SUMMARY ***
Total pot $2.10 | Rake $0.09 
Board [3s Ts 5h]
Seat 1: Mahu2021 (button) folded before Flop
Seat 2: emo114 (small blind) collected ($2.01)
Seat 3: yahree99 (big blind) folded before Flop
Seat 4: JonKing75 folded on the Flop
Seat 5: DouglasHomem12 folded before Flop (didn't bet)
Seat 6: Zutuzutu_90 folded before Flop (didn't bet)



PokerStars Zoom Hand #255093416922:  Hold'em No Limit ($0.05/$0.10) - 2025/03/01 21:15:20 CET [2025/03/01 15:15:20 ET]
Table 'Aludra' 6-max Seat #1 is the button
Seat 1: Die8 ($10.55 in chips) 
Seat 2: NutHunt5R ($12.22 in chips) 
Seat 3: rlawnsdud ($10.08 in chips) 
Seat 4: fargofargo ($15.60 in chips) 
Seat 5: Mahu2021 ($6.12 in chips) 
Seat 6: TilTheEnd982 ($23.54 in chips) 
NutHunt5R: posts small blind $0.05
rlawnsdud: posts big blind $0.10
*** HOLE CARDS ***
Dealt to Mahu2021 [Qc 5s]
fargofargo: folds 
Mahu2021: folds 
TilTheEnd982: raises $0.12 to $0.22
Die8: folds 
NutHunt5R: folds 
rlawnsdud: folds 
Uncalled bet ($0.12) returned to TilTheEnd982
TilTheEnd982 collected $0.25 from pot
TilTheEnd982: doesn't show hand 
*** SUMMARY ***
Total pot $0.25 | Rake $0 
Seat 1: Die8 (button) folded before Flop (didn't bet)
Seat 2: NutHunt5R (small blind) folded before Flop
Seat 3: rlawnsdud (big blind) folded before Flop
Seat 4: fargofargo folded before Flop (didn't bet)
Seat 5: Mahu2021 folded before Flop (didn't bet)
Seat 6: TilTheEnd982 collected ($0.25)



PokerStars Zoom Hand #255093418082:  Hold'em No Limit ($0.05/$0.10) - 2025/03/01 21:15:24 CET [2025/03/01 15:15:24 ET]
Table 'Aludra' 6-max Seat #1 is the button
Seat 1: ukouta ($10 in chips) 
Seat 2: Looseandfun ($8.91 in chips) 
Seat 3: Jajje7 ($10 in chips) 
Seat 4: Mahu2021 ($6.12 in chips) 
Seat 5: philmcweapon ($18.58 in chips) 
Seat 6: NutHunt5R ($12.17 in chips) 
Looseandfun: posts small blind $0.05
Jajje7: posts big blind $0.10
*** HOLE CARDS ***
Dealt to Mahu2021 [Qd 3c]
Mahu2021: folds 
philmcweapon: raises $0.12 to $0.22
NutHunt5R: folds 
ukouta: folds 
Looseandfun: folds 
Jajje7: calls $0.12
*** FLOP *** [5c 8d 7h]
Jajje7: checks 
philmcweapon: bets $0.16
Jajje7: folds 
Uncalled bet ($0.16) returned to philmcweapon
philmcweapon collected $0.47 from pot
philmcweapon: doesn't show hand 
*** SUMMARY ***
Total pot $0.49 | Rake $0.02 
Board [5c 8d 7h]
Seat 1: ukouta (button) folded before Flop (didn't bet)
Seat 2: Looseandfun (small blind) folded before Flop
Seat 3: Jajje7 (big blind) folded on the Flop
Seat 4: Mahu2021 folded before Flop (didn't bet)
Seat 5: philmcweapon collected ($0.47)
Seat 6: NutHunt5R folded before Flop (didn't bet)



PokerStars Zoom Hand #255093419827:  Hold'em No Limit ($0.05/$0.10) - 2025/03/01 21:15:30 CET [2025/03/01 15:15:30 ET]
Table 'Aludra' 6-max Seat #1 is the button
Seat 1: polina70 ($4.45 in chips) 
Seat 2: Mahu2021 ($6.12 in chips) 
Seat 3: NoSoupForAll ($20.31 in chips) 
Seat 4: Cyborg_0113 ($10.96 in chips) 
Seat 5: duclegend ($17.33 in chips) 
Seat 6: Last70 ($10 in chips) 
Mahu2021: posts small blind $0.05
NoSoupForAll: posts big blind $0.10
*** HOLE CARDS ***
Dealt to Mahu2021 [8s Ts]
Cyborg_0113: folds 
duclegend is disconnected 
duclegend has timed out while disconnected
duclegend: folds 
Last70: folds 
polina70: raises $0.10 to $0.20
Mahu2021: calls $0.15
NoSoupForAll: calls $0.10
*** FLOP *** [Ks Kh 2d]
Mahu2021: checks 
NoSoupForAll: checks 
polina70: bets $0.30
Mahu2021: folds 
NoSoupForAll: folds 
Uncalled bet ($0.30) returned to polina70
polina70 collected $0.57 from pot
polina70: doesn't show hand 
*** SUMMARY ***
Total pot $0.60 | Rake $0.03 
Board [Ks Kh 2d]
Seat 1: polina70 (button) collected ($0.57)
Seat 2: Mahu2021 (small blind) folded on the Flop
Seat 3: NoSoupForAll (big blind) folded on the Flop
Seat 4: Cyborg_0113 folded before Flop (didn't bet)
Seat 5: duclegend folded before Flop (didn't bet)
Seat 6: Last70 folded before Flop (didn't bet)



PokerStars Zoom Hand #255093428081:  Hold'em No Limit ($0.05/$0.10) - 2025/03/01 21:15:58 CET [2025/03/01 15:15:58 ET]
Table 'Aludra' 6-max Seat #1 is the button
Seat 1: clever max ($5.87 in chips) 
Seat 2: dh7889 ($10 in chips) 
Seat 3: Mahu2021 ($5.92 in chips) 
Seat 4: LuchoJacobo8 ($11.75 in chips) 
Seat 5: welshman19 ($15.78 in chips) 
Seat 6: Jannemann1999 ($21.40 in chips) 
dh7889: posts small blind $0.05
Mahu2021: posts big blind $0.10
*** HOLE CARDS ***
Dealt to Mahu2021 [Jh 5s]
LuchoJacobo8: folds 
welshman19: folds 
Jannemann1999: folds 
clever max has timed out
clever max: folds 
dh7889: folds 
Uncalled bet ($0.05) returned to Mahu2021
Mahu2021 collected $0.10 from pot
Mahu2021: doesn't show hand 
*** SUMMARY ***
Total pot $0.10 | Rake $0 
Seat 1: clever max (button) folded before Flop (didn't bet)
Seat 2: dh7889 (small blind) folded before Flop
Seat 3: Mahu2021 (big blind) collected ($0.10)
Seat 4: LuchoJacobo8 folded before Flop (didn't bet)
Seat 5: welshman19 folded before Flop (didn't bet)
Seat 6: Jannemann1999 folded before Flop (didn't bet)



PokerStars Zoom Hand #255093435230:  Hold'em No Limit ($0.05/$0.10) - 2025/03/01 21:16:22 CET [2025/03/01 15:16:22 ET]
Table 'Aludra' 6-max Seat #1 is the button
Seat 1: Mahu2021 ($5.97 in chips) 
Seat 2: Last70 ($26.71 in chips) 
Seat 3: citizen6e ($10.03 in chips) 
Seat 4: WRG198623 ($19.48 in chips) 
Seat 5: JonKing75 ($31.81 in chips) 
Seat 6: durugica10 ($20.40 in chips) 
Last70: posts small blind $0.05
citizen6e: posts big blind $0.10
*** HOLE CARDS ***
Dealt to Mahu2021 [5h Tc]
WRG198623: folds 
JonKing75: folds 
durugica10: folds 
Mahu2021: folds 
Last70: folds 
Uncalled bet ($0.05) returned to citizen6e
citizen6e collected $0.10 from pot
citizen6e: doesn't show hand 
*** SUMMARY ***
Total pot $0.10 | Rake $0 
Seat 1: Mahu2021 (button) folded before Flop (didn't bet)
Seat 2: Last70 (small blind) folded before Flop
Seat 3: citizen6e (big blind) collected ($0.10)
Seat 4: WRG198623 folded before Flop (didn't bet)
Seat 5: JonKing75 folded before Flop (didn't bet)
Seat 6: durugica10 folded before Flop (didn't bet)



PokerStars Zoom Hand #255093434039:  Hold'em No Limit ($0.05/$0.10) - 2025/03/01 21:16:18 CET [2025/03/01 15:16:18 ET]
Table 'Aludra' 6-max Seat #1 is the button
Seat 1: RoWw23 ($10.96 in chips) 
Seat 2: MrCappu ($9.50 in chips) 
Seat 3: Atreticano ($11.74 in chips) 
Seat 4: Miracle of 50k ($13.96 in chips) 
Seat 5: ALEKC6 ($10.10 in chips) 
Seat 6: Mahu2021 ($5.97 in chips) 
MrCappu: posts small blind $0.05
Atreticano: posts big blind $0.10
*** HOLE CARDS ***
Dealt to Mahu2021 [2c Kd]
Miracle of 50k: folds 
ALEKC6: folds 
Mahu2021: folds 
MrCappu is disconnected 
RoWw23: raises $0.15 to $0.25
MrCappu has timed out while disconnected
MrCappu: folds 
Atreticano: folds 
Uncalled bet ($0.15) returned to RoWw23
RoWw23 collected $0.25 from pot
RoWw23: doesn't show hand 
*** SUMMARY ***
Total pot $0.25 | Rake $0 
Seat 1: RoWw23 (button) collected ($0.25)
Seat 2: MrCappu (small blind) folded before Flop
Seat 3: Atreticano (big blind) folded before Flop
Seat 4: Miracle of 50k folded before Flop (didn't bet)
Seat 5: ALEKC6 folded before Flop (didn't bet)
Seat 6: Mahu2021 folded before Flop (didn't bet)



PokerStars Zoom Hand #255093437962:  Hold'em No Limit ($0.05/$0.10) - 2025/03/01 21:16:31 CET [2025/03/01 15:16:31 ET]
Table 'Aludra' 6-max Seat #1 is the button
Seat 1: emo114 ($10.11 in chips) 
Seat 2: wilson91169 ($15.76 in chips) 
Seat 3: Die8 ($12.47 in chips) 
Seat 4: rayfur ($10.41 in chips) 
Seat 5: Jajje7 ($10.61 in chips) 
Seat 6: Mahu2021 ($5.97 in chips) 
wilson91169: posts small blind $0.05
Die8: posts big blind $0.10
*** HOLE CARDS ***
Dealt to Mahu2021 [4s 7h]
rayfur: folds 
Jajje7: folds 
Mahu2021: folds 
emo114: raises $0.15 to $0.25
wilson91169: folds 
Die8: folds 
Uncalled bet ($0.15) returned to emo114
emo114 collected $0.25 from pot
emo114: doesn't show hand 
*** SUMMARY ***
Total pot $0.25 | Rake $0 
Seat 1: emo114 (button) collected ($0.25)
Seat 2: wilson91169 (small blind) folded before Flop
Seat 3: Die8 (big blind) folded before Flop
Seat 4: rayfur folded before Flop (didn't bet)
Seat 5: Jajje7 folded before Flop (didn't bet)
Seat 6: Mahu2021 folded before Flop (didn't bet)



PokerStars Zoom Hand #255093439029:  Hold'em No Limit ($0.05/$0.10) - 2025/03/01 21:16:35 CET [2025/03/01 15:16:35 ET]
Table 'Aludra' 6-max Seat #1 is the button
Seat 1: rlawnsdud ($12.04 in chips) 
Seat 2: marcioadrs ($10.15 in chips) 
Seat 3: okodara ($10 in chips) 
Seat 4: Mahu2021 ($5.97 in chips) 
Seat 5: JonKing75 ($42.64 in chips) 
Seat 6: Ritter00 ($5.33 in chips) 
marcioadrs: posts small blind $0.05
okodara: posts big blind $0.10
*** HOLE CARDS ***
Dealt to Mahu2021 [Ah 4h]
Mahu2021: raises $0.14 to $0.24
JonKing75: folds 
Ritter00: raises $0.56 to $0.80
rlawnsdud: folds 
marcioadrs: folds 
okodara: folds 
Mahu2021: calls $0.56
*** FLOP *** [5h 8h Js]
Mahu2021: bets $5.17 and is all-in
Ritter00: calls $4.53 and is all-in
Uncalled bet ($0.64) returned to Mahu2021
*** TURN *** [5h 8h Js] [Kd]
*** RIVER *** [5h 8h Js Kd] [6d]
*** SHOW DOWN ***
Mahu2021: shows [Ah 4h] (high card Ace)
Ritter00: shows [Th Qh] (high card King)
Mahu2021 cashed out the hand for $7.16 | Cash Out Fee $0.15
*** SUMMARY ***
Total pot $10.81 | Rake $0.49 
Board [5h 8h Js Kd 6d]
Seat 1: rlawnsdud (button) folded before Flop (didn't bet)
Seat 2: marcioadrs (small blind) folded before Flop
Seat 3: okodara (big blind) folded before Flop
Seat 4: Mahu2021 showed [Ah 4h] and won ($10.32) with high card Ace (pot not awarded as player cashed out)
Seat 5: JonKing75 folded before Flop (didn't bet)
Seat 6: Ritter00 showed [Th Qh] and lost with high card King



PokerStars Zoom Hand #255093449722:  Hold'em No Limit ($0.05/$0.10) - 2025/03/01 21:17:11 CET [2025/03/01 15:17:11 ET]
Table 'Aludra' 6-max Seat #1 is the button
Seat 1: aveitsch ($10 in chips) 
Seat 2: Mahu2021 ($7.80 in chips) 
Seat 3: emo114 ($11.25 in chips) 
Seat 4: philmcweapon ($10.33 in chips) 
Seat 5: pokeripuikko ($23.18 in chips) 
Seat 6: ProjectPokerPro ($10.88 in chips) 
Mahu2021: posts small blind $0.05
emo114: posts big blind $0.10
*** HOLE CARDS ***
Dealt to Mahu2021 [5h 8h]
philmcweapon: folds 
pokeripuikko: raises $0.12 to $0.22
ProjectPokerPro: folds 
aveitsch: folds 
Mahu2021: calls $0.17
emo114: folds 
*** FLOP *** [Ad 7c Qs]
Mahu2021: checks 
pokeripuikko: bets $0.17
Mahu2021: folds 
Uncalled bet ($0.17) returned to pokeripuikko
pokeripuikko collected $0.52 from pot
pokeripuikko: doesn't show hand 
*** SUMMARY ***
Total pot $0.54 | Rake $0.02 
Board [Ad 7c Qs]
Seat 1: aveitsch (button) folded before Flop (didn't bet)
Seat 2: Mahu2021 (small blind) folded on the Flop
Seat 3: emo114 (big blind) folded before Flop
Seat 4: philmcweapon folded before Flop (didn't bet)
Seat 5: pokeripuikko collected ($0.52)
Seat 6: ProjectPokerPro folded before Flop (didn't bet)



PokerStars Zoom Hand #255093436761:  Hold'em No Limit ($0.05/$0.10) - 2025/03/01 21:16:27 CET [2025/03/01 15:16:27 ET]
Table 'Aludra' 6-max Seat #1 is the button
Seat 1: Ritter00 ($5.33 in chips) 
Seat 2: durugica10 ($20.40 in chips) 
Seat 3: Knox2015 ($6.67 in chips) 
Seat 4: Mahu2021 ($5.97 in chips) 
Seat 5: philmcweapon ($10.24 in chips) 
Seat 6: darryn1973 ($10.63 in chips) 
durugica10: posts small blind $0.05
Knox2015: posts big blind $0.10
*** HOLE CARDS ***
Dealt to Mahu2021 [4h Ad]
Mahu2021: folds 
philmcweapon: raises $0.12 to $0.22
darryn1973: folds 
Ritter00: folds 
durugica10: folds 
Knox2015: calls $0.12
*** FLOP *** [Kd 4s 3s]
Knox2015: checks 
philmcweapon: bets $0.16
Knox2015: calls $0.16
*** TURN *** [Kd 4s 3s] [Kh]
Knox2015: checks 
philmcweapon: bets $0.42
Knox2015: calls $0.42
*** RIVER *** [Kd 4s 3s Kh] [Ks]
Knox2015: bets $1.58
philmcweapon: calls $1.58
*** SHOW DOWN ***
Knox2015: shows [Kc Th] (four of a kind, Kings)
philmcweapon: mucks hand 
Knox2015 collected $4.59 from pot
*** SUMMARY ***
Total pot $4.81 | Rake $0.22 
Board [Kd 4s 3s Kh Ks]
Seat 1: Ritter00 (button) folded before Flop (didn't bet)
Seat 2: durugica10 (small blind) folded before Flop
Seat 3: Knox2015 (big blind) showed [Kc Th] and won ($4.59) with four of a kind, Kings
Seat 4: Mahu2021 folded before Flop (didn't bet)
Seat 5: philmcweapon mucked [7s 6s]
Seat 6: darryn1973 folded before Flop (didn't bet)



PokerStars Zoom Hand #255093457202:  Hold'em No Limit ($0.05/$0.10) - 2025/03/01 21:17:36 CET [2025/03/01 15:17:36 ET]
Table 'Aludra' 6-max Seat #1 is the button
Seat 1: rayfur ($9.17 in chips) 
Seat 2: OrdinaryGuy1 ($10.20 in chips) 
Seat 3: Mahu2021 ($7.58 in chips) 
Seat 4: anakondo87 ($12.12 in chips) 
Seat 5: J0hnDee ($9.98 in chips) 
Seat 6: Miracle of 50k ($14.19 in chips) 
OrdinaryGuy1: posts small blind $0.05
Mahu2021: posts big blind $0.10
*** HOLE CARDS ***
Dealt to Mahu2021 [2c 2s]
anakondo87: folds 
J0hnDee: folds 
Miracle of 50k: raises $0.15 to $0.25
rayfur: calls $0.25
OrdinaryGuy1: folds 
Mahu2021: calls $0.15
*** FLOP *** [7c Kh 8d]
Mahu2021: checks 
Miracle of 50k: checks 
rayfur: checks 
*** TURN *** [7c Kh 8d] [9d]
Mahu2021: bets $0.30
Miracle of 50k: calls $0.30
rayfur: calls $0.30
*** RIVER *** [7c Kh 8d 9d] [Jh]
Mahu2021: checks 
Miracle of 50k: bets $0.53
rayfur: calls $0.53
Mahu2021: folds 
*** SHOW DOWN ***
Miracle of 50k: shows [As Th] (a straight, Seven to Jack)
rayfur: shows [Td Ac] (a straight, Seven to Jack)
Miracle of 50k collected $1.32 from pot
rayfur collected $1.32 from pot
*** SUMMARY ***
Total pot $2.76 | Rake $0.12 
Board [7c Kh 8d 9d Jh]
Seat 1: rayfur (button) showed [Td Ac] and won ($1.32) with a straight, Seven to Jack
Seat 2: OrdinaryGuy1 (small blind) folded before Flop
Seat 3: Mahu2021 (big blind) folded on the River
Seat 4: anakondo87 folded before Flop (didn't bet)
Seat 5: J0hnDee folded before Flop (didn't bet)
Seat 6: Miracle of 50k showed [As Th] and won ($1.32) with a straight, Seven to Jack



PokerStars Zoom Hand #255093470523:  Hold'em No Limit ($0.05/$0.10) - 2025/03/01 21:18:21 CET [2025/03/01 15:18:21 ET]
Table 'Aludra' 6-max Seat #1 is the button
Seat 1: philmcweapon ($18.68 in chips) 
Seat 2: pokeripuikko ($15.80 in chips) 
Seat 3: Jughead UK ($9.75 in chips) 
Seat 4: Menippos ($10.24 in chips) 
Seat 5: Mahu2021 ($7.03 in chips) 
Seat 6: Looseandfun ($9.91 in chips) 
pokeripuikko: posts small blind $0.05
Jughead UK: posts big blind $0.10
*** HOLE CARDS ***
Dealt to Mahu2021 [4s 6h]
Menippos: folds 
Mahu2021: folds 
Looseandfun: folds 
philmcweapon: folds 
pokeripuikko: folds 
Uncalled bet ($0.05) returned to Jughead UK
Jughead UK collected $0.10 from pot
Jughead UK: doesn't show hand 
*** SUMMARY ***
Total pot $0.10 | Rake $0 
Seat 1: philmcweapon (button) folded before Flop (didn't bet)
Seat 2: pokeripuikko (small blind) folded before Flop
Seat 3: Jughead UK (big blind) collected ($0.10)
Seat 4: Menippos folded before Flop (didn't bet)
Seat 5: Mahu2021 folded before Flop (didn't bet)
Seat 6: Looseandfun folded before Flop (didn't bet)



PokerStars Zoom Hand #255093471912:  Hold'em No Limit ($0.05/$0.10) - 2025/03/01 21:18:26 CET [2025/03/01 15:18:26 ET]
Table 'Aludra' 6-max Seat #1 is the button
Seat 1: Mahu2021 ($7.03 in chips) 
Seat 2: pokeripuikko ($32.70 in chips) 
Seat 3: Rodesp6893 ($19.59 in chips) 
Seat 4: philmcweapon ($18.68 in chips) 
Seat 5: BigfootWwa ($10.15 in chips) 
Seat 6: JonKing75 ($43.47 in chips) 
pokeripuikko: posts small blind $0.05
Rodesp6893: posts big blind $0.10
*** HOLE CARDS ***
Dealt to Mahu2021 [As Ks]
philmcweapon: folds 
BigfootWwa: folds 
JonKing75: folds 
Mahu2021: raises $0.20 to $0.30
pokeripuikko: folds 
Rodesp6893: folds 
Uncalled bet ($0.20) returned to Mahu2021
Mahu2021 collected $0.25 from pot
Mahu2021: doesn't show hand 
*** SUMMARY ***
Total pot $0.25 | Rake $0 
Seat 1: Mahu2021 (button) collected ($0.25)
Seat 2: pokeripuikko (small blind) folded before Flop
Seat 3: Rodesp6893 (big blind) folded before Flop
Seat 4: philmcweapon folded before Flop (didn't bet)
Seat 5: BigfootWwa folded before Flop (didn't bet)
Seat 6: JonKing75 folded before Flop (didn't bet)



PokerStars Zoom Hand #255093477503:  Hold'em No Limit ($0.05/$0.10) - 2025/03/01 21:18:45 CET [2025/03/01 15:18:45 ET]
Table 'Aludra' 6-max Seat #1 is the button
Seat 1: dh7889 ($10.05 in chips) 
Seat 2: Mahu2021 ($7.18 in chips) 
Seat 3: T-Kuchi ($15.26 in chips) 
Seat 4: WRG198623 ($19.53 in chips) 
Seat 5: Miracle of 50k ($14.18 in chips) 
Seat 6: pokeripuikko ($32.55 in chips) 
Mahu2021: posts small blind $0.05
T-Kuchi: posts big blind $0.10
*** HOLE CARDS ***
Dealt to Mahu2021 [Kh 7c]
WRG198623: folds 
Miracle of 50k: folds 
pokeripuikko: folds 
dh7889: raises $0.15 to $0.25
Mahu2021: folds 
T-Kuchi: folds 
Uncalled bet ($0.15) returned to dh7889
dh7889 collected $0.25 from pot
dh7889: doesn't show hand 
*** SUMMARY ***
Total pot $0.25 | Rake $0 
Seat 1: dh7889 (button) collected ($0.25)
Seat 2: Mahu2021 (small blind) folded before Flop
Seat 3: T-Kuchi (big blind) folded before Flop
Seat 4: WRG198623 folded before Flop (didn't bet)
Seat 5: Miracle of 50k folded before Flop (didn't bet)
Seat 6: pokeripuikko folded before Flop (didn't bet)



PokerStars Zoom Hand #255093476361:  Hold'em No Limit ($0.05/$0.10) - 2025/03/01 21:18:41 CET [2025/03/01 15:18:41 ET]
Table 'Aludra' 6-max Seat #1 is the button
Seat 1: ProjectPokerPro ($18.48 in chips) 
Seat 2: DIAMOND_0920 ($10 in chips) 
Seat 3: Fpithers ($11.14 in chips) 
Seat 4: Mahu2021 ($7.18 in chips) 
Seat 5: pokeripuikko ($32.55 in chips) 
Seat 6: wilson91169 ($15.96 in chips) 
DIAMOND_0920: posts small blind $0.05
Fpithers: posts big blind $0.10
*** HOLE CARDS ***
Dealt to Mahu2021 [5c 3h]
Mahu2021: folds 
pokeripuikko: folds 
wilson91169: folds 
ProjectPokerPro: folds 
DIAMOND_0920: raises $0.20 to $0.30
Fpithers: folds 
Uncalled bet ($0.20) returned to DIAMOND_0920
DIAMOND_0920 collected $0.20 from pot
DIAMOND_0920: doesn't show hand 
*** SUMMARY ***
Total pot $0.20 | Rake $0 
Seat 1: ProjectPokerPro (button) folded before Flop (didn't bet)
Seat 2: DIAMOND_0920 (small blind) collected ($0.20)
Seat 3: Fpithers (big blind) folded before Flop
Seat 4: Mahu2021 folded before Flop (didn't bet)
Seat 5: pokeripuikko folded before Flop (didn't bet)
Seat 6: wilson91169 folded before Flop (didn't bet)



PokerStars Zoom Hand #255093478732:  Hold'em No Limit ($0.05/$0.10) - 2025/03/01 21:18:49 CET [2025/03/01 15:18:49 ET]
Table 'Aludra' 6-max Seat #1 is the button
Seat 1: ocef1968 ($10.21 in chips) 
Seat 2: welshman19 ($16.52 in chips) 
Seat 3: SkyBoy23 ($10.18 in chips) 
Seat 4: Rodesp6893 ($19.49 in chips) 
Seat 5: MarkRegen ($10.66 in chips) 
Seat 6: Mahu2021 ($7.13 in chips) 
welshman19: posts small blind $0.05
SkyBoy23: posts big blind $0.10
*** HOLE CARDS ***
Dealt to Mahu2021 [8s 9c]
Rodesp6893: folds 
MarkRegen: folds 
Mahu2021: folds 
ocef1968: folds 
welshman19: raises $0.15 to $0.25
SkyBoy23: calls $0.15
*** FLOP *** [2s 4d 4h]
welshman19: checks 
SkyBoy23: checks 
*** TURN *** [2s 4d 4h] [4c]
welshman19: checks 
SkyBoy23: bets $0.38
welshman19: calls $0.38
*** RIVER *** [2s 4d 4h 4c] [9d]
welshman19: checks 
SkyBoy23: checks 
*** SHOW DOWN ***
welshman19: shows [Qs 9h] (a full house, Fours full of Nines)
SkyBoy23: mucks hand 
welshman19 collected $1.20 from pot
*** SUMMARY ***
Total pot $1.26 | Rake $0.06 
Board [2s 4d 4h 4c 9d]
Seat 1: ocef1968 (button) folded before Flop (didn't bet)
Seat 2: welshman19 (small blind) showed [Qs 9h] and won ($1.20) with a full house, Fours full of Nines
Seat 3: SkyBoy23 (big blind) mucked [As 6c]
Seat 4: Rodesp6893 folded before Flop (didn't bet)
Seat 5: MarkRegen folded before Flop (didn't bet)
Seat 6: Mahu2021 folded before Flop (didn't bet)



PokerStars Zoom Hand #255093479771:  Hold'em No Limit ($0.05/$0.10) - 2025/03/01 21:18:52 CET [2025/03/01 15:18:52 ET]
Table 'Aludra' 6-max Seat #1 is the button
Seat 1: pokersenis ($20.23 in chips) 
Seat 2: Jajje7 ($10 in chips) 
Seat 3: Mahu2021 ($7.13 in chips) 
Seat 4: Knox2015 ($8.98 in chips) 
Seat 5: pokeripuikko ($15.50 in chips) 
Seat 6: Crixis90 ($15.31 in chips) 
Jajje7: posts small blind $0.05
Mahu2021: posts big blind $0.10
*** HOLE CARDS ***
Dealt to Mahu2021 [5s 6c]
Knox2015: folds 
pokeripuikko: folds 
Crixis90: folds 
pokersenis: folds 
Jajje7: raises $0.20 to $0.30
Mahu2021: calls $0.20
*** FLOP *** [6d 8c 4h]
Jajje7: checks 
Mahu2021: bets $1
Jajje7: folds 
Uncalled bet ($1) returned to Mahu2021
Mahu2021 collected $0.57 from pot
Mahu2021: doesn't show hand 
*** SUMMARY ***
Total pot $0.60 | Rake $0.03 
Board [6d 8c 4h]
Seat 1: pokersenis (button) folded before Flop (didn't bet)
Seat 2: Jajje7 (small blind) folded on the Flop
Seat 3: Mahu2021 (big blind) collected ($0.57)
Seat 4: Knox2015 folded before Flop (didn't bet)
Seat 5: pokeripuikko folded before Flop (didn't bet)
Seat 6: Crixis90 folded before Flop (didn't bet)



PokerStars Zoom Hand #255093495684:  Hold'em No Limit ($0.05/$0.10) - 2025/03/01 21:19:47 CET [2025/03/01 15:19:47 ET]
Table 'Aludra' 6-max Seat #1 is the button
Seat 1: Fpithers ($10.35 in chips) 
Seat 2: LuchoJacobo8 ($12.69 in chips) 
Seat 3: kong121291 ($5.46 in chips) 
Seat 4: pokeripuikko ($15.35 in chips) 
Seat 5: Mahu2021 ($7.40 in chips) 
Seat 6: TilTheEnd982 ($28.37 in chips) 
LuchoJacobo8: posts small blind $0.05
kong121291: posts big blind $0.10
*** HOLE CARDS ***
Dealt to Mahu2021 [Qs 6s]
pokeripuikko: folds 
Mahu2021: folds 
TilTheEnd982: folds 
Fpithers: raises $0.15 to $0.25
LuchoJacobo8: folds 
kong121291: folds 
Uncalled bet ($0.15) returned to Fpithers
Fpithers collected $0.25 from pot
Fpithers: doesn't show hand 
*** SUMMARY ***
Total pot $0.25 | Rake $0 
Seat 1: Fpithers (button) collected ($0.25)
Seat 2: LuchoJacobo8 (small blind) folded before Flop
Seat 3: kong121291 (big blind) folded before Flop
Seat 4: pokeripuikko folded before Flop (didn't bet)
Seat 5: Mahu2021 folded before Flop (didn't bet)
Seat 6: TilTheEnd982 folded before Flop (didn't bet)



PokerStars Zoom Hand #255093499150:  Hold'em No Limit ($0.05/$0.10) - 2025/03/01 21:19:59 CET [2025/03/01 15:19:59 ET]
Table 'Aludra' 6-max Seat #1 is the button
Seat 1: sur_d_yan ($10.47 in chips) 
Seat 2: OrdinaryGuy1 ($10 in chips) 
Seat 3: gio!!!160490 ($10 in chips) 
Seat 4: Mahu2021 ($7.40 in chips) 
Seat 5: ukouta ($17.35 in chips) 
Seat 6: Last70 ($10.89 in chips) 
OrdinaryGuy1: posts small blind $0.05
gio!!!160490: posts big blind $0.10
*** HOLE CARDS ***
Dealt to Mahu2021 [Ad 2h]
Mahu2021: folds 
ukouta: folds 
Last70: folds 
sur_d_yan: folds 
OrdinaryGuy1: folds 
Uncalled bet ($0.05) returned to gio!!!160490
gio!!!160490 collected $0.10 from pot
gio!!!160490: doesn't show hand 
*** SUMMARY ***
Total pot $0.10 | Rake $0 
Seat 1: sur_d_yan (button) folded before Flop (didn't bet)
Seat 2: OrdinaryGuy1 (small blind) folded before Flop
Seat 3: gio!!!160490 (big blind) collected ($0.10)
Seat 4: Mahu2021 folded before Flop (didn't bet)
Seat 5: ukouta folded before Flop (didn't bet)
Seat 6: Last70 folded before Flop (didn't bet)



PokerStars Zoom Hand #255093500781:  Hold'em No Limit ($0.05/$0.10) - 2025/03/01 21:20:05 CET [2025/03/01 15:20:05 ET]
Table 'Aludra' 6-max Seat #1 is the button
Seat 1: kong121291 ($5.31 in chips) 
Seat 2: Mahu2021 ($7.40 in chips) 
Seat 3: fargofargo ($12.66 in chips) 
Seat 4: wilson91169 ($15.34 in chips) 
Seat 5: Die8 ($10 in chips) 
Seat 6: philmcweapon ($10 in chips) 
Mahu2021: posts small blind $0.05
fargofargo: posts big blind $0.10
*** HOLE CARDS ***
Dealt to Mahu2021 [Kh 2d]
wilson91169: folds 
Die8: folds 
philmcweapon: folds 
kong121291: calls $0.10
Mahu2021: folds 
fargofargo: checks 
*** FLOP *** [6d 5d 5s]
fargofargo: checks 
kong121291: bets $0.10
fargofargo: folds 
Uncalled bet ($0.10) returned to kong121291
kong121291 collected $0.24 from pot
kong121291: doesn't show hand 
*** SUMMARY ***
Total pot $0.25 | Rake $0.01 
Board [6d 5d 5s]
Seat 1: kong121291 (button) collected ($0.24)
Seat 2: Mahu2021 (small blind) folded before Flop
Seat 3: fargofargo (big blind) folded on the Flop
Seat 4: wilson91169 folded before Flop (didn't bet)
Seat 5: Die8 folded before Flop (didn't bet)
Seat 6: philmcweapon folded before Flop (didn't bet)



PokerStars Zoom Hand #255093497771:  Hold'em No Limit ($0.05/$0.10) - 2025/03/01 21:19:54 CET [2025/03/01 15:19:54 ET]
Table 'Aludra' 6-max Seat #1 is the button
Seat 1: Mahu2021 ($7.40 in chips) 
Seat 2: JonKing75 ($10 in chips) 
Seat 3: xShorty7x ($5.27 in chips) 
Seat 4: emo114 ($11.62 in chips) 
Seat 5: Rezzotto0208 ($21.37 in chips) 
Seat 6: Tangros ($18.98 in chips) 
JonKing75: posts small blind $0.05
xShorty7x: posts big blind $0.10
*** HOLE CARDS ***
Dealt to Mahu2021 [5d 4c]
emo114: raises $0.25 to $0.35
Rezzotto0208: folds 
Tangros: folds 
Mahu2021: folds 
JonKing75: folds 
xShorty7x: calls $0.25
*** FLOP *** [2s 2h 3s]
xShorty7x: checks 
emo114: bets $0.50
xShorty7x: folds 
Uncalled bet ($0.50) returned to emo114
emo114 collected $0.72 from pot
emo114: doesn't show hand 
*** SUMMARY ***
Total pot $0.75 | Rake $0.03 
Board [2s 2h 3s]
Seat 1: Mahu2021 (button) folded before Flop (didn't bet)
Seat 2: JonKing75 (small blind) folded before Flop
Seat 3: xShorty7x (big blind) folded on the Flop
Seat 4: emo114 collected ($0.72)
Seat 5: Rezzotto0208 folded before Flop (didn't bet)
Seat 6: Tangros folded before Flop (didn't bet)



PokerStars Zoom Hand #255093502070:  Hold'em No Limit ($0.05/$0.10) - 2025/03/01 21:20:09 CET [2025/03/01 15:20:09 ET]
Table 'Aludra' 6-max Seat #1 is the button
Seat 1: Last70 ($10.84 in chips) 
Seat 2: SkyBoy23 ($32.53 in chips) 
Seat 3: Mahu2021 ($7.35 in chips) 
Seat 4: ALEKC6 ($10.36 in chips) 
Seat 5: okodara ($14.79 in chips) 
Seat 6: Io Beto 2020 ($34.31 in chips) 
SkyBoy23: posts small blind $0.05
Mahu2021: posts big blind $0.10
*** HOLE CARDS ***
Dealt to Mahu2021 [8s 2c]
ALEKC6: raises $0.13 to $0.23
okodara: folds 
Io Beto 2020: raises $0.61 to $0.84
Last70: folds 
SkyBoy23: folds 
Mahu2021: folds 
ALEKC6: folds 
Uncalled bet ($0.61) returned to Io Beto 2020
Io Beto 2020 collected $0.61 from pot
Io Beto 2020: doesn't show hand 
*** SUMMARY ***
Total pot $0.61 | Rake $0 
Seat 1: Last70 (button) folded before Flop (didn't bet)
Seat 2: SkyBoy23 (small blind) folded before Flop
Seat 3: Mahu2021 (big blind) folded before Flop
Seat 4: ALEKC6 folded before Flop
Seat 5: okodara folded before Flop (didn't bet)
Seat 6: Io Beto 2020 collected ($0.61)



PokerStars Zoom Hand #255093496824:  Hold'em No Limit ($0.05/$0.10) - 2025/03/01 21:19:51 CET [2025/03/01 15:19:51 ET]
Table 'Aludra' 6-max Seat #1 is the button
Seat 1: ALEKC6 ($10 in chips) 
Seat 2: SwishTiroCerto ($5.95 in chips) 
Seat 3: Jajje7 ($10 in chips) 
Seat 4: arinpiii93 ($9.19 in chips) 
Seat 5: Mahu2021 ($7.40 in chips) 
Seat 6: JonKing75 ($38.82 in chips) 
SwishTiroCerto: posts small blind $0.05
Jajje7: posts big blind $0.10
*** HOLE CARDS ***
Dealt to Mahu2021 [5c 8d]
arinpiii93: calls $0.10
Mahu2021: folds 
JonKing75: folds 
ALEKC6: folds 
SwishTiroCerto: folds 
Jajje7: checks 
*** FLOP *** [Ad 6d 7c]
Jajje7: checks 
arinpiii93: checks 
*** TURN *** [Ad 6d 7c] [3h]
Jajje7: checks 
arinpiii93: checks 
*** RIVER *** [Ad 6d 7c 3h] [Tc]
Jajje7: checks 
arinpiii93: checks 
*** SHOW DOWN ***
Jajje7: shows [5s 2c] (high card Ace)
arinpiii93: shows [Js Qd] (high card Ace - Queen kicker)
arinpiii93 collected $0.24 from pot
*** SUMMARY ***
Total pot $0.25 | Rake $0.01 
Board [Ad 6d 7c 3h Tc]
Seat 1: ALEKC6 (button) folded before Flop (didn't bet)
Seat 2: SwishTiroCerto (small blind) folded before Flop
Seat 3: Jajje7 (big blind) showed [5s 2c] and lost with high card Ace
Seat 4: arinpiii93 showed [Js Qd] and won ($0.24) with high card Ace
Seat 5: Mahu2021 folded before Flop (didn't bet)
Seat 6: JonKing75 folded before Flop (didn't bet)



PokerStars Zoom Hand #255093505854:  Hold'em No Limit ($0.05/$0.10) - 2025/03/01 21:20:22 CET [2025/03/01 15:20:22 ET]
Table 'Aludra' 6-max Seat #1 is the button
Seat 1: cha31 ($15.32 in chips) 
Seat 2: Kklamanos ($11.15 in chips) 
Seat 3: philmcweapon ($10 in chips) 
Seat 4: rlawnsdud ($10 in chips) 
Seat 5: Miracle of 50k ($13.61 in chips) 
Seat 6: Mahu2021 ($7.25 in chips) 
Kklamanos: posts small blind $0.05
philmcweapon: posts big blind $0.10
*** HOLE CARDS ***
Dealt to Mahu2021 [Ts 4d]
rlawnsdud: folds 
Miracle of 50k: folds 
Mahu2021: folds 
cha31: raises $0.20 to $0.30
Kklamanos: folds 
philmcweapon: calls $0.20
*** FLOP *** [Ks 7s 7h]
philmcweapon: checks 
cha31: checks 
*** TURN *** [Ks 7s 7h] [3s]
philmcweapon: bets $0.20
cha31: folds 
Uncalled bet ($0.20) returned to philmcweapon
philmcweapon collected $0.62 from pot
philmcweapon: doesn't show hand 
*** SUMMARY ***
Total pot $0.65 | Rake $0.03 
Board [Ks 7s 7h 3s]
Seat 1: cha31 (button) folded on the Turn
Seat 2: Kklamanos (small blind) folded before Flop
Seat 3: philmcweapon (big blind) collected ($0.62)
Seat 4: rlawnsdud folded before Flop (didn't bet)
Seat 5: Miracle of 50k folded before Flop (didn't bet)
Seat 6: Mahu2021 folded before Flop (didn't bet)



PokerStars Zoom Hand #255093504356:  Hold'em No Limit ($0.05/$0.10) - 2025/03/01 21:20:17 CET [2025/03/01 15:20:17 ET]
Table 'Aludra' 6-max Seat #1 is the button
Seat 1: Mahu2021 ($7.25 in chips) 
Seat 2: T-Kuchi ($14.81 in chips) 
Seat 3: SkyBoy23 ($32.48 in chips) 
Seat 4: Hopewar ($11.04 in chips) 
Seat 5: Zutuzutu_90 ($11.54 in chips) 
Seat 6: NoSoupForAll ($21.35 in chips) 
T-Kuchi: posts small blind $0.05
SkyBoy23: posts big blind $0.10
*** HOLE CARDS ***
Dealt to Mahu2021 [Qc 4h]
Hopewar: folds 
Zutuzutu_90: raises $0.15 to $0.25
NoSoupForAll: folds 
Mahu2021: folds 
T-Kuchi: calls $0.20
SkyBoy23: folds 
*** FLOP *** [7h Jd Ks]
T-Kuchi: checks 
Zutuzutu_90: bets $0.38
T-Kuchi: folds 
Uncalled bet ($0.38) returned to Zutuzutu_90
Zutuzutu_90 collected $0.56 from pot
Zutuzutu_90: doesn't show hand 
*** SUMMARY ***
Total pot $0.60 | Rake $0.04 
Board [7h Jd Ks]
Seat 1: Mahu2021 (button) folded before Flop (didn't bet)
Seat 2: T-Kuchi (small blind) folded on the Flop
Seat 3: SkyBoy23 (big blind) folded before Flop
Seat 4: Hopewar folded before Flop (didn't bet)
Seat 5: Zutuzutu_90 collected ($0.56)
Seat 6: NoSoupForAll folded before Flop (didn't bet)



PokerStars Zoom Hand #255093515100:  Hold'em No Limit ($0.05/$0.10) - 2025/03/01 21:20:54 CET [2025/03/01 15:20:54 ET]
Table 'Aludra' 6-max Seat #1 is the button
Seat 1: Crixis90 ($17.42 in chips) 
Seat 2: Die8 ($10 in chips) 
Seat 3: aveitsch ($18.35 in chips) 
Seat 4: JonKing75 ($10 in chips) 
Seat 5: Mahu2021 ($7.01 in chips) 
Seat 6: fargofargo ($13.37 in chips) 
Die8: posts small blind $0.05
aveitsch: posts big blind $0.10
*** HOLE CARDS ***
Dealt to Mahu2021 [2c 2d]
JonKing75: folds 
Mahu2021: raises $0.14 to $0.24
fargofargo: calls $0.24
Crixis90: calls $0.24
Die8: folds 
aveitsch: raises $1.46 to $1.70
Mahu2021: folds 
fargofargo: folds 
Crixis90: folds 
Uncalled bet ($1.46) returned to aveitsch
aveitsch collected $1.01 from pot
aveitsch: doesn't show hand 
*** SUMMARY ***
Total pot $1.01 | Rake $0 
Seat 1: Crixis90 (button) folded before Flop
Seat 2: Die8 (small blind) folded before Flop
Seat 3: aveitsch (big blind) collected ($1.01)
Seat 4: JonKing75 folded before Flop (didn't bet)
Seat 5: Mahu2021 folded before Flop
Seat 6: fargofargo folded before Flop



PokerStars Zoom Hand #255093506811:  Hold'em No Limit ($0.05/$0.10) - 2025/03/01 21:20:25 CET [2025/03/01 15:20:25 ET]
Table 'Aludra' 6-max Seat #1 is the button
Seat 1: Anesme1 ($10.13 in chips) 
Seat 2: emo114 ($14.80 in chips) 
Seat 3: polina70 ($5 in chips) 
Seat 4: Mahu2021 ($7.25 in chips) 
Seat 5: RrOoMmAaNn1978 ($7.02 in chips) 
Seat 6: dh7889 ($10.43 in chips) 
emo114: posts small blind $0.05
polina70: posts big blind $0.10
*** HOLE CARDS ***
Dealt to Mahu2021 [Ts 9d]
Mahu2021: raises $0.14 to $0.24
RrOoMmAaNn1978: calls $0.24
dh7889: calls $0.24
Anesme1: folds 
emo114: folds 
polina70: calls $0.14
*** FLOP *** [Ah 4s 3h]
polina70: checks 
Mahu2021: checks 
RrOoMmAaNn1978: bets $0.48
dh7889: folds 
polina70: calls $0.48
Mahu2021: folds 
*** TURN *** [Ah 4s 3h] [Td]
polina70: checks 
RrOoMmAaNn1978: checks 
*** RIVER *** [Ah 4s 3h Td] [4c]
polina70: checks 
RrOoMmAaNn1978: bets $0.94
polina70: folds 
Uncalled bet ($0.94) returned to RrOoMmAaNn1978
RrOoMmAaNn1978 collected $1.88 from pot
RrOoMmAaNn1978: doesn't show hand 
*** SUMMARY ***
Total pot $1.97 | Rake $0.09 
Board [Ah 4s 3h Td 4c]
Seat 1: Anesme1 (button) folded before Flop (didn't bet)
Seat 2: emo114 (small blind) folded before Flop
Seat 3: polina70 (big blind) folded on the River
Seat 4: Mahu2021 folded on the Flop
Seat 5: RrOoMmAaNn1978 collected ($1.88)
Seat 6: dh7889 folded on the Flop



PokerStars Zoom Hand #255093521697:  Hold'em No Limit ($0.05/$0.10) - 2025/03/01 21:21:17 CET [2025/03/01 15:21:17 ET]
Table 'Aludra' 6-max Seat #1 is the button
Seat 1: pokeripuikko ($20.90 in chips) 
Seat 2: Kklamanos ($11.19 in chips) 
Seat 3: Tangros ($19.57 in chips) 
Seat 4: wilson91169 ($21.49 in chips) 
Seat 5: sur_d_yan ($10.60 in chips) 
Seat 6: Mahu2021 ($6.72 in chips) 
Kklamanos: posts small blind $0.05
Tangros: posts big blind $0.10
*** HOLE CARDS ***
Dealt to Mahu2021 [Kc 2s]
wilson91169: folds 
sur_d_yan: folds 
Mahu2021: folds 
pokeripuikko: raises $0.15 to $0.25
Kklamanos: folds 
Tangros: folds 
Uncalled bet ($0.15) returned to pokeripuikko
pokeripuikko collected $0.25 from pot
pokeripuikko: doesn't show hand 
*** SUMMARY ***
Total pot $0.25 | Rake $0 
Seat 1: pokeripuikko (button) collected ($0.25)
Seat 2: Kklamanos (small blind) folded before Flop
Seat 3: Tangros (big blind) folded before Flop
Seat 4: wilson91169 folded before Flop (didn't bet)
Seat 5: sur_d_yan folded before Flop (didn't bet)
Seat 6: Mahu2021 folded before Flop (didn't bet)



PokerStars Zoom Hand #255093522786:  Hold'em No Limit ($0.05/$0.10) - 2025/03/01 21:21:20 CET [2025/03/01 15:21:20 ET]
Table 'Aludra' 6-max Seat #1 is the button
Seat 1: Mahu2021 ($6.72 in chips) 
Seat 2: Miracle of 50k ($13.85 in chips) 
Seat 3: Last70 ($10.31 in chips) 
Seat 4: RoWw23 ($13.29 in chips) 
Seat 5: ManuuVidela ($13.62 in chips) 
Seat 6: pokersenis ($16.88 in chips) 
Miracle of 50k: posts small blind $0.05
Last70: posts big blind $0.10
*** HOLE CARDS ***
Dealt to Mahu2021 [7c As]
RoWw23: raises $0.15 to $0.25
ManuuVidela: folds 
pokersenis: folds 
Mahu2021: folds 
Miracle of 50k: folds 
Last70: folds 
Uncalled bet ($0.15) returned to RoWw23
RoWw23 collected $0.25 from pot
RoWw23: doesn't show hand 
*** SUMMARY ***
Total pot $0.25 | Rake $0 
Seat 1: Mahu2021 (button) folded before Flop (didn't bet)
Seat 2: Miracle of 50k (small blind) folded before Flop
Seat 3: Last70 (big blind) folded before Flop
Seat 4: RoWw23 collected ($0.25)
Seat 5: ManuuVidela folded before Flop (didn't bet)
Seat 6: pokersenis folded before Flop (didn't bet)



PokerStars Zoom Hand #255093520759:  Hold'em No Limit ($0.05/$0.10) - 2025/03/01 21:21:13 CET [2025/03/01 15:21:13 ET]
Table 'Aludra' 6-max Seat #1 is the button
Seat 1: sur_d_yan ($10.60 in chips) 
Seat 2: Mahu2021 ($6.77 in chips) 
Seat 3: JonKing75 ($10 in chips) 
Seat 4: AnjinhoTrex ($15.66 in chips) 
Seat 5: Cyborg_0113 ($10.27 in chips) 
Seat 6: Crixis90 ($17.18 in chips) 
Mahu2021: posts small blind $0.05
JonKing75: posts big blind $0.10
*** HOLE CARDS ***
Dealt to Mahu2021 [7s Th]
AnjinhoTrex: folds 
Cyborg_0113: raises $0.12 to $0.22
Crixis90: calls $0.22
sur_d_yan: folds 
Mahu2021: folds 
JonKing75: folds 
*** FLOP *** [Qc 7d 4c]
Cyborg_0113: bets $0.38
Crixis90: folds 
Uncalled bet ($0.38) returned to Cyborg_0113
Cyborg_0113 collected $0.56 from pot
Cyborg_0113: doesn't show hand 
*** SUMMARY ***
Total pot $0.59 | Rake $0.03 
Board [Qc 7d 4c]
Seat 1: sur_d_yan (button) folded before Flop (didn't bet)
Seat 2: Mahu2021 (small blind) folded before Flop
Seat 3: JonKing75 (big blind) folded before Flop
Seat 4: AnjinhoTrex folded before Flop (didn't bet)
Seat 5: Cyborg_0113 collected ($0.56)
Seat 6: Crixis90 folded on the Flop



PokerStars Zoom Hand #255093523961:  Hold'em No Limit ($0.05/$0.10) - 2025/03/01 21:21:24 CET [2025/03/01 15:21:24 ET]
Table 'Aludra' 6-max Seat #1 is the button
Seat 1: Die8 ($10 in chips) 
Seat 2: darryn1973 ($8.15 in chips) 
Seat 3: Mahu2021 ($6.72 in chips) 
Seat 4: Empahehe ($16.82 in chips) 
Seat 5: LuchoJacobo8 ($8.12 in chips) 
Seat 6: pokeripuikko ($33.06 in chips) 
darryn1973: posts small blind $0.05
Mahu2021: posts big blind $0.10
*** HOLE CARDS ***
Dealt to Mahu2021 [Kh 3c]
Empahehe: folds 
LuchoJacobo8: raises $0.15 to $0.25
pokeripuikko: folds 
Die8: folds 
darryn1973: folds 
Mahu2021: folds 
Uncalled bet ($0.15) returned to LuchoJacobo8
LuchoJacobo8 collected $0.25 from pot
LuchoJacobo8: doesn't show hand 
*** SUMMARY ***
Total pot $0.25 | Rake $0 
Seat 1: Die8 (button) folded before Flop (didn't bet)
Seat 2: darryn1973 (small blind) folded before Flop
Seat 3: Mahu2021 (big blind) folded before Flop
Seat 4: Empahehe folded before Flop (didn't bet)
Seat 5: LuchoJacobo8 collected ($0.25)
Seat 6: pokeripuikko folded before Flop (didn't bet)



PokerStars Zoom Hand #255093526098:  Hold'em No Limit ($0.05/$0.10) - 2025/03/01 21:21:31 CET [2025/03/01 15:21:31 ET]
Table 'Aludra' 6-max Seat #1 is the button
Seat 1: anacarlacelso ($10 in chips) 
Seat 2: darryn1973 ($10.29 in chips) 
Seat 3: pokersenis ($16.88 in chips) 
Seat 4: Miracle of 50k ($13.46 in chips) 
Seat 5: Mahu2021 ($6.62 in chips) 
Seat 6: emo114 ($15.05 in chips) 
darryn1973: posts small blind $0.05
pokersenis: posts big blind $0.10
*** HOLE CARDS ***
Dealt to Mahu2021 [7h 2s]
Miracle of 50k: raises $0.15 to $0.25
Mahu2021: folds 
emo114: folds 
anacarlacelso: folds 
darryn1973: folds 
pokersenis: folds 
Uncalled bet ($0.15) returned to Miracle of 50k
Miracle of 50k collected $0.25 from pot
Miracle of 50k: doesn't show hand 
*** SUMMARY ***
Total pot $0.25 | Rake $0 
Seat 1: anacarlacelso (button) folded before Flop (didn't bet)
Seat 2: darryn1973 (small blind) folded before Flop
Seat 3: pokersenis (big blind) folded before Flop
Seat 4: Miracle of 50k collected ($0.25)
Seat 5: Mahu2021 folded before Flop (didn't bet)
Seat 6: emo114 folded before Flop (didn't bet)



PokerStars Zoom Hand #255093528704:  Hold'em No Limit ($0.05/$0.10) - 2025/03/01 21:21:40 CET [2025/03/01 15:21:40 ET]
Table 'Aludra' 6-max Seat #1 is the button
Seat 1: LuchoJacobo8 ($8.27 in chips) 
Seat 2: Mahu2021 ($6.62 in chips) 
Seat 3: go_vandam ($13.57 in chips) 
Seat 4: DiNiceBoy ($22.83 in chips) 
Seat 5: teebeutel16 ($5.31 in chips) 
Seat 6: Chakman1990 ($11.70 in chips) 
Mahu2021: posts small blind $0.05
go_vandam: posts big blind $0.10
*** HOLE CARDS ***
Dealt to Mahu2021 [Ah 7s]
DiNiceBoy: folds 
teebeutel16: folds 
Chakman1990: folds 
LuchoJacobo8: folds 
Mahu2021: raises $0.20 to $0.30
go_vandam: calls $0.20
*** FLOP *** [6c 8d 5c]
Mahu2021: checks 
go_vandam: bets $0.29
Mahu2021: calls $0.29
*** TURN *** [6c 8d 5c] [5s]
Mahu2021: checks 
go_vandam: checks 
*** RIVER *** [6c 8d 5c 5s] [8s]
Mahu2021: bets $1.13
go_vandam: calls $1.13
*** SHOW DOWN ***
Mahu2021: shows [Ah 7s] (two pair, Eights and Fives)
go_vandam: shows [5h 7h] (a full house, Fives full of Eights)
go_vandam collected $3.29 from pot
*** SUMMARY ***
Total pot $3.44 | Rake $0.15 
Board [6c 8d 5c 5s 8s]
Seat 1: LuchoJacobo8 (button) folded before Flop (didn't bet)
Seat 2: Mahu2021 (small blind) showed [Ah 7s] and lost with two pair, Eights and Fives
Seat 3: go_vandam (big blind) showed [5h 7h] and won ($3.29) with a full house, Fives full of Eights
Seat 4: DiNiceBoy folded before Flop (didn't bet)
Seat 5: teebeutel16 folded before Flop (didn't bet)
Seat 6: Chakman1990 folded before Flop (didn't bet)



PokerStars Zoom Hand #255093527239:  Hold'em No Limit ($0.05/$0.10) - 2025/03/01 21:21:35 CET [2025/03/01 15:21:35 ET]
Table 'Aludra' 6-max Seat #1 is the button
Seat 1: AnjinhoTrex ($15.51 in chips) 
Seat 2: emo114 ($22.37 in chips) 
Seat 3: Latte is horse ($11.66 in chips) 
Seat 4: rlawnsdud ($15.02 in chips) 
Seat 5: RA1010 ($10.35 in chips) 
Seat 6: Mahu2021 ($6.62 in chips) 
emo114: posts small blind $0.05
Latte is horse: posts big blind $0.10
*** HOLE CARDS ***
Dealt to Mahu2021 [Th 5h]
rlawnsdud: folds 
RA1010: folds 
Mahu2021: folds 
AnjinhoTrex: raises $0.20 to $0.30
emo114: calls $0.25
Latte is horse: calls $0.20
*** FLOP *** [Ah Kh 4d]
emo114: checks 
Latte is horse: checks 
AnjinhoTrex: bets $0.28
emo114: folds 
Latte is horse: folds 
Uncalled bet ($0.28) returned to AnjinhoTrex
AnjinhoTrex collected $0.86 from pot
AnjinhoTrex: doesn't show hand 
*** SUMMARY ***
Total pot $0.90 | Rake $0.04 
Board [Ah Kh 4d]
Seat 1: AnjinhoTrex (button) collected ($0.86)
Seat 2: emo114 (small blind) folded on the Flop
Seat 3: Latte is horse (big blind) folded on the Flop
Seat 4: rlawnsdud folded before Flop (didn't bet)
Seat 5: RA1010 folded before Flop (didn't bet)
Seat 6: Mahu2021 folded before Flop (didn't bet)



PokerStars Zoom Hand #255093537808:  Hold'em No Limit ($0.05/$0.10) - 2025/03/01 21:22:12 CET [2025/03/01 15:22:12 ET]
Table 'Aludra' 6-max Seat #1 is the button
Seat 1: Jajje7 ($10.05 in chips) 
Seat 2: welshman19 ($16.60 in chips) 
Seat 3: Mahu2021 ($4.90 in chips) 
Seat 4: NutHunt5R ($21.87 in chips) 
Seat 5: Zutuzutu_90 ($11.85 in chips) 
Seat 6: kong121291 ($8.04 in chips) 
welshman19: posts small blind $0.05
Mahu2021: posts big blind $0.10
*** HOLE CARDS ***
Dealt to Mahu2021 [6s 7d]
NutHunt5R: folds 
Zutuzutu_90: raises $0.15 to $0.25
kong121291: folds 
Jajje7: folds 
welshman19: folds 
Mahu2021: calls $0.15
*** FLOP *** [4d Th 8s]
Mahu2021: checks 
Zutuzutu_90: checks 
*** TURN *** [4d Th 8s] [8c]
Mahu2021: checks 
Zutuzutu_90: checks 
*** RIVER *** [4d Th 8s 8c] [Kc]
Mahu2021: checks 
Zutuzutu_90: bets $0.17
Mahu2021: folds 
Uncalled bet ($0.17) returned to Zutuzutu_90
Zutuzutu_90 collected $0.53 from pot
Zutuzutu_90: doesn't show hand 
*** SUMMARY ***
Total pot $0.55 | Rake $0.02 
Board [4d Th 8s 8c Kc]
Seat 1: Jajje7 (button) folded before Flop (didn't bet)
Seat 2: welshman19 (small blind) folded before Flop
Seat 3: Mahu2021 (big blind) folded on the River
Seat 4: NutHunt5R folded before Flop (didn't bet)
Seat 5: Zutuzutu_90 collected ($0.53)
Seat 6: kong121291 folded before Flop (didn't bet)



PokerStars Zoom Hand #255093549626:  Hold'em No Limit ($0.05/$0.10) - 2025/03/01 21:22:52 CET [2025/03/01 15:22:52 ET]
Table 'Aludra' 6-max Seat #1 is the button
Seat 1: Mahu2021 ($4.65 in chips) 
Seat 2: Zutuzutu_90 ($12.13 in chips) 
Seat 3: Hopewar ($11.09 in chips) 
Seat 4: pokeripuikko ($21.35 in chips) 
Seat 5: aveitsch ($20.57 in chips) 
Seat 6: JonKing75 ($42.14 in chips) 
Zutuzutu_90: posts small blind $0.05
Hopewar: posts big blind $0.10
*** HOLE CARDS ***
Dealt to Mahu2021 [Kd 2c]
pokeripuikko: folds 
aveitsch: folds 
JonKing75: folds 
Mahu2021: folds 
Zutuzutu_90: calls $0.05
Hopewar: checks 
*** FLOP *** [5c 4h 3h]
Zutuzutu_90: checks 
Hopewar: checks 
*** TURN *** [5c 4h 3h] [Ah]
Zutuzutu_90: bets $0.10
Hopewar: folds 
Uncalled bet ($0.10) returned to Zutuzutu_90
Zutuzutu_90 collected $0.19 from pot
Zutuzutu_90: doesn't show hand 
*** SUMMARY ***
Total pot $0.20 | Rake $0.01 
Board [5c 4h 3h Ah]
Seat 1: Mahu2021 (button) folded before Flop (didn't bet)
Seat 2: Zutuzutu_90 (small blind) collected ($0.19)
Seat 3: Hopewar (big blind) folded on the Turn
Seat 4: pokeripuikko folded before Flop (didn't bet)
Seat 5: aveitsch folded before Flop (didn't bet)
Seat 6: JonKing75 folded before Flop (didn't bet)



PokerStars Zoom Hand #255093548517:  Hold'em No Limit ($0.05/$0.10) - 2025/03/01 21:22:49 CET [2025/03/01 15:22:49 ET]
Table 'Aludra' 6-max Seat #1 is the button
Seat 1: Anesme1 ($9.33 in chips) 
Seat 2: polina70 ($4.90 in chips) 
Seat 3: reiter1001 ($4.51 in chips) 
Seat 4: Mahu2021 ($4.65 in chips) 
Seat 5: Last70 ($11.14 in chips) 
Seat 6: Zutuzutu_90 ($12.13 in chips) 
polina70: posts small blind $0.05
reiter1001: posts big blind $0.10
*** HOLE CARDS ***
Dealt to Mahu2021 [2h Js]
Mahu2021: folds 
Last70: folds 
Zutuzutu_90: folds 
Anesme1: calls $0.10
polina70: folds 
reiter1001: checks 
*** FLOP *** [Ad 5c 9s]
reiter1001: bets $0.10
Anesme1: raises $0.10 to $0.20
reiter1001: raises $0.30 to $0.50
Anesme1: calls $0.30
*** TURN *** [Ad 5c 9s] [Qc]
reiter1001: bets $1.19
Anesme1: calls $1.19
*** RIVER *** [Ad 5c 9s Qc] [2s]
reiter1001: bets $1.74
Anesme1: calls $1.74
*** SHOW DOWN ***
reiter1001: shows [5h 5s] (three of a kind, Fives)
Anesme1: mucks hand 
reiter1001 collected $6.71 from pot
*** SUMMARY ***
Total pot $7.11 | Rake $0.40 
Board [Ad 5c 9s Qc 2s]
Seat 1: Anesme1 (button) mucked [4c Ac]
Seat 2: polina70 (small blind) folded before Flop
Seat 3: reiter1001 (big blind) showed [5h 5s] and won ($6.71) with three of a kind, Fives
Seat 4: Mahu2021 folded before Flop (didn't bet)
Seat 5: Last70 folded before Flop (didn't bet)
Seat 6: Zutuzutu_90 folded before Flop (didn't bet)



PokerStars Zoom Hand #255093550904:  Hold'em No Limit ($0.05/$0.10) - 2025/03/01 21:22:57 CET [2025/03/01 15:22:57 ET]
Table 'Aludra' 6-max Seat #1 is the button
Seat 1: polina70 ($4.85 in chips) 
Seat 2: acedebase ($7.30 in chips) 
Seat 3: Last70 ($19.77 in chips) 
Seat 4: go_vandam ($15.70 in chips) 
Seat 5: Mahu2021 ($4.65 in chips) 
Seat 6: Jajje7 ($10.42 in chips) 
acedebase: posts small blind $0.05
Last70: posts big blind $0.10
*** HOLE CARDS ***
Dealt to Mahu2021 [Jh Kd]
go_vandam: folds 
Mahu2021: raises $0.14 to $0.24
Jajje7: folds 
polina70: folds 
acedebase: calls $0.19
Last70: calls $0.14
*** FLOP *** [5s Ac 2s]
acedebase: checks 
Last70: checks 
Mahu2021: bets $0.69
acedebase: folds 
Last70: folds 
Uncalled bet ($0.69) returned to Mahu2021
Mahu2021 collected $0.69 from pot
Mahu2021: doesn't show hand 
*** SUMMARY ***
Total pot $0.72 | Rake $0.03 
Board [5s Ac 2s]
Seat 1: polina70 (button) folded before Flop (didn't bet)
Seat 2: acedebase (small blind) folded on the Flop
Seat 3: Last70 (big blind) folded on the Flop
Seat 4: go_vandam folded before Flop (didn't bet)
Seat 5: Mahu2021 collected ($0.69)
Seat 6: Jajje7 folded before Flop (didn't bet)



PokerStars Zoom Hand #255093562242:  Hold'em No Limit ($0.05/$0.10) - 2025/03/01 21:23:36 CET [2025/03/01 15:23:36 ET]
Table 'Aludra' 6-max Seat #1 is the button
Seat 1: Rodesp6893 ($19.97 in chips) 
Seat 2: Mahu2021 ($5.10 in chips) 
Seat 3: wilson91169 ($15.48 in chips) 
Seat 4: sur_d_yan ($10.57 in chips) 
Seat 5: Last70 ($10 in chips) 
Seat 6: rlawnsdud ($10.15 in chips) 
Mahu2021: posts small blind $0.05
wilson91169: posts big blind $0.10
*** HOLE CARDS ***
Dealt to Mahu2021 [2s Ac]
sur_d_yan: raises $0.20 to $0.30
Last70: folds 
rlawnsdud: folds 
Rodesp6893: folds 
Mahu2021: folds 
wilson91169: folds 
Uncalled bet ($0.20) returned to sur_d_yan
sur_d_yan collected $0.25 from pot
sur_d_yan: doesn't show hand 
*** SUMMARY ***
Total pot $0.25 | Rake $0 
Seat 1: Rodesp6893 (button) folded before Flop (didn't bet)
Seat 2: Mahu2021 (small blind) folded before Flop
Seat 3: wilson91169 (big blind) folded before Flop
Seat 4: sur_d_yan collected ($0.25)
Seat 5: Last70 folded before Flop (didn't bet)
Seat 6: rlawnsdud folded before Flop (didn't bet)



PokerStars Zoom Hand #255093563928:  Hold'em No Limit ($0.05/$0.10) - 2025/03/01 21:23:42 CET [2025/03/01 15:23:42 ET]
Table 'Aludra' 6-max Seat #1 is the button
Seat 1: Rezzotto0208 ($20.98 in chips) 
Seat 2: Miracle of 50k ($13.98 in chips) 
Seat 3: Mahu2021 ($5.05 in chips) 
Seat 4: AnjinhoTrex ($15.87 in chips) 
Seat 5: Jajje7 ($15.51 in chips) 
Seat 6: NoSoupForAll ($21.27 in chips) 
Miracle of 50k: posts small blind $0.05
Mahu2021: posts big blind $0.10
*** HOLE CARDS ***
Dealt to Mahu2021 [Tc 4d]
AnjinhoTrex: folds 
Jajje7: folds 
NoSoupForAll: folds 
Rezzotto0208: raises $0.20 to $0.30
Miracle of 50k: folds 
Mahu2021: folds 
Uncalled bet ($0.20) returned to Rezzotto0208
Rezzotto0208 collected $0.25 from pot
Rezzotto0208: doesn't show hand 
*** SUMMARY ***
Total pot $0.25 | Rake $0 
Seat 1: Rezzotto0208 (button) collected ($0.25)
Seat 2: Miracle of 50k (small blind) folded before Flop
Seat 3: Mahu2021 (big blind) folded before Flop
Seat 4: AnjinhoTrex folded before Flop (didn't bet)
Seat 5: Jajje7 folded before Flop (didn't bet)
Seat 6: NoSoupForAll folded before Flop (didn't bet)



PokerStars Zoom Hand #255093568875:  Hold'em No Limit ($0.05/$0.10) - 2025/03/01 21:23:59 CET [2025/03/01 15:23:59 ET]
Table 'Aludra' 6-max Seat #1 is the button
Seat 1: Mahu2021 ($4.95 in chips) 
Seat 2: rlawnsdud ($13.46 in chips) 
Seat 3: LuchoJacobo8 ($12.18 in chips) 
Seat 4: pokeripuikko ($21.50 in chips) 
Seat 5: go_vandam ($12.11 in chips) 
Seat 6: Miracle of 50k ($13.09 in chips) 
rlawnsdud: posts small blind $0.05
LuchoJacobo8: posts big blind $0.10
*** HOLE CARDS ***
Dealt to Mahu2021 [Jd Jc]
pokeripuikko: folds 
go_vandam: folds 
Miracle of 50k: folds 
Mahu2021: raises $0.20 to $0.30
rlawnsdud: folds 
LuchoJacobo8: folds 
Uncalled bet ($0.20) returned to Mahu2021
Mahu2021 collected $0.25 from pot
Mahu2021: doesn't show hand 
*** SUMMARY ***
Total pot $0.25 | Rake $0 
Seat 1: Mahu2021 (button) collected ($0.25)
Seat 2: rlawnsdud (small blind) folded before Flop
Seat 3: LuchoJacobo8 (big blind) folded before Flop
Seat 4: pokeripuikko folded before Flop (didn't bet)
Seat 5: go_vandam folded before Flop (didn't bet)
Seat 6: Miracle of 50k folded before Flop (didn't bet)



PokerStars Zoom Hand #255093561078:  Hold'em No Limit ($0.05/$0.10) - 2025/03/01 21:23:32 CET [2025/03/01 15:23:32 ET]
Table 'Aludra' 6-max Seat #1 is the button
Seat 1: Anesme1 ($5.75 in chips) 
Seat 2: pokeripuikko ($21.40 in chips) 
Seat 3: arinpiii93 ($9.35 in chips) 
Seat 4: Mahu2021 ($5.10 in chips) 
Seat 5: DIAMOND_0920 ($10 in chips) 
Seat 6: durugica10 ($10 in chips) 
pokeripuikko: posts small blind $0.05
arinpiii93: posts big blind $0.10
*** HOLE CARDS ***
Dealt to Mahu2021 [2d 8s]
Mahu2021: folds 
DIAMOND_0920: raises $0.10 to $0.20
durugica10: folds 
Anesme1: calls $0.20
pokeripuikko: folds 
arinpiii93: calls $0.10
*** FLOP *** [Ks Qs 2h]
arinpiii93: checks 
DIAMOND_0920: checks 
Anesme1: checks 
*** TURN *** [Ks Qs 2h] [7s]
arinpiii93: checks 
DIAMOND_0920: checks 
Anesme1: bets $0.20
arinpiii93: folds 
DIAMOND_0920: folds 
Uncalled bet ($0.20) returned to Anesme1
Anesme1 collected $0.62 from pot
Anesme1: doesn't show hand 
*** SUMMARY ***
Total pot $0.65 | Rake $0.03 
Board [Ks Qs 2h 7s]
Seat 1: Anesme1 (button) collected ($0.62)
Seat 2: pokeripuikko (small blind) folded before Flop
Seat 3: arinpiii93 (big blind) folded on the Turn
Seat 4: Mahu2021 folded before Flop (didn't bet)
Seat 5: DIAMOND_0920 folded on the Turn
Seat 6: durugica10 folded before Flop (didn't bet)



PokerStars Zoom Hand #255093572454:  Hold'em No Limit ($0.05/$0.10) - 2025/03/01 21:24:11 CET [2025/03/01 15:24:11 ET]
Table 'Aludra' 6-max Seat #1 is the button
Seat 1: ocef1968 ($14.67 in chips) 
Seat 2: Beardown72 ($5.67 in chips) 
Seat 3: fusermx ($9.40 in chips) 
Seat 4: Latte is horse ($10.66 in chips) 
Seat 5: Mahu2021 ($5.10 in chips) 
Seat 6: DIAMOND_0920 ($10.65 in chips) 
Beardown72: posts small blind $0.05
fusermx: posts big blind $0.10
*** HOLE CARDS ***
Dealt to Mahu2021 [Ac As]
Latte is horse: folds 
Mahu2021: raises $0.14 to $0.24
DIAMOND_0920: folds 
ocef1968: folds 
Beardown72: folds 
fusermx: folds 
Uncalled bet ($0.14) returned to Mahu2021
Mahu2021 collected $0.25 from pot
Mahu2021: doesn't show hand 
*** SUMMARY ***
Total pot $0.25 | Rake $0 
Seat 1: ocef1968 (button) folded before Flop (didn't bet)
Seat 2: Beardown72 (small blind) folded before Flop
Seat 3: fusermx (big blind) folded before Flop
Seat 4: Latte is horse folded before Flop (didn't bet)
Seat 5: Mahu2021 collected ($0.25)
Seat 6: DIAMOND_0920 folded before Flop (didn't bet)



PokerStars Zoom Hand #255093567692:  Hold'em No Limit ($0.05/$0.10) - 2025/03/01 21:23:55 CET [2025/03/01 15:23:55 ET]
Table 'Aludra' 6-max Seat #1 is the button
Seat 1: Hopewar ($10.99 in chips) 
Seat 2: RoWw23 ($13.04 in chips) 
Seat 3: SkyBoy23 ($34.12 in chips) 
Seat 4: ukouta ($18.99 in chips) 
Seat 5: darryn1973 ($9.94 in chips) 
Seat 6: Mahu2021 ($4.95 in chips) 
RoWw23: posts small blind $0.05
SkyBoy23: posts big blind $0.10
*** HOLE CARDS ***
Dealt to Mahu2021 [7c Js]
ukouta: folds 
darryn1973: folds 
Mahu2021: folds 
Hopewar: raises $0.10 to $0.20
RoWw23: raises $0.60 to $0.80
SkyBoy23: folds 
Hopewar: folds 
Uncalled bet ($0.60) returned to RoWw23
RoWw23 collected $0.50 from pot
RoWw23: doesn't show hand 
*** SUMMARY ***
Total pot $0.50 | Rake $0 
Seat 1: Hopewar (button) folded before Flop
Seat 2: RoWw23 (small blind) collected ($0.50)
Seat 3: SkyBoy23 (big blind) folded before Flop
Seat 4: ukouta folded before Flop (didn't bet)
Seat 5: darryn1973 folded before Flop (didn't bet)
Seat 6: Mahu2021 folded before Flop (didn't bet)



PokerStars Zoom Hand #255093578482:  Hold'em No Limit ($0.05/$0.10) - 2025/03/01 21:24:31 CET [2025/03/01 15:24:31 ET]
Table 'Aludra' 6-max Seat #1 is the button
Seat 1: durugica10 ($28.05 in chips) 
Seat 2: BigfootWwa ($13.69 in chips) 
Seat 3: fargofargo ($13.62 in chips) 
Seat 4: MarkRegen ($13.54 in chips) 
Seat 5: anacarlacelso ($10 in chips) 
Seat 6: Mahu2021 ($5.25 in chips) 
BigfootWwa: posts small blind $0.05
fargofargo: posts big blind $0.10
*** HOLE CARDS ***
Dealt to Mahu2021 [Th Qs]
MarkRegen: folds 
anacarlacelso: folds 
Mahu2021: raises $0.14 to $0.24
durugica10: folds 
BigfootWwa: folds 
fargofargo: folds 
Uncalled bet ($0.14) returned to Mahu2021
Mahu2021 collected $0.25 from pot
Mahu2021: doesn't show hand 
*** SUMMARY ***
Total pot $0.25 | Rake $0 
Seat 1: durugica10 (button) folded before Flop (didn't bet)
Seat 2: BigfootWwa (small blind) folded before Flop
Seat 3: fargofargo (big blind) folded before Flop
Seat 4: MarkRegen folded before Flop (didn't bet)
Seat 5: anacarlacelso folded before Flop (didn't bet)
Seat 6: Mahu2021 collected ($0.25)



PokerStars Zoom Hand #255093577320:  Hold'em No Limit ($0.05/$0.10) - 2025/03/01 21:24:28 CET [2025/03/01 15:24:28 ET]
Table 'Aludra' 6-max Seat #1 is the button
Seat 1: SkyBoy23 ($10.10 in chips) 
Seat 2: Sniffer20 ($14.61 in chips) 
Seat 3: Rezzotto0208 ($21.23 in chips) 
Seat 4: Mahu2021 ($5.25 in chips) 
Seat 5: 491811 ($10.59 in chips) 
Seat 6: ProjectPokerPro ($18.58 in chips) 
Sniffer20: posts small blind $0.05
Rezzotto0208: posts big blind $0.10
*** HOLE CARDS ***
Dealt to Mahu2021 [9c As]
Mahu2021: folds 
491811: folds 
ProjectPokerPro: folds 
SkyBoy23: folds 
Sniffer20: raises $0.20 to $0.30
Rezzotto0208: calls $0.20
*** FLOP *** [7s 2c 7d]
Sniffer20: checks 
Rezzotto0208: checks 
*** TURN *** [7s 2c 7d] [6c]
Sniffer20: checks 
Rezzotto0208: checks 
*** RIVER *** [7s 2c 7d 6c] [5h]
Sniffer20: checks 
Rezzotto0208: checks 
*** SHOW DOWN ***
Sniffer20: shows [Jd Ac] (a pair of Sevens)
Rezzotto0208: mucks hand 
Sniffer20 collected $0.57 from pot
*** SUMMARY ***
Total pot $0.60 | Rake $0.03 
Board [7s 2c 7d 6c 5h]
Seat 1: SkyBoy23 (button) folded before Flop (didn't bet)
Seat 2: Sniffer20 (small blind) showed [Jd Ac] and won ($0.57) with a pair of Sevens
Seat 3: Rezzotto0208 (big blind) mucked [Qd 8d]
Seat 4: Mahu2021 folded before Flop (didn't bet)
Seat 5: 491811 folded before Flop (didn't bet)
Seat 6: ProjectPokerPro folded before Flop (didn't bet)



PokerStars Zoom Hand #255093582671:  Hold'em No Limit ($0.05/$0.10) - 2025/03/01 21:24:46 CET [2025/03/01 15:24:46 ET]
Table 'Aludra' 6-max Seat #1 is the button
Seat 1: emo114 ($21.97 in chips) 
Seat 2: Mahu2021 ($5.40 in chips) 
Seat 3: darryn1973 ($10.29 in chips) 
Seat 4: JonKing75 ($44.99 in chips) 
Seat 5: teebeutel16 ($4.85 in chips) 
Seat 6: Latte is horse ($10.51 in chips) 
Mahu2021: posts small blind $0.05
darryn1973: posts big blind $0.10
*** HOLE CARDS ***
Dealt to Mahu2021 [6d 6c]
JonKing75: folds 
teebeutel16: calls $0.10
Latte is horse: folds 
emo114: folds 
Mahu2021: calls $0.05
darryn1973: checks 
*** FLOP *** [Qs Js Ts]
Mahu2021: checks 
darryn1973: checks 
teebeutel16: checks 
*** TURN *** [Qs Js Ts] [Ac]
Mahu2021: checks 
darryn1973: checks 
teebeutel16: bets $0.29
Mahu2021: folds 
darryn1973: folds 
Uncalled bet ($0.29) returned to teebeutel16
teebeutel16 collected $0.29 from pot
teebeutel16: doesn't show hand 
*** SUMMARY ***
Total pot $0.30 | Rake $0.01 
Board [Qs Js Ts Ac]
Seat 1: emo114 (button) folded before Flop (didn't bet)
Seat 2: Mahu2021 (small blind) folded on the Turn
Seat 3: darryn1973 (big blind) folded on the Turn
Seat 4: JonKing75 folded before Flop (didn't bet)
Seat 5: teebeutel16 collected ($0.29)
Seat 6: Latte is horse folded before Flop (didn't bet)



PokerStars Zoom Hand #255093591928:  Hold'em No Limit ($0.05/$0.10) - 2025/03/01 21:25:18 CET [2025/03/01 15:25:18 ET]
Table 'Aludra' 6-max Seat #1 is the button
Seat 1: Jajje7 ($10 in chips) 
Seat 2: DIAMOND_0920 ($10.65 in chips) 
Seat 3: Mahu2021 ($5.30 in chips) 
Seat 4: SkyBoy23 ($33.82 in chips) 
Seat 5: JonKing75 ($44.84 in chips) 
Seat 6: wilson91169 ($11.29 in chips) 
DIAMOND_0920: posts small blind $0.05
Mahu2021: posts big blind $0.10
*** HOLE CARDS ***
Dealt to Mahu2021 [Qd 5c]
SkyBoy23: folds 
JonKing75: folds 
wilson91169: folds 
Jajje7: folds 
DIAMOND_0920: folds 
Uncalled bet ($0.05) returned to Mahu2021
Mahu2021 collected $0.10 from pot
Mahu2021: doesn't show hand 
*** SUMMARY ***
Total pot $0.10 | Rake $0 
Seat 1: Jajje7 (button) folded before Flop (didn't bet)
Seat 2: DIAMOND_0920 (small blind) folded before Flop
Seat 3: Mahu2021 (big blind) collected ($0.10)
Seat 4: SkyBoy23 folded before Flop (didn't bet)
Seat 5: JonKing75 folded before Flop (didn't bet)
Seat 6: wilson91169 folded before Flop (didn't bet)



PokerStars Zoom Hand #255093596579:  Hold'em No Limit ($0.05/$0.10) - 2025/03/01 21:25:34 CET [2025/03/01 15:25:34 ET]
Table 'Aludra' 6-max Seat #1 is the button
Seat 1: Mahu2021 ($5.35 in chips) 
Seat 2: DIAMOND_0920 ($10 in chips) 
Seat 3: fusermx ($8.95 in chips) 
Seat 4: pokeripuikko ($28.13 in chips) 
Seat 5: DiNiceBoy ($18.76 in chips) 
Seat 6: Miracle of 50k ($31.98 in chips) 
DIAMOND_0920: posts small blind $0.05
fusermx: posts big blind $0.10
*** HOLE CARDS ***
Dealt to Mahu2021 [Td Ad]
pokeripuikko: raises $0.12 to $0.22
DiNiceBoy: folds 
Miracle of 50k: raises $0.48 to $0.70
Mahu2021: calls $0.70
DIAMOND_0920: folds 
fusermx: folds 
pokeripuikko: calls $0.48
*** FLOP *** [3h 2c Ts]
pokeripuikko: checks 
Miracle of 50k: bets $0.70
Mahu2021: calls $0.70
pokeripuikko: calls $0.70
*** TURN *** [3h 2c Ts] [8c]
pokeripuikko: checks 
Miracle of 50k: bets $2.08
Mahu2021: raises $1.87 to $3.95 and is all-in
pokeripuikko: folds 
Miracle of 50k: calls $1.87
*** RIVER *** [3h 2c Ts 8c] [7s]
*** SHOW DOWN ***
Miracle of 50k: shows [Kc Jc] (high card King)
Mahu2021: shows [Td Ad] (a pair of Tens)
Mahu2021 collected $11.70 from pot
*** SUMMARY ***
Total pot $12.25 | Rake $0.55 
Board [3h 2c Ts 8c 7s]
Seat 1: Mahu2021 (button) showed [Td Ad] and won ($11.70) with a pair of Tens
Seat 2: DIAMOND_0920 (small blind) folded before Flop
Seat 3: fusermx (big blind) folded before Flop
Seat 4: pokeripuikko folded on the Turn
Seat 5: DiNiceBoy folded before Flop (didn't bet)
Seat 6: Miracle of 50k showed [Kc Jc] and lost with high card King



