PokerStars Hand #252936895948: Tournament #3812156204, $1.84+$0.16 USD Hold'em No Limit - Level I (10/20) - 2024/10/15 11:35:19 CET [2024/10/15 5:35:19 ET]
Table '3812156204 1' 3-max Seat #1 is the button
Seat 1: Mahu2021 (500 in chips) 
Seat 2: Destry74 (500 in chips) is sitting out
Seat 3: striker1896 (500 in chips) 
Destry74: posts small blind 10
striker1896: posts big blind 20
*** HOLE CARDS ***
Dealt to Mahu2021 [Kh 3d]
Destry74 has returned
Mahu2021: folds 
Destry74: calls 10
striker1896: raises 20 to 40
Destry74: calls 20
*** FLOP *** [Ad Ts Js]
Destry74: checks 
striker1896: bets 40
Destry74: folds 
Uncalled bet (40) returned to striker1896
striker1896 collected 80 from pot
*** SUMMARY ***
Total pot 80 | Rake 0 
Board [Ad Ts Js]
Seat 1: Mahu2021 (button) folded before Flop (didn't bet)
Seat 2: Destry74 (small blind) folded on the Flop
Seat 3: striker1896 (big blind) collected (80)



PokerStars Hand #252936897883: Tournament #3812156204, $1.84+$0.16 USD Hold'em No Limit - Level I (10/20) - 2024/10/15 11:35:37 CET [2024/10/15 5:35:37 ET]
Table '3812156204 1' 3-max Seat #2 is the button
Seat 1: Mahu2021 (500 in chips) 
Seat 2: Destry74 (460 in chips) 
Seat 3: striker1896 (540 in chips) 
striker1896: posts small blind 10
Mahu2021: posts big blind 20
*** HOLE CARDS ***
Dealt to Mahu2021 [5d 4d]
Destry74: folds 
striker1896: calls 10
Mahu2021: checks 
*** FLOP *** [8d As 4s]
striker1896: bets 20
Mahu2021: calls 20
*** TURN *** [8d As 4s] [Ks]
striker1896: bets 20
Mahu2021: folds 
Uncalled bet (20) returned to striker1896
striker1896 collected 80 from pot
*** SUMMARY ***
Total pot 80 | Rake 0 
Board [8d As 4s Ks]
Seat 1: Mahu2021 (big blind) folded on the Turn
Seat 2: Destry74 (button) folded before Flop (didn't bet)
Seat 3: striker1896 (small blind) collected (80)



PokerStars Hand #252936899575: Tournament #3812156204, $1.84+$0.16 USD Hold'em No Limit - Level I (10/20) - 2024/10/15 11:35:52 CET [2024/10/15 5:35:52 ET]
Table '3812156204 1' 3-max Seat #3 is the button
Seat 1: Mahu2021 (460 in chips) 
Seat 2: Destry74 (460 in chips) 
Seat 3: striker1896 (580 in chips) 
Mahu2021: posts small blind 10
Destry74: posts big blind 20
*** HOLE CARDS ***
Dealt to Mahu2021 [8d Qs]
striker1896: calls 20
Mahu2021: calls 10
Destry74: checks 
*** FLOP *** [Ah 5c 3s]
Mahu2021: checks 
Destry74: checks 
striker1896: checks 
*** TURN *** [Ah 5c 3s] [9h]
Mahu2021: checks 
Destry74: checks 
striker1896: checks 
*** RIVER *** [Ah 5c 3s 9h] [As]
Mahu2021: checks 
Destry74: checks 
striker1896: checks 
*** SHOW DOWN ***
Mahu2021: shows [8d Qs] (a pair of Aces)
Destry74: mucks hand 
striker1896: shows [Qh Kd] (a pair of Aces - King kicker)
striker1896 collected 60 from pot
*** SUMMARY ***
Total pot 60 | Rake 0 
Board [Ah 5c 3s 9h As]
Seat 1: Mahu2021 (small blind) showed [8d Qs] and lost with a pair of Aces
Seat 2: Destry74 (big blind) mucked [7c Js]
Seat 3: striker1896 (button) showed [Qh Kd] and won (60) with a pair of Aces



PokerStars Hand #252936901935: Tournament #3812156204, $1.84+$0.16 USD Hold'em No Limit - Level I (10/20) - 2024/10/15 11:36:14 CET [2024/10/15 5:36:14 ET]
Table '3812156204 1' 3-max Seat #1 is the button
Seat 1: Mahu2021 (440 in chips) 
Seat 2: Destry74 (440 in chips) 
Seat 3: striker1896 (620 in chips) 
Destry74: posts small blind 10
striker1896: posts big blind 20
*** HOLE CARDS ***
Dealt to Mahu2021 [Jd Js]
Mahu2021: raises 60 to 80
Destry74: folds 
striker1896: folds 
Uncalled bet (60) returned to Mahu2021
Mahu2021 collected 50 from pot
Mahu2021: doesn't show hand 
*** SUMMARY ***
Total pot 50 | Rake 0 
Seat 1: Mahu2021 (button) collected (50)
Seat 2: Destry74 (small blind) folded before Flop
Seat 3: striker1896 (big blind) folded before Flop



PokerStars Hand #252936902794: Tournament #3812156204, $1.84+$0.16 USD Hold'em No Limit - Level I (10/20) - 2024/10/15 11:36:21 CET [2024/10/15 5:36:21 ET]
Table '3812156204 1' 3-max Seat #2 is the button
Seat 1: Mahu2021 (470 in chips) 
Seat 2: Destry74 (430 in chips) 
Seat 3: striker1896 (600 in chips) 
striker1896: posts small blind 10
Mahu2021: posts big blind 20
*** HOLE CARDS ***
Dealt to Mahu2021 [Jd 6c]
Destry74: raises 20 to 40
striker1896: calls 30
Mahu2021: calls 20
*** FLOP *** [3d Th Qs]
striker1896: checks 
Mahu2021: checks 
Destry74: bets 60
striker1896: calls 60
Mahu2021: folds 
*** TURN *** [3d Th Qs] [5c]
striker1896: checks 
Destry74: checks 
*** RIVER *** [3d Th Qs 5c] [7h]
striker1896: bets 180
Destry74: folds 
Uncalled bet (180) returned to striker1896
striker1896 collected 240 from pot
*** SUMMARY ***
Total pot 240 | Rake 0 
Board [3d Th Qs 5c 7h]
Seat 1: Mahu2021 (big blind) folded on the Flop
Seat 2: Destry74 (button) folded on the River
Seat 3: striker1896 (small blind) collected (240)



PokerStars Hand #252936907347: Tournament #3812156204, $1.84+$0.16 USD Hold'em No Limit - Level I (10/20) - 2024/10/15 11:37:03 CET [2024/10/15 5:37:03 ET]
Table '3812156204 1' 3-max Seat #3 is the button
Seat 1: Mahu2021 (430 in chips) 
Seat 2: Destry74 (330 in chips) 
Seat 3: striker1896 (740 in chips) 
Mahu2021: posts small blind 10
Destry74: posts big blind 20
*** HOLE CARDS ***
Dealt to Mahu2021 [Qd Jh]
striker1896: calls 20
Mahu2021: calls 10
Destry74: checks 
*** FLOP *** [7s Js As]
Mahu2021: checks 
Destry74: checks 
striker1896: checks 
*** TURN *** [7s Js As] [8d]
Mahu2021: bets 20
Destry74: folds 
striker1896: folds 
Uncalled bet (20) returned to Mahu2021
Mahu2021 collected 60 from pot
Mahu2021: doesn't show hand 
*** SUMMARY ***
Total pot 60 | Rake 0 
Board [7s Js As 8d]
Seat 1: Mahu2021 (small blind) collected (60)
Seat 2: Destry74 (big blind) folded on the Turn
Seat 3: striker1896 (button) folded on the Turn



PokerStars Hand #252936909337: Tournament #3812156204, $1.84+$0.16 USD Hold'em No Limit - Level I (10/20) - 2024/10/15 11:37:20 CET [2024/10/15 5:37:20 ET]
Table '3812156204 1' 3-max Seat #1 is the button
Seat 1: Mahu2021 (470 in chips) 
Seat 2: Destry74 (310 in chips) 
Seat 3: striker1896 (720 in chips) 
Destry74: posts small blind 10
striker1896: posts big blind 20
*** HOLE CARDS ***
Dealt to Mahu2021 [Ks Kd]
Mahu2021: raises 450 to 470 and is all-in
Destry74: folds 
striker1896: folds 
Uncalled bet (450) returned to Mahu2021
Mahu2021 collected 50 from pot
Mahu2021: doesn't show hand 
*** SUMMARY ***
Total pot 50 | Rake 0 
Seat 1: Mahu2021 (button) collected (50)
Seat 2: Destry74 (small blind) folded before Flop
Seat 3: striker1896 (big blind) folded before Flop



PokerStars Hand #252936910380: Tournament #3812156204, $1.84+$0.16 USD Hold'em No Limit - Level II (15/30) - 2024/10/15 11:37:30 CET [2024/10/15 5:37:30 ET]
Table '3812156204 1' 3-max Seat #2 is the button
Seat 1: Mahu2021 (500 in chips) 
Seat 2: Destry74 (300 in chips) 
Seat 3: striker1896 (700 in chips) 
striker1896: posts small blind 15
Mahu2021: posts big blind 30
*** HOLE CARDS ***
Dealt to Mahu2021 [8d Ac]
Destry74: folds 
striker1896: calls 15
Mahu2021: checks 
*** FLOP *** [Ad 3h Jd]
striker1896: checks 
Mahu2021: checks 
*** TURN *** [Ad 3h Jd] [Qh]
striker1896: checks 
Mahu2021: checks 
*** RIVER *** [Ad 3h Jd Qh] [7c]
striker1896: checks 
Mahu2021: bets 60
striker1896: folds 
Uncalled bet (60) returned to Mahu2021
Mahu2021 collected 60 from pot
Mahu2021: doesn't show hand 
*** SUMMARY ***
Total pot 60 | Rake 0 
Board [Ad 3h Jd Qh 7c]
Seat 1: Mahu2021 (big blind) collected (60)
Seat 2: Destry74 (button) folded before Flop (didn't bet)
Seat 3: striker1896 (small blind) folded on the River



PokerStars Hand #252936912253: Tournament #3812156204, $1.84+$0.16 USD Hold'em No Limit - Level II (15/30) - 2024/10/15 11:37:46 CET [2024/10/15 5:37:46 ET]
Table '3812156204 1' 3-max Seat #3 is the button
Seat 1: Mahu2021 (530 in chips) 
Seat 2: Destry74 (300 in chips) 
Seat 3: striker1896 (670 in chips) 
Mahu2021: posts small blind 15
Destry74: posts big blind 30
*** HOLE CARDS ***
Dealt to Mahu2021 [6d 9c]
striker1896: calls 30
Mahu2021: folds 
Destry74: checks 
*** FLOP *** [8h Kd 6s]
Destry74: bets 60
striker1896: folds 
Uncalled bet (60) returned to Destry74
Destry74 collected 75 from pot
Destry74: doesn't show hand 
*** SUMMARY ***
Total pot 75 | Rake 0 
Board [8h Kd 6s]
Seat 1: Mahu2021 (small blind) folded before Flop
Seat 2: Destry74 (big blind) collected (75)
Seat 3: striker1896 (button) folded on the Flop



PokerStars Hand #252936914410: Tournament #3812156204, $1.84+$0.16 USD Hold'em No Limit - Level II (15/30) - 2024/10/15 11:38:06 CET [2024/10/15 5:38:06 ET]
Table '3812156204 1' 3-max Seat #1 is the button
Seat 1: Mahu2021 (515 in chips) 
Seat 2: Destry74 (345 in chips) 
Seat 3: striker1896 (640 in chips) 
Destry74: posts small blind 15
striker1896: posts big blind 30
*** HOLE CARDS ***
Dealt to Mahu2021 [6c 2s]
Mahu2021: folds 
Destry74: folds 
Uncalled bet (15) returned to striker1896
striker1896 collected 30 from pot
*** SUMMARY ***
Total pot 30 | Rake 0 
Seat 1: Mahu2021 (button) folded before Flop (didn't bet)
Seat 2: Destry74 (small blind) folded before Flop
Seat 3: striker1896 (big blind) collected (30)



PokerStars Hand #252936915002: Tournament #3812156204, $1.84+$0.16 USD Hold'em No Limit - Level II (15/30) - 2024/10/15 11:38:11 CET [2024/10/15 5:38:11 ET]
Table '3812156204 1' 3-max Seat #2 is the button
Seat 1: Mahu2021 (515 in chips) 
Seat 2: Destry74 (330 in chips) 
Seat 3: striker1896 (655 in chips) 
striker1896: posts small blind 15
Mahu2021: posts big blind 30
*** HOLE CARDS ***
Dealt to Mahu2021 [Tc 5h]
Destry74: folds 
striker1896: calls 15
Mahu2021: checks 
*** FLOP *** [Th As 5s]
striker1896: checks 
Mahu2021: checks 
*** TURN *** [Th As 5s] [3d]
striker1896: checks 
Mahu2021: checks 
*** RIVER *** [Th As 5s 3d] [7s]
striker1896: checks 
Mahu2021: bets 485 and is all-in
striker1896: folds 
Uncalled bet (485) returned to Mahu2021
Mahu2021 collected 60 from pot
Mahu2021: doesn't show hand 
*** SUMMARY ***
Total pot 60 | Rake 0 
Board [Th As 5s 3d 7s]
Seat 1: Mahu2021 (big blind) collected (60)
Seat 2: Destry74 (button) folded before Flop (didn't bet)
Seat 3: striker1896 (small blind) folded on the River



PokerStars Hand #252936917054: Tournament #3812156204, $1.84+$0.16 USD Hold'em No Limit - Level II (15/30) - 2024/10/15 11:38:29 CET [2024/10/15 5:38:29 ET]
Table '3812156204 1' 3-max Seat #3 is the button
Seat 1: Mahu2021 (545 in chips) 
Seat 2: Destry74 (330 in chips) 
Seat 3: striker1896 (625 in chips) 
Mahu2021: posts small blind 15
Destry74: posts big blind 30
*** HOLE CARDS ***
Dealt to Mahu2021 [Ah Qs]
striker1896: calls 30
Mahu2021: raises 90 to 120
Destry74: calls 90
striker1896: folds 
*** FLOP *** [8s 2s Qc]
Mahu2021: bets 270
Destry74: calls 210 and is all-in
Uncalled bet (60) returned to Mahu2021
*** TURN *** [8s 2s Qc] [6h]
*** RIVER *** [8s 2s Qc 6h] [Jh]
*** SHOW DOWN ***
Mahu2021: shows [Ah Qs] (a pair of Queens)
Destry74: shows [8h 8c] (three of a kind, Eights)
Destry74 collected 690 from pot
*** SUMMARY ***
Total pot 690 | Rake 0 
Board [8s 2s Qc 6h Jh]
Seat 1: Mahu2021 (small blind) showed [Ah Qs] and lost with a pair of Queens
Seat 2: Destry74 (big blind) showed [8h 8c] and won (690) with three of a kind, Eights
Seat 3: striker1896 (button) folded before Flop



PokerStars Hand #252936919844: Tournament #3812156204, $1.84+$0.16 USD Hold'em No Limit - Level II (15/30) - 2024/10/15 11:38:54 CET [2024/10/15 5:38:54 ET]
Table '3812156204 1' 3-max Seat #1 is the button
Seat 1: Mahu2021 (215 in chips) 
Seat 2: Destry74 (690 in chips) 
Seat 3: striker1896 (595 in chips) 
Destry74: posts small blind 15
striker1896: posts big blind 30
*** HOLE CARDS ***
Dealt to Mahu2021 [7c 5c]
Mahu2021: folds 
Destry74: calls 15
striker1896: checks 
*** FLOP *** [2s 6c Ac]
Destry74: checks 
striker1896: checks 
*** TURN *** [2s 6c Ac] [3d]
Destry74: bets 90
striker1896: folds 
Uncalled bet (90) returned to Destry74
Destry74 collected 60 from pot
Destry74: doesn't show hand 
*** SUMMARY ***
Total pot 60 | Rake 0 
Board [2s 6c Ac 3d]
Seat 1: Mahu2021 (button) folded before Flop (didn't bet)
Seat 2: Destry74 (small blind) collected (60)
Seat 3: striker1896 (big blind) folded on the Turn



PokerStars Hand #252936921999: Tournament #3812156204, $1.84+$0.16 USD Hold'em No Limit - Level II (15/30) - 2024/10/15 11:39:13 CET [2024/10/15 5:39:13 ET]
Table '3812156204 1' 3-max Seat #2 is the button
Seat 1: Mahu2021 (215 in chips) 
Seat 2: Destry74 (720 in chips) 
Seat 3: striker1896 (565 in chips) 
striker1896: posts small blind 15
Mahu2021: posts big blind 30
*** HOLE CARDS ***
Dealt to Mahu2021 [9s Th]
Destry74: folds 
striker1896: calls 15
Mahu2021: raises 185 to 215 and is all-in
striker1896: folds 
Uncalled bet (185) returned to Mahu2021
Mahu2021 collected 60 from pot
Mahu2021: doesn't show hand 
*** SUMMARY ***
Total pot 60 | Rake 0 
Seat 1: Mahu2021 (big blind) collected (60)
Seat 2: Destry74 (button) folded before Flop (didn't bet)
Seat 3: striker1896 (small blind) folded before Flop



PokerStars Hand #252936923390: Tournament #3812156204, $1.84+$0.16 USD Hold'em No Limit - Level III (20/40) - 2024/10/15 11:39:26 CET [2024/10/15 5:39:26 ET]
Table '3812156204 1' 3-max Seat #3 is the button
Seat 1: Mahu2021 (245 in chips) 
Seat 2: Destry74 (720 in chips) 
Seat 3: striker1896 (535 in chips) 
Mahu2021: posts small blind 20
Destry74: posts big blind 40
*** HOLE CARDS ***
Dealt to Mahu2021 [Jd 4d]
striker1896: calls 40
Mahu2021: calls 20
Destry74: checks 
*** FLOP *** [5h Qh Td]
Mahu2021: checks 
Destry74: checks 
striker1896: checks 
*** TURN *** [5h Qh Td] [Qd]
Mahu2021: checks 
Destry74: bets 80
striker1896: folds 
Mahu2021: calls 80
*** RIVER *** [5h Qh Td Qd] [4c]
Mahu2021: checks 
Destry74: checks 
*** SHOW DOWN ***
Mahu2021: shows [Jd 4d] (two pair, Queens and Fours)
Destry74: shows [Th 6c] (two pair, Queens and Tens)
Destry74 collected 280 from pot
*** SUMMARY ***
Total pot 280 | Rake 0 
Board [5h Qh Td Qd 4c]
Seat 1: Mahu2021 (small blind) showed [Jd 4d] and lost with two pair, Queens and Fours
Seat 2: Destry74 (big blind) showed [Th 6c] and won (280) with two pair, Queens and Tens
Seat 3: striker1896 (button) folded on the Turn



PokerStars Hand #252936925735: Tournament #3812156204, $1.84+$0.16 USD Hold'em No Limit - Level III (20/40) - 2024/10/15 11:39:46 CET [2024/10/15 5:39:46 ET]
Table '3812156204 1' 3-max Seat #1 is the button
Seat 1: Mahu2021 (125 in chips) 
Seat 2: Destry74 (880 in chips) 
Seat 3: striker1896 (495 in chips) 
Destry74: posts small blind 20
striker1896: posts big blind 40
*** HOLE CARDS ***
Dealt to Mahu2021 [Qs As]
Mahu2021: raises 85 to 125 and is all-in
Destry74: folds 
striker1896: calls 85
*** FLOP *** [4h 6h 8d]
*** TURN *** [4h 6h 8d] [6d]
*** RIVER *** [4h 6h 8d 6d] [5h]
*** SHOW DOWN ***
striker1896: shows [3c 2c] (a straight, Deuce to Six)
Mahu2021: shows [Qs As] (a pair of Sixes)
striker1896 collected 270 from pot
Mahu2021 finished the tournament in 3rd place
*** SUMMARY ***
Total pot 270 | Rake 0 
Board [4h 6h 8d 6d 5h]
Seat 1: Mahu2021 (button) showed [Qs As] and lost with a pair of Sixes
Seat 2: Destry74 (small blind) folded before Flop
Seat 3: striker1896 (big blind) showed [3c 2c] and won (270) with a straight, Deuce to Six



