PokerStars Hand #244756347215: Tournament #3615662228, $9.30+$0.70 USD Hold'em No Limit - Level I (10/20) - 2023/07/11 20:34:19 CET [2023/07/11 14:34:19 ET]
Table '3615662228 1' 3-max Seat #1 is the button
Seat 1: Mahu2021 (500 in chips) 
Seat 2: dj6912 (500 in chips) 
Seat 3: foto29 (500 in chips) 
dj6912: posts small blind 10
foto29: posts big blind 20
*** HOLE CARDS ***
Dealt to Mahu2021 [Ac 3d]
Mahu2021: folds 
dj6912: folds 
Uncalled bet (10) returned to foto29
foto29 collected 20 from pot
*** SUMMARY ***
Total pot 20 | Rake 0 
Seat 1: Mahu2021 (button) folded before Flop (didn't bet)
Seat 2: dj6912 (small blind) folded before Flop
Seat 3: foto29 (big blind) collected (20)



PokerStars Hand #244756348986: Tournament #3615662228, $9.30+$0.70 USD Hold'em No Limit - Level I (10/20) - 2023/07/11 20:34:24 CET [2023/07/11 14:34:24 ET]
Table '3615662228 1' 3-max Seat #2 is the button
Seat 1: Mahu2021 (500 in chips) 
Seat 2: dj6912 (490 in chips) 
Seat 3: foto29 (510 in chips) 
foto29: posts small blind 10
Mahu2021: posts big blind 20
*** HOLE CARDS ***
Dealt to Mahu2021 [Qh Jc]
dj6912: calls 20
foto29: calls 10
Mahu2021: checks 
*** FLOP *** [Kh 2c 3s]
foto29: bets 20
Mahu2021: folds 
dj6912: folds 
Uncalled bet (20) returned to foto29
foto29 collected 60 from pot
*** SUMMARY ***
Total pot 60 | Rake 0 
Board [Kh 2c 3s]
Seat 1: Mahu2021 (big blind) folded on the Flop
Seat 2: dj6912 (button) folded on the Flop
Seat 3: foto29 (small blind) collected (60)



PokerStars Hand #244756352486: Tournament #3615662228, $9.30+$0.70 USD Hold'em No Limit - Level I (10/20) - 2023/07/11 20:34:34 CET [2023/07/11 14:34:34 ET]
Table '3615662228 1' 3-max Seat #3 is the button
Seat 1: Mahu2021 (480 in chips) 
Seat 2: dj6912 (470 in chips) 
Seat 3: foto29 (550 in chips) 
Mahu2021: posts small blind 10
dj6912: posts big blind 20
*** HOLE CARDS ***
Dealt to Mahu2021 [3s 8s]
foto29: raises 40 to 60
Mahu2021: folds 
dj6912: folds 
Uncalled bet (40) returned to foto29
foto29 collected 50 from pot
*** SUMMARY ***
Total pot 50 | Rake 0 
Seat 1: Mahu2021 (small blind) folded before Flop
Seat 2: dj6912 (big blind) folded before Flop
Seat 3: foto29 (button) collected (50)



PokerStars Hand #244756354975: Tournament #3615662228, $9.30+$0.70 USD Hold'em No Limit - Level I (10/20) - 2023/07/11 20:34:42 CET [2023/07/11 14:34:42 ET]
Table '3615662228 1' 3-max Seat #1 is the button
Seat 1: Mahu2021 (470 in chips) 
Seat 2: dj6912 (450 in chips) 
Seat 3: foto29 (580 in chips) 
dj6912: posts small blind 10
foto29: posts big blind 20
*** HOLE CARDS ***
Dealt to Mahu2021 [7d 8h]
Mahu2021: folds 
dj6912: folds 
Uncalled bet (10) returned to foto29
foto29 collected 20 from pot
*** SUMMARY ***
Total pot 20 | Rake 0 
Seat 1: Mahu2021 (button) folded before Flop (didn't bet)
Seat 2: dj6912 (small blind) folded before Flop
Seat 3: foto29 (big blind) collected (20)



PokerStars Hand #244756357078: Tournament #3615662228, $9.30+$0.70 USD Hold'em No Limit - Level I (10/20) - 2023/07/11 20:34:48 CET [2023/07/11 14:34:48 ET]
Table '3615662228 1' 3-max Seat #2 is the button
Seat 1: Mahu2021 (470 in chips) 
Seat 2: dj6912 (440 in chips) 
Seat 3: foto29 (590 in chips) 
foto29: posts small blind 10
Mahu2021: posts big blind 20
*** HOLE CARDS ***
Dealt to Mahu2021 [Js 6c]
dj6912: calls 20
foto29: calls 10
Mahu2021: checks 
*** FLOP *** [5h Kc Qc]
foto29: checks 
Mahu2021: checks 
dj6912: bets 60
foto29: folds 
Mahu2021: folds 
Uncalled bet (60) returned to dj6912
dj6912 collected 60 from pot
*** SUMMARY ***
Total pot 60 | Rake 0 
Board [5h Kc Qc]
Seat 1: Mahu2021 (big blind) folded on the Flop
Seat 2: dj6912 (button) collected (60)
Seat 3: foto29 (small blind) folded on the Flop



PokerStars Hand #244756361297: Tournament #3615662228, $9.30+$0.70 USD Hold'em No Limit - Level I (10/20) - 2023/07/11 20:35:00 CET [2023/07/11 14:35:00 ET]
Table '3615662228 1' 3-max Seat #3 is the button
Seat 1: Mahu2021 (450 in chips) 
Seat 2: dj6912 (480 in chips) 
Seat 3: foto29 (570 in chips) 
Mahu2021: posts small blind 10
dj6912: posts big blind 20
*** HOLE CARDS ***
Dealt to Mahu2021 [Ks 5c]
foto29: raises 550 to 570 and is all-in
Mahu2021: folds 
dj6912: folds 
Uncalled bet (550) returned to foto29
foto29 collected 50 from pot
*** SUMMARY ***
Total pot 50 | Rake 0 
Seat 1: Mahu2021 (small blind) folded before Flop
Seat 2: dj6912 (big blind) folded before Flop
Seat 3: foto29 (button) collected (50)



PokerStars Hand #244756363686: Tournament #3615662228, $9.30+$0.70 USD Hold'em No Limit - Level I (10/20) - 2023/07/11 20:35:07 CET [2023/07/11 14:35:07 ET]
Table '3615662228 1' 3-max Seat #1 is the button
Seat 1: Mahu2021 (440 in chips) 
Seat 2: dj6912 (460 in chips) 
Seat 3: foto29 (600 in chips) 
dj6912: posts small blind 10
foto29: posts big blind 20
*** HOLE CARDS ***
Dealt to Mahu2021 [7h As]
Mahu2021: calls 20
dj6912: calls 10
foto29: checks 
*** FLOP *** [Ah 4c Qc]
dj6912: checks 
foto29: bets 60
Mahu2021: calls 60
dj6912: calls 60
*** TURN *** [Ah 4c Qc] [Qh]
dj6912: checks 
foto29: bets 60
Mahu2021: folds 
dj6912: calls 60
*** RIVER *** [Ah 4c Qc Qh] [5d]
dj6912: bets 180
foto29: calls 180
*** SHOW DOWN ***
dj6912: shows [Js Ts] (a pair of Queens)
foto29: shows [Ad 7d] (two pair, Aces and Queens)
foto29 collected 720 from pot
*** SUMMARY ***
Total pot 720 | Rake 0 
Board [Ah 4c Qc Qh 5d]
Seat 1: Mahu2021 (button) folded on the Turn
Seat 2: dj6912 (small blind) showed [Js Ts] and lost with a pair of Queens
Seat 3: foto29 (big blind) showed [Ad 7d] and won (720) with two pair, Aces and Queens



PokerStars Hand #244756371978: Tournament #3615662228, $9.30+$0.70 USD Hold'em No Limit - Level I (10/20) - 2023/07/11 20:35:31 CET [2023/07/11 14:35:31 ET]
Table '3615662228 1' 3-max Seat #2 is the button
Seat 1: Mahu2021 (360 in chips) 
Seat 2: dj6912 (140 in chips) 
Seat 3: foto29 (1000 in chips) 
foto29: posts small blind 10
Mahu2021: posts big blind 20
*** HOLE CARDS ***
Dealt to Mahu2021 [3d 3s]
dj6912: raises 120 to 140 and is all-in
foto29: folds 
Mahu2021: calls 120
*** FLOP *** [Qd 4c 8s]
*** TURN *** [Qd 4c 8s] [Ts]
*** RIVER *** [Qd 4c 8s Ts] [Jh]
*** SHOW DOWN ***
Mahu2021: shows [3d 3s] (a pair of Threes)
dj6912: shows [2c Ad] (high card Ace)
Mahu2021 collected 290 from pot
dj6912 finished the tournament in 3rd place
*** SUMMARY ***
Total pot 290 | Rake 0 
Board [Qd 4c 8s Ts Jh]
Seat 1: Mahu2021 (big blind) showed [3d 3s] and won (290) with a pair of Threes
Seat 2: dj6912 (button) showed [2c Ad] and lost with high card Ace
Seat 3: foto29 (small blind) folded before Flop



PokerStars Hand #244756378116: Tournament #3615662228, $9.30+$0.70 USD Hold'em No Limit - Level I (10/20) - 2023/07/11 20:35:49 CET [2023/07/11 14:35:49 ET]
Table '3615662228 1' 3-max Seat #1 is the button
Seat 1: Mahu2021 (510 in chips) 
Seat 3: foto29 (990 in chips) 
Mahu2021: posts small blind 10
foto29: posts big blind 20
*** HOLE CARDS ***
Dealt to Mahu2021 [8s 6d]
Mahu2021: folds 
Uncalled bet (10) returned to foto29
foto29 collected 20 from pot
*** SUMMARY ***
Total pot 20 | Rake 0 
Seat 1: Mahu2021 (button) (small blind) folded before Flop
Seat 3: foto29 (big blind) collected (20)



PokerStars Hand #244756379747: Tournament #3615662228, $9.30+$0.70 USD Hold'em No Limit - Level I (10/20) - 2023/07/11 20:35:54 CET [2023/07/11 14:35:54 ET]
Table '3615662228 1' 3-max Seat #3 is the button
Seat 1: Mahu2021 (500 in chips) 
Seat 3: foto29 (1000 in chips) 
foto29: posts small blind 10
Mahu2021: posts big blind 20
*** HOLE CARDS ***
Dealt to Mahu2021 [Qd Td]
foto29: calls 10
Mahu2021: checks 
*** FLOP *** [5c 6d 7d]
Mahu2021: checks 
foto29: checks 
*** TURN *** [5c 6d 7d] [3c]
Mahu2021: checks 
foto29: checks 
*** RIVER *** [5c 6d 7d 3c] [Ts]
Mahu2021: checks 
foto29: checks 
*** SHOW DOWN ***
Mahu2021: shows [Qd Td] (a pair of Tens)
foto29: mucks hand 
Mahu2021 collected 40 from pot
*** SUMMARY ***
Total pot 40 | Rake 0 
Board [5c 6d 7d 3c Ts]
Seat 1: Mahu2021 (big blind) showed [Qd Td] and won (40) with a pair of Tens
Seat 3: foto29 (button) (small blind) mucked [Jc Th]



PokerStars Hand #244756385596: Tournament #3615662228, $9.30+$0.70 USD Hold'em No Limit - Level I (10/20) - 2023/07/11 20:36:11 CET [2023/07/11 14:36:11 ET]
Table '3615662228 1' 3-max Seat #1 is the button
Seat 1: Mahu2021 (520 in chips) 
Seat 3: foto29 (980 in chips) 
Mahu2021: posts small blind 10
foto29: posts big blind 20
*** HOLE CARDS ***
Dealt to Mahu2021 [7c Qs]
Mahu2021: calls 10
foto29: checks 
*** FLOP *** [Kd 8d Qd]
foto29: checks 
Mahu2021: bets 40
foto29: folds 
Uncalled bet (40) returned to Mahu2021
Mahu2021 collected 40 from pot
Mahu2021: doesn't show hand 
*** SUMMARY ***
Total pot 40 | Rake 0 
Board [Kd 8d Qd]
Seat 1: Mahu2021 (button) (small blind) collected (40)
Seat 3: foto29 (big blind) folded on the Flop



PokerStars Hand #244756389720: Tournament #3615662228, $9.30+$0.70 USD Hold'em No Limit - Level I (10/20) - 2023/07/11 20:36:23 CET [2023/07/11 14:36:23 ET]
Table '3615662228 1' 3-max Seat #3 is the button
Seat 1: Mahu2021 (540 in chips) 
Seat 3: foto29 (960 in chips) 
foto29: posts small blind 10
Mahu2021: posts big blind 20
*** HOLE CARDS ***
Dealt to Mahu2021 [4h 7c]
foto29: folds 
Uncalled bet (10) returned to Mahu2021
Mahu2021 collected 20 from pot
Mahu2021: doesn't show hand 
*** SUMMARY ***
Total pot 20 | Rake 0 
Seat 1: Mahu2021 (big blind) collected (20)
Seat 3: foto29 (button) (small blind) folded before Flop



PokerStars Hand #244756391280: Tournament #3615662228, $9.30+$0.70 USD Hold'em No Limit - Level I (10/20) - 2023/07/11 20:36:28 CET [2023/07/11 14:36:28 ET]
Table '3615662228 1' 3-max Seat #1 is the button
Seat 1: Mahu2021 (550 in chips) 
Seat 3: foto29 (950 in chips) 
Mahu2021: posts small blind 10
foto29: posts big blind 20
*** HOLE CARDS ***
Dealt to Mahu2021 [7h 7s]
Mahu2021: raises 20 to 40
foto29: folds 
Uncalled bet (20) returned to Mahu2021
Mahu2021 collected 40 from pot
Mahu2021: doesn't show hand 
*** SUMMARY ***
Total pot 40 | Rake 0 
Seat 1: Mahu2021 (button) (small blind) collected (40)
Seat 3: foto29 (big blind) folded before Flop



PokerStars Hand #244756393618: Tournament #3615662228, $9.30+$0.70 USD Hold'em No Limit - Level I (10/20) - 2023/07/11 20:36:34 CET [2023/07/11 14:36:34 ET]
Table '3615662228 1' 3-max Seat #3 is the button
Seat 1: Mahu2021 (570 in chips) 
Seat 3: foto29 (930 in chips) 
foto29: posts small blind 10
Mahu2021: posts big blind 20
*** HOLE CARDS ***
Dealt to Mahu2021 [9s 6h]
foto29: calls 10
Mahu2021: checks 
*** FLOP *** [Kd 7s 5d]
Mahu2021: checks 
foto29: checks 
*** TURN *** [Kd 7s 5d] [5s]
Mahu2021: checks 
foto29: bets 20
Mahu2021: calls 20
*** RIVER *** [Kd 7s 5d 5s] [7c]
Mahu2021: checks 
foto29: bets 80
Mahu2021: folds 
Uncalled bet (80) returned to foto29
foto29 collected 80 from pot
*** SUMMARY ***
Total pot 80 | Rake 0 
Board [Kd 7s 5d 5s 7c]
Seat 1: Mahu2021 (big blind) folded on the River
Seat 3: foto29 (button) (small blind) collected (80)



PokerStars Hand #244756399735: Tournament #3615662228, $9.30+$0.70 USD Hold'em No Limit - Level I (10/20) - 2023/07/11 20:36:52 CET [2023/07/11 14:36:52 ET]
Table '3615662228 1' 3-max Seat #1 is the button
Seat 1: Mahu2021 (530 in chips) 
Seat 3: foto29 (970 in chips) 
Mahu2021: posts small blind 10
foto29: posts big blind 20
*** HOLE CARDS ***
Dealt to Mahu2021 [3c Tc]
Mahu2021: folds 
Uncalled bet (10) returned to foto29
foto29 collected 20 from pot
*** SUMMARY ***
Total pot 20 | Rake 0 
Seat 1: Mahu2021 (button) (small blind) folded before Flop
Seat 3: foto29 (big blind) collected (20)



PokerStars Hand #244756401321: Tournament #3615662228, $9.30+$0.70 USD Hold'em No Limit - Level I (10/20) - 2023/07/11 20:36:57 CET [2023/07/11 14:36:57 ET]
Table '3615662228 1' 3-max Seat #3 is the button
Seat 1: Mahu2021 (520 in chips) 
Seat 3: foto29 (980 in chips) 
foto29: posts small blind 10
Mahu2021: posts big blind 20
*** HOLE CARDS ***
Dealt to Mahu2021 [4s 5c]
foto29: calls 10
Mahu2021: checks 
*** FLOP *** [8h Ts 7h]
Mahu2021: checks 
foto29: checks 
*** TURN *** [8h Ts 7h] [9h]
Mahu2021: bets 20
foto29: folds 
Uncalled bet (20) returned to Mahu2021
Mahu2021 collected 40 from pot
Mahu2021: doesn't show hand 
*** SUMMARY ***
Total pot 40 | Rake 0 
Board [8h Ts 7h 9h]
Seat 1: Mahu2021 (big blind) collected (40)
Seat 3: foto29 (button) (small blind) folded on the Turn



PokerStars Hand #244756405288: Tournament #3615662228, $9.30+$0.70 USD Hold'em No Limit - Level I (10/20) - 2023/07/11 20:37:08 CET [2023/07/11 14:37:08 ET]
Table '3615662228 1' 3-max Seat #1 is the button
Seat 1: Mahu2021 (540 in chips) 
Seat 3: foto29 (960 in chips) 
Mahu2021: posts small blind 10
foto29: posts big blind 20
*** HOLE CARDS ***
Dealt to Mahu2021 [9d Qs]
Mahu2021: calls 10
foto29: checks 
*** FLOP *** [Ah Td As]
foto29: bets 20
Mahu2021: folds 
Uncalled bet (20) returned to foto29
foto29 collected 40 from pot
*** SUMMARY ***
Total pot 40 | Rake 0 
Board [Ah Td As]
Seat 1: Mahu2021 (button) (small blind) folded on the Flop
Seat 3: foto29 (big blind) collected (40)



PokerStars Hand #244756408445: Tournament #3615662228, $9.30+$0.70 USD Hold'em No Limit - Level I (10/20) - 2023/07/11 20:37:17 CET [2023/07/11 14:37:17 ET]
Table '3615662228 1' 3-max Seat #3 is the button
Seat 1: Mahu2021 (520 in chips) 
Seat 3: foto29 (980 in chips) 
foto29: posts small blind 10
Mahu2021: posts big blind 20
*** HOLE CARDS ***
Dealt to Mahu2021 [Kh Ad]
foto29: folds 
Uncalled bet (10) returned to Mahu2021
Mahu2021 collected 20 from pot
Mahu2021: doesn't show hand 
*** SUMMARY ***
Total pot 20 | Rake 0 
Seat 1: Mahu2021 (big blind) collected (20)
Seat 3: foto29 (button) (small blind) folded before Flop



PokerStars Hand #244756410978: Tournament #3615662228, $9.30+$0.70 USD Hold'em No Limit - Level II (15/30) - 2023/07/11 20:37:25 CET [2023/07/11 14:37:25 ET]
Table '3615662228 1' 3-max Seat #1 is the button
Seat 1: Mahu2021 (530 in chips) 
Seat 3: foto29 (970 in chips) 
Mahu2021: posts small blind 15
foto29: posts big blind 30
*** HOLE CARDS ***
Dealt to Mahu2021 [Tc Jc]
Mahu2021: raises 30 to 60
foto29: calls 30
*** FLOP *** [Td 7h 8s]
foto29: checks 
Mahu2021: bets 120
foto29: calls 120
*** TURN *** [Td 7h 8s] [9d]
foto29: checks 
Mahu2021: bets 350 and is all-in
foto29: folds 
Uncalled bet (350) returned to Mahu2021
Mahu2021 collected 360 from pot
Mahu2021: doesn't show hand 
*** SUMMARY ***
Total pot 360 | Rake 0 
Board [Td 7h 8s 9d]
Seat 1: Mahu2021 (button) (small blind) collected (360)
Seat 3: foto29 (big blind) folded on the Turn



PokerStars Hand #244756416837: Tournament #3615662228, $9.30+$0.70 USD Hold'em No Limit - Level II (15/30) - 2023/07/11 20:37:42 CET [2023/07/11 14:37:42 ET]
Table '3615662228 1' 3-max Seat #3 is the button
Seat 1: Mahu2021 (710 in chips) 
Seat 3: foto29 (790 in chips) 
foto29: posts small blind 15
Mahu2021: posts big blind 30
*** HOLE CARDS ***
Dealt to Mahu2021 [3s 8d]
foto29: calls 15
Mahu2021: checks 
*** FLOP *** [5d 2h 2s]
Mahu2021: checks 
foto29: bets 30
Mahu2021: folds 
Uncalled bet (30) returned to foto29
foto29 collected 60 from pot
*** SUMMARY ***
Total pot 60 | Rake 0 
Board [5d 2h 2s]
Seat 1: Mahu2021 (big blind) folded on the Flop
Seat 3: foto29 (button) (small blind) collected (60)



PokerStars Hand #244756420331: Tournament #3615662228, $9.30+$0.70 USD Hold'em No Limit - Level II (15/30) - 2023/07/11 20:37:52 CET [2023/07/11 14:37:52 ET]
Table '3615662228 1' 3-max Seat #1 is the button
Seat 1: Mahu2021 (680 in chips) 
Seat 3: foto29 (820 in chips) 
Mahu2021: posts small blind 15
foto29: posts big blind 30
*** HOLE CARDS ***
Dealt to Mahu2021 [5d Ac]
Mahu2021: calls 15
foto29: checks 
*** FLOP *** [Ah 6h Qd]
foto29: bets 30
Mahu2021: calls 30
*** TURN *** [Ah 6h Qd] [Js]
foto29: checks 
Mahu2021: checks 
*** RIVER *** [Ah 6h Qd Js] [9s]
foto29: checks 
Mahu2021: checks 
*** SHOW DOWN ***
foto29: shows [8s 3c] (high card Ace)
Mahu2021: shows [5d Ac] (a pair of Aces)
Mahu2021 collected 120 from pot
*** SUMMARY ***
Total pot 120 | Rake 0 
Board [Ah 6h Qd Js 9s]
Seat 1: Mahu2021 (button) (small blind) showed [5d Ac] and won (120) with a pair of Aces
Seat 3: foto29 (big blind) showed [8s 3c] and lost with high card Ace



PokerStars Hand #244756425586: Tournament #3615662228, $9.30+$0.70 USD Hold'em No Limit - Level II (15/30) - 2023/07/11 20:38:07 CET [2023/07/11 14:38:07 ET]
Table '3615662228 1' 3-max Seat #3 is the button
Seat 1: Mahu2021 (740 in chips) 
Seat 3: foto29 (760 in chips) 
foto29: posts small blind 15
Mahu2021: posts big blind 30
*** HOLE CARDS ***
Dealt to Mahu2021 [Qd Jc]
foto29: raises 60 to 90
Mahu2021: calls 60
*** FLOP *** [5h 4d 7s]
Mahu2021: checks 
foto29: checks 
*** TURN *** [5h 4d 7s] [6c]
Mahu2021: checks 
foto29: checks 
*** RIVER *** [5h 4d 7s 6c] [6h]
Mahu2021: checks 
foto29: checks 
*** SHOW DOWN ***
Mahu2021: shows [Qd Jc] (a pair of Sixes)
foto29: mucks hand 
Mahu2021 collected 180 from pot
*** SUMMARY ***
Total pot 180 | Rake 0 
Board [5h 4d 7s 6c 6h]
Seat 1: Mahu2021 (big blind) showed [Qd Jc] and won (180) with a pair of Sixes
Seat 3: foto29 (button) (small blind) mucked [Qs 9h]



PokerStars Hand #244756430892: Tournament #3615662228, $9.30+$0.70 USD Hold'em No Limit - Level II (15/30) - 2023/07/11 20:38:23 CET [2023/07/11 14:38:23 ET]
Table '3615662228 1' 3-max Seat #1 is the button
Seat 1: Mahu2021 (830 in chips) 
Seat 3: foto29 (670 in chips) 
Mahu2021: posts small blind 15
foto29: posts big blind 30
*** HOLE CARDS ***
Dealt to Mahu2021 [Qc Td]
Mahu2021: calls 15
foto29: checks 
*** FLOP *** [4d 5s Tc]
foto29: bets 30
Mahu2021: calls 30
*** TURN *** [4d 5s Tc] [2c]
foto29: bets 30
Mahu2021: calls 30
*** RIVER *** [4d 5s Tc 2c] [3c]
foto29: bets 60
Mahu2021: calls 60
*** SHOW DOWN ***
foto29: shows [7d 6c] (a straight, Three to Seven)
Mahu2021: mucks hand 
foto29 collected 300 from pot
*** SUMMARY ***
Total pot 300 | Rake 0 
Board [4d 5s Tc 2c 3c]
Seat 1: Mahu2021 (button) (small blind) mucked [Qc Td]
Seat 3: foto29 (big blind) showed [7d 6c] and won (300) with a straight, Three to Seven



PokerStars Hand #244756436311: Tournament #3615662228, $9.30+$0.70 USD Hold'em No Limit - Level II (15/30) - 2023/07/11 20:38:39 CET [2023/07/11 14:38:39 ET]
Table '3615662228 1' 3-max Seat #3 is the button
Seat 1: Mahu2021 (680 in chips) 
Seat 3: foto29 (820 in chips) 
foto29: posts small blind 15
Mahu2021: posts big blind 30
*** HOLE CARDS ***
Dealt to Mahu2021 [Kc Jd]
foto29: calls 15
Mahu2021: raises 60 to 90
foto29: folds 
Uncalled bet (60) returned to Mahu2021
Mahu2021 collected 60 from pot
Mahu2021: doesn't show hand 
*** SUMMARY ***
Total pot 60 | Rake 0 
Seat 1: Mahu2021 (big blind) collected (60)
Seat 3: foto29 (button) (small blind) folded before Flop



PokerStars Hand #244756438937: Tournament #3615662228, $9.30+$0.70 USD Hold'em No Limit - Level II (15/30) - 2023/07/11 20:38:46 CET [2023/07/11 14:38:46 ET]
Table '3615662228 1' 3-max Seat #1 is the button
Seat 1: Mahu2021 (710 in chips) 
Seat 3: foto29 (790 in chips) 
Mahu2021: posts small blind 15
foto29: posts big blind 30
*** HOLE CARDS ***
Dealt to Mahu2021 [As 3d]
Mahu2021: calls 15
foto29: checks 
*** FLOP *** [8h Ks Ah]
foto29: bets 120
Mahu2021: folds 
Uncalled bet (120) returned to foto29
foto29 collected 60 from pot
*** SUMMARY ***
Total pot 60 | Rake 0 
Board [8h Ks Ah]
Seat 1: Mahu2021 (button) (small blind) folded on the Flop
Seat 3: foto29 (big blind) collected (60)



PokerStars Hand #244756443784: Tournament #3615662228, $9.30+$0.70 USD Hold'em No Limit - Level II (15/30) - 2023/07/11 20:39:00 CET [2023/07/11 14:39:00 ET]
Table '3615662228 1' 3-max Seat #3 is the button
Seat 1: Mahu2021 (680 in chips) 
Seat 3: foto29 (820 in chips) 
foto29: posts small blind 15
Mahu2021: posts big blind 30
*** HOLE CARDS ***
Dealt to Mahu2021 [Ad Ks]
foto29: raises 60 to 90
Mahu2021: raises 590 to 680 and is all-in
foto29: calls 590
*** FLOP *** [8h 9c Js]
*** TURN *** [8h 9c Js] [7c]
*** RIVER *** [8h 9c Js 7c] [Tc]
*** SHOW DOWN ***
Mahu2021: shows [Ad Ks] (a straight, Seven to Jack)
foto29: shows [9h Jh] (a straight, Seven to Jack)
Mahu2021 collected 680 from pot
foto29 collected 680 from pot
*** SUMMARY ***
Total pot 1360 | Rake 0 
Board [8h 9c Js 7c Tc]
Seat 1: Mahu2021 (big blind) showed [Ad Ks] and won (680) with a straight, Seven to Jack
Seat 3: foto29 (button) (small blind) showed [9h Jh] and won (680) with a straight, Seven to Jack



PokerStars Hand #244756449306: Tournament #3615662228, $9.30+$0.70 USD Hold'em No Limit - Level II (15/30) - 2023/07/11 20:39:16 CET [2023/07/11 14:39:16 ET]
Table '3615662228 1' 3-max Seat #1 is the button
Seat 1: Mahu2021 (680 in chips) 
Seat 3: foto29 (820 in chips) 
Mahu2021: posts small blind 15
foto29: posts big blind 30
*** HOLE CARDS ***
Dealt to Mahu2021 [7d Kd]
Mahu2021: calls 15
foto29: checks 
*** FLOP *** [Ks 2d 9h]
foto29: bets 30
Mahu2021: calls 30
*** TURN *** [Ks 2d 9h] [Qc]
foto29: checks 
Mahu2021: checks 
*** RIVER *** [Ks 2d 9h Qc] [As]
foto29: checks 
Mahu2021: checks 
*** SHOW DOWN ***
foto29: shows [7s 2c] (a pair of Deuces)
Mahu2021: shows [7d Kd] (a pair of Kings)
Mahu2021 collected 120 from pot
*** SUMMARY ***
Total pot 120 | Rake 0 
Board [Ks 2d 9h Qc As]
Seat 1: Mahu2021 (button) (small blind) showed [7d Kd] and won (120) with a pair of Kings
Seat 3: foto29 (big blind) showed [7s 2c] and lost with a pair of Deuces



PokerStars Hand #244756454380: Tournament #3615662228, $9.30+$0.70 USD Hold'em No Limit - Level II (15/30) - 2023/07/11 20:39:31 CET [2023/07/11 14:39:31 ET]
Table '3615662228 1' 3-max Seat #3 is the button
Seat 1: Mahu2021 (740 in chips) 
Seat 3: foto29 (760 in chips) 
foto29: posts small blind 15
Mahu2021: posts big blind 30
*** HOLE CARDS ***
Dealt to Mahu2021 [Th Jh]
foto29: calls 15
Mahu2021: checks 
*** FLOP *** [6d 2c 5d]
Mahu2021: checks 
foto29: checks 
*** TURN *** [6d 2c 5d] [7d]
Mahu2021: bets 30
foto29: calls 30
*** RIVER *** [6d 2c 5d 7d] [Kc]
Mahu2021: checks 
foto29: checks 
*** SHOW DOWN ***
Mahu2021: shows [Th Jh] (high card King)
foto29: shows [Qc Td] (high card King - Queen kicker)
foto29 collected 120 from pot
*** SUMMARY ***
Total pot 120 | Rake 0 
Board [6d 2c 5d 7d Kc]
Seat 1: Mahu2021 (big blind) showed [Th Jh] and lost with high card King
Seat 3: foto29 (button) (small blind) showed [Qc Td] and won (120) with high card King



PokerStars Hand #244756459130: Tournament #3615662228, $9.30+$0.70 USD Hold'em No Limit - Level II (15/30) - 2023/07/11 20:39:44 CET [2023/07/11 14:39:44 ET]
Table '3615662228 1' 3-max Seat #1 is the button
Seat 1: Mahu2021 (680 in chips) 
Seat 3: foto29 (820 in chips) 
Mahu2021: posts small blind 15
foto29: posts big blind 30
*** HOLE CARDS ***
Dealt to Mahu2021 [Qd 6h]
Mahu2021: calls 15
foto29: checks 
*** FLOP *** [3d 7c 5d]
foto29: checks 
Mahu2021: bets 30
foto29: calls 30
*** TURN *** [3d 7c 5d] [Ks]
foto29: checks 
Mahu2021: checks 
*** RIVER *** [3d 7c 5d Ks] [5c]
foto29: checks 
Mahu2021: bets 120
foto29: folds 
Uncalled bet (120) returned to Mahu2021
Mahu2021 collected 120 from pot
Mahu2021: doesn't show hand 
*** SUMMARY ***
Total pot 120 | Rake 0 
Board [3d 7c 5d Ks 5c]
Seat 1: Mahu2021 (button) (small blind) collected (120)
Seat 3: foto29 (big blind) folded on the River



PokerStars Hand #244756464730: Tournament #3615662228, $9.30+$0.70 USD Hold'em No Limit - Level II (15/30) - 2023/07/11 20:40:01 CET [2023/07/11 14:40:01 ET]
Table '3615662228 1' 3-max Seat #3 is the button
Seat 1: Mahu2021 (740 in chips) 
Seat 3: foto29 (760 in chips) 
foto29: posts small blind 15
Mahu2021: posts big blind 30
*** HOLE CARDS ***
Dealt to Mahu2021 [Jd 8c]
foto29: calls 15
Mahu2021: checks 
*** FLOP *** [Ah Qd 4c]
Mahu2021: checks 
foto29: checks 
*** TURN *** [Ah Qd 4c] [Qc]
Mahu2021: checks 
foto29: bets 30
Mahu2021: folds 
Uncalled bet (30) returned to foto29
foto29 collected 60 from pot
*** SUMMARY ***
Total pot 60 | Rake 0 
Board [Ah Qd 4c Qc]
Seat 1: Mahu2021 (big blind) folded on the Turn
Seat 3: foto29 (button) (small blind) collected (60)



PokerStars Hand #244756468890: Tournament #3615662228, $9.30+$0.70 USD Hold'em No Limit - Level II (15/30) - 2023/07/11 20:40:13 CET [2023/07/11 14:40:13 ET]
Table '3615662228 1' 3-max Seat #1 is the button
Seat 1: Mahu2021 (710 in chips) 
Seat 3: foto29 (790 in chips) 
Mahu2021: posts small blind 15
foto29: posts big blind 30
*** HOLE CARDS ***
Dealt to Mahu2021 [Td 3s]
Mahu2021: folds 
Uncalled bet (15) returned to foto29
foto29 collected 30 from pot
*** SUMMARY ***
Total pot 30 | Rake 0 
Seat 1: Mahu2021 (button) (small blind) folded before Flop
Seat 3: foto29 (big blind) collected (30)



PokerStars Hand #244756470432: Tournament #3615662228, $9.30+$0.70 USD Hold'em No Limit - Level II (15/30) - 2023/07/11 20:40:17 CET [2023/07/11 14:40:17 ET]
Table '3615662228 1' 3-max Seat #3 is the button
Seat 1: Mahu2021 (695 in chips) 
Seat 3: foto29 (805 in chips) 
foto29: posts small blind 15
Mahu2021: posts big blind 30
*** HOLE CARDS ***
Dealt to Mahu2021 [2s Ks]
foto29: calls 15
Mahu2021: checks 
*** FLOP *** [6d 9s 3s]
Mahu2021: checks 
foto29: bets 30
Mahu2021: calls 30
*** TURN *** [6d 9s 3s] [Js]
Mahu2021: checks 
foto29: checks 
*** RIVER *** [6d 9s 3s Js] [Kd]
Mahu2021: bets 120
foto29: raises 625 to 745 and is all-in
Mahu2021: calls 515 and is all-in
Uncalled bet (110) returned to foto29
*** SHOW DOWN ***
foto29: shows [9c 9d] (three of a kind, Nines)
Mahu2021: shows [2s Ks] (a flush, King high)
Mahu2021 collected 1390 from pot
*** SUMMARY ***
Total pot 1390 | Rake 0 
Board [6d 9s 3s Js Kd]
Seat 1: Mahu2021 (big blind) showed [2s Ks] and won (1390) with a flush, King high
Seat 3: foto29 (button) (small blind) showed [9c 9d] and lost with three of a kind, Nines



PokerStars Hand #244756477969: Tournament #3615662228, $9.30+$0.70 USD Hold'em No Limit - Level III (20/40) - 2023/07/11 20:40:39 CET [2023/07/11 14:40:39 ET]
Table '3615662228 1' 3-max Seat #1 is the button
Seat 1: Mahu2021 (1390 in chips) 
Seat 3: foto29 (110 in chips) 
Mahu2021: posts small blind 20
foto29: posts big blind 40
*** HOLE CARDS ***
Dealt to Mahu2021 [Ah Ts]
Mahu2021: raises 80 to 120
foto29: calls 70 and is all-in
Uncalled bet (10) returned to Mahu2021
*** FLOP *** [9s 5d 6c]
*** TURN *** [9s 5d 6c] [9c]
*** RIVER *** [9s 5d 6c 9c] [5h]
*** SHOW DOWN ***
foto29: shows [Js 2h] (two pair, Nines and Fives)
Mahu2021: shows [Ah Ts] (two pair, Nines and Fives - Ace kicker)
Mahu2021 collected 220 from pot
foto29 finished the tournament in 2nd place
Mahu2021 wins the tournament and receives $30.00 - congratulations!
*** SUMMARY ***
Total pot 220 | Rake 0 
Board [9s 5d 6c 9c 5h]
Seat 1: Mahu2021 (button) (small blind) showed [Ah Ts] and won (220) with two pair, Nines and Fives
Seat 3: foto29 (big blind) showed [Js 2h] and lost with two pair, Nines and Fives



