PokerStars Hand #243998569676: Tournament #3598116113, $0.92+$0.08 USD Hold'em No Limit - Level I (10/20) - 2023/05/30 21:10:12 CET [2023/05/30 15:10:12 ET]
Table '3598116113 1' 3-max Seat #1 is the button
Seat 1: DerSchulzi20 (500 in chips) 
Seat 2: Mahu2021 (500 in chips) 
Seat 3: nunes100 (500 in chips) 
Mahu2021: posts small blind 10
nunes100: posts big blind 20
*** HOLE CARDS ***
Dealt to Mahu2021 [Qh 3c]
DerSchulzi20: folds 
Mahu2021: folds 
Uncalled bet (10) returned to nunes100
nunes100 collected 20 from pot
nunes100: doesn't show hand 
*** SUMMARY ***
Total pot 20 | Rake 0 
Seat 1: DerSchulzi20 (button) folded before Flop (didn't bet)
Seat 2: Mahu2021 (small blind) folded before Flop
Seat 3: nunes100 (big blind) collected (20)



PokerStars Hand #243998574719: Tournament #3598116113, $0.92+$0.08 USD Hold'em No Limit - Level I (10/20) - 2023/05/30 21:10:22 CET [2023/05/30 15:10:22 ET]
Table '3598116113 1' 3-max Seat #2 is the button
Seat 1: DerSchulzi20 (500 in chips) 
Seat 2: Mahu2021 (490 in chips) 
Seat 3: nunes100 (510 in chips) 
nunes100: posts small blind 10
DerSchulzi20: posts big blind 20
*** HOLE CARDS ***
Dealt to Mahu2021 [As Ts]
Mahu2021: raises 20 to 40
nunes100: calls 30
DerSchulzi20: calls 20
*** FLOP *** [4c 4s 2c]
nunes100: checks 
DerSchulzi20: checks 
Mahu2021: checks 
*** TURN *** [4c 4s 2c] [5d]
nunes100: checks 
DerSchulzi20: checks 
Mahu2021: bets 40
nunes100: folds 
DerSchulzi20: folds 
Uncalled bet (40) returned to Mahu2021
Mahu2021 collected 120 from pot
Mahu2021: doesn't show hand 
*** SUMMARY ***
Total pot 120 | Rake 0 
Board [4c 4s 2c 5d]
Seat 1: DerSchulzi20 (big blind) folded on the Turn
Seat 2: Mahu2021 (button) collected (120)
Seat 3: nunes100 (small blind) folded on the Turn



PokerStars Hand #243998585696: Tournament #3598116113, $0.92+$0.08 USD Hold'em No Limit - Level I (10/20) - 2023/05/30 21:10:45 CET [2023/05/30 15:10:45 ET]
Table '3598116113 1' 3-max Seat #3 is the button
Seat 1: DerSchulzi20 (460 in chips) 
Seat 2: Mahu2021 (570 in chips) 
Seat 3: nunes100 (470 in chips) 
DerSchulzi20: posts small blind 10
Mahu2021: posts big blind 20
*** HOLE CARDS ***
Dealt to Mahu2021 [Kc Tc]
nunes100: calls 20
DerSchulzi20: folds 
Mahu2021: checks 
*** FLOP *** [6h 4d 9s]
Mahu2021: checks 
nunes100: bets 25
Mahu2021: folds 
Uncalled bet (25) returned to nunes100
nunes100 collected 50 from pot
nunes100: doesn't show hand 
*** SUMMARY ***
Total pot 50 | Rake 0 
Board [6h 4d 9s]
Seat 1: DerSchulzi20 (small blind) folded before Flop
Seat 2: Mahu2021 (big blind) folded on the Flop
Seat 3: nunes100 (button) collected (50)



PokerStars Hand #243998592821: Tournament #3598116113, $0.92+$0.08 USD Hold'em No Limit - Level I (10/20) - 2023/05/30 21:11:00 CET [2023/05/30 15:11:00 ET]
Table '3598116113 1' 3-max Seat #1 is the button
Seat 1: DerSchulzi20 (450 in chips) 
Seat 2: Mahu2021 (550 in chips) 
Seat 3: nunes100 (500 in chips) 
Mahu2021: posts small blind 10
nunes100: posts big blind 20
*** HOLE CARDS ***
Dealt to Mahu2021 [As 3s]
DerSchulzi20: folds 
Mahu2021: calls 10
nunes100: checks 
*** FLOP *** [2d 7d 2h]
Mahu2021: bets 20
nunes100: calls 20
*** TURN *** [2d 7d 2h] [4d]
Mahu2021: checks 
nunes100: bets 40
Mahu2021: folds 
Uncalled bet (40) returned to nunes100
nunes100 collected 80 from pot
nunes100: doesn't show hand 
*** SUMMARY ***
Total pot 80 | Rake 0 
Board [2d 7d 2h 4d]
Seat 1: DerSchulzi20 (button) folded before Flop (didn't bet)
Seat 2: Mahu2021 (small blind) folded on the Turn
Seat 3: nunes100 (big blind) collected (80)



PokerStars Hand #243998602994: Tournament #3598116113, $0.92+$0.08 USD Hold'em No Limit - Level I (10/20) - 2023/05/30 21:11:21 CET [2023/05/30 15:11:21 ET]
Table '3598116113 1' 3-max Seat #2 is the button
Seat 1: DerSchulzi20 (450 in chips) 
Seat 2: Mahu2021 (510 in chips) 
Seat 3: nunes100 (540 in chips) 
nunes100: posts small blind 10
DerSchulzi20: posts big blind 20
*** HOLE CARDS ***
Dealt to Mahu2021 [6d 4h]
Mahu2021: folds 
nunes100: calls 10
DerSchulzi20: checks 
*** FLOP *** [Ac 4d 6s]
nunes100: checks 
DerSchulzi20: checks 
*** TURN *** [Ac 4d 6s] [7h]
nunes100: bets 40
DerSchulzi20: folds 
Uncalled bet (40) returned to nunes100
nunes100 collected 40 from pot
nunes100: doesn't show hand 
*** SUMMARY ***
Total pot 40 | Rake 0 
Board [Ac 4d 6s 7h]
Seat 1: DerSchulzi20 (big blind) folded on the Turn
Seat 2: Mahu2021 (button) folded before Flop (didn't bet)
Seat 3: nunes100 (small blind) collected (40)



PokerStars Hand #243998611240: Tournament #3598116113, $0.92+$0.08 USD Hold'em No Limit - Level I (10/20) - 2023/05/30 21:11:38 CET [2023/05/30 15:11:38 ET]
Table '3598116113 1' 3-max Seat #3 is the button
Seat 1: DerSchulzi20 (430 in chips) 
Seat 2: Mahu2021 (510 in chips) 
Seat 3: nunes100 (560 in chips) 
DerSchulzi20: posts small blind 10
Mahu2021: posts big blind 20
*** HOLE CARDS ***
Dealt to Mahu2021 [6d 8s]
nunes100: raises 50 to 70
DerSchulzi20: raises 90 to 160
Mahu2021: folds 
nunes100: calls 90
*** FLOP *** [5d 4d 3s]
DerSchulzi20: bets 100
nunes100: folds 
Uncalled bet (100) returned to DerSchulzi20
DerSchulzi20 collected 340 from pot
*** SUMMARY ***
Total pot 340 | Rake 0 
Board [5d 4d 3s]
Seat 1: DerSchulzi20 (small blind) collected (340)
Seat 2: Mahu2021 (big blind) folded before Flop
Seat 3: nunes100 (button) folded on the Flop



PokerStars Hand #243998619424: Tournament #3598116113, $0.92+$0.08 USD Hold'em No Limit - Level I (10/20) - 2023/05/30 21:11:55 CET [2023/05/30 15:11:55 ET]
Table '3598116113 1' 3-max Seat #1 is the button
Seat 1: DerSchulzi20 (610 in chips) 
Seat 2: Mahu2021 (490 in chips) 
Seat 3: nunes100 (400 in chips) 
Mahu2021: posts small blind 10
nunes100: posts big blind 20
*** HOLE CARDS ***
Dealt to Mahu2021 [Qh 7c]
DerSchulzi20: folds 
Mahu2021: calls 10
nunes100: checks 
*** FLOP *** [5d 4c 9d]
Mahu2021: checks 
nunes100: bets 40
Mahu2021: folds 
Uncalled bet (40) returned to nunes100
nunes100 collected 40 from pot
nunes100: doesn't show hand 
*** SUMMARY ***
Total pot 40 | Rake 0 
Board [5d 4c 9d]
Seat 1: DerSchulzi20 (button) folded before Flop (didn't bet)
Seat 2: Mahu2021 (small blind) folded on the Flop
Seat 3: nunes100 (big blind) collected (40)



PokerStars Hand #243998626921: Tournament #3598116113, $0.92+$0.08 USD Hold'em No Limit - Level I (10/20) - 2023/05/30 21:12:11 CET [2023/05/30 15:12:11 ET]
Table '3598116113 1' 3-max Seat #2 is the button
Seat 1: DerSchulzi20 (610 in chips) 
Seat 2: Mahu2021 (470 in chips) 
Seat 3: nunes100 (420 in chips) 
nunes100: posts small blind 10
DerSchulzi20: posts big blind 20
*** HOLE CARDS ***
Dealt to Mahu2021 [2h Kh]
Mahu2021: calls 20
nunes100: raises 60 to 80
DerSchulzi20: folds 
Mahu2021: folds 
Uncalled bet (60) returned to nunes100
nunes100 collected 60 from pot
nunes100: doesn't show hand 
*** SUMMARY ***
Total pot 60 | Rake 0 
Seat 1: DerSchulzi20 (big blind) folded before Flop
Seat 2: Mahu2021 (button) folded before Flop
Seat 3: nunes100 (small blind) collected (60)



PokerStars Hand #243998635986: Tournament #3598116113, $0.92+$0.08 USD Hold'em No Limit - Level I (10/20) - 2023/05/30 21:12:29 CET [2023/05/30 15:12:29 ET]
Table '3598116113 1' 3-max Seat #3 is the button
Seat 1: DerSchulzi20 (590 in chips) 
Seat 2: Mahu2021 (450 in chips) 
Seat 3: nunes100 (460 in chips) 
DerSchulzi20: posts small blind 10
Mahu2021: posts big blind 20
*** HOLE CARDS ***
Dealt to Mahu2021 [Ac 7c]
nunes100: folds 
DerSchulzi20: raises 60 to 80
Mahu2021: calls 60
*** FLOP *** [Qh Jh Ts]
DerSchulzi20: bets 100
Mahu2021: folds 
Uncalled bet (100) returned to DerSchulzi20
DerSchulzi20 collected 160 from pot
*** SUMMARY ***
Total pot 160 | Rake 0 
Board [Qh Jh Ts]
Seat 1: DerSchulzi20 (small blind) collected (160)
Seat 2: Mahu2021 (big blind) folded on the Flop
Seat 3: nunes100 (button) folded before Flop (didn't bet)



PokerStars Hand #243998646504: Tournament #3598116113, $0.92+$0.08 USD Hold'em No Limit - Level I (10/20) - 2023/05/30 21:12:51 CET [2023/05/30 15:12:51 ET]
Table '3598116113 1' 3-max Seat #1 is the button
Seat 1: DerSchulzi20 (670 in chips) 
Seat 2: Mahu2021 (370 in chips) 
Seat 3: nunes100 (460 in chips) 
Mahu2021: posts small blind 10
nunes100: posts big blind 20
*** HOLE CARDS ***
Dealt to Mahu2021 [Jd 4s]
DerSchulzi20: folds 
Mahu2021: folds 
Uncalled bet (10) returned to nunes100
nunes100 collected 20 from pot
nunes100: doesn't show hand 
*** SUMMARY ***
Total pot 20 | Rake 0 
Seat 1: DerSchulzi20 (button) folded before Flop (didn't bet)
Seat 2: Mahu2021 (small blind) folded before Flop
Seat 3: nunes100 (big blind) collected (20)



PokerStars Hand #243998648789: Tournament #3598116113, $0.92+$0.08 USD Hold'em No Limit - Level I (10/20) - 2023/05/30 21:12:56 CET [2023/05/30 15:12:56 ET]
Table '3598116113 1' 3-max Seat #2 is the button
Seat 1: DerSchulzi20 (670 in chips) 
Seat 2: Mahu2021 (360 in chips) 
Seat 3: nunes100 (470 in chips) 
nunes100: posts small blind 10
DerSchulzi20: posts big blind 20
*** HOLE CARDS ***
Dealt to Mahu2021 [9h 4h]
Mahu2021: folds 
nunes100: raises 40 to 60
DerSchulzi20: folds 
Uncalled bet (40) returned to nunes100
nunes100 collected 40 from pot
nunes100: doesn't show hand 
*** SUMMARY ***
Total pot 40 | Rake 0 
Seat 1: DerSchulzi20 (big blind) folded before Flop
Seat 2: Mahu2021 (button) folded before Flop (didn't bet)
Seat 3: nunes100 (small blind) collected (40)



PokerStars Hand #243998652935: Tournament #3598116113, $0.92+$0.08 USD Hold'em No Limit - Level I (10/20) - 2023/05/30 21:13:05 CET [2023/05/30 15:13:05 ET]
Table '3598116113 1' 3-max Seat #3 is the button
Seat 1: DerSchulzi20 (650 in chips) 
Seat 2: Mahu2021 (360 in chips) 
Seat 3: nunes100 (490 in chips) 
DerSchulzi20: posts small blind 10
Mahu2021: posts big blind 20
*** HOLE CARDS ***
Dealt to Mahu2021 [4c 3d]
nunes100: folds 
DerSchulzi20: raises 60 to 80
Mahu2021: folds 
Uncalled bet (60) returned to DerSchulzi20
DerSchulzi20 collected 40 from pot
*** SUMMARY ***
Total pot 40 | Rake 0 
Seat 1: DerSchulzi20 (small blind) collected (40)
Seat 2: Mahu2021 (big blind) folded before Flop
Seat 3: nunes100 (button) folded before Flop (didn't bet)



PokerStars Hand #243998658632: Tournament #3598116113, $0.92+$0.08 USD Hold'em No Limit - Level II (15/30) - 2023/05/30 21:13:17 CET [2023/05/30 15:13:17 ET]
Table '3598116113 1' 3-max Seat #1 is the button
Seat 1: DerSchulzi20 (670 in chips) 
Seat 2: Mahu2021 (340 in chips) 
Seat 3: nunes100 (490 in chips) 
Mahu2021: posts small blind 15
nunes100: posts big blind 30
*** HOLE CARDS ***
Dealt to Mahu2021 [4c 5h]
DerSchulzi20: raises 60 to 90
Mahu2021: folds 
nunes100: folds 
Uncalled bet (60) returned to DerSchulzi20
DerSchulzi20 collected 75 from pot
*** SUMMARY ***
Total pot 75 | Rake 0 
Seat 1: DerSchulzi20 (button) collected (75)
Seat 2: Mahu2021 (small blind) folded before Flop
Seat 3: nunes100 (big blind) folded before Flop



PokerStars Hand #243998662909: Tournament #3598116113, $0.92+$0.08 USD Hold'em No Limit - Level II (15/30) - 2023/05/30 21:13:25 CET [2023/05/30 15:13:25 ET]
Table '3598116113 1' 3-max Seat #2 is the button
Seat 1: DerSchulzi20 (715 in chips) 
Seat 2: Mahu2021 (325 in chips) 
Seat 3: nunes100 (460 in chips) 
nunes100: posts small blind 15
DerSchulzi20: posts big blind 30
*** HOLE CARDS ***
Dealt to Mahu2021 [3h 3c]
Mahu2021: calls 30
nunes100: calls 15
DerSchulzi20: checks 
*** FLOP *** [4d 8h Jh]
nunes100: checks 
DerSchulzi20: checks 
Mahu2021: checks 
*** TURN *** [4d 8h Jh] [Td]
nunes100: checks 
DerSchulzi20: bets 60
Mahu2021: folds 
nunes100: folds 
Uncalled bet (60) returned to DerSchulzi20
DerSchulzi20 collected 90 from pot
*** SUMMARY ***
Total pot 90 | Rake 0 
Board [4d 8h Jh Td]
Seat 1: DerSchulzi20 (big blind) collected (90)
Seat 2: Mahu2021 (button) folded on the Turn
Seat 3: nunes100 (small blind) folded on the Turn



PokerStars Hand #243998674821: Tournament #3598116113, $0.92+$0.08 USD Hold'em No Limit - Level II (15/30) - 2023/05/30 21:13:50 CET [2023/05/30 15:13:50 ET]
Table '3598116113 1' 3-max Seat #3 is the button
Seat 1: DerSchulzi20 (775 in chips) 
Seat 2: Mahu2021 (295 in chips) 
Seat 3: nunes100 (430 in chips) 
DerSchulzi20: posts small blind 15
Mahu2021: posts big blind 30
*** HOLE CARDS ***
Dealt to Mahu2021 [Ac As]
nunes100: folds 
DerSchulzi20: folds 
Uncalled bet (15) returned to Mahu2021
Mahu2021 collected 30 from pot
Mahu2021: doesn't show hand 
*** SUMMARY ***
Total pot 30 | Rake 0 
Seat 1: DerSchulzi20 (small blind) folded before Flop
Seat 2: Mahu2021 (big blind) collected (30)
Seat 3: nunes100 (button) folded before Flop (didn't bet)



PokerStars Hand #243998678223: Tournament #3598116113, $0.92+$0.08 USD Hold'em No Limit - Level II (15/30) - 2023/05/30 21:13:57 CET [2023/05/30 15:13:57 ET]
Table '3598116113 1' 3-max Seat #1 is the button
Seat 1: DerSchulzi20 (760 in chips) 
Seat 2: Mahu2021 (310 in chips) 
Seat 3: nunes100 (430 in chips) 
Mahu2021: posts small blind 15
nunes100: posts big blind 30
*** HOLE CARDS ***
Dealt to Mahu2021 [8s 2s]
DerSchulzi20: raises 60 to 90
Mahu2021: folds 
nunes100: folds 
Uncalled bet (60) returned to DerSchulzi20
DerSchulzi20 collected 75 from pot
*** SUMMARY ***
Total pot 75 | Rake 0 
Seat 1: DerSchulzi20 (button) collected (75)
Seat 2: Mahu2021 (small blind) folded before Flop
Seat 3: nunes100 (big blind) folded before Flop



PokerStars Hand #243998682729: Tournament #3598116113, $0.92+$0.08 USD Hold'em No Limit - Level II (15/30) - 2023/05/30 21:14:07 CET [2023/05/30 15:14:07 ET]
Table '3598116113 1' 3-max Seat #2 is the button
Seat 1: DerSchulzi20 (805 in chips) 
Seat 2: Mahu2021 (295 in chips) 
Seat 3: nunes100 (400 in chips) 
nunes100: posts small blind 15
DerSchulzi20: posts big blind 30
*** HOLE CARDS ***
Dealt to Mahu2021 [7s 3s]
Mahu2021: folds 
nunes100: folds 
Uncalled bet (15) returned to DerSchulzi20
DerSchulzi20 collected 30 from pot
*** SUMMARY ***
Total pot 30 | Rake 0 
Seat 1: DerSchulzi20 (big blind) collected (30)
Seat 2: Mahu2021 (button) folded before Flop (didn't bet)
Seat 3: nunes100 (small blind) folded before Flop



PokerStars Hand #243998686092: Tournament #3598116113, $0.92+$0.08 USD Hold'em No Limit - Level II (15/30) - 2023/05/30 21:14:14 CET [2023/05/30 15:14:14 ET]
Table '3598116113 1' 3-max Seat #3 is the button
Seat 1: DerSchulzi20 (820 in chips) 
Seat 2: Mahu2021 (295 in chips) 
Seat 3: nunes100 (385 in chips) 
DerSchulzi20: posts small blind 15
Mahu2021: posts big blind 30
*** HOLE CARDS ***
Dealt to Mahu2021 [Ks Kc]
nunes100: calls 30
DerSchulzi20: calls 15
Mahu2021: raises 265 to 295 and is all-in
nunes100: folds 
DerSchulzi20: folds 
Uncalled bet (265) returned to Mahu2021
Mahu2021 collected 90 from pot
Mahu2021: doesn't show hand 
*** SUMMARY ***
Total pot 90 | Rake 0 
Seat 1: DerSchulzi20 (small blind) folded before Flop
Seat 2: Mahu2021 (big blind) collected (90)
Seat 3: nunes100 (button) folded before Flop



PokerStars Hand #243998692665: Tournament #3598116113, $0.92+$0.08 USD Hold'em No Limit - Level II (15/30) - 2023/05/30 21:14:28 CET [2023/05/30 15:14:28 ET]
Table '3598116113 1' 3-max Seat #1 is the button
Seat 1: DerSchulzi20 (790 in chips) 
Seat 2: Mahu2021 (355 in chips) 
Seat 3: nunes100 (355 in chips) 
Mahu2021: posts small blind 15
nunes100: posts big blind 30
*** HOLE CARDS ***
Dealt to Mahu2021 [6c Kc]
DerSchulzi20: raises 60 to 90
Mahu2021: folds 
nunes100: folds 
Uncalled bet (60) returned to DerSchulzi20
DerSchulzi20 collected 75 from pot
*** SUMMARY ***
Total pot 75 | Rake 0 
Seat 1: DerSchulzi20 (button) collected (75)
Seat 2: Mahu2021 (small blind) folded before Flop
Seat 3: nunes100 (big blind) folded before Flop



PokerStars Hand #243998696249: Tournament #3598116113, $0.92+$0.08 USD Hold'em No Limit - Level II (15/30) - 2023/05/30 21:14:35 CET [2023/05/30 15:14:35 ET]
Table '3598116113 1' 3-max Seat #2 is the button
Seat 1: DerSchulzi20 (835 in chips) 
Seat 2: Mahu2021 (340 in chips) 
Seat 3: nunes100 (325 in chips) 
nunes100: posts small blind 15
DerSchulzi20: posts big blind 30
*** HOLE CARDS ***
Dealt to Mahu2021 [Ts Ks]
Mahu2021: calls 30
nunes100: folds 
DerSchulzi20: raises 60 to 90
Mahu2021: calls 60
*** FLOP *** [9d 3s 5s]
DerSchulzi20: bets 90
Mahu2021: raises 160 to 250 and is all-in
DerSchulzi20: calls 160
*** TURN *** [9d 3s 5s] [7c]
*** RIVER *** [9d 3s 5s 7c] [7s]
*** SHOW DOWN ***
DerSchulzi20: shows [Ah 8c] (a pair of Sevens)
Mahu2021: shows [Ts Ks] (a flush, King high)
Mahu2021 collected 695 from pot
*** SUMMARY ***
Total pot 695 | Rake 0 
Board [9d 3s 5s 7c 7s]
Seat 1: DerSchulzi20 (big blind) showed [Ah 8c] and lost with a pair of Sevens
Seat 2: Mahu2021 (button) showed [Ts Ks] and won (695) with a flush, King high
Seat 3: nunes100 (small blind) folded before Flop



PokerStars Hand #243998705449: Tournament #3598116113, $0.92+$0.08 USD Hold'em No Limit - Level II (15/30) - 2023/05/30 21:14:54 CET [2023/05/30 15:14:54 ET]
Table '3598116113 1' 3-max Seat #3 is the button
Seat 1: DerSchulzi20 (495 in chips) 
Seat 2: Mahu2021 (695 in chips) 
Seat 3: nunes100 (310 in chips) 
DerSchulzi20: posts small blind 15
Mahu2021: posts big blind 30
*** HOLE CARDS ***
Dealt to Mahu2021 [5s 2s]
nunes100: raises 280 to 310 and is all-in
DerSchulzi20: folds 
Mahu2021: folds 
Uncalled bet (280) returned to nunes100
nunes100 collected 75 from pot
nunes100: doesn't show hand 
*** SUMMARY ***
Total pot 75 | Rake 0 
Seat 1: DerSchulzi20 (small blind) folded before Flop
Seat 2: Mahu2021 (big blind) folded before Flop
Seat 3: nunes100 (button) collected (75)



PokerStars Hand #243998709594: Tournament #3598116113, $0.92+$0.08 USD Hold'em No Limit - Level II (15/30) - 2023/05/30 21:15:03 CET [2023/05/30 15:15:03 ET]
Table '3598116113 1' 3-max Seat #1 is the button
Seat 1: DerSchulzi20 (480 in chips) 
Seat 2: Mahu2021 (665 in chips) 
Seat 3: nunes100 (355 in chips) 
Mahu2021: posts small blind 15
nunes100: posts big blind 30
*** HOLE CARDS ***
Dealt to Mahu2021 [4c Qh]
DerSchulzi20: folds 
Mahu2021: folds 
Uncalled bet (15) returned to nunes100
nunes100 collected 30 from pot
nunes100: doesn't show hand 
*** SUMMARY ***
Total pot 30 | Rake 0 
Seat 1: DerSchulzi20 (button) folded before Flop (didn't bet)
Seat 2: Mahu2021 (small blind) folded before Flop
Seat 3: nunes100 (big blind) collected (30)



PokerStars Hand #243998711901: Tournament #3598116113, $0.92+$0.08 USD Hold'em No Limit - Level II (15/30) - 2023/05/30 21:15:07 CET [2023/05/30 15:15:07 ET]
Table '3598116113 1' 3-max Seat #2 is the button
Seat 1: DerSchulzi20 (480 in chips) 
Seat 2: Mahu2021 (650 in chips) 
Seat 3: nunes100 (370 in chips) 
nunes100: posts small blind 15
DerSchulzi20: posts big blind 30
*** HOLE CARDS ***
Dealt to Mahu2021 [8h Qc]
Mahu2021: folds 
nunes100: folds 
Uncalled bet (15) returned to DerSchulzi20
DerSchulzi20 collected 30 from pot
*** SUMMARY ***
Total pot 30 | Rake 0 
Seat 1: DerSchulzi20 (big blind) collected (30)
Seat 2: Mahu2021 (button) folded before Flop (didn't bet)
Seat 3: nunes100 (small blind) folded before Flop



PokerStars Hand #243998715416: Tournament #3598116113, $0.92+$0.08 USD Hold'em No Limit - Level II (15/30) - 2023/05/30 21:15:14 CET [2023/05/30 15:15:14 ET]
Table '3598116113 1' 3-max Seat #3 is the button
Seat 1: DerSchulzi20 (495 in chips) 
Seat 2: Mahu2021 (650 in chips) 
Seat 3: nunes100 (355 in chips) 
DerSchulzi20: posts small blind 15
Mahu2021: posts big blind 30
*** HOLE CARDS ***
Dealt to Mahu2021 [5d 8d]
nunes100: folds 
DerSchulzi20: folds 
Uncalled bet (15) returned to Mahu2021
Mahu2021 collected 30 from pot
Mahu2021: doesn't show hand 
*** SUMMARY ***
Total pot 30 | Rake 0 
Seat 1: DerSchulzi20 (small blind) folded before Flop
Seat 2: Mahu2021 (big blind) collected (30)
Seat 3: nunes100 (button) folded before Flop (didn't bet)



PokerStars Hand #243998718599: Tournament #3598116113, $0.92+$0.08 USD Hold'em No Limit - Level II (15/30) - 2023/05/30 21:15:21 CET [2023/05/30 15:15:21 ET]
Table '3598116113 1' 3-max Seat #1 is the button
Seat 1: DerSchulzi20 (480 in chips) 
Seat 2: Mahu2021 (665 in chips) 
Seat 3: nunes100 (355 in chips) 
Mahu2021: posts small blind 15
nunes100: posts big blind 30
*** HOLE CARDS ***
Dealt to Mahu2021 [4c Ks]
DerSchulzi20: raises 60 to 90
Mahu2021: folds 
nunes100: folds 
Uncalled bet (60) returned to DerSchulzi20
DerSchulzi20 collected 75 from pot
*** SUMMARY ***
Total pot 75 | Rake 0 
Seat 1: DerSchulzi20 (button) collected (75)
Seat 2: Mahu2021 (small blind) folded before Flop
Seat 3: nunes100 (big blind) folded before Flop



PokerStars Hand #243998721823: Tournament #3598116113, $0.92+$0.08 USD Hold'em No Limit - Level II (15/30) - 2023/05/30 21:15:28 CET [2023/05/30 15:15:28 ET]
Table '3598116113 1' 3-max Seat #2 is the button
Seat 1: DerSchulzi20 (525 in chips) 
Seat 2: Mahu2021 (650 in chips) 
Seat 3: nunes100 (325 in chips) 
nunes100: posts small blind 15
DerSchulzi20: posts big blind 30
*** HOLE CARDS ***
Dealt to Mahu2021 [Th Qd]
Mahu2021: calls 30
nunes100: raises 30 to 60
DerSchulzi20: folds 
Mahu2021: calls 30
*** FLOP *** [Qh 9s 5d]
nunes100: bets 75
Mahu2021: raises 515 to 590 and is all-in
nunes100: calls 190 and is all-in
Uncalled bet (325) returned to Mahu2021
*** TURN *** [Qh 9s 5d] [4d]
*** RIVER *** [Qh 9s 5d 4d] [9c]
*** SHOW DOWN ***
nunes100: shows [Ks Kc] (two pair, Kings and Nines)
Mahu2021: shows [Th Qd] (two pair, Queens and Nines)
nunes100 collected 680 from pot
*** SUMMARY ***
Total pot 680 | Rake 0 
Board [Qh 9s 5d 4d 9c]
Seat 1: DerSchulzi20 (big blind) folded before Flop
Seat 2: Mahu2021 (button) showed [Th Qd] and lost with two pair, Queens and Nines
Seat 3: nunes100 (small blind) showed [Ks Kc] and won (680) with two pair, Kings and Nines



PokerStars Hand #243998733714: Tournament #3598116113, $0.92+$0.08 USD Hold'em No Limit - Level II (15/30) - 2023/05/30 21:15:52 CET [2023/05/30 15:15:52 ET]
Table '3598116113 1' 3-max Seat #3 is the button
Seat 1: DerSchulzi20 (495 in chips) 
Seat 2: Mahu2021 (325 in chips) 
Seat 3: nunes100 (680 in chips) 
DerSchulzi20: posts small blind 15
Mahu2021: posts big blind 30
*** HOLE CARDS ***
Dealt to Mahu2021 [Th 8c]
nunes100: calls 30
DerSchulzi20: calls 15
Mahu2021: checks 
*** FLOP *** [4h 8d Kd]
DerSchulzi20: checks 
Mahu2021: bets 30
nunes100: calls 30
DerSchulzi20: folds 
*** TURN *** [4h 8d Kd] [8s]
Mahu2021: bets 30
nunes100: calls 30
*** RIVER *** [4h 8d Kd 8s] [Ah]
Mahu2021: bets 60
nunes100: folds 
Uncalled bet (60) returned to Mahu2021
Mahu2021 collected 210 from pot
Mahu2021: doesn't show hand 
*** SUMMARY ***
Total pot 210 | Rake 0 
Board [4h 8d Kd 8s Ah]
Seat 1: DerSchulzi20 (small blind) folded on the Flop
Seat 2: Mahu2021 (big blind) collected (210)
Seat 3: nunes100 (button) folded on the River



PokerStars Hand #243998747921: Tournament #3598116113, $0.92+$0.08 USD Hold'em No Limit - Level III (20/40) - 2023/05/30 21:16:21 CET [2023/05/30 15:16:21 ET]
Table '3598116113 1' 3-max Seat #1 is the button
Seat 1: DerSchulzi20 (465 in chips) 
Seat 2: Mahu2021 (445 in chips) 
Seat 3: nunes100 (590 in chips) 
Mahu2021: posts small blind 20
nunes100: posts big blind 40
*** HOLE CARDS ***
Dealt to Mahu2021 [Kd 3d]
DerSchulzi20: folds 
Mahu2021: calls 20
nunes100: checks 
*** FLOP *** [8c 4d 2d]
Mahu2021: checks 
nunes100: bets 80
Mahu2021: calls 80
*** TURN *** [8c 4d 2d] [Qh]
Mahu2021: checks 
nunes100: bets 470 and is all-in
Mahu2021: calls 325 and is all-in
Uncalled bet (145) returned to nunes100
*** RIVER *** [8c 4d 2d Qh] [4s]
*** SHOW DOWN ***
Mahu2021: shows [Kd 3d] (a pair of Fours)
nunes100: shows [8d 3h] (two pair, Eights and Fours)
nunes100 collected 890 from pot
Mahu2021 finished the tournament in 3rd place
*** SUMMARY ***
Total pot 890 | Rake 0 
Board [8c 4d 2d Qh 4s]
Seat 1: DerSchulzi20 (button) folded before Flop (didn't bet)
Seat 2: Mahu2021 (small blind) showed [Kd 3d] and lost with a pair of Fours
Seat 3: nunes100 (big blind) showed [8d 3h] and won (890) with two pair, Eights and Fours



