PokerStars Zoom Hand #255153370079:  Hold'em No Limit ($0.05/$0.10) - 2025/03/05 20:05:12 CET [2025/03/05 14:05:12 ET]
Table 'Aludra' 6-max Seat #1 is the button
Seat 1: K@rsburg ($10.87 in chips) 
Seat 2: Bur1k ($5.27 in chips) 
Seat 3: Mahu2021 ($10 in chips) 
Seat 4: Deegox_E ($10 in chips) 
Seat 5: Julian.S1989 ($10 in chips) 
Seat 6: HDan1717 ($10.99 in chips) 
Bur1k: posts small blind $0.05
Mahu2021: posts big blind $0.10
*** HOLE CARDS ***
Dealt to Mahu2021 [Qd Jh]
Deegox_E: raises $0.15 to $0.25
Julian.S1989: folds 
HDan1717: folds 
K@rsburg: folds 
Bur1k: folds 
Mahu2021: calls $0.15
*** FLOP *** [Js 2s 7s]
Mahu2021: checks 
Deegox_E: checks 
*** TURN *** [Js 2s 7s] [As]
Mahu2021: bets $0.30
Deegox_E: folds 
Uncalled bet ($0.30) returned to Mahu2021
Mahu2021 collected $0.53 from pot
Mahu2021: doesn't show hand 
*** SUMMARY ***
Total pot $0.55 | Rake $0.02 
Board [Js 2s 7s As]
Seat 1: K@rsburg (button) folded before Flop (didn't bet)
Seat 2: Bur1k (small blind) folded before Flop
Seat 3: Mahu2021 (big blind) collected ($0.53)
Seat 4: Deegox_E folded on the Turn
Seat 5: Julian.S1989 folded before Flop (didn't bet)
Seat 6: HDan1717 folded before Flop (didn't bet)



PokerStars Zoom Hand #255153380176:  Hold'em No Limit ($0.05/$0.10) - 2025/03/05 20:05:52 CET [2025/03/05 14:05:52 ET]
Table 'Aludra' 6-max Seat #1 is the button
Seat 1: Mahu2021 ($10.23 in chips) 
Seat 2: raketant ($5.94 in chips) 
Seat 3: Miyashee ($12.15 in chips) 
Seat 4: kalopara ($9.44 in chips) 
Seat 5: Luffy V ($10.25 in chips) 
Seat 6: Zutuzutu_90 ($10 in chips) 
raketant: posts small blind $0.05
Miyashee: posts big blind $0.10
*** HOLE CARDS ***
Dealt to Mahu2021 [Th 4c]
kalopara: folds 
Luffy V: folds 
Zutuzutu_90: raises $0.15 to $0.25
Mahu2021: folds 
raketant: folds 
Miyashee: folds 
Uncalled bet ($0.15) returned to Zutuzutu_90
Zutuzutu_90 collected $0.25 from pot
Zutuzutu_90: doesn't show hand 
*** SUMMARY ***
Total pot $0.25 | Rake $0 
Seat 1: Mahu2021 (button) folded before Flop (didn't bet)
Seat 2: raketant (small blind) folded before Flop
Seat 3: Miyashee (big blind) folded before Flop
Seat 4: kalopara folded before Flop (didn't bet)
Seat 5: Luffy V folded before Flop (didn't bet)
Seat 6: Zutuzutu_90 collected ($0.25)



PokerStars Zoom Hand #255153378976:  Hold'em No Limit ($0.05/$0.10) - 2025/03/05 20:05:47 CET [2025/03/05 14:05:47 ET]
Table 'Aludra' 6-max Seat #1 is the button
Seat 1: qj444 ($12.47 in chips) 
Seat 2: Mahu2021 ($10.28 in chips) 
Seat 3: tzianvader ($15.31 in chips) 
Seat 4: luvstyle ($14.22 in chips) 
Seat 5: Bur1k ($5.67 in chips) 
Seat 6: slayerhd369 ($10.47 in chips) 
Mahu2021: posts small blind $0.05
tzianvader: posts big blind $0.10
*** HOLE CARDS ***
Dealt to Mahu2021 [7h Th]
luvstyle: folds 
Bur1k: folds 
slayerhd369: raises $0.15 to $0.25
qj444: folds 
Mahu2021: folds 
tzianvader: folds 
Uncalled bet ($0.15) returned to slayerhd369
slayerhd369 collected $0.25 from pot
slayerhd369: doesn't show hand 
*** SUMMARY ***
Total pot $0.25 | Rake $0 
Seat 1: qj444 (button) folded before Flop (didn't bet)
Seat 2: Mahu2021 (small blind) folded before Flop
Seat 3: tzianvader (big blind) folded before Flop
Seat 4: luvstyle folded before Flop (didn't bet)
Seat 5: Bur1k folded before Flop (didn't bet)
Seat 6: slayerhd369 collected ($0.25)



PokerStars Zoom Hand #255153381035:  Hold'em No Limit ($0.05/$0.10) - 2025/03/05 20:05:55 CET [2025/03/05 14:05:55 ET]
Table 'Aludra' 6-max Seat #1 is the button
Seat 1: riesentoast ($12.32 in chips) 
Seat 2: bamboocha171 ($24.07 in chips) 
Seat 3: volo464 ($8.71 in chips) 
Seat 4: HarryKhoo ($13.55 in chips) 
Seat 5: Mahu2021 ($10.23 in chips) 
Seat 6: JYCKF ($10 in chips) 
bamboocha171: posts small blind $0.05
volo464: posts big blind $0.10
*** HOLE CARDS ***
Dealt to Mahu2021 [8s Qh]
HarryKhoo: folds 
Mahu2021: folds 
JYCKF: folds 
riesentoast: raises $0.12 to $0.22
bamboocha171: folds 
volo464: calls $0.12
*** FLOP *** [4s Th As]
volo464: checks 
riesentoast: checks 
*** TURN *** [4s Th As] [Ks]
volo464: checks 
riesentoast: checks 
*** RIVER *** [4s Th As Ks] [Kd]
volo464: checks 
riesentoast: checks 
*** SHOW DOWN ***
volo464: shows [Td 9h] (two pair, Kings and Tens)
riesentoast: shows [Ts 8c] (two pair, Kings and Tens)
volo464 collected $0.24 from pot
riesentoast collected $0.23 from pot
*** SUMMARY ***
Total pot $0.49 | Rake $0.02 
Board [4s Th As Ks Kd]
Seat 1: riesentoast (button) showed [Ts 8c] and won ($0.23) with two pair, Kings and Tens
Seat 2: bamboocha171 (small blind) folded before Flop
Seat 3: volo464 (big blind) showed [Td 9h] and won ($0.24) with two pair, Kings and Tens
Seat 4: HarryKhoo folded before Flop (didn't bet)
Seat 5: Mahu2021 folded before Flop (didn't bet)
Seat 6: JYCKF folded before Flop (didn't bet)



PokerStars Zoom Hand #255153382295:  Hold'em No Limit ($0.05/$0.10) - 2025/03/05 20:06:00 CET [2025/03/05 14:06:00 ET]
Table 'Aludra' 6-max Seat #1 is the button
Seat 1: stoik83 ($13.66 in chips) 
Seat 2: Fish0016 ($8.70 in chips) 
Seat 3: R. Frìngs ($10.73 in chips) 
Seat 4: Jantsa8809 ($25.60 in chips) 
Seat 5: K@rsburg ($10.82 in chips) 
Seat 6: Mahu2021 ($10.23 in chips) 
Fish0016: posts small blind $0.05
R. Frìngs: posts big blind $0.10
*** HOLE CARDS ***
Dealt to Mahu2021 [3h Td]
Jantsa8809: folds 
K@rsburg: raises $0.10 to $0.20
Mahu2021: folds 
stoik83: raises $0.55 to $0.75
Fish0016: folds 
R. Frìngs: folds 
K@rsburg: folds 
Uncalled bet ($0.55) returned to stoik83
stoik83 collected $0.55 from pot
stoik83: doesn't show hand 
*** SUMMARY ***
Total pot $0.55 | Rake $0 
Seat 1: stoik83 (button) collected ($0.55)
Seat 2: Fish0016 (small blind) folded before Flop
Seat 3: R. Frìngs (big blind) folded before Flop
Seat 4: Jantsa8809 folded before Flop (didn't bet)
Seat 5: K@rsburg folded before Flop
Seat 6: Mahu2021 folded before Flop (didn't bet)



PokerStars Zoom Hand #255153391586:  Hold'em No Limit ($0.05/$0.10) - 2025/03/05 20:06:36 CET [2025/03/05 14:06:36 ET]
Table 'Aludra' 6-max Seat #1 is the button
Seat 1: qj444 ($12.14 in chips) 
Seat 2: Mahu2021 ($10.13 in chips) 
Seat 3: Denis0699199 ($11.23 in chips) 
Seat 4: Larrycall ($10 in chips) 
Seat 5: JYCKF ($10 in chips) 
Seat 6: Luffy V ($10.48 in chips) 
Mahu2021: posts small blind $0.05
Denis0699199: posts big blind $0.10
*** HOLE CARDS ***
Dealt to Mahu2021 [7c Ac]
Larrycall: folds 
JYCKF: folds 
Luffy V: raises $0.15 to $0.25
qj444: raises $0.50 to $0.75
Mahu2021: folds 
Denis0699199: folds 
Luffy V: folds 
Uncalled bet ($0.50) returned to qj444
qj444 collected $0.65 from pot
qj444: doesn't show hand 
*** SUMMARY ***
Total pot $0.65 | Rake $0 
Seat 1: qj444 (button) collected ($0.65)
Seat 2: Mahu2021 (small blind) folded before Flop
Seat 3: Denis0699199 (big blind) folded before Flop
Seat 4: Larrycall folded before Flop (didn't bet)
Seat 5: JYCKF folded before Flop (didn't bet)
Seat 6: Luffy V folded before Flop



PokerStars Zoom Hand #255153387208:  Hold'em No Limit ($0.05/$0.10) - 2025/03/05 20:06:19 CET [2025/03/05 14:06:19 ET]
Table 'Aludra' 6-max Seat #1 is the button
Seat 1: Deep_Dark ($11.28 in chips) 
Seat 2: COVEIROANCAP ($10 in chips) 
Seat 3: Mahu2021 ($10.23 in chips) 
Seat 4: pcsk8 ($10.20 in chips) 
Seat 5: Last70 ($12.01 in chips) 
Seat 6: soulfly2145 ($37.80 in chips) 
COVEIROANCAP: posts small blind $0.05
Mahu2021: posts big blind $0.10
*** HOLE CARDS ***
Dealt to Mahu2021 [8h 6c]
pcsk8 has timed out
pcsk8: folds 
Last70: raises $0.15 to $0.25
soulfly2145: raises $0.45 to $0.70
Deep_Dark: folds 
COVEIROANCAP: folds 
Mahu2021: folds 
Last70: raises $1.10 to $1.80
soulfly2145: folds 
Uncalled bet ($1.10) returned to Last70
Last70 collected $1.55 from pot
Last70: doesn't show hand 
*** SUMMARY ***
Total pot $1.55 | Rake $0 
Seat 1: Deep_Dark (button) folded before Flop (didn't bet)
Seat 2: COVEIROANCAP (small blind) folded before Flop
Seat 3: Mahu2021 (big blind) folded before Flop
Seat 4: pcsk8 folded before Flop (didn't bet)
Seat 5: Last70 collected ($1.55)
Seat 6: soulfly2145 folded before Flop



PokerStars Zoom Hand #255153396863:  Hold'em No Limit ($0.05/$0.10) - 2025/03/05 20:06:57 CET [2025/03/05 14:06:57 ET]
Table 'Aludra' 6-max Seat #1 is the button
Seat 1: SchekyyyY ($9.44 in chips) 
Seat 2: ninoa77 ($10.28 in chips) 
Seat 3: kilub27 ($3 in chips) 
Seat 4: gena60 ($12.17 in chips) 
Seat 5: raketant ($5.54 in chips) 
Seat 6: Mahu2021 ($10.08 in chips) 
ninoa77: posts small blind $0.05
kilub27: posts big blind $0.10
*** HOLE CARDS ***
Dealt to Mahu2021 [4d Ks]
gena60: folds 
raketant: folds 
Mahu2021: folds 
SchekyyyY: folds 
ninoa77: folds 
Uncalled bet ($0.05) returned to kilub27
kilub27 collected $0.10 from pot
kilub27: doesn't show hand 
*** SUMMARY ***
Total pot $0.10 | Rake $0 
Seat 1: SchekyyyY (button) folded before Flop (didn't bet)
Seat 2: ninoa77 (small blind) folded before Flop
Seat 3: kilub27 (big blind) collected ($0.10)
Seat 4: gena60 folded before Flop (didn't bet)
Seat 5: raketant folded before Flop (didn't bet)
Seat 6: Mahu2021 folded before Flop (didn't bet)



PokerStars Zoom Hand #255153394618:  Hold'em No Limit ($0.05/$0.10) - 2025/03/05 20:06:48 CET [2025/03/05 14:06:48 ET]
Table 'Aludra' 6-max Seat #1 is the button
Seat 1: Mahu2021 ($10.08 in chips) 
Seat 2: nordrel ($9.90 in chips) 
Seat 3: tOpOfVeRH ($10.79 in chips) 
Seat 4: Benegrip ($10 in chips) 
Seat 5: kalopara ($17.85 in chips) 
Seat 6: qj444 ($12.27 in chips) 
nordrel: posts small blind $0.05
tOpOfVeRH: posts big blind $0.10
*** HOLE CARDS ***
Dealt to Mahu2021 [Kh 7h]
Benegrip: folds 
kalopara: raises $0.15 to $0.25
qj444: folds 
Mahu2021: folds 
nordrel: folds 
tOpOfVeRH: folds 
Uncalled bet ($0.15) returned to kalopara
kalopara collected $0.25 from pot
kalopara: doesn't show hand 
*** SUMMARY ***
Total pot $0.25 | Rake $0 
Seat 1: Mahu2021 (button) folded before Flop (didn't bet)
Seat 2: nordrel (small blind) folded before Flop
Seat 3: tOpOfVeRH (big blind) folded before Flop
Seat 4: Benegrip folded before Flop (didn't bet)
Seat 5: kalopara collected ($0.25)
Seat 6: qj444 folded before Flop (didn't bet)



PokerStars Zoom Hand #255153398007:  Hold'em No Limit ($0.05/$0.10) - 2025/03/05 20:07:01 CET [2025/03/05 14:07:01 ET]
Table 'Aludra' 6-max Seat #1 is the button
Seat 1: ninoa77 ($10.23 in chips) 
Seat 2: qj444 ($12.17 in chips) 
Seat 3: HarryKhoo ($10 in chips) 
Seat 4: Mahu2021 ($10.08 in chips) 
Seat 5: SimoDa39 ($10.69 in chips) 
Seat 6: stoik83 ($14.01 in chips) 
qj444: posts small blind $0.05
HarryKhoo: posts big blind $0.10
*** HOLE CARDS ***
Dealt to Mahu2021 [Ad Jc]
Mahu2021: raises $0.14 to $0.24
SimoDa39: folds 
stoik83: folds 
ninoa77: folds 
qj444: folds 
HarryKhoo: folds 
Uncalled bet ($0.14) returned to Mahu2021
Mahu2021 collected $0.25 from pot
Mahu2021: doesn't show hand 
*** SUMMARY ***
Total pot $0.25 | Rake $0 
Seat 1: ninoa77 (button) folded before Flop (didn't bet)
Seat 2: qj444 (small blind) folded before Flop
Seat 3: HarryKhoo (big blind) folded before Flop
Seat 4: Mahu2021 collected ($0.25)
Seat 5: SimoDa39 folded before Flop (didn't bet)
Seat 6: stoik83 folded before Flop (didn't bet)



PokerStars Zoom Hand #255153401056:  Hold'em No Limit ($0.05/$0.10) - 2025/03/05 20:07:13 CET [2025/03/05 14:07:13 ET]
Table 'Aludra' 6-max Seat #1 is the button
Seat 1: ioanna576 ($10.34 in chips) 
Seat 2: kalopara ($10.36 in chips) 
Seat 3: Mahu2021 ($10.23 in chips) 
Seat 4: Ganbarimasyou ($10.84 in chips) 
Seat 5: Magoya8 ($10.07 in chips) 
Seat 6: ksjhs4207 ($10.45 in chips) 
kalopara: posts small blind $0.05
Mahu2021: posts big blind $0.10
*** HOLE CARDS ***
Dealt to Mahu2021 [Td Qd]
Ganbarimasyou: folds 
Magoya8: folds 
ksjhs4207: folds 
ioanna576: raises $0.15 to $0.25
kalopara: raises $0.75 to $1
Mahu2021: folds 
ioanna576: folds 
Uncalled bet ($0.75) returned to kalopara
kalopara collected $0.60 from pot
kalopara: doesn't show hand 
*** SUMMARY ***
Total pot $0.60 | Rake $0 
Seat 1: ioanna576 (button) folded before Flop
Seat 2: kalopara (small blind) collected ($0.60)
Seat 3: Mahu2021 (big blind) folded before Flop
Seat 4: Ganbarimasyou folded before Flop (didn't bet)
Seat 5: Magoya8 folded before Flop (didn't bet)
Seat 6: ksjhs4207 folded before Flop (didn't bet)



PokerStars Zoom Hand #255153406644:  Hold'em No Limit ($0.05/$0.10) - 2025/03/05 20:07:35 CET [2025/03/05 14:07:35 ET]
Table 'Aludra' 6-max Seat #1 is the button
Seat 1: acd_045 ($15.73 in chips) 
Seat 2: Mahu2021 ($10.13 in chips) 
Seat 3: colomo1 ($15.12 in chips) 
Seat 4: Deegox_E ($12.70 in chips) 
Seat 5: investor2ne1 ($4.03 in chips) 
Seat 6: pcsk8 ($11.08 in chips) 
Mahu2021: posts small blind $0.05
colomo1: posts big blind $0.10
*** HOLE CARDS ***
Dealt to Mahu2021 [6h Td]
Deegox_E: folds 
investor2ne1: folds 
pcsk8: folds 
acd_045: folds 
Mahu2021: raises $0.20 to $0.30
colomo1: calls $0.20
*** FLOP *** [Jc 8s 6c]
Mahu2021: bets $0.30
colomo1: folds 
Uncalled bet ($0.30) returned to Mahu2021
Mahu2021 collected $0.57 from pot
Mahu2021: doesn't show hand 
*** SUMMARY ***
Total pot $0.60 | Rake $0.03 
Board [Jc 8s 6c]
Seat 1: acd_045 (button) folded before Flop (didn't bet)
Seat 2: Mahu2021 (small blind) collected ($0.57)
Seat 3: colomo1 (big blind) folded on the Flop
Seat 4: Deegox_E folded before Flop (didn't bet)
Seat 5: investor2ne1 folded before Flop (didn't bet)
Seat 6: pcsk8 folded before Flop (didn't bet)



PokerStars Zoom Hand #255153414817:  Hold'em No Limit ($0.05/$0.10) - 2025/03/05 20:08:07 CET [2025/03/05 14:08:07 ET]
Table 'Aludra' 6-max Seat #1 is the button
Seat 1: Mahu2021 ($10.40 in chips) 
Seat 2: K@rsburg ($14.41 in chips) 
Seat 3: Julian.S1989 ($18.11 in chips) 
Seat 4: COVEIROANCAP ($15.91 in chips) 
Seat 5: acd_045 ($13.26 in chips) 
Seat 6: MHfishy ($9.78 in chips) 
K@rsburg: posts small blind $0.05
Julian.S1989: posts big blind $0.10
*** HOLE CARDS ***
Dealt to Mahu2021 [Js 4s]
COVEIROANCAP: folds 
acd_045: folds 
MHfishy: folds 
Mahu2021: folds 
K@rsburg: folds 
Uncalled bet ($0.05) returned to Julian.S1989
Julian.S1989 collected $0.10 from pot
Julian.S1989: doesn't show hand 
*** SUMMARY ***
Total pot $0.10 | Rake $0 
Seat 1: Mahu2021 (button) folded before Flop (didn't bet)
Seat 2: K@rsburg (small blind) folded before Flop
Seat 3: Julian.S1989 (big blind) collected ($0.10)
Seat 4: COVEIROANCAP folded before Flop (didn't bet)
Seat 5: acd_045 folded before Flop (didn't bet)
Seat 6: MHfishy folded before Flop (didn't bet)



PokerStars Zoom Hand #255153413323:  Hold'em No Limit ($0.05/$0.10) - 2025/03/05 20:08:01 CET [2025/03/05 14:08:01 ET]
Table 'Aludra' 6-max Seat #1 is the button
Seat 1: Julian.S1989 ($19.97 in chips) 
Seat 2: ProjectPokerPro ($10.01 in chips) 
Seat 3: kilub27 ($4.20 in chips) 
Seat 4: Mahu2021 ($10.40 in chips) 
Seat 5: ioanna576 ($10.53 in chips) 
Seat 6: iudicus ($10.03 in chips) 
ProjectPokerPro: posts small blind $0.05
kilub27: posts big blind $0.10
*** HOLE CARDS ***
Dealt to Mahu2021 [4h 3d]
Mahu2021: folds 
ioanna576: folds 
iudicus: folds 
Julian.S1989: folds 
ProjectPokerPro: raises $0.20 to $0.30
kilub27: raises $0.60 to $0.90
ProjectPokerPro: calls $0.60
*** FLOP *** [Td 6d 2d]
ProjectPokerPro: checks 
kilub27: bets $1.72
ProjectPokerPro: folds 
Uncalled bet ($1.72) returned to kilub27
kilub27 collected $1.72 from pot
kilub27: doesn't show hand 
*** SUMMARY ***
Total pot $1.80 | Rake $0.08 
Board [Td 6d 2d]
Seat 1: Julian.S1989 (button) folded before Flop (didn't bet)
Seat 2: ProjectPokerPro (small blind) folded on the Flop
Seat 3: kilub27 (big blind) collected ($1.72)
Seat 4: Mahu2021 folded before Flop (didn't bet)
Seat 5: ioanna576 folded before Flop (didn't bet)
Seat 6: iudicus folded before Flop (didn't bet)



PokerStars Zoom Hand #255153416395:  Hold'em No Limit ($0.05/$0.10) - 2025/03/05 20:08:13 CET [2025/03/05 14:08:13 ET]
Table 'Aludra' 6-max Seat #1 is the button
Seat 1: slayerhd369 ($10.97 in chips) 
Seat 2: SchekyyyY ($9.04 in chips) 
Seat 3: 00O-2Z ($10 in chips) 
Seat 4: SimoDa39 ($11.85 in chips) 
Seat 5: Mahu2021 ($10.40 in chips) 
Seat 6: Deegox_E ($13.49 in chips) 
SchekyyyY: posts small blind $0.05
00O-2Z: posts big blind $0.10
*** HOLE CARDS ***
Dealt to Mahu2021 [6h Ah]
SimoDa39: folds 
Mahu2021: raises $0.14 to $0.24
Deegox_E: folds 
slayerhd369: folds 
SchekyyyY: folds 
00O-2Z: calls $0.14
*** FLOP *** [Kh Tc 9h]
00O-2Z: checks 
Mahu2021: bets $0.30
00O-2Z: folds 
Uncalled bet ($0.30) returned to Mahu2021
Mahu2021 collected $0.51 from pot
Mahu2021: doesn't show hand 
*** SUMMARY ***
Total pot $0.53 | Rake $0.02 
Board [Kh Tc 9h]
Seat 1: slayerhd369 (button) folded before Flop (didn't bet)
Seat 2: SchekyyyY (small blind) folded before Flop
Seat 3: 00O-2Z (big blind) folded on the Flop
Seat 4: SimoDa39 folded before Flop (didn't bet)
Seat 5: Mahu2021 collected ($0.51)
Seat 6: Deegox_E folded before Flop (didn't bet)



