PokerStars Zoom Hand #253525119633:  Hold'em No Limit ($0.05/$0.10) - 2024/11/22 22:23:58 CET [2024/11/22 16:23:58 ET]
Table 'Aludra' 6-max Seat #1 is the button
Seat 1: ksk05 ($10.92 in chips) 
Seat 2: georgiodoc20 ($11.39 in chips) 
Seat 3: Mahu2021 ($10 in chips) 
Seat 4: king_one862 ($10 in chips) 
Seat 5: 00O-2Z ($11.50 in chips) 
Seat 6: Ros1453 ($18.85 in chips) 
georgiodoc20: posts small blind $0.05
Mahu2021: posts big blind $0.10
*** HOLE CARDS ***
Dealt to Mahu2021 [7s Ah]
king_one862: folds 
00O-2Z: folds 
Ros1453: folds 
ksk05: folds 
georgiodoc20: folds 
Uncalled bet ($0.05) returned to Mahu2021
Mahu2021 collected $0.10 from pot
Mahu2021: doesn't show hand 
*** SUMMARY ***
Total pot $0.10 | Rake $0 
Seat 1: ksk05 (button) folded before Flop (didn't bet)
Seat 2: georgiodoc20 (small blind) folded before Flop
Seat 3: Mahu2021 (big blind) collected ($0.10)
Seat 4: king_one862 folded before Flop (didn't bet)
Seat 5: 00O-2Z folded before Flop (didn't bet)
Seat 6: Ros1453 folded before Flop (didn't bet)



PokerStars Zoom Hand #253525122025:  Hold'em No Limit ($0.05/$0.10) - 2024/11/22 22:24:06 CET [2024/11/22 16:24:06 ET]
Table 'Aludra' 6-max Seat #1 is the button
Seat 1: GAUALE ($12.38 in chips) 
Seat 2: Mahu2021 ($10.05 in chips) 
Seat 3: LexLuther499 ($12.25 in chips) 
Seat 4: Bumbulbee_G ($28.36 in chips) 
Seat 5: Kris Kruger ($19.68 in chips) 
Seat 6: Woods3377 ($34.08 in chips) 
Mahu2021: posts small blind $0.05
LexLuther499: posts big blind $0.10
*** HOLE CARDS ***
Dealt to Mahu2021 [4h Jh]
Bumbulbee_G: folds 
Kris Kruger: raises $0.10 to $0.20
Woods3377: folds 
GAUALE: folds 
Mahu2021: calls $0.15
LexLuther499: folds 
*** FLOP *** [8h Ks Kc]
Mahu2021: checks 
Kris Kruger: bets $0.24
Mahu2021: folds 
Uncalled bet ($0.24) returned to Kris Kruger
Kris Kruger collected $0.48 from pot
Kris Kruger: doesn't show hand 
*** SUMMARY ***
Total pot $0.50 | Rake $0.02 
Board [8h Ks Kc]
Seat 1: GAUALE (button) folded before Flop (didn't bet)
Seat 2: Mahu2021 (small blind) folded on the Flop
Seat 3: LexLuther499 (big blind) folded before Flop
Seat 4: Bumbulbee_G folded before Flop (didn't bet)
Seat 5: Kris Kruger collected ($0.48)
Seat 6: Woods3377 folded before Flop (didn't bet)



PokerStars Zoom Hand #253525129532:  Hold'em No Limit ($0.05/$0.10) - 2024/11/22 22:24:30 CET [2024/11/22 16:24:30 ET]
Table 'Aludra' 6-max Seat #1 is the button
Seat 1: Mahu2021 ($9.85 in chips) 
Seat 2: KrachosMaximus ($27.44 in chips) 
Seat 3: benkss10 ($10.35 in chips) 
Seat 4: Kris Kruger ($19.96 in chips) 
Seat 5: Gigo_1423 ($11.95 in chips) 
Seat 6: Gregory.M23 ($15.23 in chips) 
KrachosMaximus: posts small blind $0.05
benkss10: posts big blind $0.10
*** HOLE CARDS ***
Dealt to Mahu2021 [4c Ah]
Kris Kruger: folds 
Gigo_1423: folds 
Gregory.M23: raises $0.15 to $0.25
Mahu2021: folds 
KrachosMaximus: folds 
benkss10: folds 
Uncalled bet ($0.15) returned to Gregory.M23
Gregory.M23 collected $0.25 from pot
Gregory.M23: doesn't show hand 
*** SUMMARY ***
Total pot $0.25 | Rake $0 
Seat 1: Mahu2021 (button) folded before Flop (didn't bet)
Seat 2: KrachosMaximus (small blind) folded before Flop
Seat 3: benkss10 (big blind) folded before Flop
Seat 4: Kris Kruger folded before Flop (didn't bet)
Seat 5: Gigo_1423 folded before Flop (didn't bet)
Seat 6: Gregory.M23 collected ($0.25)



PokerStars Zoom Hand #253525134145:  Hold'em No Limit ($0.05/$0.10) - 2024/11/22 22:24:46 CET [2024/11/22 16:24:46 ET]
Table 'Aludra' 6-max Seat #1 is the button
Seat 1: aim1137 ($7.09 in chips) 
Seat 2: camilo13186 ($10.32 in chips) 
Seat 3: 00O-2Z ($11.50 in chips) 
Seat 4: CashUpGuy ($10 in chips) 
Seat 5: Mahu2021 ($9.85 in chips) 
Seat 6: noisiAAAA ($16.21 in chips) 
camilo13186: posts small blind $0.05
00O-2Z: posts big blind $0.10
*** HOLE CARDS ***
Dealt to Mahu2021 [8d 7d]
CashUpGuy: folds 
Mahu2021: raises $0.10 to $0.20
noisiAAAA: folds 
aim1137: folds 
camilo13186: folds 
00O-2Z: folds 
Uncalled bet ($0.10) returned to Mahu2021
Mahu2021 collected $0.25 from pot
Mahu2021: doesn't show hand 
*** SUMMARY ***
Total pot $0.25 | Rake $0 
Seat 1: aim1137 (button) folded before Flop (didn't bet)
Seat 2: camilo13186 (small blind) folded before Flop
Seat 3: 00O-2Z (big blind) folded before Flop
Seat 4: CashUpGuy folded before Flop (didn't bet)
Seat 5: Mahu2021 collected ($0.25)
Seat 6: noisiAAAA folded before Flop (didn't bet)



PokerStars Zoom Hand #253525131815:  Hold'em No Limit ($0.05/$0.10) - 2024/11/22 22:24:38 CET [2024/11/22 16:24:38 ET]
Table 'Aludra' 6-max Seat #1 is the button
Seat 1: Guanche Furioso ($12.32 in chips) 
Seat 2: Die8 ($10.95 in chips) 
Seat 3: intueor ($20.12 in chips) 
Seat 4: eLegido99 ($14.78 in chips) 
Seat 5: angrybob19 ($7.08 in chips) 
Seat 6: Mahu2021 ($9.85 in chips) 
Die8: posts small blind $0.05
intueor: posts big blind $0.10
*** HOLE CARDS ***
Dealt to Mahu2021 [7d 6d]
eLegido99: raises $0.15 to $0.25
angrybob19: folds 
Mahu2021: folds 
Guanche Furioso: raises $0.55 to $0.80
Die8: folds 
intueor: folds 
eLegido99: folds 
Uncalled bet ($0.55) returned to Guanche Furioso
Guanche Furioso collected $0.65 from pot
Guanche Furioso: doesn't show hand 
*** SUMMARY ***
Total pot $0.65 | Rake $0 
Seat 1: Guanche Furioso (button) collected ($0.65)
Seat 2: Die8 (small blind) folded before Flop
Seat 3: intueor (big blind) folded before Flop
Seat 4: eLegido99 folded before Flop
Seat 5: angrybob19 folded before Flop (didn't bet)
Seat 6: Mahu2021 folded before Flop (didn't bet)



PokerStars Zoom Hand #253525137423:  Hold'em No Limit ($0.05/$0.10) - 2024/11/22 22:24:57 CET [2024/11/22 16:24:57 ET]
Table 'Aludra' 6-max Seat #1 is the button
Seat 1: ksk05 ($8.92 in chips) 
Seat 2: oyuka1988 ($16.64 in chips) 
Seat 3: Macolebski ($18.52 in chips) 
Seat 4: Mahu2021 ($10 in chips) 
Seat 5: FabOliveira9 ($8.51 in chips) 
Seat 6: intueor ($20.02 in chips) 
oyuka1988: posts small blind $0.05
Macolebski: posts big blind $0.10
*** HOLE CARDS ***
Dealt to Mahu2021 [Ac Qc]
Mahu2021: raises $0.20 to $0.30
FabOliveira9: folds 
intueor: folds 
ksk05: folds 
oyuka1988: folds 
Macolebski: calls $0.20
*** FLOP *** [Tc Ad 8d]
Macolebski: bets $0.20
Mahu2021: raises $0.30 to $0.50
Macolebski: calls $0.30
*** TURN *** [Tc Ad 8d] [2h]
Macolebski: checks 
Mahu2021: bets $0.20
Macolebski: calls $0.20
*** RIVER *** [Tc Ad 8d 2h] [6h]
Macolebski: checks 
Mahu2021: checks 
*** SHOW DOWN ***
Macolebski: shows [Jc Qh] (high card Ace)
Mahu2021: shows [Ac Qc] (a pair of Aces)
Mahu2021 collected $1.96 from pot
*** SUMMARY ***
Total pot $2.05 | Rake $0.09 
Board [Tc Ad 8d 2h 6h]
Seat 1: ksk05 (button) folded before Flop (didn't bet)
Seat 2: oyuka1988 (small blind) folded before Flop
Seat 3: Macolebski (big blind) showed [Jc Qh] and lost with high card Ace
Seat 4: Mahu2021 showed [Ac Qc] and won ($1.96) with a pair of Aces
Seat 5: FabOliveira9 folded before Flop (didn't bet)
Seat 6: intueor folded before Flop (didn't bet)



PokerStars Zoom Hand #253525148100:  Hold'em No Limit ($0.05/$0.10) - 2024/11/22 22:25:32 CET [2024/11/22 16:25:32 ET]
Table 'Aludra' 6-max Seat #1 is the button
Seat 1: benkss10 ($11.95 in chips) 
Seat 2: LexLuther499 ($24.05 in chips) 
Seat 3: Mahu2021 ($10.96 in chips) 
Seat 4: Macolebski ($17.52 in chips) 
Seat 5: Atomic Cosmos ($9.11 in chips) 
Seat 6: lordx777 ($10.53 in chips) 
LexLuther499: posts small blind $0.05
Mahu2021: posts big blind $0.10
*** HOLE CARDS ***
Dealt to Mahu2021 [Qc 4c]
Macolebski: folds 
Atomic Cosmos: folds 
lordx777: folds 
benkss10: folds 
LexLuther499: folds 
Uncalled bet ($0.05) returned to Mahu2021
Mahu2021 collected $0.10 from pot
Mahu2021: doesn't show hand 
*** SUMMARY ***
Total pot $0.10 | Rake $0 
Seat 1: benkss10 (button) folded before Flop (didn't bet)
Seat 2: LexLuther499 (small blind) folded before Flop
Seat 3: Mahu2021 (big blind) collected ($0.10)
Seat 4: Macolebski folded before Flop (didn't bet)
Seat 5: Atomic Cosmos folded before Flop (didn't bet)
Seat 6: lordx777 folded before Flop (didn't bet)



PokerStars Zoom Hand #253525151585:  Hold'em No Limit ($0.05/$0.10) - 2024/11/22 22:25:44 CET [2024/11/22 16:25:44 ET]
Table 'Aludra' 6-max Seat #1 is the button
Seat 1: eodnrdld123 ($12.04 in chips) 
Seat 2: Mahu2021 ($11.01 in chips) 
Seat 3: bryksapoker ($10.64 in chips) 
Seat 4: ThBalance ($12.01 in chips) 
Seat 5: 4oturu ($9.95 in chips) 
Seat 6: Destriyer3 ($11.11 in chips) 
Mahu2021: posts small blind $0.05
bryksapoker: posts big blind $0.10
*** HOLE CARDS ***
Dealt to Mahu2021 [6h 8c]
ThBalance: raises $0.14 to $0.24
4oturu: folds 
Destriyer3: folds 
eodnrdld123: folds 
Mahu2021: folds 
bryksapoker: folds 
Uncalled bet ($0.14) returned to ThBalance
ThBalance collected $0.25 from pot
ThBalance: doesn't show hand 
*** SUMMARY ***
Total pot $0.25 | Rake $0 
Seat 1: eodnrdld123 (button) folded before Flop (didn't bet)
Seat 2: Mahu2021 (small blind) folded before Flop
Seat 3: bryksapoker (big blind) folded before Flop
Seat 4: ThBalance collected ($0.25)
Seat 5: 4oturu folded before Flop (didn't bet)
Seat 6: Destriyer3 folded before Flop (didn't bet)



PokerStars Zoom Hand #253525152818:  Hold'em No Limit ($0.05/$0.10) - 2024/11/22 22:25:48 CET [2024/11/22 16:25:48 ET]
Table 'Aludra' 6-max Seat #1 is the button
Seat 1: Mahu2021 ($10.96 in chips) 
Seat 2: kimmand ($3.67 in chips) 
Seat 3: wdtfsbnm ($6.39 in chips) 
Seat 4: kikurinpk ($10.30 in chips) 
Seat 5: BvB09177 ($10 in chips) 
Seat 6: Ruabe ($13.02 in chips) 
kimmand: posts small blind $0.05
wdtfsbnm: posts big blind $0.10
*** HOLE CARDS ***
Dealt to Mahu2021 [9h 9c]
kikurinpk has timed out
kikurinpk: folds 
BvB09177: folds 
Ruabe: folds 
Mahu2021: raises $0.20 to $0.30
kimmand: folds 
wdtfsbnm: raises $6.09 to $6.39 and is all-in
Mahu2021: folds 
Uncalled bet ($6.09) returned to wdtfsbnm
wdtfsbnm collected $0.65 from pot
wdtfsbnm: doesn't show hand 
*** SUMMARY ***
Total pot $0.65 | Rake $0 
Seat 1: Mahu2021 (button) folded before Flop
Seat 2: kimmand (small blind) folded before Flop
Seat 3: wdtfsbnm (big blind) collected ($0.65)
Seat 4: kikurinpk folded before Flop (didn't bet)
Seat 5: BvB09177 folded before Flop (didn't bet)
Seat 6: Ruabe folded before Flop (didn't bet)



PokerStars Zoom Hand #253525159223:  Hold'em No Limit ($0.05/$0.10) - 2024/11/22 22:26:10 CET [2024/11/22 16:26:10 ET]
Table 'Aludra' 6-max Seat #1 is the button
Seat 1: putzkedudu ($23.57 in chips) 
Seat 2: damkas1989 ($23.59 in chips) 
Seat 3: misterdenister ($12.93 in chips) 
Seat 4: ksk05 ($10.70 in chips) 
Seat 5: mitchy1777 ($10 in chips) 
Seat 6: Mahu2021 ($10.66 in chips) 
damkas1989: posts small blind $0.05
misterdenister: posts big blind $0.10
*** HOLE CARDS ***
Dealt to Mahu2021 [3s As]
ksk05: raises $0.10 to $0.20
mitchy1777: folds 
Mahu2021: folds 
putzkedudu: folds 
damkas1989: folds 
misterdenister: folds 
Uncalled bet ($0.10) returned to ksk05
ksk05 collected $0.25 from pot
ksk05: doesn't show hand 
*** SUMMARY ***
Total pot $0.25 | Rake $0 
Seat 1: putzkedudu (button) folded before Flop (didn't bet)
Seat 2: damkas1989 (small blind) folded before Flop
Seat 3: misterdenister (big blind) folded before Flop
Seat 4: ksk05 collected ($0.25)
Seat 5: mitchy1777 folded before Flop (didn't bet)
Seat 6: Mahu2021 folded before Flop (didn't bet)



PokerStars Zoom Hand #253525160315:  Hold'em No Limit ($0.05/$0.10) - 2024/11/22 22:26:13 CET [2024/11/22 16:26:13 ET]
Table 'Aludra' 6-max Seat #1 is the button
Seat 1: lexy615 ($14.10 in chips) 
Seat 2: Gigo_1423 ($10 in chips) 
Seat 3: angrybob19 ($6.38 in chips) 
Seat 4: lordx777 ($10.80 in chips) 
Seat 5: Mahu2021 ($10.66 in chips) 
Seat 6: misterdenister ($12.83 in chips) 
Gigo_1423: posts small blind $0.05
angrybob19: posts big blind $0.10
*** HOLE CARDS ***
Dealt to Mahu2021 [8c Qc]
lordx777: folds 
Mahu2021: folds 
misterdenister: folds 
lexy615 has timed out
lexy615: folds 
Gigo_1423: folds 
Uncalled bet ($0.05) returned to angrybob19
angrybob19 collected $0.10 from pot
angrybob19: doesn't show hand 
*** SUMMARY ***
Total pot $0.10 | Rake $0 
Seat 1: lexy615 (button) folded before Flop (didn't bet)
Seat 2: Gigo_1423 (small blind) folded before Flop
Seat 3: angrybob19 (big blind) collected ($0.10)
Seat 4: lordx777 folded before Flop (didn't bet)
Seat 5: Mahu2021 folded before Flop (didn't bet)
Seat 6: misterdenister folded before Flop (didn't bet)



PokerStars Zoom Hand #253525164789:  Hold'em No Limit ($0.05/$0.10) - 2024/11/22 22:26:28 CET [2024/11/22 16:26:28 ET]
Table 'Aludra' 6-max Seat #1 is the button
Seat 1: Gigo_1423 ($12.85 in chips) 
Seat 2: Mahu2021 ($10.56 in chips) 
Seat 3: HARIT81 ($10 in chips) 
Seat 4: lordx777 ($13.96 in chips) 
Seat 5: putzkedudu ($23.57 in chips) 
Seat 6: based-stylo ($14.77 in chips) 
Mahu2021: posts small blind $0.05
HARIT81: posts big blind $0.10
*** HOLE CARDS ***
Dealt to Mahu2021 [Jh 7c]
lordx777: folds 
putzkedudu: folds 
based-stylo: folds 
Gigo_1423: folds 
Mahu2021: folds 
Uncalled bet ($0.05) returned to HARIT81
HARIT81 collected $0.10 from pot
HARIT81: doesn't show hand 
*** SUMMARY ***
Total pot $0.10 | Rake $0 
Seat 1: Gigo_1423 (button) folded before Flop (didn't bet)
Seat 2: Mahu2021 (small blind) folded before Flop
Seat 3: HARIT81 (big blind) collected ($0.10)
Seat 4: lordx777 folded before Flop (didn't bet)
Seat 5: putzkedudu folded before Flop (didn't bet)
Seat 6: based-stylo folded before Flop (didn't bet)



PokerStars Zoom Hand #253525165994:  Hold'em No Limit ($0.05/$0.10) - 2024/11/22 22:26:32 CET [2024/11/22 16:26:32 ET]
Table 'Aludra' 6-max Seat #1 is the button
Seat 1: eodnrdld123 ($10 in chips) 
Seat 2: lordx777 ($13.96 in chips) 
Seat 3: mitchy1777 ($10 in chips) 
Seat 4: BMWR651982 ($7.15 in chips) 
Seat 5: CashUpGuy ($10 in chips) 
Seat 6: Mahu2021 ($10.51 in chips) 
lordx777: posts small blind $0.05
mitchy1777: posts big blind $0.10
*** HOLE CARDS ***
Dealt to Mahu2021 [9h Qs]
BMWR651982: folds 
CashUpGuy: raises $0.15 to $0.25
Mahu2021: folds 
eodnrdld123: folds 
lordx777: folds 
mitchy1777: folds 
Uncalled bet ($0.15) returned to CashUpGuy
CashUpGuy collected $0.25 from pot
CashUpGuy: doesn't show hand 
*** SUMMARY ***
Total pot $0.25 | Rake $0 
Seat 1: eodnrdld123 (button) folded before Flop (didn't bet)
Seat 2: lordx777 (small blind) folded before Flop
Seat 3: mitchy1777 (big blind) folded before Flop
Seat 4: BMWR651982 folded before Flop (didn't bet)
Seat 5: CashUpGuy collected ($0.25)
Seat 6: Mahu2021 folded before Flop (didn't bet)



PokerStars Zoom Hand #253525167212:  Hold'em No Limit ($0.05/$0.10) - 2024/11/22 22:26:36 CET [2024/11/22 16:26:36 ET]
Table 'Aludra' 6-max Seat #1 is the button
Seat 1: Mahu2021 ($10.51 in chips) 
Seat 2: Hajen5000 ($24.22 in chips) 
Seat 3: neukrocen ($40.61 in chips) 
Seat 4: Polo&Co83 ($4.71 in chips) 
Seat 5: Destriyer3 ($11.33 in chips) 
Seat 6: based-stylo ($14.72 in chips) 
Hajen5000: posts small blind $0.05
neukrocen: posts big blind $0.10
*** HOLE CARDS ***
Dealt to Mahu2021 [9c Ah]
Polo&Co83: folds 
Destriyer3: folds 
based-stylo: folds 
Mahu2021: raises $0.20 to $0.30
Hajen5000: folds 
neukrocen: raises $1 to $1.30
Mahu2021: folds 
Uncalled bet ($1) returned to neukrocen
neukrocen collected $0.65 from pot
neukrocen: doesn't show hand 
*** SUMMARY ***
Total pot $0.65 | Rake $0 
Seat 1: Mahu2021 (button) folded before Flop
Seat 2: Hajen5000 (small blind) folded before Flop
Seat 3: neukrocen (big blind) collected ($0.65)
Seat 4: Polo&Co83 folded before Flop (didn't bet)
Seat 5: Destriyer3 folded before Flop (didn't bet)
Seat 6: based-stylo folded before Flop (didn't bet)



PokerStars Zoom Hand #253525172629:  Hold'em No Limit ($0.05/$0.10) - 2024/11/22 22:26:54 CET [2024/11/22 16:26:54 ET]
Table 'Aludra' 6-max Seat #1 is the button
Seat 1: lordx777 ($10.93 in chips) 
Seat 2: sebchen666 ($13.93 in chips) 
Seat 3: KKEkz ($9.60 in chips) 
Seat 4: Guanche Furioso ($11.72 in chips) 
Seat 5: Mahu2021 ($10.21 in chips) 
Seat 6: okodara ($12.54 in chips) 
sebchen666: posts small blind $0.05
KKEkz: posts big blind $0.10
*** HOLE CARDS ***
Dealt to Mahu2021 [Qh 2s]
Guanche Furioso: folds 
Mahu2021: folds 
okodara: folds 
lordx777: raises $0.15 to $0.25
sebchen666: folds 
KKEkz: calls $0.15
*** FLOP *** [Kc Kh Tc]
KKEkz: checks 
lordx777: checks 
*** TURN *** [Kc Kh Tc] [3c]
KKEkz: bets $0.18
lordx777: folds 
Uncalled bet ($0.18) returned to KKEkz
KKEkz collected $0.53 from pot
KKEkz: doesn't show hand 
*** SUMMARY ***
Total pot $0.55 | Rake $0.02 
Board [Kc Kh Tc 3c]
Seat 1: lordx777 (button) folded on the Turn
Seat 2: sebchen666 (small blind) folded before Flop
Seat 3: KKEkz (big blind) collected ($0.53)
Seat 4: Guanche Furioso folded before Flop (didn't bet)
Seat 5: Mahu2021 folded before Flop (didn't bet)
Seat 6: okodara folded before Flop (didn't bet)



PokerStars Zoom Hand #253525173608:  Hold'em No Limit ($0.05/$0.10) - 2024/11/22 22:26:57 CET [2024/11/22 16:26:57 ET]
Table 'Aludra' 6-max Seat #1 is the button
Seat 1: Polo&Co83 ($4.76 in chips) 
Seat 2: DonkeyKong1960 ($10 in chips) 
Seat 3: Mahu2021 ($10.21 in chips) 
Seat 4: neukrocen ($40.96 in chips) 
Seat 5: eLegido99 ($11.59 in chips) 
Seat 6: georgiodoc20 ($19.10 in chips) 
DonkeyKong1960: posts small blind $0.05
Mahu2021: posts big blind $0.10
*** HOLE CARDS ***
Dealt to Mahu2021 [4c Ac]
neukrocen: folds 
eLegido99: raises $0.15 to $0.25
georgiodoc20: folds 
Polo&Co83: folds 
DonkeyKong1960: folds 
Mahu2021: calls $0.15
*** FLOP *** [9h 2s 3s]
Mahu2021: checks 
eLegido99: bets $0.27
Mahu2021: calls $0.27
*** TURN *** [9h 2s 3s] [2c]
Mahu2021: checks 
eLegido99: bets $0.80
Mahu2021: calls $0.80
*** RIVER *** [9h 2s 3s 2c] [Ad]
Mahu2021: checks 
eLegido99: checks 
*** SHOW DOWN ***
Mahu2021: shows [4c Ac] (two pair, Aces and Deuces)
eLegido99: mucks hand 
Mahu2021 collected $2.57 from pot
*** SUMMARY ***
Total pot $2.69 | Rake $0.12 
Board [9h 2s 3s 2c Ad]
Seat 1: Polo&Co83 (button) folded before Flop (didn't bet)
Seat 2: DonkeyKong1960 (small blind) folded before Flop
Seat 3: Mahu2021 (big blind) showed [4c Ac] and won ($2.57) with two pair, Aces and Deuces
Seat 4: neukrocen folded before Flop (didn't bet)
Seat 5: eLegido99 mucked [5s 6s]
Seat 6: georgiodoc20 folded before Flop (didn't bet)



PokerStars Zoom Hand #253525184212:  Hold'em No Limit ($0.05/$0.10) - 2024/11/22 22:27:33 CET [2024/11/22 16:27:33 ET]
Table 'Aludra' 6-max Seat #1 is the button
Seat 1: Microdust ($10.05 in chips) 
Seat 2: Polo&Co83 ($4.76 in chips) 
Seat 3: khrisanfov ($10.60 in chips) 
Seat 4: letmewinplz8 ($22.52 in chips) 
Seat 5: Mahu2021 ($11.46 in chips) 
Seat 6: eLegido99 ($10.27 in chips) 
Polo&Co83: posts small blind $0.05
khrisanfov: posts big blind $0.10
*** HOLE CARDS ***
Dealt to Mahu2021 [5h Jd]
letmewinplz8: folds 
Mahu2021: folds 
eLegido99: folds 
Microdust: raises $0.15 to $0.25
Polo&Co83: folds 
khrisanfov: folds 
Uncalled bet ($0.15) returned to Microdust
Microdust collected $0.25 from pot
Microdust: doesn't show hand 
*** SUMMARY ***
Total pot $0.25 | Rake $0 
Seat 1: Microdust (button) collected ($0.25)
Seat 2: Polo&Co83 (small blind) folded before Flop
Seat 3: khrisanfov (big blind) folded before Flop
Seat 4: letmewinplz8 folded before Flop (didn't bet)
Seat 5: Mahu2021 folded before Flop (didn't bet)
Seat 6: eLegido99 folded before Flop (didn't bet)



PokerStars Zoom Hand #253525162718:  Hold'em No Limit ($0.05/$0.10) - 2024/11/22 22:26:21 CET [2024/11/22 16:26:21 ET]
Table 'Aludra' 6-max Seat #1 is the button
Seat 1: Microdust ($12.17 in chips) 
Seat 2: georgiodoc20 ($19.25 in chips) 
Seat 3: Mahu2021 ($10.66 in chips) 
Seat 4: letmewinplz8 ($26.84 in chips) 
Seat 5: HeartUnderSword ($13.71 in chips) 
Seat 6: Hjalmen ($10 in chips) 
georgiodoc20: posts small blind $0.05
Mahu2021: posts big blind $0.10
*** HOLE CARDS ***
Dealt to Mahu2021 [9d 6s]
letmewinplz8: raises $0.20 to $0.30
HeartUnderSword: calls $0.30
Hjalmen: folds 
Microdust: folds 
georgiodoc20: folds 
Mahu2021: folds 
*** FLOP *** [7h 3s 4d]
letmewinplz8: bets $0.36
HeartUnderSword: calls $0.36
*** TURN *** [7h 3s 4d] [Kh]
letmewinplz8: bets $1.10
HeartUnderSword: calls $1.10
*** RIVER *** [7h 3s 4d Kh] [2c]
letmewinplz8: bets $2.30
HeartUnderSword: raises $3.50 to $5.80
letmewinplz8: folds 
Uncalled bet ($3.50) returned to HeartUnderSword
HeartUnderSword collected $7.90 from pot
HeartUnderSword: doesn't show hand 
*** SUMMARY ***
Total pot $8.27 | Rake $0.37 
Board [7h 3s 4d Kh 2c]
Seat 1: Microdust (button) folded before Flop (didn't bet)
Seat 2: georgiodoc20 (small blind) folded before Flop
Seat 3: Mahu2021 (big blind) folded before Flop
Seat 4: letmewinplz8 folded on the River
Seat 5: HeartUnderSword collected ($7.90)
Seat 6: Hjalmen folded before Flop (didn't bet)



PokerStars Zoom Hand #253525187915:  Hold'em No Limit ($0.05/$0.10) - 2024/11/22 22:27:45 CET [2024/11/22 16:27:45 ET]
Table 'Aludra' 6-max Seat #1 is the button
Seat 1: arnament ($7.11 in chips) 
Seat 2: Mahu2021 ($11.46 in chips) 
Seat 3: bryksapoker ($11.16 in chips) 
Seat 4: benkss10 ($12.10 in chips) 
Seat 5: mitchy1777 ($11.53 in chips) 
Seat 6: Gigo_1423 ($10.22 in chips) 
Mahu2021: posts small blind $0.05
bryksapoker: posts big blind $0.10
*** HOLE CARDS ***
Dealt to Mahu2021 [2h 9h]
benkss10: raises $0.15 to $0.25
mitchy1777: folds 
Gigo_1423: folds 
arnament: folds 
Mahu2021: folds 
bryksapoker: folds 
Uncalled bet ($0.15) returned to benkss10
benkss10 collected $0.25 from pot
benkss10: doesn't show hand 
*** SUMMARY ***
Total pot $0.25 | Rake $0 
Seat 1: arnament (button) folded before Flop (didn't bet)
Seat 2: Mahu2021 (small blind) folded before Flop
Seat 3: bryksapoker (big blind) folded before Flop
Seat 4: benkss10 collected ($0.25)
Seat 5: mitchy1777 folded before Flop (didn't bet)
Seat 6: Gigo_1423 folded before Flop (didn't bet)



PokerStars Zoom Hand #253525189062:  Hold'em No Limit ($0.05/$0.10) - 2024/11/22 22:27:49 CET [2024/11/22 16:27:49 ET]
Table 'Aludra' 6-max Seat #1 is the button
Seat 1: Gigo_1423 ($12.05 in chips) 
Seat 2: Gregory.M23 ($10.15 in chips) 
Seat 3: Mahu2021 ($11.41 in chips) 
Seat 4: DonkeyKong1960 ($10.42 in chips) 
Seat 5: Woods3377 ($33.83 in chips) 
Seat 6: georgiodoc20 ($10.84 in chips) 
Gregory.M23: posts small blind $0.05
Mahu2021: posts big blind $0.10
*** HOLE CARDS ***
Dealt to Mahu2021 [9d Ts]
DonkeyKong1960: folds 
Woods3377: raises $0.20 to $0.30
georgiodoc20: folds 
Gigo_1423: folds 
Gregory.M23: folds 
Mahu2021: folds 
Uncalled bet ($0.20) returned to Woods3377
Woods3377 collected $0.25 from pot
Woods3377: doesn't show hand 
*** SUMMARY ***
Total pot $0.25 | Rake $0 
Seat 1: Gigo_1423 (button) folded before Flop (didn't bet)
Seat 2: Gregory.M23 (small blind) folded before Flop
Seat 3: Mahu2021 (big blind) folded before Flop
Seat 4: DonkeyKong1960 folded before Flop (didn't bet)
Seat 5: Woods3377 collected ($0.25)
Seat 6: georgiodoc20 folded before Flop (didn't bet)



PokerStars Zoom Hand #253525192479:  Hold'em No Limit ($0.05/$0.10) - 2024/11/22 22:28:00 CET [2024/11/22 16:28:00 ET]
Table 'Aludra' 6-max Seat #1 is the button
Seat 1: Youssef.Dach ($4.33 in chips) 
Seat 2: Mariobl888 ($9.49 in chips) 
Seat 3: HeartUnderSword ($17.50 in chips) 
Seat 4: Mahu2021 ($11.31 in chips) 
Seat 5: jacks423 ($10 in chips) 
Seat 6: KKEkz ($10.23 in chips) 
Mariobl888: posts small blind $0.05
HeartUnderSword: posts big blind $0.10
*** HOLE CARDS ***
Dealt to Mahu2021 [Jh 2s]
Mahu2021: folds 
jacks423: folds 
KKEkz: folds 
Youssef.Dach: folds 
Mariobl888: folds 
Uncalled bet ($0.05) returned to HeartUnderSword
HeartUnderSword collected $0.10 from pot
HeartUnderSword: doesn't show hand 
*** SUMMARY ***
Total pot $0.10 | Rake $0 
Seat 1: Youssef.Dach (button) folded before Flop (didn't bet)
Seat 2: Mariobl888 (small blind) folded before Flop
Seat 3: HeartUnderSword (big blind) collected ($0.10)
Seat 4: Mahu2021 folded before Flop (didn't bet)
Seat 5: jacks423 folded before Flop (didn't bet)
Seat 6: KKEkz folded before Flop (didn't bet)



PokerStars Zoom Hand #253525193705:  Hold'em No Limit ($0.05/$0.10) - 2024/11/22 22:28:04 CET [2024/11/22 16:28:04 ET]
Table 'Aludra' 6-max Seat #1 is the button
Seat 1: benkss10 ($12.25 in chips) 
Seat 2: Atomic Cosmos ($5.55 in chips) 
Seat 3: KKEkz ($10.23 in chips) 
Seat 4: 4oturu ($10.28 in chips) 
Seat 5: misterdenister ($10 in chips) 
Seat 6: Mahu2021 ($11.31 in chips) 
Atomic Cosmos: posts small blind $0.05
KKEkz: posts big blind $0.10
*** HOLE CARDS ***
Dealt to Mahu2021 [Qd Kh]
4oturu: folds 
misterdenister: folds 
Mahu2021: raises $0.10 to $0.20
benkss10: folds 
Atomic Cosmos: raises $0.45 to $0.65
KKEkz: folds 
Mahu2021: folds 
Uncalled bet ($0.45) returned to Atomic Cosmos
Atomic Cosmos collected $0.50 from pot
Atomic Cosmos: doesn't show hand 
*** SUMMARY ***
Total pot $0.50 | Rake $0 
Seat 1: benkss10 (button) folded before Flop (didn't bet)
Seat 2: Atomic Cosmos (small blind) collected ($0.50)
Seat 3: KKEkz (big blind) folded before Flop
Seat 4: 4oturu folded before Flop (didn't bet)
Seat 5: misterdenister folded before Flop (didn't bet)
Seat 6: Mahu2021 folded before Flop



PokerStars Zoom Hand #253525186497:  Hold'em No Limit ($0.05/$0.10) - 2024/11/22 22:27:40 CET [2024/11/22 16:27:40 ET]
Table 'Aludra' 6-max Seat #1 is the button
Seat 1: Mahu2021 ($11.46 in chips) 
Seat 2: intueor ($33.06 in chips) 
Seat 3: 19Brad97 ($7.52 in chips) 
Seat 4: letmewinplz8 ($10 in chips) 
Seat 5: Maxim_Otto13 ($10.06 in chips) 
Seat 6: Patumatula ($19.39 in chips) 
intueor: posts small blind $0.05
19Brad97: posts big blind $0.10
*** HOLE CARDS ***
Dealt to Mahu2021 [9d Qh]
letmewinplz8: raises $0.20 to $0.30
Maxim_Otto13: folds 
Patumatula: calls $0.30
Mahu2021: folds 
intueor: calls $0.25
19Brad97: folds 
*** FLOP *** [Tc 9c 5s]
intueor: checks 
letmewinplz8: checks 
Patumatula: checks 
*** TURN *** [Tc 9c 5s] [7h]
intueor: bets $0.50
letmewinplz8: folds 
Patumatula: folds 
Uncalled bet ($0.50) returned to intueor
intueor collected $0.96 from pot
intueor: doesn't show hand 
*** SUMMARY ***
Total pot $1 | Rake $0.04 
Board [Tc 9c 5s 7h]
Seat 1: Mahu2021 (button) folded before Flop (didn't bet)
Seat 2: intueor (small blind) collected ($0.96)
Seat 3: 19Brad97 (big blind) folded before Flop
Seat 4: letmewinplz8 folded on the Turn
Seat 5: Maxim_Otto13 folded before Flop (didn't bet)
Seat 6: Patumatula folded on the Turn



PokerStars Zoom Hand #253525203568:  Hold'em No Limit ($0.05/$0.10) - 2024/11/22 22:28:38 CET [2024/11/22 16:28:38 ET]
Table 'Aludra' 6-max Seat #1 is the button
Seat 1: Athena42O ($13.68 in chips) 
Seat 2: jacks423 ($10 in chips) 
Seat 3: letmewinplz8 ($13.41 in chips) 
Seat 4: Mahu2021 ($11.11 in chips) 
Seat 5: RenoRosco ($12.32 in chips) 
Seat 6: lordx777 ($11.84 in chips) 
jacks423: posts small blind $0.05
letmewinplz8: posts big blind $0.10
*** HOLE CARDS ***
Dealt to Mahu2021 [Th 7s]
Mahu2021: folds 
RenoRosco: raises $0.15 to $0.25
lordx777: folds 
Athena42O: folds 
jacks423: folds 
letmewinplz8: folds 
Uncalled bet ($0.15) returned to RenoRosco
RenoRosco collected $0.25 from pot
RenoRosco: doesn't show hand 
*** SUMMARY ***
Total pot $0.25 | Rake $0 
Seat 1: Athena42O (button) folded before Flop (didn't bet)
Seat 2: jacks423 (small blind) folded before Flop
Seat 3: letmewinplz8 (big blind) folded before Flop
Seat 4: Mahu2021 folded before Flop (didn't bet)
Seat 5: RenoRosco collected ($0.25)
Seat 6: lordx777 folded before Flop (didn't bet)



PokerStars Zoom Hand #253525202208:  Hold'em No Limit ($0.05/$0.10) - 2024/11/22 22:28:33 CET [2024/11/22 16:28:33 ET]
Table 'Aludra' 6-max Seat #1 is the button
Seat 1: Microdust ($11.66 in chips) 
Seat 2: vakalo ($4.75 in chips) 
Seat 3: wenceslao92 ($10.35 in chips) 
Seat 4: Mahu2021 ($11.11 in chips) 
Seat 5: Fang759 ($9.19 in chips) 
Seat 6: Hjalmen ($10.24 in chips) 
vakalo: posts small blind $0.05
wenceslao92: posts big blind $0.10
*** HOLE CARDS ***
Dealt to Mahu2021 [6h 5d]
Mahu2021: folds 
Fang759: folds 
Hjalmen: raises $0.17 to $0.27
Microdust: raises $0.63 to $0.90
vakalo: folds 
wenceslao92: folds 
Hjalmen: folds 
Uncalled bet ($0.63) returned to Microdust
Microdust collected $0.69 from pot
Microdust: doesn't show hand 
*** SUMMARY ***
Total pot $0.69 | Rake $0 
Seat 1: Microdust (button) collected ($0.69)
Seat 2: vakalo (small blind) folded before Flop
Seat 3: wenceslao92 (big blind) folded before Flop
Seat 4: Mahu2021 folded before Flop (didn't bet)
Seat 5: Fang759 folded before Flop (didn't bet)
Seat 6: Hjalmen folded before Flop



PokerStars Zoom Hand #253525204463:  Hold'em No Limit ($0.05/$0.10) - 2024/11/22 22:28:41 CET [2024/11/22 16:28:41 ET]
Table 'Aludra' 6-max Seat #1 is the button
Seat 1: intueor ($33.72 in chips) 
Seat 2: Gregory.M23 ($17.40 in chips) 
Seat 3: lionsaolin ($11.26 in chips) 
Seat 4: marosthebest ($24.47 in chips) 
Seat 5: Dilks741 ($11.35 in chips) 
Seat 6: Mahu2021 ($11.11 in chips) 
Gregory.M23: posts small blind $0.05
lionsaolin: posts big blind $0.10
*** HOLE CARDS ***
Dealt to Mahu2021 [9d Jd]
marosthebest: folds 
Dilks741: folds 
Mahu2021: folds 
intueor: raises $0.10 to $0.20
Gregory.M23: folds 
lionsaolin: folds 
Uncalled bet ($0.10) returned to intueor
intueor collected $0.25 from pot
intueor: doesn't show hand 
*** SUMMARY ***
Total pot $0.25 | Rake $0 
Seat 1: intueor (button) collected ($0.25)
Seat 2: Gregory.M23 (small blind) folded before Flop
Seat 3: lionsaolin (big blind) folded before Flop
Seat 4: marosthebest folded before Flop (didn't bet)
Seat 5: Dilks741 folded before Flop (didn't bet)
Seat 6: Mahu2021 folded before Flop (didn't bet)



PokerStars Zoom Hand #253525206451:  Hold'em No Limit ($0.05/$0.10) - 2024/11/22 22:28:48 CET [2024/11/22 16:28:48 ET]
Table 'Aludra' 6-max Seat #1 is the button
Seat 1: georgiodoc20 ($24.85 in chips) 
Seat 2: Mahu2021 ($11.11 in chips) 
Seat 3: Microdust ($10 in chips) 
Seat 4: Hjalmen ($10.54 in chips) 
Seat 5: Rallokan ($9.85 in chips) 
Seat 6: jacks423 ($10 in chips) 
Mahu2021: posts small blind $0.05
Microdust: posts big blind $0.10
*** HOLE CARDS ***
Dealt to Mahu2021 [9c Ks]
Hjalmen: folds 
Rallokan: folds 
jacks423: raises $0.15 to $0.25
georgiodoc20: raises $0.55 to $0.80
Mahu2021: folds 
Microdust: folds 
jacks423: folds 
Uncalled bet ($0.55) returned to georgiodoc20
georgiodoc20 collected $0.65 from pot
georgiodoc20: doesn't show hand 
*** SUMMARY ***
Total pot $0.65 | Rake $0 
Seat 1: georgiodoc20 (button) collected ($0.65)
Seat 2: Mahu2021 (small blind) folded before Flop
Seat 3: Microdust (big blind) folded before Flop
Seat 4: Hjalmen folded before Flop (didn't bet)
Seat 5: Rallokan folded before Flop (didn't bet)
Seat 6: jacks423 folded before Flop



PokerStars Zoom Hand #253525208858:  Hold'em No Limit ($0.05/$0.10) - 2024/11/22 22:28:56 CET [2024/11/22 16:28:56 ET]
Table 'Aludra' 6-max Seat #1 is the button
Seat 1: Jorgos_Joanu ($16.91 in chips) 
Seat 2: Gigo_1423 ($12.10 in chips) 
Seat 3: Gregory.M23 ($17.35 in chips) 
Seat 4: Mahu2021 ($11.06 in chips) 
Seat 5: letmewinplz8 ($10 in chips) 
Seat 6: Tony the gas ($3.74 in chips) 
Gigo_1423: posts small blind $0.05
Gregory.M23: posts big blind $0.10
*** HOLE CARDS ***
Dealt to Mahu2021 [Th Ah]
Mahu2021: raises $0.20 to $0.30
letmewinplz8: folds 
Tony the gas: folds 
Jorgos_Joanu: folds 
Gigo_1423: calls $0.25
Gregory.M23: calls $0.20
*** FLOP *** [7s Qc 9c]
Gigo_1423: checks 
Gregory.M23: checks 
Mahu2021: checks 
*** TURN *** [7s Qc 9c] [7d]
Gigo_1423: checks 
Gregory.M23: bets $0.22
Mahu2021: calls $0.22
Gigo_1423: folds 
*** RIVER *** [7s Qc 9c 7d] [Kd]
Gregory.M23: bets $0.32
Mahu2021: folds 
Uncalled bet ($0.32) returned to Gregory.M23
Gregory.M23 collected $1.28 from pot
Gregory.M23: doesn't show hand 
*** SUMMARY ***
Total pot $1.34 | Rake $0.06 
Board [7s Qc 9c 7d Kd]
Seat 1: Jorgos_Joanu (button) folded before Flop (didn't bet)
Seat 2: Gigo_1423 (small blind) folded on the Turn
Seat 3: Gregory.M23 (big blind) collected ($1.28)
Seat 4: Mahu2021 folded on the River
Seat 5: letmewinplz8 folded before Flop (didn't bet)
Seat 6: Tony the gas folded before Flop (didn't bet)



PokerStars Zoom Hand #253525219745:  Hold'em No Limit ($0.05/$0.10) - 2024/11/22 22:29:33 CET [2024/11/22 16:29:33 ET]
Table 'Aludra' 6-max Seat #1 is the button
Seat 1: Mahu2021 ($10.54 in chips) 
Seat 2: Maxim_Otto13 ($10.60 in chips) 
Seat 3: Microdust ($10 in chips) 
Seat 4: JacDs ($15.92 in chips) 
Seat 5: blackswantheroy ($13.51 in chips) 
Seat 6: Athena42O ($14.09 in chips) 
Maxim_Otto13: posts small blind $0.05
Microdust: posts big blind $0.10
*** HOLE CARDS ***
Dealt to Mahu2021 [9h Ad]
JacDs: folds 
blackswantheroy: raises $0.15 to $0.25
Athena42O: folds 
Mahu2021: folds 
Maxim_Otto13: folds 
Microdust: folds 
Uncalled bet ($0.15) returned to blackswantheroy
blackswantheroy collected $0.25 from pot
blackswantheroy: doesn't show hand 
*** SUMMARY ***
Total pot $0.25 | Rake $0 
Seat 1: Mahu2021 (button) folded before Flop (didn't bet)
Seat 2: Maxim_Otto13 (small blind) folded before Flop
Seat 3: Microdust (big blind) folded before Flop
Seat 4: JacDs folded before Flop (didn't bet)
Seat 5: blackswantheroy collected ($0.25)
Seat 6: Athena42O folded before Flop (didn't bet)



PokerStars Zoom Hand #253525224257:  Hold'em No Limit ($0.05/$0.10) - 2024/11/22 22:29:48 CET [2024/11/22 16:29:48 ET]
Table 'Aludra' 6-max Seat #1 is the button
Seat 1: Destriyer3 ($9.71 in chips) 
Seat 2: mrfreaky1989 ($10.30 in chips) 
Seat 3: Mahu2021 ($10.54 in chips) 
Seat 4: DonkeyKong1960 ($10.76 in chips) 
Seat 5: Dilks741 ($8.71 in chips) 
Seat 6: kimmand ($5.10 in chips) 
mrfreaky1989: posts small blind $0.05
Mahu2021: posts big blind $0.10
*** HOLE CARDS ***
Dealt to Mahu2021 [Kd Kh]
DonkeyKong1960: folds 
Dilks741: folds 
kimmand: folds 
Destriyer3: folds 
mrfreaky1989: folds 
Uncalled bet ($0.05) returned to Mahu2021
Mahu2021 collected $0.10 from pot
Mahu2021: doesn't show hand 
*** SUMMARY ***
Total pot $0.10 | Rake $0 
Seat 1: Destriyer3 (button) folded before Flop (didn't bet)
Seat 2: mrfreaky1989 (small blind) folded before Flop
Seat 3: Mahu2021 (big blind) collected ($0.10)
Seat 4: DonkeyKong1960 folded before Flop (didn't bet)
Seat 5: Dilks741 folded before Flop (didn't bet)
Seat 6: kimmand folded before Flop (didn't bet)



PokerStars Zoom Hand #253525227109:  Hold'em No Limit ($0.05/$0.10) - 2024/11/22 22:29:57 CET [2024/11/22 16:29:57 ET]
Table 'Aludra' 6-max Seat #1 is the button
Seat 1: Atomic Cosmos ($5.60 in chips) 
Seat 2: Mahu2021 ($10.59 in chips) 
Seat 3: Dilks741 ($8.71 in chips) 
Seat 4: CaptainCustard1 ($9.56 in chips) 
Seat 5: Gigo_1423 ($11.65 in chips) 
Seat 6: mitchy1777 ($11.77 in chips) 
Mahu2021: posts small blind $0.05
Dilks741: posts big blind $0.10
*** HOLE CARDS ***
Dealt to Mahu2021 [Jd Qd]
CaptainCustard1: raises $0.20 to $0.30
Gigo_1423: calls $0.30
mitchy1777: folds 
Atomic Cosmos: folds 
Mahu2021: calls $0.25
Dilks741: folds 
*** FLOP *** [6d 3d 2d]
Mahu2021: checks 
CaptainCustard1: checks 
Gigo_1423: checks 
*** TURN *** [6d 3d 2d] [6c]
Mahu2021: bets $0.30
CaptainCustard1: calls $0.30
Gigo_1423: calls $0.30
*** RIVER *** [6d 3d 2d 6c] [8s]
Mahu2021: bets $0.30
CaptainCustard1: folds 
Gigo_1423: calls $0.30
*** SHOW DOWN ***
Mahu2021: shows [Jd Qd] (a flush, Queen high)
Gigo_1423: mucks hand 
Mahu2021 collected $2.39 from pot
*** SUMMARY ***
Total pot $2.50 | Rake $0.11 
Board [6d 3d 2d 6c 8s]
Seat 1: Atomic Cosmos (button) folded before Flop (didn't bet)
Seat 2: Mahu2021 (small blind) showed [Jd Qd] and won ($2.39) with a flush, Queen high
Seat 3: Dilks741 (big blind) folded before Flop
Seat 4: CaptainCustard1 folded on the River
Seat 5: Gigo_1423 mucked [7s 7h]
Seat 6: mitchy1777 folded before Flop (didn't bet)



PokerStars Zoom Hand #253525265215:  Hold'em No Limit ($0.05/$0.10) - 2024/11/22 22:32:05 CET [2024/11/22 16:32:05 ET]
Table 'Aludra' 6-max Seat #1 is the button
Seat 1: Mahu2021 ($12.08 in chips) 
Seat 2: Hjalmen ($16.97 in chips) 
Seat 3: innocent99 ($11.37 in chips) 
Seat 4: JacDs ($16.78 in chips) 
Seat 5: Mr_Supp31 ($10.10 in chips) 
Seat 6: RenoRosco ($12.84 in chips) 
Hjalmen: posts small blind $0.05
innocent99: posts big blind $0.10
*** HOLE CARDS ***
Dealt to Mahu2021 [6c Js]
JacDs: folds 
Mr_Supp31: folds 
RenoRosco: folds 
Mahu2021: folds 
Hjalmen: folds 
Uncalled bet ($0.05) returned to innocent99
innocent99 collected $0.10 from pot
innocent99: doesn't show hand 
*** SUMMARY ***
Total pot $0.10 | Rake $0 
Seat 1: Mahu2021 (button) folded before Flop (didn't bet)
Seat 2: Hjalmen (small blind) folded before Flop
Seat 3: innocent99 (big blind) collected ($0.10)
Seat 4: JacDs folded before Flop (didn't bet)
Seat 5: Mr_Supp31 folded before Flop (didn't bet)
Seat 6: RenoRosco folded before Flop (didn't bet)



PokerStars Zoom Hand #253525267660:  Hold'em No Limit ($0.05/$0.10) - 2024/11/22 22:32:13 CET [2024/11/22 16:32:13 ET]
Table 'Aludra' 6-max Seat #1 is the button
Seat 1: Microdust ($10.33 in chips) 
Seat 2: innocent99 ($11.42 in chips) 
Seat 3: sebchen666 ($12.78 in chips) 
Seat 4: letmewinplz8 ($10 in chips) 
Seat 5: Mahu2021 ($12.08 in chips) 
Seat 6: Sidgeotto ($10 in chips) 
innocent99: posts small blind $0.05
sebchen666: posts big blind $0.10
*** HOLE CARDS ***
Dealt to Mahu2021 [9h Ah]
letmewinplz8: raises $0.20 to $0.30
Mahu2021: folds 
Sidgeotto: folds 
Microdust: folds 
innocent99: folds 
sebchen666: folds 
Uncalled bet ($0.20) returned to letmewinplz8
letmewinplz8 collected $0.25 from pot
letmewinplz8: doesn't show hand 
*** SUMMARY ***
Total pot $0.25 | Rake $0 
Seat 1: Microdust (button) folded before Flop (didn't bet)
Seat 2: innocent99 (small blind) folded before Flop
Seat 3: sebchen666 (big blind) folded before Flop
Seat 4: letmewinplz8 collected ($0.25)
Seat 5: Mahu2021 folded before Flop (didn't bet)
Seat 6: Sidgeotto folded before Flop (didn't bet)



PokerStars Zoom Hand #253525266422:  Hold'em No Limit ($0.05/$0.10) - 2024/11/22 22:32:09 CET [2024/11/22 16:32:09 ET]
Table 'Aludra' 6-max Seat #1 is the button
Seat 1: CashUpGuy ($10.35 in chips) 
Seat 2: HARIT81 ($9.90 in chips) 
Seat 3: lordx777 ($13.10 in chips) 
Seat 4: Ros1453 ($17.45 in chips) 
Seat 5: Mahu2021 ($12.08 in chips) 
Seat 6: ojeriza ($11.39 in chips) 
HARIT81: posts small blind $0.05
lordx777: posts big blind $0.10
*** HOLE CARDS ***
Dealt to Mahu2021 [4h Ts]
Ros1453: raises $0.15 to $0.25
Mahu2021: folds 
ojeriza: folds 
CashUpGuy: calls $0.25
HARIT81: folds 
lordx777: folds 
*** FLOP *** [2h Ad Jd]
Ros1453: bets $0.31
CashUpGuy: folds 
Uncalled bet ($0.31) returned to Ros1453
Ros1453 collected $0.62 from pot
Ros1453: doesn't show hand 
*** SUMMARY ***
Total pot $0.65 | Rake $0.03 
Board [2h Ad Jd]
Seat 1: CashUpGuy (button) folded on the Flop
Seat 2: HARIT81 (small blind) folded before Flop
Seat 3: lordx777 (big blind) folded before Flop
Seat 4: Ros1453 collected ($0.62)
Seat 5: Mahu2021 folded before Flop (didn't bet)
Seat 6: ojeriza folded before Flop (didn't bet)



PokerStars Zoom Hand #253525270885:  Hold'em No Limit ($0.05/$0.10) - 2024/11/22 22:32:24 CET [2024/11/22 16:32:24 ET]
Table 'Aludra' 6-max Seat #1 is the button
Seat 1: 00O-2Z ($10.15 in chips) 
Seat 2: lordx777 ($13 in chips) 
Seat 3: CHOOS44 ($10 in chips) 
Seat 4: Atomic Cosmos ($28.19 in chips) 
Seat 5: HARIT81 ($9.85 in chips) 
Seat 6: Mahu2021 ($12.08 in chips) 
lordx777: posts small blind $0.05
CHOOS44: posts big blind $0.10
*** HOLE CARDS ***
Dealt to Mahu2021 [2h 3h]
Atomic Cosmos: folds 
HARIT81: folds 
Mahu2021: folds 
00O-2Z: folds 
lordx777: folds 
Uncalled bet ($0.05) returned to CHOOS44
CHOOS44 collected $0.10 from pot
CHOOS44: doesn't show hand 
*** SUMMARY ***
Total pot $0.10 | Rake $0 
Seat 1: 00O-2Z (button) folded before Flop (didn't bet)
Seat 2: lordx777 (small blind) folded before Flop
Seat 3: CHOOS44 (big blind) collected ($0.10)
Seat 4: Atomic Cosmos folded before Flop (didn't bet)
Seat 5: HARIT81 folded before Flop (didn't bet)
Seat 6: Mahu2021 folded before Flop (didn't bet)



PokerStars Zoom Hand #253525272345:  Hold'em No Limit ($0.05/$0.10) - 2024/11/22 22:32:29 CET [2024/11/22 16:32:29 ET]
Table 'Aludra' 6-max Seat #1 is the button
Seat 1: lordx777 ($12.95 in chips) 
Seat 2: Atreticano ($10.25 in chips) 
Seat 3: Mahu2021 ($12.08 in chips) 
Seat 4: jacks423 ($10.86 in chips) 
Seat 5: Gigo_1423 ($11.03 in chips) 
Seat 6: wdtfsbnm ($13.94 in chips) 
Atreticano: posts small blind $0.05
Mahu2021: posts big blind $0.10
*** HOLE CARDS ***
Dealt to Mahu2021 [5s 3h]
jacks423: folds 
Gigo_1423: folds 
wdtfsbnm: raises $0.10 to $0.20
lordx777: folds 
Atreticano: folds 
Mahu2021: folds 
Uncalled bet ($0.10) returned to wdtfsbnm
wdtfsbnm collected $0.25 from pot
wdtfsbnm: doesn't show hand 
*** SUMMARY ***
Total pot $0.25 | Rake $0 
Seat 1: lordx777 (button) folded before Flop (didn't bet)
Seat 2: Atreticano (small blind) folded before Flop
Seat 3: Mahu2021 (big blind) folded before Flop
Seat 4: jacks423 folded before Flop (didn't bet)
Seat 5: Gigo_1423 folded before Flop (didn't bet)
Seat 6: wdtfsbnm collected ($0.25)



PokerStars Zoom Hand #253525262118:  Hold'em No Limit ($0.05/$0.10) - 2024/11/22 22:31:55 CET [2024/11/22 16:31:55 ET]
Table 'Aludra' 6-max Seat #1 is the button
Seat 1: karo_wpc ($10.15 in chips) 
Seat 2: jacks423 ($10 in chips) 
Seat 3: noteh1 ($2.99 in chips) 
Seat 4: mrfreaky1989 ($10.23 in chips) 
Seat 5: Gregory.M23 ($17.76 in chips) 
Seat 6: Mahu2021 ($12.08 in chips) 
jacks423: posts small blind $0.05
noteh1: posts big blind $0.10
*** HOLE CARDS ***
Dealt to Mahu2021 [Qd Jc]
mrfreaky1989: folds 
Gregory.M23: raises $0.10 to $0.20
Mahu2021: folds 
karo_wpc: calls $0.20
jacks423: folds 
noteh1: calls $0.10
*** FLOP *** [3s 7c 5d]
noteh1: checks 
Gregory.M23: checks 
karo_wpc: checks 
*** TURN *** [3s 7c 5d] [5h]
noteh1: bets $0.31
Gregory.M23: calls $0.31
karo_wpc: folds 
*** RIVER *** [3s 7c 5d 5h] [Ac]
noteh1: checks 
Gregory.M23: bets $0.61
noteh1: folds 
Uncalled bet ($0.61) returned to Gregory.M23
Gregory.M23 collected $1.21 from pot
Gregory.M23: doesn't show hand 
*** SUMMARY ***
Total pot $1.27 | Rake $0.06 
Board [3s 7c 5d 5h Ac]
Seat 1: karo_wpc (button) folded on the Turn
Seat 2: jacks423 (small blind) folded before Flop
Seat 3: noteh1 (big blind) folded on the River
Seat 4: mrfreaky1989 folded before Flop (didn't bet)
Seat 5: Gregory.M23 collected ($1.21)
Seat 6: Mahu2021 folded before Flop (didn't bet)



PokerStars Zoom Hand #253525274820:  Hold'em No Limit ($0.05/$0.10) - 2024/11/22 22:32:38 CET [2024/11/22 16:32:38 ET]
Table 'Aludra' 6-max Seat #1 is the button
Seat 1: serotonine91 ($13.70 in chips) 
Seat 2: Mahu2021 ($11.98 in chips) 
Seat 3: HARIT81 ($9.85 in chips) 
Seat 4: idu_kuru ($19.58 in chips) 
Seat 5: DonkeyKong1960 ($10.36 in chips) 
Seat 6: Hjalmen ($12.66 in chips) 
Mahu2021: posts small blind $0.05
HARIT81: posts big blind $0.10
*** HOLE CARDS ***
Dealt to Mahu2021 [As 6c]
idu_kuru: folds 
DonkeyKong1960: folds 
Hjalmen: folds 
serotonine91: folds 
Mahu2021: raises $0.20 to $0.30
HARIT81: folds 
Uncalled bet ($0.20) returned to Mahu2021
Mahu2021 collected $0.20 from pot
Mahu2021: doesn't show hand 
*** SUMMARY ***
Total pot $0.20 | Rake $0 
Seat 1: serotonine91 (button) folded before Flop (didn't bet)
Seat 2: Mahu2021 (small blind) collected ($0.20)
Seat 3: HARIT81 (big blind) folded before Flop
Seat 4: idu_kuru folded before Flop (didn't bet)
Seat 5: DonkeyKong1960 folded before Flop (didn't bet)
Seat 6: Hjalmen folded before Flop (didn't bet)



PokerStars Zoom Hand #253525280737:  Hold'em No Limit ($0.05/$0.10) - 2024/11/22 22:32:58 CET [2024/11/22 16:32:58 ET]
Table 'Aludra' 6-max Seat #1 is the button
Seat 1: Polo&Co83 ($9.15 in chips) 
Seat 2: intueor ($28.80 in chips) 
Seat 3: mrfreaky1989 ($10.99 in chips) 
Seat 4: Mahu2021 ($12.08 in chips) 
Seat 5: mitchy1777 ($13.27 in chips) 
Seat 6: letmewinplz8 ($13.19 in chips) 
intueor: posts small blind $0.05
mrfreaky1989: posts big blind $0.10
*** HOLE CARDS ***
Dealt to Mahu2021 [Qs Kc]
Mahu2021: raises $0.10 to $0.20
mitchy1777: folds 
letmewinplz8: folds 
Polo&Co83: folds 
intueor: folds 
mrfreaky1989: calls $0.10
*** FLOP *** [Qd 9d 2d]
mrfreaky1989: checks 
Mahu2021: bets $0.20
mrfreaky1989: calls $0.20
*** TURN *** [Qd 9d 2d] [Jd]
mrfreaky1989: checks 
Mahu2021: bets $0.20
mrfreaky1989: calls $0.20
*** RIVER *** [Qd 9d 2d Jd] [2h]
mrfreaky1989: checks 
Mahu2021: checks 
*** SHOW DOWN ***
mrfreaky1989: shows [Jh Js] (a full house, Jacks full of Deuces)
Mahu2021: mucks hand 
mrfreaky1989 collected $1.19 from pot
*** SUMMARY ***
Total pot $1.25 | Rake $0.06 
Board [Qd 9d 2d Jd 2h]
Seat 1: Polo&Co83 (button) folded before Flop (didn't bet)
Seat 2: intueor (small blind) folded before Flop
Seat 3: mrfreaky1989 (big blind) showed [Jh Js] and won ($1.19) with a full house, Jacks full of Deuces
Seat 4: Mahu2021 mucked [Qs Kc]
Seat 5: mitchy1777 folded before Flop (didn't bet)
Seat 6: letmewinplz8 folded before Flop (didn't bet)



PokerStars Zoom Hand #253525296657:  Hold'em No Limit ($0.05/$0.10) - 2024/11/22 22:33:52 CET [2024/11/22 16:33:52 ET]
Table 'Aludra' 6-max Seat #1 is the button
Seat 1: Mahu2021 ($11.48 in chips) 
Seat 2: DiDi_84897 ($9.49 in chips) 
Seat 3: Chun221 ($15.82 in chips) 
Seat 4: Veeloop ($10.15 in chips) 
Seat 5: Kris Kruger ($19.64 in chips) 
Seat 6: arjarath ($6.91 in chips) 
DiDi_84897: posts small blind $0.05
Chun221: posts big blind $0.10
*** HOLE CARDS ***
Dealt to Mahu2021 [5s 8d]
Veeloop: folds 
Kris Kruger: folds 
arjarath: raises $0.15 to $0.25
Mahu2021: folds 
DiDi_84897: folds 
Chun221: calls $0.15
*** FLOP *** [3h 9d Ac]
Chun221: checks 
arjarath: bets $0.21
Chun221: folds 
Uncalled bet ($0.21) returned to arjarath
arjarath collected $0.53 from pot
arjarath: doesn't show hand 
*** SUMMARY ***
Total pot $0.55 | Rake $0.02 
Board [3h 9d Ac]
Seat 1: Mahu2021 (button) folded before Flop (didn't bet)
Seat 2: DiDi_84897 (small blind) folded before Flop
Seat 3: Chun221 (big blind) folded on the Flop
Seat 4: Veeloop folded before Flop (didn't bet)
Seat 5: Kris Kruger folded before Flop (didn't bet)
Seat 6: arjarath collected ($0.53)



PokerStars Zoom Hand #253525297640:  Hold'em No Limit ($0.05/$0.10) - 2024/11/22 22:33:55 CET [2024/11/22 16:33:55 ET]
Table 'Aludra' 6-max Seat #1 is the button
Seat 1: serotonine91 ($14.22 in chips) 
Seat 2: Kaybaman708 ($10.42 in chips) 
Seat 3: Mahu2021 ($11.48 in chips) 
Seat 4: jacks423 ($10 in chips) 
Seat 5: Gigo_1423 ($10 in chips) 
Seat 6: beastpewtner ($18.52 in chips) 
Kaybaman708: posts small blind $0.05
Mahu2021: posts big blind $0.10
*** HOLE CARDS ***
Dealt to Mahu2021 [8s Kc]
jacks423: folds 
Gigo_1423: folds 
beastpewtner: folds 
serotonine91: raises $0.15 to $0.25
Kaybaman708: folds 
Mahu2021: calls $0.15
*** FLOP *** [Jc 8c 9s]
Mahu2021: checks 
serotonine91: bets $0.17
Mahu2021: calls $0.17
*** TURN *** [Jc 8c 9s] [4c]
Mahu2021: checks 
serotonine91: checks 
*** RIVER *** [Jc 8c 9s 4c] [2s]
Mahu2021: bets $0.85
serotonine91: folds 
Uncalled bet ($0.85) returned to Mahu2021
Mahu2021 collected $0.85 from pot
Mahu2021: doesn't show hand 
*** SUMMARY ***
Total pot $0.89 | Rake $0.04 
Board [Jc 8c 9s 4c 2s]
Seat 1: serotonine91 (button) folded on the River
Seat 2: Kaybaman708 (small blind) folded before Flop
Seat 3: Mahu2021 (big blind) collected ($0.85)
Seat 4: jacks423 folded before Flop (didn't bet)
Seat 5: Gigo_1423 folded before Flop (didn't bet)
Seat 6: beastpewtner folded before Flop (didn't bet)



PokerStars Zoom Hand #253525309282:  Hold'em No Limit ($0.05/$0.10) - 2024/11/22 22:34:35 CET [2024/11/22 16:34:35 ET]
Table 'Aludra' 6-max Seat #1 is the button
Seat 1: Wahnsinn24 ($8.94 in chips) 
Seat 2: jacks423 ($10.61 in chips) 
Seat 3: Gigo_1423 ($10 in chips) 
Seat 4: barhouch895 ($8.63 in chips) 
Seat 5: arnament ($8.59 in chips) 
Seat 6: Mahu2021 ($11.91 in chips) 
jacks423: posts small blind $0.05
Gigo_1423: posts big blind $0.10
*** HOLE CARDS ***
Dealt to Mahu2021 [Ac 6d]
barhouch895: folds 
arnament: folds 
Mahu2021: folds 
Wahnsinn24: calls $0.10
jacks423: folds 
Gigo_1423: checks 
*** FLOP *** [Qh 3c Ks]
Gigo_1423: checks 
Wahnsinn24: checks 
*** TURN *** [Qh 3c Ks] [4c]
Gigo_1423: bets $0.20
Wahnsinn24: folds 
Uncalled bet ($0.20) returned to Gigo_1423
Gigo_1423 collected $0.24 from pot
Gigo_1423: doesn't show hand 
*** SUMMARY ***
Total pot $0.25 | Rake $0.01 
Board [Qh 3c Ks 4c]
Seat 1: Wahnsinn24 (button) folded on the Turn
Seat 2: jacks423 (small blind) folded before Flop
Seat 3: Gigo_1423 (big blind) collected ($0.24)
Seat 4: barhouch895 folded before Flop (didn't bet)
Seat 5: arnament folded before Flop (didn't bet)
Seat 6: Mahu2021 folded before Flop (didn't bet)



PokerStars Zoom Hand #253525313438:  Hold'em No Limit ($0.05/$0.10) - 2024/11/22 22:34:49 CET [2024/11/22 16:34:49 ET]
Table 'Aludra' 6-max Seat #1 is the button
Seat 1: mrfreaky1989 ($11.06 in chips) 
Seat 2: Wahnsinn24 ($13.03 in chips) 
Seat 3: ubituibiego ($10 in chips) 
Seat 4: Mahu2021 ($11.86 in chips) 
Seat 5: Fang759 ($6.08 in chips) 
Seat 6: sebchen666 ($11.49 in chips) 
Wahnsinn24: posts small blind $0.05
ubituibiego: posts big blind $0.10
*** HOLE CARDS ***
Dealt to Mahu2021 [Qs Ts]
Mahu2021: raises $0.10 to $0.20
Fang759: folds 
sebchen666: folds 
mrfreaky1989: folds 
Wahnsinn24: folds 
ubituibiego: calls $0.10
*** FLOP *** [Td 4c 6c]
ubituibiego: checks 
Mahu2021: bets $0.20
ubituibiego: folds 
Uncalled bet ($0.20) returned to Mahu2021
Mahu2021 collected $0.43 from pot
Mahu2021: doesn't show hand 
*** SUMMARY ***
Total pot $0.45 | Rake $0.02 
Board [Td 4c 6c]
Seat 1: mrfreaky1989 (button) folded before Flop (didn't bet)
Seat 2: Wahnsinn24 (small blind) folded before Flop
Seat 3: ubituibiego (big blind) folded on the Flop
Seat 4: Mahu2021 collected ($0.43)
Seat 5: Fang759 folded before Flop (didn't bet)
Seat 6: sebchen666 folded before Flop (didn't bet)



PokerStars Zoom Hand #253525323115:  Hold'em No Limit ($0.05/$0.10) - 2024/11/22 22:35:22 CET [2024/11/22 16:35:22 ET]
Table 'Aludra' 6-max Seat #1 is the button
Seat 1: Polo&Co83 ($7.11 in chips) 
Seat 2: Sidgeotto ($10 in chips) 
Seat 3: mitchy1777 ($14.07 in chips) 
Seat 4: FabOliveira9 ($7.80 in chips) 
Seat 5: Mahu2021 ($12.09 in chips) 
Seat 6: Timohio___19 ($10.07 in chips) 
Sidgeotto: posts small blind $0.05
mitchy1777: posts big blind $0.10
*** HOLE CARDS ***
Dealt to Mahu2021 [4h 5d]
FabOliveira9: folds 
Mahu2021: folds 
Timohio___19: folds 
Polo&Co83: folds 
Sidgeotto: raises $0.20 to $0.30
mitchy1777: folds 
Uncalled bet ($0.20) returned to Sidgeotto
Sidgeotto collected $0.20 from pot
Sidgeotto: doesn't show hand 
*** SUMMARY ***
Total pot $0.20 | Rake $0 
Seat 1: Polo&Co83 (button) folded before Flop (didn't bet)
Seat 2: Sidgeotto (small blind) collected ($0.20)
Seat 3: mitchy1777 (big blind) folded before Flop
Seat 4: FabOliveira9 folded before Flop (didn't bet)
Seat 5: Mahu2021 folded before Flop (didn't bet)
Seat 6: Timohio___19 folded before Flop (didn't bet)



PokerStars Zoom Hand #253525324268:  Hold'em No Limit ($0.05/$0.10) - 2024/11/22 22:35:26 CET [2024/11/22 16:35:26 ET]
Table 'Aludra' 6-max Seat #1 is the button
Seat 1: jezza71 ($10.82 in chips) 
Seat 2: neukrocen ($40.97 in chips) 
Seat 3: Mahu2021 ($12.09 in chips) 
Seat 4: georgiodoc20 ($11.16 in chips) 
Seat 5: Horoz MD ($14.19 in chips) 
Seat 6: Gigo_1423 ($14.90 in chips) 
neukrocen: posts small blind $0.05
Mahu2021: posts big blind $0.10
*** HOLE CARDS ***
Dealt to Mahu2021 [5c Qs]
georgiodoc20: folds 
Horoz MD: folds 
Gigo_1423: folds 
jezza71: folds 
neukrocen: folds 
Uncalled bet ($0.05) returned to Mahu2021
Mahu2021 collected $0.10 from pot
Mahu2021: doesn't show hand 
*** SUMMARY ***
Total pot $0.10 | Rake $0 
Seat 1: jezza71 (button) folded before Flop (didn't bet)
Seat 2: neukrocen (small blind) folded before Flop
Seat 3: Mahu2021 (big blind) collected ($0.10)
Seat 4: georgiodoc20 folded before Flop (didn't bet)
Seat 5: Horoz MD folded before Flop (didn't bet)
Seat 6: Gigo_1423 folded before Flop (didn't bet)



PokerStars Zoom Hand #253525312201:  Hold'em No Limit ($0.05/$0.10) - 2024/11/22 22:34:45 CET [2024/11/22 16:34:45 ET]
Table 'Aludra' 6-max Seat #1 is the button
Seat 1: rawwwe ($17.58 in chips) 
Seat 2: Mahu2021 ($11.91 in chips) 
Seat 3: Hito999 ($14.34 in chips) 
Seat 4: Kaybaman708 ($22.66 in chips) 
Seat 5: HARIT81 ($1.82 in chips) 
Seat 6: Atreticano ($10 in chips) 
Mahu2021: posts small blind $0.05
Hito999: posts big blind $0.10
*** HOLE CARDS ***
Dealt to Mahu2021 [Qh 2d]
Kaybaman708: folds 
HARIT81: folds 
Atreticano has timed out
Atreticano: folds 
rawwwe: raises $0.13 to $0.23
Mahu2021: folds 
Hito999: raises $0.31 to $0.54
rawwwe: calls $0.31
*** FLOP *** [Kc Ks 5c]
Hito999: checks 
rawwwe: checks 
*** TURN *** [Kc Ks 5c] [Ac]
Hito999: checks 
rawwwe: bets $0.59
Hito999: folds 
Uncalled bet ($0.59) returned to rawwwe
rawwwe collected $1.08 from pot
rawwwe: doesn't show hand 
*** SUMMARY ***
Total pot $1.13 | Rake $0.05 
Board [Kc Ks 5c Ac]
Seat 1: rawwwe (button) collected ($1.08)
Seat 2: Mahu2021 (small blind) folded before Flop
Seat 3: Hito999 (big blind) folded on the Turn
Seat 4: Kaybaman708 folded before Flop (didn't bet)
Seat 5: HARIT81 folded before Flop (didn't bet)
Seat 6: Atreticano folded before Flop (didn't bet)



PokerStars Zoom Hand #253525310996:  Hold'em No Limit ($0.05/$0.10) - 2024/11/22 22:34:41 CET [2024/11/22 16:34:41 ET]
Table 'Aludra' 6-max Seat #1 is the button
Seat 1: Mahu2021 ($11.91 in chips) 
Seat 2: Ros1453 ($18.10 in chips) 
Seat 3: stiffmaster4 ($8.65 in chips) 
Seat 4: Beardown72 ($5 in chips) 
Seat 5: ThBalance ($10.28 in chips) 
Seat 6: arjarath ($7.09 in chips) 
Ros1453: posts small blind $0.05
stiffmaster4: posts big blind $0.10
*** HOLE CARDS ***
Dealt to Mahu2021 [2s Th]
Beardown72: calls $0.10
ThBalance: raises $0.35 to $0.45
arjarath: calls $0.45
Mahu2021: folds 
Ros1453: folds 
stiffmaster4: calls $0.35
Beardown72: calls $0.35
*** FLOP *** [Qh Ts 2h]
stiffmaster4: checks 
Beardown72: checks 
ThBalance: checks 
arjarath: bets $1.19
stiffmaster4: folds 
Beardown72: folds 
ThBalance: folds 
Uncalled bet ($1.19) returned to arjarath
arjarath collected $1.77 from pot
arjarath: doesn't show hand 
*** SUMMARY ***
Total pot $1.85 | Rake $0.08 
Board [Qh Ts 2h]
Seat 1: Mahu2021 (button) folded before Flop (didn't bet)
Seat 2: Ros1453 (small blind) folded before Flop
Seat 3: stiffmaster4 (big blind) folded on the Flop
Seat 4: Beardown72 folded on the Flop
Seat 5: ThBalance folded on the Flop
Seat 6: arjarath collected ($1.77)



PokerStars Zoom Hand #253525321730:  Hold'em No Limit ($0.05/$0.10) - 2024/11/22 22:35:17 CET [2024/11/22 16:35:17 ET]
Table 'Aludra' 6-max Seat #1 is the button
Seat 1: Kris Kruger ($19.64 in chips) 
Seat 2: ojeriza ($11.75 in chips) 
Seat 3: Chun221 ($43.28 in chips) 
Seat 4: Gobi000 ($11.46 in chips) 
Seat 5: Tony the gas ($2.95 in chips) 
Seat 6: Mahu2021 ($12.09 in chips) 
ojeriza: posts small blind $0.05
Chun221: posts big blind $0.10
*** HOLE CARDS ***
Dealt to Mahu2021 [8c 2h]
Gobi000: folds 
Tony the gas: raises $0.10 to $0.20
Mahu2021: folds 
Kris Kruger: folds 
ojeriza: raises $0.60 to $0.80
Chun221: folds 
Tony the gas: calls $0.60
*** FLOP *** [Td 3c Jc]
ojeriza: bets $2.20
Tony the gas: folds 
Uncalled bet ($2.20) returned to ojeriza
ojeriza collected $1.62 from pot
ojeriza: doesn't show hand 
*** SUMMARY ***
Total pot $1.70 | Rake $0.08 
Board [Td 3c Jc]
Seat 1: Kris Kruger (button) folded before Flop (didn't bet)
Seat 2: ojeriza (small blind) collected ($1.62)
Seat 3: Chun221 (big blind) folded before Flop
Seat 4: Gobi000 folded before Flop (didn't bet)
Seat 5: Tony the gas folded on the Flop
Seat 6: Mahu2021 folded before Flop (didn't bet)



PokerStars Zoom Hand #253525331058:  Hold'em No Limit ($0.05/$0.10) - 2024/11/22 22:35:49 CET [2024/11/22 16:35:49 ET]
Table 'Aludra' 6-max Seat #1 is the button
Seat 1: Raynors243 ($6.69 in chips) 
Seat 2: Atomic Cosmos ($26.42 in chips) 
Seat 3: Polo&Co83 ($7.06 in chips) 
Seat 4: innocent99 ($20.55 in chips) 
Seat 5: Mahu2021 ($12.14 in chips) 
Seat 6: VXNX$157 ($10 in chips) 
Atomic Cosmos: posts small blind $0.05
Polo&Co83: posts big blind $0.10
*** HOLE CARDS ***
Dealt to Mahu2021 [Ts 9h]
innocent99: folds 
Mahu2021: folds 
VXNX$157: folds 
Raynors243: calls $0.10
Atomic Cosmos: folds 
Polo&Co83: checks 
*** FLOP *** [Qd 5h 8c]
Polo&Co83: checks 
Raynors243: checks 
*** TURN *** [Qd 5h 8c] [Th]
Polo&Co83: checks 
Raynors243: checks 
*** RIVER *** [Qd 5h 8c Th] [7d]
Polo&Co83: checks 
Raynors243: bets $0.24
Polo&Co83: calls $0.24
*** SHOW DOWN ***
Raynors243: shows [Js Qc] (a pair of Queens)
Polo&Co83: mucks hand 
Raynors243 collected $0.70 from pot
*** SUMMARY ***
Total pot $0.73 | Rake $0.03 
Board [Qd 5h 8c Th 7d]
Seat 1: Raynors243 (button) showed [Js Qc] and won ($0.70) with a pair of Queens
Seat 2: Atomic Cosmos (small blind) folded before Flop
Seat 3: Polo&Co83 (big blind) mucked [8d 9s]
Seat 4: innocent99 folded before Flop (didn't bet)
Seat 5: Mahu2021 folded before Flop (didn't bet)
Seat 6: VXNX$157 folded before Flop (didn't bet)



PokerStars Zoom Hand #253525329339:  Hold'em No Limit ($0.05/$0.10) - 2024/11/22 22:35:43 CET [2024/11/22 16:35:43 ET]
Table 'Aludra' 6-max Seat #1 is the button
Seat 1: Lux007804 ($23.33 in chips) 
Seat 2: Beardown72 ($10.62 in chips) 
Seat 3: El_Patan192 ($4.60 in chips) 
Seat 4: Mahu2021 ($12.14 in chips) 
Seat 5: CHOOS44 ($10 in chips) 
Seat 6: viknw ($6.34 in chips) 
Beardown72: posts small blind $0.05
El_Patan192: posts big blind $0.10
*** HOLE CARDS ***
Dealt to Mahu2021 [7h 2d]
Mahu2021: folds 
CHOOS44: folds 
viknw: folds 
Lux007804: raises $0.20 to $0.30
Beardown72: raises $0.70 to $1
El_Patan192: folds 
Lux007804: raises $1 to $2
Beardown72: raises $4.10 to $6.10
Lux007804: folds 
Uncalled bet ($4.10) returned to Beardown72
Beardown72 collected $4.10 from pot
Beardown72: doesn't show hand 
*** SUMMARY ***
Total pot $4.10 | Rake $0 
Seat 1: Lux007804 (button) folded before Flop
Seat 2: Beardown72 (small blind) collected ($4.10)
Seat 3: El_Patan192 (big blind) folded before Flop
Seat 4: Mahu2021 folded before Flop (didn't bet)
Seat 5: CHOOS44 folded before Flop (didn't bet)
Seat 6: viknw folded before Flop (didn't bet)



PokerStars Zoom Hand #253525332146:  Hold'em No Limit ($0.05/$0.10) - 2024/11/22 22:35:53 CET [2024/11/22 16:35:53 ET]
Table 'Aludra' 6-max Seat #1 is the button
Seat 1: ksk05 ($15.48 in chips) 
Seat 2: Mahu2021 ($12.14 in chips) 
Seat 3: Hjalmen ($10.32 in chips) 
Seat 4: georgiodoc20 ($18.13 in chips) 
Seat 5: HARIT81 ($11.73 in chips) 
Seat 6: Atreticano ($10 in chips) 
Mahu2021: posts small blind $0.05
Hjalmen: posts big blind $0.10
*** HOLE CARDS ***
Dealt to Mahu2021 [Ah Ac]
georgiodoc20: raises $0.20 to $0.30
HARIT81: calls $0.30
Atreticano has timed out
Atreticano: folds 
ksk05: calls $0.30
Mahu2021: raises $11.84 to $12.14 and is all-in
Hjalmen: calls $10.22 and is all-in
georgiodoc20: folds 
HARIT81: folds 
ksk05: folds 
Uncalled bet ($1.82) returned to Mahu2021
*** FLOP *** [Td Ks Jc]
*** TURN *** [Td Ks Jc] [3d]
*** RIVER *** [Td Ks Jc 3d] [Jd]
*** SHOW DOWN ***
Mahu2021: shows [Ah Ac] (two pair, Aces and Jacks)
Hjalmen: shows [Kh Kd] (a full house, Kings full of Jacks)
Hjalmen cashed out the hand for $3.64 | Cash Out Fee $0.07
*** SUMMARY ***
Total pot $21.54 | Rake $0.97 
Board [Td Ks Jc 3d Jd]
Seat 1: ksk05 (button) folded before Flop
Seat 2: Mahu2021 (small blind) showed [Ah Ac] and lost with two pair, Aces and Jacks
Seat 3: Hjalmen (big blind) showed [Kh Kd] and won ($20.57) with a full house, Kings full of Jacks (pot not awarded as player cashed out)
Seat 4: georgiodoc20 folded before Flop
Seat 5: HARIT81 folded before Flop
Seat 6: Atreticano folded before Flop (didn't bet)



PokerStars Zoom Hand #253525345838:  Hold'em No Limit ($0.05/$0.10) - 2024/11/22 22:36:39 CET [2024/11/22 16:36:39 ET]
Table 'Aludra' 6-max Seat #1 is the button
Seat 1: Mahu2021 ($1.82 in chips) 
Seat 2: akacytra ($6.04 in chips) 
Seat 3: Micoud88 ($11.09 in chips) 
Seat 4: Gobi000 ($11.46 in chips) 
Seat 5: frailfortune ($10.25 in chips) 
Seat 6: layschan ($11.38 in chips) 
akacytra: posts small blind $0.05
Micoud88: posts big blind $0.10
*** HOLE CARDS ***
Dealt to Mahu2021 [Kc 5h]
Gobi000: folds 
frailfortune: folds 
layschan: folds 
Mahu2021 has timed out
Mahu2021: folds 
akacytra: folds 
Uncalled bet ($0.05) returned to Micoud88
Micoud88 collected $0.10 from pot
Micoud88: doesn't show hand 
*** SUMMARY ***
Total pot $0.10 | Rake $0 
Seat 1: Mahu2021 (button) folded before Flop (didn't bet)
Seat 2: akacytra (small blind) folded before Flop
Seat 3: Micoud88 (big blind) collected ($0.10)
Seat 4: Gobi000 folded before Flop (didn't bet)
Seat 5: frailfortune folded before Flop (didn't bet)
Seat 6: layschan folded before Flop (didn't bet)



