PokerStars Hand #248908974699: Tournament #3716444654, $1.84+$0.16 USD Hold'em No Limit - Level I (10/20) - 2024/02/16 12:19:17 CET [2024/02/16 6:19:17 ET]
Table '3716444654 1' 3-max Seat #1 is the button
Seat 1: Mahu2021 (500 in chips) 
Seat 2: Usukhuu87 (500 in chips) 
Seat 3: Hotte0 (500 in chips) 
Usukhuu87: posts small blind 10
Hotte0: posts big blind 20
*** HOLE CARDS ***
Dealt to Mahu2021 [Kd 2h]
Mahu2021: folds 
Usukhuu87: calls 10
Hotte0: checks 
*** FLOP *** [5s 9c 6c]
Usukhuu87: checks 
Hotte0: checks 
*** TURN *** [5s 9c 6c] [Kh]
Usukhuu87: checks 
Hotte0: checks 
*** RIVER *** [5s 9c 6c Kh] [5h]
Usukhuu87: checks 
Hotte0: bets 20
Usukhuu87: folds 
Uncalled bet (20) returned to Hotte0
Hotte0 collected 40 from pot
*** SUMMARY ***
Total pot 40 | Rake 0 
Board [5s 9c 6c Kh 5h]
Seat 1: Mahu2021 (button) folded before Flop (didn't bet)
Seat 2: Usukhuu87 (small blind) folded on the River
Seat 3: Hotte0 (big blind) collected (40)



PokerStars Hand #248908978680: Tournament #3716444654, $1.84+$0.16 USD Hold'em No Limit - Level I (10/20) - 2024/02/16 12:19:44 CET [2024/02/16 6:19:44 ET]
Table '3716444654 1' 3-max Seat #2 is the button
Seat 1: Mahu2021 (500 in chips) 
Seat 2: Usukhuu87 (480 in chips) 
Seat 3: Hotte0 (520 in chips) 
Hotte0: posts small blind 10
Mahu2021: posts big blind 20
*** HOLE CARDS ***
Dealt to Mahu2021 [Kc 5h]
Usukhuu87: folds 
Hotte0: calls 10
Mahu2021: checks 
*** FLOP *** [3d Jc 8d]
Hotte0: bets 20
Mahu2021: folds 
Uncalled bet (20) returned to Hotte0
Hotte0 collected 40 from pot
*** SUMMARY ***
Total pot 40 | Rake 0 
Board [3d Jc 8d]
Seat 1: Mahu2021 (big blind) folded on the Flop
Seat 2: Usukhuu87 (button) folded before Flop (didn't bet)
Seat 3: Hotte0 (small blind) collected (40)



PokerStars Hand #248908980552: Tournament #3716444654, $1.84+$0.16 USD Hold'em No Limit - Level I (10/20) - 2024/02/16 12:19:57 CET [2024/02/16 6:19:57 ET]
Table '3716444654 1' 3-max Seat #3 is the button
Seat 1: Mahu2021 (480 in chips) 
Seat 2: Usukhuu87 (480 in chips) 
Seat 3: Hotte0 (540 in chips) 
Mahu2021: posts small blind 10
Usukhuu87: posts big blind 20
*** HOLE CARDS ***
Dealt to Mahu2021 [3h Kc]
Hotte0: calls 20
Mahu2021: calls 10
Usukhuu87: checks 
*** FLOP *** [As Js Qh]
Mahu2021: checks 
Usukhuu87: checks 
Hotte0: checks 
*** TURN *** [As Js Qh] [Tc]
Mahu2021: bets 20
Usukhuu87: folds 
Hotte0: raises 20 to 40
Mahu2021: raises 60 to 100
Hotte0: folds 
Uncalled bet (60) returned to Mahu2021
Mahu2021 collected 140 from pot
Mahu2021: doesn't show hand 
*** SUMMARY ***
Total pot 140 | Rake 0 
Board [As Js Qh Tc]
Seat 1: Mahu2021 (small blind) collected (140)
Seat 2: Usukhuu87 (big blind) folded on the Turn
Seat 3: Hotte0 (button) folded on the Turn



PokerStars Hand #248908984244: Tournament #3716444654, $1.84+$0.16 USD Hold'em No Limit - Level I (10/20) - 2024/02/16 12:20:21 CET [2024/02/16 6:20:21 ET]
Table '3716444654 1' 3-max Seat #1 is the button
Seat 1: Mahu2021 (560 in chips) 
Seat 2: Usukhuu87 (460 in chips) 
Seat 3: Hotte0 (480 in chips) 
Usukhuu87: posts small blind 10
Hotte0: posts big blind 20
*** HOLE CARDS ***
Dealt to Mahu2021 [3s Jh]
Mahu2021: folds 
Usukhuu87: folds 
Uncalled bet (10) returned to Hotte0
Hotte0 collected 20 from pot
*** SUMMARY ***
Total pot 20 | Rake 0 
Seat 1: Mahu2021 (button) folded before Flop (didn't bet)
Seat 2: Usukhuu87 (small blind) folded before Flop
Seat 3: Hotte0 (big blind) collected (20)



PokerStars Hand #248908985287: Tournament #3716444654, $1.84+$0.16 USD Hold'em No Limit - Level I (10/20) - 2024/02/16 12:20:28 CET [2024/02/16 6:20:28 ET]
Table '3716444654 1' 3-max Seat #2 is the button
Seat 1: Mahu2021 (560 in chips) 
Seat 2: Usukhuu87 (450 in chips) 
Seat 3: Hotte0 (490 in chips) 
Hotte0: posts small blind 10
Mahu2021: posts big blind 20
*** HOLE CARDS ***
Dealt to Mahu2021 [7h 4d]
Usukhuu87: folds 
Hotte0: calls 10
Mahu2021: checks 
*** FLOP *** [3s Jh Kc]
Hotte0: checks 
Mahu2021: checks 
*** TURN *** [3s Jh Kc] [9h]
Hotte0: checks 
Mahu2021: checks 
*** RIVER *** [3s Jh Kc 9h] [2h]
Hotte0: bets 20
Mahu2021: folds 
Uncalled bet (20) returned to Hotte0
Hotte0 collected 40 from pot
*** SUMMARY ***
Total pot 40 | Rake 0 
Board [3s Jh Kc 9h 2h]
Seat 1: Mahu2021 (big blind) folded on the River
Seat 2: Usukhuu87 (button) folded before Flop (didn't bet)
Seat 3: Hotte0 (small blind) collected (40)



PokerStars Hand #248908987648: Tournament #3716444654, $1.84+$0.16 USD Hold'em No Limit - Level I (10/20) - 2024/02/16 12:20:44 CET [2024/02/16 6:20:44 ET]
Table '3716444654 1' 3-max Seat #3 is the button
Seat 1: Mahu2021 (540 in chips) 
Seat 2: Usukhuu87 (450 in chips) 
Seat 3: Hotte0 (510 in chips) 
Mahu2021: posts small blind 10
Usukhuu87: posts big blind 20
*** HOLE CARDS ***
Dealt to Mahu2021 [Js 8d]
Hotte0: raises 20 to 40
Mahu2021: folds 
Usukhuu87: calls 20
*** FLOP *** [5h Kc 5c]
Usukhuu87: checks 
Hotte0: checks 
*** TURN *** [5h Kc 5c] [5d]
Usukhuu87: checks 
Hotte0: checks 
*** RIVER *** [5h Kc 5c 5d] [Qs]
Usukhuu87: checks 
Hotte0: checks 
*** SHOW DOWN ***
Usukhuu87: shows [Tc 6h] (three of a kind, Fives)
Hotte0: shows [9h Jd] (three of a kind, Fives)
Usukhuu87 collected 45 from pot
Hotte0 collected 45 from pot
*** SUMMARY ***
Total pot 90 | Rake 0 
Board [5h Kc 5c 5d Qs]
Seat 1: Mahu2021 (small blind) folded before Flop
Seat 2: Usukhuu87 (big blind) showed [Tc 6h] and won (45) with three of a kind, Fives
Seat 3: Hotte0 (button) showed [9h Jd] and won (45) with three of a kind, Fives



PokerStars Hand #248908990676: Tournament #3716444654, $1.84+$0.16 USD Hold'em No Limit - Level I (10/20) - 2024/02/16 12:21:05 CET [2024/02/16 6:21:05 ET]
Table '3716444654 1' 3-max Seat #1 is the button
Seat 1: Mahu2021 (530 in chips) 
Seat 2: Usukhuu87 (455 in chips) 
Seat 3: Hotte0 (515 in chips) 
Usukhuu87: posts small blind 10
Hotte0: posts big blind 20
*** HOLE CARDS ***
Dealt to Mahu2021 [Ks 7h]
Mahu2021: calls 20
Usukhuu87: raises 40 to 60
Hotte0: calls 40
Mahu2021: folds 
*** FLOP *** [As 8s 5c]
Usukhuu87: checks 
Hotte0: checks 
*** TURN *** [As 8s 5c] [Jh]
Usukhuu87: bets 20
Hotte0: calls 20
*** RIVER *** [As 8s 5c Jh] [6s]
Usukhuu87: bets 20
Hotte0: raises 110 to 130
Usukhuu87: calls 110
*** SHOW DOWN ***
Hotte0: shows [5s 6d] (two pair, Sixes and Fives)
Usukhuu87: mucks hand 
Hotte0 collected 440 from pot
*** SUMMARY ***
Total pot 440 | Rake 0 
Board [As 8s 5c Jh 6s]
Seat 1: Mahu2021 (button) folded before Flop
Seat 2: Usukhuu87 (small blind) mucked [Qs Qh]
Seat 3: Hotte0 (big blind) showed [5s 6d] and won (440) with two pair, Sixes and Fives



PokerStars Hand #248908995705: Tournament #3716444654, $1.84+$0.16 USD Hold'em No Limit - Level II (15/30) - 2024/02/16 12:21:39 CET [2024/02/16 6:21:39 ET]
Table '3716444654 1' 3-max Seat #2 is the button
Seat 1: Mahu2021 (510 in chips) 
Seat 2: Usukhuu87 (245 in chips) 
Seat 3: Hotte0 (745 in chips) 
Hotte0: posts small blind 15
Mahu2021: posts big blind 30
*** HOLE CARDS ***
Dealt to Mahu2021 [8h 2c]
Usukhuu87: folds 
Hotte0: raises 30 to 60
Mahu2021: folds 
Uncalled bet (30) returned to Hotte0
Hotte0 collected 60 from pot
*** SUMMARY ***
Total pot 60 | Rake 0 
Seat 1: Mahu2021 (big blind) folded before Flop
Seat 2: Usukhuu87 (button) folded before Flop (didn't bet)
Seat 3: Hotte0 (small blind) collected (60)



PokerStars Hand #248908997337: Tournament #3716444654, $1.84+$0.16 USD Hold'em No Limit - Level II (15/30) - 2024/02/16 12:21:49 CET [2024/02/16 6:21:49 ET]
Table '3716444654 1' 3-max Seat #3 is the button
Seat 1: Mahu2021 (480 in chips) 
Seat 2: Usukhuu87 (245 in chips) 
Seat 3: Hotte0 (775 in chips) 
Mahu2021: posts small blind 15
Usukhuu87: posts big blind 30
*** HOLE CARDS ***
Dealt to Mahu2021 [7h 6h]
Hotte0: calls 30
Mahu2021: calls 15
Usukhuu87: checks 
*** FLOP *** [2c Jh Ks]
Mahu2021: checks 
Usukhuu87: checks 
Hotte0: bets 30
Mahu2021: folds 
Usukhuu87: folds 
Uncalled bet (30) returned to Hotte0
Hotte0 collected 90 from pot
*** SUMMARY ***
Total pot 90 | Rake 0 
Board [2c Jh Ks]
Seat 1: Mahu2021 (small blind) folded on the Flop
Seat 2: Usukhuu87 (big blind) folded on the Flop
Seat 3: Hotte0 (button) collected (90)



PokerStars Hand #248909000383: Tournament #3716444654, $1.84+$0.16 USD Hold'em No Limit - Level II (15/30) - 2024/02/16 12:22:10 CET [2024/02/16 6:22:10 ET]
Table '3716444654 1' 3-max Seat #1 is the button
Seat 1: Mahu2021 (450 in chips) 
Seat 2: Usukhuu87 (215 in chips) 
Seat 3: Hotte0 (835 in chips) 
Usukhuu87: posts small blind 15
Hotte0: posts big blind 30
*** HOLE CARDS ***
Dealt to Mahu2021 [5d 8c]
Mahu2021: folds 
Usukhuu87: folds 
Uncalled bet (15) returned to Hotte0
Hotte0 collected 30 from pot
*** SUMMARY ***
Total pot 30 | Rake 0 
Seat 1: Mahu2021 (button) folded before Flop (didn't bet)
Seat 2: Usukhuu87 (small blind) folded before Flop
Seat 3: Hotte0 (big blind) collected (30)



PokerStars Hand #248909001114: Tournament #3716444654, $1.84+$0.16 USD Hold'em No Limit - Level II (15/30) - 2024/02/16 12:22:15 CET [2024/02/16 6:22:15 ET]
Table '3716444654 1' 3-max Seat #2 is the button
Seat 1: Mahu2021 (450 in chips) 
Seat 2: Usukhuu87 (200 in chips) 
Seat 3: Hotte0 (850 in chips) 
Hotte0: posts small blind 15
Mahu2021: posts big blind 30
*** HOLE CARDS ***
Dealt to Mahu2021 [8h Kd]
Usukhuu87: folds 
Hotte0: calls 15
Mahu2021: checks 
*** FLOP *** [Kh Qs 9s]
Hotte0: bets 30
Mahu2021: calls 30
*** TURN *** [Kh Qs 9s] [Js]
Hotte0: checks 
Mahu2021: checks 
*** RIVER *** [Kh Qs 9s Js] [4c]
Hotte0: checks 
Mahu2021: bets 30
Hotte0: calls 30
*** SHOW DOWN ***
Mahu2021: shows [8h Kd] (a pair of Kings)
Hotte0: mucks hand 
Mahu2021 collected 180 from pot
*** SUMMARY ***
Total pot 180 | Rake 0 
Board [Kh Qs 9s Js 4c]
Seat 1: Mahu2021 (big blind) showed [8h Kd] and won (180) with a pair of Kings
Seat 2: Usukhuu87 (button) folded before Flop (didn't bet)
Seat 3: Hotte0 (small blind) mucked [6s 4d]



PokerStars Hand #248909003870: Tournament #3716444654, $1.84+$0.16 USD Hold'em No Limit - Level II (15/30) - 2024/02/16 12:22:34 CET [2024/02/16 6:22:34 ET]
Table '3716444654 1' 3-max Seat #3 is the button
Seat 1: Mahu2021 (540 in chips) 
Seat 2: Usukhuu87 (200 in chips) 
Seat 3: Hotte0 (760 in chips) 
Mahu2021: posts small blind 15
Usukhuu87: posts big blind 30
*** HOLE CARDS ***
Dealt to Mahu2021 [8h Qc]
Hotte0: calls 30
Mahu2021: calls 15
Usukhuu87: raises 170 to 200 and is all-in
Hotte0: folds 
Mahu2021: folds 
Uncalled bet (170) returned to Usukhuu87
Usukhuu87 collected 90 from pot
*** SUMMARY ***
Total pot 90 | Rake 0 
Seat 1: Mahu2021 (small blind) folded before Flop
Seat 2: Usukhuu87 (big blind) collected (90)
Seat 3: Hotte0 (button) folded before Flop



PokerStars Hand #248909005506: Tournament #3716444654, $1.84+$0.16 USD Hold'em No Limit - Level II (15/30) - 2024/02/16 12:22:45 CET [2024/02/16 6:22:45 ET]
Table '3716444654 1' 3-max Seat #1 is the button
Seat 1: Mahu2021 (510 in chips) 
Seat 2: Usukhuu87 (260 in chips) 
Seat 3: Hotte0 (730 in chips) 
Usukhuu87: posts small blind 15
Hotte0: posts big blind 30
*** HOLE CARDS ***
Dealt to Mahu2021 [5d Ad]
Mahu2021: raises 30 to 60
Usukhuu87: folds 
Hotte0: calls 30
*** FLOP *** [9s Js 9c]
Hotte0: checks 
Mahu2021: checks 
*** TURN *** [9s Js 9c] [6d]
Hotte0: checks 
Mahu2021: checks 
*** RIVER *** [9s Js 9c 6d] [Ks]
Hotte0: bets 30
Mahu2021: calls 30
*** SHOW DOWN ***
Hotte0: shows [7c Jh] (two pair, Jacks and Nines)
Mahu2021: mucks hand 
Hotte0 collected 195 from pot
*** SUMMARY ***
Total pot 195 | Rake 0 
Board [9s Js 9c 6d Ks]
Seat 1: Mahu2021 (button) mucked [5d Ad]
Seat 2: Usukhuu87 (small blind) folded before Flop
Seat 3: Hotte0 (big blind) showed [7c Jh] and won (195) with two pair, Jacks and Nines



PokerStars Hand #248909008941: Tournament #3716444654, $1.84+$0.16 USD Hold'em No Limit - Level II (15/30) - 2024/02/16 12:23:08 CET [2024/02/16 6:23:08 ET]
Table '3716444654 1' 3-max Seat #2 is the button
Seat 1: Mahu2021 (420 in chips) 
Seat 2: Usukhuu87 (245 in chips) 
Seat 3: Hotte0 (835 in chips) 
Hotte0: posts small blind 15
Mahu2021: posts big blind 30
*** HOLE CARDS ***
Dealt to Mahu2021 [Ts 2h]
Usukhuu87: folds 
Hotte0: calls 15
Mahu2021: checks 
*** FLOP *** [Qs 6d 3c]
Hotte0: checks 
Mahu2021: checks 
*** TURN *** [Qs 6d 3c] [Qc]
Hotte0: checks 
Mahu2021: bets 30
Hotte0: calls 30
*** RIVER *** [Qs 6d 3c Qc] [Kc]
Hotte0: bets 60
Mahu2021: folds 
Uncalled bet (60) returned to Hotte0
Hotte0 collected 120 from pot
*** SUMMARY ***
Total pot 120 | Rake 0 
Board [Qs 6d 3c Qc Kc]
Seat 1: Mahu2021 (big blind) folded on the River
Seat 2: Usukhuu87 (button) folded before Flop (didn't bet)
Seat 3: Hotte0 (small blind) collected (120)



PokerStars Hand #248909013134: Tournament #3716444654, $1.84+$0.16 USD Hold'em No Limit - Level III (20/40) - 2024/02/16 12:23:36 CET [2024/02/16 6:23:36 ET]
Table '3716444654 1' 3-max Seat #3 is the button
Seat 1: Mahu2021 (360 in chips) 
Seat 2: Usukhuu87 (245 in chips) 
Seat 3: Hotte0 (895 in chips) 
Mahu2021: posts small blind 20
Usukhuu87: posts big blind 40
*** HOLE CARDS ***
Dealt to Mahu2021 [Qs 6h]
Hotte0: folds 
Mahu2021: calls 20
Usukhuu87: checks 
*** FLOP *** [8h 3c Kc]
Mahu2021: checks 
Usukhuu87: bets 80
Mahu2021: folds 
Uncalled bet (80) returned to Usukhuu87
Usukhuu87 collected 80 from pot
*** SUMMARY ***
Total pot 80 | Rake 0 
Board [8h 3c Kc]
Seat 1: Mahu2021 (small blind) folded on the Flop
Seat 2: Usukhuu87 (big blind) collected (80)
Seat 3: Hotte0 (button) folded before Flop (didn't bet)



PokerStars Hand #248909015725: Tournament #3716444654, $1.84+$0.16 USD Hold'em No Limit - Level III (20/40) - 2024/02/16 12:23:54 CET [2024/02/16 6:23:54 ET]
Table '3716444654 1' 3-max Seat #1 is the button
Seat 1: Mahu2021 (320 in chips) 
Seat 2: Usukhuu87 (285 in chips) 
Seat 3: Hotte0 (895 in chips) 
Usukhuu87: posts small blind 20
Hotte0: posts big blind 40
*** HOLE CARDS ***
Dealt to Mahu2021 [Qh Ac]
Mahu2021: raises 80 to 120
Usukhuu87: folds 
Hotte0: folds 
Uncalled bet (80) returned to Mahu2021
Mahu2021 collected 100 from pot
Mahu2021: doesn't show hand 
*** SUMMARY ***
Total pot 100 | Rake 0 
Seat 1: Mahu2021 (button) collected (100)
Seat 2: Usukhuu87 (small blind) folded before Flop
Seat 3: Hotte0 (big blind) folded before Flop



PokerStars Hand #248909017515: Tournament #3716444654, $1.84+$0.16 USD Hold'em No Limit - Level III (20/40) - 2024/02/16 12:24:06 CET [2024/02/16 6:24:06 ET]
Table '3716444654 1' 3-max Seat #2 is the button
Seat 1: Mahu2021 (380 in chips) 
Seat 2: Usukhuu87 (265 in chips) 
Seat 3: Hotte0 (855 in chips) 
Hotte0: posts small blind 20
Mahu2021: posts big blind 40
*** HOLE CARDS ***
Dealt to Mahu2021 [2c 7d]
Usukhuu87: folds 
Hotte0: calls 20
Mahu2021: checks 
*** FLOP *** [Ah Th 3h]
Hotte0: checks 
Mahu2021: checks 
*** TURN *** [Ah Th 3h] [Jd]
Hotte0: checks 
Mahu2021: checks 
*** RIVER *** [Ah Th 3h Jd] [3s]
Hotte0: bets 40
Mahu2021: folds 
Uncalled bet (40) returned to Hotte0
Hotte0 collected 80 from pot
*** SUMMARY ***
Total pot 80 | Rake 0 
Board [Ah Th 3h Jd 3s]
Seat 1: Mahu2021 (big blind) folded on the River
Seat 2: Usukhuu87 (button) folded before Flop (didn't bet)
Seat 3: Hotte0 (small blind) collected (80)



PokerStars Hand #248909020092: Tournament #3716444654, $1.84+$0.16 USD Hold'em No Limit - Level III (20/40) - 2024/02/16 12:24:23 CET [2024/02/16 6:24:23 ET]
Table '3716444654 1' 3-max Seat #3 is the button
Seat 1: Mahu2021 (340 in chips) 
Seat 2: Usukhuu87 (265 in chips) 
Seat 3: Hotte0 (895 in chips) 
Mahu2021: posts small blind 20
Usukhuu87: posts big blind 40
*** HOLE CARDS ***
Dealt to Mahu2021 [2c 6d]
Hotte0: calls 40
Mahu2021: folds 
Usukhuu87: checks 
*** FLOP *** [Ad 2h Qc]
Usukhuu87: bets 80
Hotte0: calls 80
*** TURN *** [Ad 2h Qc] [7h]
Usukhuu87: checks 
Hotte0: bets 40
Usukhuu87: calls 40
*** RIVER *** [Ad 2h Qc 7h] [8s]
Usukhuu87: checks 
Hotte0: bets 735 and is all-in
Usukhuu87: folds 
Uncalled bet (735) returned to Hotte0
Hotte0 collected 340 from pot
*** SUMMARY ***
Total pot 340 | Rake 0 
Board [Ad 2h Qc 7h 8s]
Seat 1: Mahu2021 (small blind) folded before Flop
Seat 2: Usukhuu87 (big blind) folded on the River
Seat 3: Hotte0 (button) collected (340)



PokerStars Hand #248909023948: Tournament #3716444654, $1.84+$0.16 USD Hold'em No Limit - Level III (20/40) - 2024/02/16 12:24:49 CET [2024/02/16 6:24:49 ET]
Table '3716444654 1' 3-max Seat #1 is the button
Seat 1: Mahu2021 (320 in chips) 
Seat 2: Usukhuu87 (105 in chips) 
Seat 3: Hotte0 (1075 in chips) 
Usukhuu87: posts small blind 20
Hotte0: posts big blind 40
*** HOLE CARDS ***
Dealt to Mahu2021 [8h Ac]
Mahu2021: raises 40 to 80
Usukhuu87: raises 25 to 105 and is all-in
Hotte0: calls 65
Mahu2021: calls 25
*** FLOP *** [7s Jc Kh]
Hotte0: bets 40
Mahu2021: folds 
Uncalled bet (40) returned to Hotte0
*** TURN *** [7s Jc Kh] [9s]
*** RIVER *** [7s Jc Kh 9s] [6h]
*** SHOW DOWN ***
Usukhuu87: shows [6s 9c] (two pair, Nines and Sixes)
Hotte0: shows [7h Ks] (two pair, Kings and Sevens)
Hotte0 collected 315 from pot
Usukhuu87 finished the tournament in 3rd place
*** SUMMARY ***
Total pot 315 | Rake 0 
Board [7s Jc Kh 9s 6h]
Seat 1: Mahu2021 (button) folded on the Flop
Seat 2: Usukhuu87 (small blind) showed [6s 9c] and lost with two pair, Nines and Sixes
Seat 3: Hotte0 (big blind) showed [7h Ks] and won (315) with two pair, Kings and Sevens



PokerStars Hand #248909027224: Tournament #3716444654, $1.84+$0.16 USD Hold'em No Limit - Level III (20/40) - 2024/02/16 12:25:11 CET [2024/02/16 6:25:11 ET]
Table '3716444654 1' 3-max Seat #3 is the button
Seat 1: Mahu2021 (215 in chips) 
Seat 3: Hotte0 (1285 in chips) 
Hotte0: posts small blind 20
Mahu2021: posts big blind 40
*** HOLE CARDS ***
Dealt to Mahu2021 [Th Jh]
Hotte0: calls 20
Mahu2021: raises 175 to 215 and is all-in
Hotte0: folds 
Uncalled bet (175) returned to Mahu2021
Mahu2021 collected 80 from pot
Mahu2021: doesn't show hand 
*** SUMMARY ***
Total pot 80 | Rake 0 
Seat 1: Mahu2021 (big blind) collected (80)
Seat 3: Hotte0 (button) (small blind) folded before Flop



PokerStars Hand #248909028888: Tournament #3716444654, $1.84+$0.16 USD Hold'em No Limit - Level IV (30/60) - 2024/02/16 12:25:22 CET [2024/02/16 6:25:22 ET]
Table '3716444654 1' 3-max Seat #1 is the button
Seat 1: Mahu2021 (255 in chips) 
Seat 3: Hotte0 (1245 in chips) 
Mahu2021: posts small blind 30
Hotte0: posts big blind 60
*** HOLE CARDS ***
Dealt to Mahu2021 [6d 4c]
Mahu2021: folds 
Uncalled bet (30) returned to Hotte0
Hotte0 collected 60 from pot
*** SUMMARY ***
Total pot 60 | Rake 0 
Seat 1: Mahu2021 (button) (small blind) folded before Flop
Seat 3: Hotte0 (big blind) collected (60)



PokerStars Hand #248909029624: Tournament #3716444654, $1.84+$0.16 USD Hold'em No Limit - Level IV (30/60) - 2024/02/16 12:25:27 CET [2024/02/16 6:25:27 ET]
Table '3716444654 1' 3-max Seat #3 is the button
Seat 1: Mahu2021 (225 in chips) 
Seat 3: Hotte0 (1275 in chips) 
Hotte0: posts small blind 30
Mahu2021: posts big blind 60
*** HOLE CARDS ***
Dealt to Mahu2021 [Tc Ad]
Hotte0: folds 
Uncalled bet (30) returned to Mahu2021
Mahu2021 collected 60 from pot
Mahu2021: doesn't show hand 
*** SUMMARY ***
Total pot 60 | Rake 0 
Seat 1: Mahu2021 (big blind) collected (60)
Seat 3: Hotte0 (button) (small blind) folded before Flop



PokerStars Hand #248909030521: Tournament #3716444654, $1.84+$0.16 USD Hold'em No Limit - Level IV (30/60) - 2024/02/16 12:25:33 CET [2024/02/16 6:25:33 ET]
Table '3716444654 1' 3-max Seat #1 is the button
Seat 1: Mahu2021 (255 in chips) 
Seat 3: Hotte0 (1245 in chips) 
Mahu2021: posts small blind 30
Hotte0: posts big blind 60
*** HOLE CARDS ***
Dealt to Mahu2021 [9d 5d]
Mahu2021: folds 
Uncalled bet (30) returned to Hotte0
Hotte0 collected 60 from pot
*** SUMMARY ***
Total pot 60 | Rake 0 
Seat 1: Mahu2021 (button) (small blind) folded before Flop
Seat 3: Hotte0 (big blind) collected (60)



PokerStars Hand #248909031269: Tournament #3716444654, $1.84+$0.16 USD Hold'em No Limit - Level IV (30/60) - 2024/02/16 12:25:38 CET [2024/02/16 6:25:38 ET]
Table '3716444654 1' 3-max Seat #3 is the button
Seat 1: Mahu2021 (225 in chips) 
Seat 3: Hotte0 (1275 in chips) 
Hotte0: posts small blind 30
Mahu2021: posts big blind 60
*** HOLE CARDS ***
Dealt to Mahu2021 [6s 8s]
Hotte0: calls 30
Mahu2021: checks 
*** FLOP *** [Jd Ac 9c]
Mahu2021: checks 
Hotte0: bets 60
Mahu2021: folds 
Uncalled bet (60) returned to Hotte0
Hotte0 collected 120 from pot
*** SUMMARY ***
Total pot 120 | Rake 0 
Board [Jd Ac 9c]
Seat 1: Mahu2021 (big blind) folded on the Flop
Seat 3: Hotte0 (button) (small blind) collected (120)



PokerStars Hand #248909032871: Tournament #3716444654, $1.84+$0.16 USD Hold'em No Limit - Level IV (30/60) - 2024/02/16 12:25:48 CET [2024/02/16 6:25:48 ET]
Table '3716444654 1' 3-max Seat #1 is the button
Seat 1: Mahu2021 (165 in chips) 
Seat 3: Hotte0 (1335 in chips) 
Mahu2021: posts small blind 30
Hotte0: posts big blind 60
*** HOLE CARDS ***
Dealt to Mahu2021 [3s 9s]
Mahu2021: folds 
Uncalled bet (30) returned to Hotte0
Hotte0 collected 60 from pot
*** SUMMARY ***
Total pot 60 | Rake 0 
Seat 1: Mahu2021 (button) (small blind) folded before Flop
Seat 3: Hotte0 (big blind) collected (60)



PokerStars Hand #248909033541: Tournament #3716444654, $1.84+$0.16 USD Hold'em No Limit - Level IV (30/60) - 2024/02/16 12:25:53 CET [2024/02/16 6:25:53 ET]
Table '3716444654 1' 3-max Seat #3 is the button
Seat 1: Mahu2021 (135 in chips) 
Seat 3: Hotte0 (1365 in chips) 
Hotte0: posts small blind 30
Mahu2021: posts big blind 60
*** HOLE CARDS ***
Dealt to Mahu2021 [4c 6c]
Hotte0: calls 30
Mahu2021: checks 
*** FLOP *** [7c 7d 5d]
Mahu2021: bets 75 and is all-in
Hotte0: calls 75
*** TURN *** [7c 7d 5d] [6h]
*** RIVER *** [7c 7d 5d 6h] [6s]
*** SHOW DOWN ***
Mahu2021: shows [4c 6c] (a full house, Sixes full of Sevens)
Hotte0: shows [2c Qh] (two pair, Sevens and Sixes)
Mahu2021 collected 270 from pot
*** SUMMARY ***
Total pot 270 | Rake 0 
Board [7c 7d 5d 6h 6s]
Seat 1: Mahu2021 (big blind) showed [4c 6c] and won (270) with a full house, Sixes full of Sevens
Seat 3: Hotte0 (button) (small blind) showed [2c Qh] and lost with two pair, Sevens and Sixes



PokerStars Hand #248909035809: Tournament #3716444654, $1.84+$0.16 USD Hold'em No Limit - Level IV (30/60) - 2024/02/16 12:26:08 CET [2024/02/16 6:26:08 ET]
Table '3716444654 1' 3-max Seat #1 is the button
Seat 1: Mahu2021 (270 in chips) 
Seat 3: Hotte0 (1230 in chips) 
Mahu2021: posts small blind 30
Hotte0: posts big blind 60
*** HOLE CARDS ***
Dealt to Mahu2021 [9h 4c]
Mahu2021: folds 
Uncalled bet (30) returned to Hotte0
Hotte0 collected 60 from pot
*** SUMMARY ***
Total pot 60 | Rake 0 
Seat 1: Mahu2021 (button) (small blind) folded before Flop
Seat 3: Hotte0 (big blind) collected (60)



PokerStars Hand #248909036451: Tournament #3716444654, $1.84+$0.16 USD Hold'em No Limit - Level IV (30/60) - 2024/02/16 12:26:12 CET [2024/02/16 6:26:12 ET]
Table '3716444654 1' 3-max Seat #3 is the button
Seat 1: Mahu2021 (240 in chips) 
Seat 3: Hotte0 (1260 in chips) 
Hotte0: posts small blind 30
Mahu2021: posts big blind 60
*** HOLE CARDS ***
Dealt to Mahu2021 [2s Qh]
Hotte0: calls 30
Mahu2021: checks 
*** FLOP *** [2c 3d Jd]
Mahu2021: bets 180 and is all-in
Hotte0: calls 180
*** TURN *** [2c 3d Jd] [Ad]
*** RIVER *** [2c 3d Jd Ad] [Kc]
*** SHOW DOWN ***
Mahu2021: shows [2s Qh] (a pair of Deuces)
Hotte0: shows [Jh 7s] (a pair of Jacks)
Hotte0 collected 480 from pot
Mahu2021 finished the tournament in 2nd place
Hotte0 wins the tournament and receives $4.00 - congratulations!
*** SUMMARY ***
Total pot 480 | Rake 0 
Board [2c 3d Jd Ad Kc]
Seat 1: Mahu2021 (big blind) showed [2s Qh] and lost with a pair of Deuces
Seat 3: Hotte0 (button) (small blind) showed [Jh 7s] and won (480) with a pair of Jacks



