PokerStars Hand #252512045055: Tournament #3802442152, $1.84+$0.16 USD Hold'em No Limit - Level I (10/20) - 2024/09/18 19:38:11 CET [2024/09/18 13:38:11 ET]
Table '3802442152 1' 3-max Seat #1 is the button
Seat 1: seven_eighty (500 in chips) 
Seat 2: Mahu2021 (500 in chips) 
Seat 3: opponenttt (500 in chips) 
Mahu2021: posts small blind 10
opponenttt: posts big blind 20
*** HOLE CARDS ***
Dealt to Mahu2021 [9c Td]
seven_eighty: calls 20
Mahu2021: calls 10
opponenttt: checks 
*** FLOP *** [2d Ac 5c]
Mahu2021: checks 
opponenttt: checks 
seven_eighty: checks 
*** TURN *** [2d Ac 5c] [3s]
Mahu2021: checks 
opponenttt: checks 
seven_eighty: checks 
*** RIVER *** [2d Ac 5c 3s] [Kd]
Mahu2021: checks 
opponenttt: checks 
seven_eighty: checks 
*** SHOW DOWN ***
Mahu2021: shows [9c Td] (high card Ace)
opponenttt: mucks hand 
seven_eighty: shows [Kc Ts] (a pair of Kings)
seven_eighty collected 60 from pot
*** SUMMARY ***
Total pot 60 | Rake 0 
Board [2d Ac 5c 3s Kd]
Seat 1: seven_eighty (button) showed [Kc Ts] and won (60) with a pair of Kings
Seat 2: Mahu2021 (small blind) showed [9c Td] and lost with high card Ace
Seat 3: opponenttt (big blind) mucked [8s 6c]



PokerStars Hand #252512055494: Tournament #3802442152, $1.84+$0.16 USD Hold'em No Limit - Level I (10/20) - 2024/09/18 19:38:48 CET [2024/09/18 13:38:48 ET]
Table '3802442152 1' 3-max Seat #2 is the button
Seat 1: seven_eighty (540 in chips) 
Seat 2: Mahu2021 (480 in chips) 
Seat 3: opponenttt (480 in chips) 
opponenttt: posts small blind 10
seven_eighty: posts big blind 20
*** HOLE CARDS ***
Dealt to Mahu2021 [Ac Js]
Mahu2021: raises 40 to 60
opponenttt: folds 
seven_eighty: folds 
Uncalled bet (40) returned to Mahu2021
Mahu2021 collected 50 from pot
Mahu2021: doesn't show hand 
*** SUMMARY ***
Total pot 50 | Rake 0 
Seat 1: seven_eighty (big blind) folded before Flop
Seat 2: Mahu2021 (button) collected (50)
Seat 3: opponenttt (small blind) folded before Flop



PokerStars Hand #252512057784: Tournament #3802442152, $1.84+$0.16 USD Hold'em No Limit - Level I (10/20) - 2024/09/18 19:38:56 CET [2024/09/18 13:38:56 ET]
Table '3802442152 1' 3-max Seat #3 is the button
Seat 1: seven_eighty (520 in chips) 
Seat 2: Mahu2021 (510 in chips) 
Seat 3: opponenttt (470 in chips) 
seven_eighty: posts small blind 10
Mahu2021: posts big blind 20
*** HOLE CARDS ***
Dealt to Mahu2021 [9c Qh]
opponenttt: raises 20 to 40
seven_eighty: raises 100 to 140
Mahu2021: folds 
opponenttt: folds 
Uncalled bet (100) returned to seven_eighty
seven_eighty collected 100 from pot
*** SUMMARY ***
Total pot 100 | Rake 0 
Seat 1: seven_eighty (small blind) collected (100)
Seat 2: Mahu2021 (big blind) folded before Flop
Seat 3: opponenttt (button) folded before Flop



PokerStars Hand #252512062667: Tournament #3802442152, $1.84+$0.16 USD Hold'em No Limit - Level I (10/20) - 2024/09/18 19:39:13 CET [2024/09/18 13:39:13 ET]
Table '3802442152 1' 3-max Seat #1 is the button
Seat 1: seven_eighty (580 in chips) 
Seat 2: Mahu2021 (490 in chips) 
Seat 3: opponenttt (430 in chips) 
Mahu2021: posts small blind 10
opponenttt: posts big blind 20
*** HOLE CARDS ***
Dealt to Mahu2021 [7h Js]
seven_eighty: folds 
Mahu2021: calls 10
opponenttt: checks 
*** FLOP *** [8d 2d 3h]
Mahu2021: checks 
opponenttt: bets 20
Mahu2021: folds 
Uncalled bet (20) returned to opponenttt
opponenttt collected 40 from pot
opponenttt: doesn't show hand 
*** SUMMARY ***
Total pot 40 | Rake 0 
Board [8d 2d 3h]
Seat 1: seven_eighty (button) folded before Flop (didn't bet)
Seat 2: Mahu2021 (small blind) folded on the Flop
Seat 3: opponenttt (big blind) collected (40)



PokerStars Hand #252512067294: Tournament #3802442152, $1.84+$0.16 USD Hold'em No Limit - Level I (10/20) - 2024/09/18 19:39:29 CET [2024/09/18 13:39:29 ET]
Table '3802442152 1' 3-max Seat #2 is the button
Seat 1: seven_eighty (580 in chips) 
Seat 2: Mahu2021 (470 in chips) 
Seat 3: opponenttt (450 in chips) 
opponenttt: posts small blind 10
seven_eighty: posts big blind 20
*** HOLE CARDS ***
Dealt to Mahu2021 [7h Ad]
Mahu2021: raises 20 to 40
opponenttt: folds 
seven_eighty: calls 20
*** FLOP *** [6s 9s Jd]
seven_eighty: checks 
Mahu2021: checks 
*** TURN *** [6s 9s Jd] [Qc]
seven_eighty: checks 
Mahu2021: checks 
*** RIVER *** [6s 9s Jd Qc] [6d]
seven_eighty: checks 
Mahu2021: bets 40
seven_eighty: folds 
Uncalled bet (40) returned to Mahu2021
Mahu2021 collected 90 from pot
Mahu2021: doesn't show hand 
*** SUMMARY ***
Total pot 90 | Rake 0 
Board [6s 9s Jd Qc 6d]
Seat 1: seven_eighty (big blind) folded on the River
Seat 2: Mahu2021 (button) collected (90)
Seat 3: opponenttt (small blind) folded before Flop



PokerStars Hand #252512074178: Tournament #3802442152, $1.84+$0.16 USD Hold'em No Limit - Level I (10/20) - 2024/09/18 19:39:53 CET [2024/09/18 13:39:53 ET]
Table '3802442152 1' 3-max Seat #3 is the button
Seat 1: seven_eighty (540 in chips) 
Seat 2: Mahu2021 (520 in chips) 
Seat 3: opponenttt (440 in chips) 
seven_eighty: posts small blind 10
Mahu2021: posts big blind 20
*** HOLE CARDS ***
Dealt to Mahu2021 [8s Qd]
opponenttt: folds 
seven_eighty: calls 10
Mahu2021: checks 
*** FLOP *** [4c 7c 9h]
seven_eighty: bets 20
Mahu2021: folds 
Uncalled bet (20) returned to seven_eighty
seven_eighty collected 40 from pot
*** SUMMARY ***
Total pot 40 | Rake 0 
Board [4c 7c 9h]
Seat 1: seven_eighty (small blind) collected (40)
Seat 2: Mahu2021 (big blind) folded on the Flop
Seat 3: opponenttt (button) folded before Flop (didn't bet)



PokerStars Hand #252512077687: Tournament #3802442152, $1.84+$0.16 USD Hold'em No Limit - Level I (10/20) - 2024/09/18 19:40:06 CET [2024/09/18 13:40:06 ET]
Table '3802442152 1' 3-max Seat #1 is the button
Seat 1: seven_eighty (560 in chips) 
Seat 2: Mahu2021 (500 in chips) 
Seat 3: opponenttt (440 in chips) 
Mahu2021: posts small blind 10
opponenttt: posts big blind 20
*** HOLE CARDS ***
Dealt to Mahu2021 [6h Qh]
seven_eighty: raises 20 to 40
Mahu2021: calls 30
opponenttt: calls 20
*** FLOP *** [4h 5d Ts]
Mahu2021: checks 
opponenttt: checks 
seven_eighty: checks 
*** TURN *** [4h 5d Ts] [3h]
Mahu2021: bets 40
opponenttt: calls 40
seven_eighty: folds 
*** RIVER *** [4h 5d Ts 3h] [9h]
Mahu2021: bets 100
opponenttt: raises 150 to 250
Mahu2021: calls 150
*** SHOW DOWN ***
opponenttt: shows [7d 6d] (a straight, Three to Seven)
Mahu2021: shows [6h Qh] (a flush, Queen high)
Mahu2021 collected 700 from pot
*** SUMMARY ***
Total pot 700 | Rake 0 
Board [4h 5d Ts 3h 9h]
Seat 1: seven_eighty (button) folded on the Turn
Seat 2: Mahu2021 (small blind) showed [6h Qh] and won (700) with a flush, Queen high
Seat 3: opponenttt (big blind) showed [7d 6d] and lost with a straight, Three to Seven



PokerStars Hand #252512089233: Tournament #3802442152, $1.84+$0.16 USD Hold'em No Limit - Level I (10/20) - 2024/09/18 19:40:46 CET [2024/09/18 13:40:46 ET]
Table '3802442152 1' 3-max Seat #2 is the button
Seat 1: seven_eighty (520 in chips) 
Seat 2: Mahu2021 (870 in chips) 
Seat 3: opponenttt (110 in chips) 
opponenttt: posts small blind 10
seven_eighty: posts big blind 20
*** HOLE CARDS ***
Dealt to Mahu2021 [2s Jh]
Mahu2021: folds 
opponenttt: raises 90 to 110 and is all-in
seven_eighty: calls 90
*** FLOP *** [9h 8c 9s]
*** TURN *** [9h 8c 9s] [Qs]
*** RIVER *** [9h 8c 9s Qs] [2c]
*** SHOW DOWN ***
opponenttt: shows [2h Ks] (two pair, Nines and Deuces)
seven_eighty: shows [Kc Qc] (two pair, Queens and Nines)
seven_eighty collected 220 from pot
opponenttt finished the tournament in 3rd place
*** SUMMARY ***
Total pot 220 | Rake 0 
Board [9h 8c 9s Qs 2c]
Seat 1: seven_eighty (big blind) showed [Kc Qc] and won (220) with two pair, Queens and Nines
Seat 2: Mahu2021 (button) folded before Flop (didn't bet)
Seat 3: opponenttt (small blind) showed [2h Ks] and lost with two pair, Nines and Deuces



PokerStars Hand #252512094857: Tournament #3802442152, $1.84+$0.16 USD Hold'em No Limit - Level I (10/20) - 2024/09/18 19:41:05 CET [2024/09/18 13:41:05 ET]
Table '3802442152 1' 3-max Seat #1 is the button
Seat 1: seven_eighty (630 in chips) 
Seat 2: Mahu2021 (870 in chips) 
seven_eighty: posts small blind 10
Mahu2021: posts big blind 20
*** HOLE CARDS ***
Dealt to Mahu2021 [Tc 7h]
seven_eighty: raises 40 to 60
Mahu2021: folds 
Uncalled bet (40) returned to seven_eighty
seven_eighty collected 40 from pot
*** SUMMARY ***
Total pot 40 | Rake 0 
Seat 1: seven_eighty (button) (small blind) collected (40)
Seat 2: Mahu2021 (big blind) folded before Flop



PokerStars Hand #252512098300: Tournament #3802442152, $1.84+$0.16 USD Hold'em No Limit - Level II (15/30) - 2024/09/18 19:41:17 CET [2024/09/18 13:41:17 ET]
Table '3802442152 1' 3-max Seat #2 is the button
Seat 1: seven_eighty (650 in chips) 
Seat 2: Mahu2021 (850 in chips) 
Mahu2021: posts small blind 15
seven_eighty: posts big blind 30
*** HOLE CARDS ***
Dealt to Mahu2021 [Js 3c]
Mahu2021: calls 15
seven_eighty: checks 
*** FLOP *** [9c 8c Jc]
seven_eighty: checks 
Mahu2021: bets 30
seven_eighty: calls 30
*** TURN *** [9c 8c Jc] [Qc]
seven_eighty: checks 
Mahu2021: checks 
*** RIVER *** [9c 8c Jc Qc] [9d]
seven_eighty: checks 
Mahu2021: checks 
*** SHOW DOWN ***
seven_eighty: shows [7h Qh] (two pair, Queens and Nines)
Mahu2021: shows [Js 3c] (a flush, Queen high)
Mahu2021 collected 120 from pot
*** SUMMARY ***
Total pot 120 | Rake 0 
Board [9c 8c Jc Qc 9d]
Seat 1: seven_eighty (big blind) showed [7h Qh] and lost with two pair, Queens and Nines
Seat 2: Mahu2021 (button) (small blind) showed [Js 3c] and won (120) with a flush, Queen high



PokerStars Hand #252512102979: Tournament #3802442152, $1.84+$0.16 USD Hold'em No Limit - Level II (15/30) - 2024/09/18 19:41:33 CET [2024/09/18 13:41:33 ET]
Table '3802442152 1' 3-max Seat #1 is the button
Seat 1: seven_eighty (590 in chips) 
Seat 2: Mahu2021 (910 in chips) 
seven_eighty: posts small blind 15
Mahu2021: posts big blind 30
*** HOLE CARDS ***
Dealt to Mahu2021 [3d Qh]
seven_eighty: calls 15
Mahu2021: checks 
*** FLOP *** [7s 4c Ac]
Mahu2021: checks 
seven_eighty: checks 
*** TURN *** [7s 4c Ac] [8c]
Mahu2021: checks 
seven_eighty: checks 
*** RIVER *** [7s 4c Ac 8c] [8h]
Mahu2021: checks 
seven_eighty: checks 
*** SHOW DOWN ***
Mahu2021: shows [3d Qh] (a pair of Eights)
seven_eighty: shows [Qd 2d] (a pair of Eights)
Mahu2021 collected 30 from pot
seven_eighty collected 30 from pot
*** SUMMARY ***
Total pot 60 | Rake 0 
Board [7s 4c Ac 8c 8h]
Seat 1: seven_eighty (button) (small blind) showed [Qd 2d] and won (30) with a pair of Eights
Seat 2: Mahu2021 (big blind) showed [3d Qh] and won (30) with a pair of Eights



PokerStars Hand #252512106494: Tournament #3802442152, $1.84+$0.16 USD Hold'em No Limit - Level II (15/30) - 2024/09/18 19:41:46 CET [2024/09/18 13:41:46 ET]
Table '3802442152 1' 3-max Seat #2 is the button
Seat 1: seven_eighty (590 in chips) 
Seat 2: Mahu2021 (910 in chips) 
Mahu2021: posts small blind 15
seven_eighty: posts big blind 30
*** HOLE CARDS ***
Dealt to Mahu2021 [Jh Th]
Mahu2021: raises 30 to 60
seven_eighty: calls 30
*** FLOP *** [Qd 3h 2c]
seven_eighty: checks 
Mahu2021: checks 
*** TURN *** [Qd 3h 2c] [9c]
seven_eighty: checks 
Mahu2021: bets 60
seven_eighty: folds 
Uncalled bet (60) returned to Mahu2021
Mahu2021 collected 120 from pot
Mahu2021: doesn't show hand 
*** SUMMARY ***
Total pot 120 | Rake 0 
Board [Qd 3h 2c 9c]
Seat 1: seven_eighty (big blind) folded on the Turn
Seat 2: Mahu2021 (button) (small blind) collected (120)



PokerStars Hand #252512110110: Tournament #3802442152, $1.84+$0.16 USD Hold'em No Limit - Level II (15/30) - 2024/09/18 19:41:58 CET [2024/09/18 13:41:58 ET]
Table '3802442152 1' 3-max Seat #1 is the button
Seat 1: seven_eighty (530 in chips) 
Seat 2: Mahu2021 (970 in chips) 
seven_eighty: posts small blind 15
Mahu2021: posts big blind 30
*** HOLE CARDS ***
Dealt to Mahu2021 [3c 2s]
seven_eighty: raises 30 to 60
Mahu2021: folds 
Uncalled bet (30) returned to seven_eighty
seven_eighty collected 60 from pot
*** SUMMARY ***
Total pot 60 | Rake 0 
Seat 1: seven_eighty (button) (small blind) collected (60)
Seat 2: Mahu2021 (big blind) folded before Flop



PokerStars Hand #252512111948: Tournament #3802442152, $1.84+$0.16 USD Hold'em No Limit - Level II (15/30) - 2024/09/18 19:42:05 CET [2024/09/18 13:42:05 ET]
Table '3802442152 1' 3-max Seat #2 is the button
Seat 1: seven_eighty (560 in chips) 
Seat 2: Mahu2021 (940 in chips) 
Mahu2021: posts small blind 15
seven_eighty: posts big blind 30
*** HOLE CARDS ***
Dealt to Mahu2021 [3c 7c]
Mahu2021: calls 15
seven_eighty: raises 60 to 90
Mahu2021: folds 
Uncalled bet (60) returned to seven_eighty
seven_eighty collected 60 from pot
*** SUMMARY ***
Total pot 60 | Rake 0 
Seat 1: seven_eighty (big blind) collected (60)
Seat 2: Mahu2021 (button) (small blind) folded before Flop



PokerStars Hand #252512114084: Tournament #3802442152, $1.84+$0.16 USD Hold'em No Limit - Level II (15/30) - 2024/09/18 19:42:12 CET [2024/09/18 13:42:12 ET]
Table '3802442152 1' 3-max Seat #1 is the button
Seat 1: seven_eighty (590 in chips) 
Seat 2: Mahu2021 (910 in chips) 
seven_eighty: posts small blind 15
Mahu2021: posts big blind 30
*** HOLE CARDS ***
Dealt to Mahu2021 [9s 4s]
seven_eighty: folds 
Uncalled bet (15) returned to Mahu2021
Mahu2021 collected 30 from pot
Mahu2021: doesn't show hand 
*** SUMMARY ***
Total pot 30 | Rake 0 
Seat 1: seven_eighty (button) (small blind) folded before Flop
Seat 2: Mahu2021 (big blind) collected (30)



PokerStars Hand #252512115300: Tournament #3802442152, $1.84+$0.16 USD Hold'em No Limit - Level II (15/30) - 2024/09/18 19:42:17 CET [2024/09/18 13:42:17 ET]
Table '3802442152 1' 3-max Seat #2 is the button
Seat 1: seven_eighty (575 in chips) 
Seat 2: Mahu2021 (925 in chips) 
Mahu2021: posts small blind 15
seven_eighty: posts big blind 30
*** HOLE CARDS ***
Dealt to Mahu2021 [As 9s]
Mahu2021: raises 30 to 60
seven_eighty: raises 515 to 575 and is all-in
Mahu2021: folds 
Uncalled bet (515) returned to seven_eighty
seven_eighty collected 120 from pot
*** SUMMARY ***
Total pot 120 | Rake 0 
Seat 1: seven_eighty (big blind) collected (120)
Seat 2: Mahu2021 (button) (small blind) folded before Flop



PokerStars Hand #252512118769: Tournament #3802442152, $1.84+$0.16 USD Hold'em No Limit - Level II (15/30) - 2024/09/18 19:42:28 CET [2024/09/18 13:42:28 ET]
Table '3802442152 1' 3-max Seat #1 is the button
Seat 1: seven_eighty (635 in chips) 
Seat 2: Mahu2021 (865 in chips) 
seven_eighty: posts small blind 15
Mahu2021: posts big blind 30
*** HOLE CARDS ***
Dealt to Mahu2021 [Jd 7c]
seven_eighty: folds 
Uncalled bet (15) returned to Mahu2021
Mahu2021 collected 30 from pot
Mahu2021: doesn't show hand 
*** SUMMARY ***
Total pot 30 | Rake 0 
Seat 1: seven_eighty (button) (small blind) folded before Flop
Seat 2: Mahu2021 (big blind) collected (30)



PokerStars Hand #252512120092: Tournament #3802442152, $1.84+$0.16 USD Hold'em No Limit - Level II (15/30) - 2024/09/18 19:42:33 CET [2024/09/18 13:42:33 ET]
Table '3802442152 1' 3-max Seat #2 is the button
Seat 1: seven_eighty (620 in chips) 
Seat 2: Mahu2021 (880 in chips) 
Mahu2021: posts small blind 15
seven_eighty: posts big blind 30
*** HOLE CARDS ***
Dealt to Mahu2021 [Th 6c]
Mahu2021: calls 15
seven_eighty: checks 
*** FLOP *** [Kh 9d 3d]
seven_eighty: bets 30
Mahu2021: folds 
Uncalled bet (30) returned to seven_eighty
seven_eighty collected 60 from pot
*** SUMMARY ***
Total pot 60 | Rake 0 
Board [Kh 9d 3d]
Seat 1: seven_eighty (big blind) collected (60)
Seat 2: Mahu2021 (button) (small blind) folded on the Flop



PokerStars Hand #252512122832: Tournament #3802442152, $1.84+$0.16 USD Hold'em No Limit - Level II (15/30) - 2024/09/18 19:42:42 CET [2024/09/18 13:42:42 ET]
Table '3802442152 1' 3-max Seat #1 is the button
Seat 1: seven_eighty (650 in chips) 
Seat 2: Mahu2021 (850 in chips) 
seven_eighty: posts small blind 15
Mahu2021: posts big blind 30
*** HOLE CARDS ***
Dealt to Mahu2021 [As 3s]
seven_eighty: folds 
Uncalled bet (15) returned to Mahu2021
Mahu2021 collected 30 from pot
Mahu2021: doesn't show hand 
*** SUMMARY ***
Total pot 30 | Rake 0 
Seat 1: seven_eighty (button) (small blind) folded before Flop
Seat 2: Mahu2021 (big blind) collected (30)



PokerStars Hand #252512124059: Tournament #3802442152, $1.84+$0.16 USD Hold'em No Limit - Level II (15/30) - 2024/09/18 19:42:46 CET [2024/09/18 13:42:46 ET]
Table '3802442152 1' 3-max Seat #2 is the button
Seat 1: seven_eighty (635 in chips) 
Seat 2: Mahu2021 (865 in chips) 
Mahu2021: posts small blind 15
seven_eighty: posts big blind 30
*** HOLE CARDS ***
Dealt to Mahu2021 [Kd 5h]
Mahu2021: raises 30 to 60
seven_eighty: raises 30 to 90
Mahu2021: calls 30
*** FLOP *** [7d 5s As]
seven_eighty: checks 
Mahu2021: bets 90
seven_eighty: calls 90
*** TURN *** [7d 5s As] [2d]
seven_eighty: bets 30
Mahu2021: raises 60 to 90
seven_eighty: calls 60
*** RIVER *** [7d 5s As 2d] [Th]
seven_eighty: bets 365 and is all-in
Mahu2021: folds 
Uncalled bet (365) returned to seven_eighty
seven_eighty collected 540 from pot
*** SUMMARY ***
Total pot 540 | Rake 0 
Board [7d 5s As 2d Th]
Seat 1: seven_eighty (big blind) collected (540)
Seat 2: Mahu2021 (button) (small blind) folded on the River



PokerStars Hand #252512132139: Tournament #3802442152, $1.84+$0.16 USD Hold'em No Limit - Level II (15/30) - 2024/09/18 19:43:14 CET [2024/09/18 13:43:14 ET]
Table '3802442152 1' 3-max Seat #1 is the button
Seat 1: seven_eighty (905 in chips) 
Seat 2: Mahu2021 (595 in chips) 
seven_eighty: posts small blind 15
Mahu2021: posts big blind 30
*** HOLE CARDS ***
Dealt to Mahu2021 [7h 2d]
seven_eighty: calls 15
Mahu2021: checks 
*** FLOP *** [7s Jh 5s]
Mahu2021: bets 30
seven_eighty: calls 30
*** TURN *** [7s Jh 5s] [3h]
Mahu2021: checks 
seven_eighty: bets 30
Mahu2021: calls 30
*** RIVER *** [7s Jh 5s 3h] [5h]
Mahu2021: bets 180
seven_eighty: folds 
Uncalled bet (180) returned to Mahu2021
Mahu2021 collected 180 from pot
Mahu2021: doesn't show hand 
*** SUMMARY ***
Total pot 180 | Rake 0 
Board [7s Jh 5s 3h 5h]
Seat 1: seven_eighty (button) (small blind) folded on the River
Seat 2: Mahu2021 (big blind) collected (180)



PokerStars Hand #252512138642: Tournament #3802442152, $1.84+$0.16 USD Hold'em No Limit - Level II (15/30) - 2024/09/18 19:43:37 CET [2024/09/18 13:43:37 ET]
Table '3802442152 1' 3-max Seat #2 is the button
Seat 1: seven_eighty (815 in chips) 
Seat 2: Mahu2021 (685 in chips) 
Mahu2021: posts small blind 15
seven_eighty: posts big blind 30
*** HOLE CARDS ***
Dealt to Mahu2021 [Qd 8c]
Mahu2021: calls 15
seven_eighty: raises 60 to 90
Mahu2021: calls 60
*** FLOP *** [Qc Js 7d]
seven_eighty: bets 725 and is all-in
Mahu2021: calls 595 and is all-in
Uncalled bet (130) returned to seven_eighty
*** TURN *** [Qc Js 7d] [3c]
*** RIVER *** [Qc Js 7d 3c] [6c]
*** SHOW DOWN ***
seven_eighty: shows [8s Ah] (high card Ace)
Mahu2021: shows [Qd 8c] (a pair of Queens)
Mahu2021 collected 1370 from pot
*** SUMMARY ***
Total pot 1370 | Rake 0 
Board [Qc Js 7d 3c 6c]
Seat 1: seven_eighty (big blind) showed [8s Ah] and lost with high card Ace
Seat 2: Mahu2021 (button) (small blind) showed [Qd 8c] and won (1370) with a pair of Queens



PokerStars Hand #252512143333: Tournament #3802442152, $1.84+$0.16 USD Hold'em No Limit - Level II (15/30) - 2024/09/18 19:43:53 CET [2024/09/18 13:43:53 ET]
Table '3802442152 1' 3-max Seat #1 is the button
Seat 1: seven_eighty (130 in chips) 
Seat 2: Mahu2021 (1370 in chips) 
seven_eighty: posts small blind 15
Mahu2021: posts big blind 30
*** HOLE CARDS ***
Dealt to Mahu2021 [Js Kc]
seven_eighty: folds 
Uncalled bet (15) returned to Mahu2021
Mahu2021 collected 30 from pot
Mahu2021: doesn't show hand 
*** SUMMARY ***
Total pot 30 | Rake 0 
Seat 1: seven_eighty (button) (small blind) folded before Flop
Seat 2: Mahu2021 (big blind) collected (30)



PokerStars Hand #252512145142: Tournament #3802442152, $1.84+$0.16 USD Hold'em No Limit - Level II (15/30) - 2024/09/18 19:43:59 CET [2024/09/18 13:43:59 ET]
Table '3802442152 1' 3-max Seat #2 is the button
Seat 1: seven_eighty (115 in chips) 
Seat 2: Mahu2021 (1385 in chips) 
Mahu2021: posts small blind 15
seven_eighty: posts big blind 30
*** HOLE CARDS ***
Dealt to Mahu2021 [6c 2s]
Mahu2021: folds 
Uncalled bet (15) returned to seven_eighty
seven_eighty collected 30 from pot
*** SUMMARY ***
Total pot 30 | Rake 0 
Seat 1: seven_eighty (big blind) collected (30)
Seat 2: Mahu2021 (button) (small blind) folded before Flop



PokerStars Hand #252512147160: Tournament #3802442152, $1.84+$0.16 USD Hold'em No Limit - Level II (15/30) - 2024/09/18 19:44:06 CET [2024/09/18 13:44:06 ET]
Table '3802442152 1' 3-max Seat #1 is the button
Seat 1: seven_eighty (130 in chips) 
Seat 2: Mahu2021 (1370 in chips) 
seven_eighty: posts small blind 15
Mahu2021: posts big blind 30
*** HOLE CARDS ***
Dealt to Mahu2021 [2c Ts]
seven_eighty: folds 
Uncalled bet (15) returned to Mahu2021
Mahu2021 collected 30 from pot
Mahu2021: doesn't show hand 
*** SUMMARY ***
Total pot 30 | Rake 0 
Seat 1: seven_eighty (button) (small blind) folded before Flop
Seat 2: Mahu2021 (big blind) collected (30)



PokerStars Hand #252512148402: Tournament #3802442152, $1.84+$0.16 USD Hold'em No Limit - Level II (15/30) - 2024/09/18 19:44:10 CET [2024/09/18 13:44:10 ET]
Table '3802442152 1' 3-max Seat #2 is the button
Seat 1: seven_eighty (115 in chips) 
Seat 2: Mahu2021 (1385 in chips) 
Mahu2021: posts small blind 15
seven_eighty: posts big blind 30
*** HOLE CARDS ***
Dealt to Mahu2021 [4h 3s]
Mahu2021: calls 15
seven_eighty: raises 85 to 115 and is all-in
Mahu2021: folds 
Uncalled bet (85) returned to seven_eighty
seven_eighty collected 60 from pot
*** SUMMARY ***
Total pot 60 | Rake 0 
Seat 1: seven_eighty (big blind) collected (60)
Seat 2: Mahu2021 (button) (small blind) folded before Flop



PokerStars Hand #252512151357: Tournament #3802442152, $1.84+$0.16 USD Hold'em No Limit - Level III (20/40) - 2024/09/18 19:44:20 CET [2024/09/18 13:44:20 ET]
Table '3802442152 1' 3-max Seat #1 is the button
Seat 1: seven_eighty (145 in chips) 
Seat 2: Mahu2021 (1355 in chips) 
seven_eighty: posts small blind 20
Mahu2021: posts big blind 40
*** HOLE CARDS ***
Dealt to Mahu2021 [Jd Ks]
seven_eighty: raises 105 to 145 and is all-in
Mahu2021: calls 105
*** FLOP *** [2d Th Jh]
*** TURN *** [2d Th Jh] [Kd]
*** RIVER *** [2d Th Jh Kd] [8c]
*** SHOW DOWN ***
Mahu2021: shows [Jd Ks] (two pair, Kings and Jacks)
seven_eighty: shows [6s As] (high card Ace)
Mahu2021 collected 290 from pot
seven_eighty finished the tournament in 2nd place
Mahu2021 wins the tournament and receives $6.00 - congratulations!
*** SUMMARY ***
Total pot 290 | Rake 0 
Board [2d Th Jh Kd 8c]
Seat 1: seven_eighty (button) (small blind) showed [6s As] and lost with high card Ace
Seat 2: Mahu2021 (big blind) showed [Jd Ks] and won (290) with two pair, Kings and Jacks



