PokerStars Hand #247661284011: Tournament #3686476766, $1.84+$0.16 USD Hold'em No Limit - Level I (10/20) - 2023/12/14 22:14:22 CET [2023/12/14 16:14:22 ET]
Table '3686476766 1' 3-max Seat #1 is the button
Seat 1: Gambler SP (500 in chips) 
Seat 2: blindadaRS (500 in chips) 
Seat 3: Mahu2021 (500 in chips) 
blindadaRS: posts small blind 10
Mahu2021: posts big blind 20
*** HOLE CARDS ***
Dealt to Mahu2021 [7s Jc]
Gambler SP: folds 
blindadaRS: folds 
Uncalled bet (10) returned to Mahu2021
Mahu2021 collected 20 from pot
Mahu2021: doesn't show hand 
*** SUMMARY ***
Total pot 20 | Rake 0 
Seat 1: Gambler SP (button) folded before Flop (didn't bet)
Seat 2: blindadaRS (small blind) folded before Flop
Seat 3: Mahu2021 (big blind) collected (20)



PokerStars Hand #247661287791: Tournament #3686476766, $1.84+$0.16 USD Hold'em No Limit - Level I (10/20) - 2023/12/14 22:14:33 CET [2023/12/14 16:14:33 ET]
Table '3686476766 1' 3-max Seat #2 is the button
Seat 1: Gambler SP (500 in chips) 
Seat 2: blindadaRS (490 in chips) 
Seat 3: Mahu2021 (510 in chips) 
Mahu2021: posts small blind 10
Gambler SP: posts big blind 20
*** HOLE CARDS ***
Dealt to Mahu2021 [3d 8d]
blindadaRS: folds 
Mahu2021: folds 
Uncalled bet (10) returned to Gambler SP
Gambler SP collected 20 from pot
Gambler SP: doesn't show hand 
*** SUMMARY ***
Total pot 20 | Rake 0 
Seat 1: Gambler SP (big blind) collected (20)
Seat 2: blindadaRS (button) folded before Flop (didn't bet)
Seat 3: Mahu2021 (small blind) folded before Flop



PokerStars Hand #247661291620: Tournament #3686476766, $1.84+$0.16 USD Hold'em No Limit - Level I (10/20) - 2023/12/14 22:14:44 CET [2023/12/14 16:14:44 ET]
Table '3686476766 1' 3-max Seat #3 is the button
Seat 1: Gambler SP (510 in chips) 
Seat 2: blindadaRS (490 in chips) 
Seat 3: Mahu2021 (500 in chips) 
Gambler SP: posts small blind 10
blindadaRS: posts big blind 20
*** HOLE CARDS ***
Dealt to Mahu2021 [Qh 2c]
Mahu2021: folds 
Gambler SP: folds 
Uncalled bet (10) returned to blindadaRS
blindadaRS collected 20 from pot
*** SUMMARY ***
Total pot 20 | Rake 0 
Seat 1: Gambler SP (small blind) folded before Flop
Seat 2: blindadaRS (big blind) collected (20)
Seat 3: Mahu2021 (button) folded before Flop (didn't bet)



PokerStars Hand #247661293603: Tournament #3686476766, $1.84+$0.16 USD Hold'em No Limit - Level I (10/20) - 2023/12/14 22:14:49 CET [2023/12/14 16:14:49 ET]
Table '3686476766 1' 3-max Seat #1 is the button
Seat 1: Gambler SP (500 in chips) 
Seat 2: blindadaRS (500 in chips) 
Seat 3: Mahu2021 (500 in chips) 
blindadaRS: posts small blind 10
Mahu2021: posts big blind 20
*** HOLE CARDS ***
Dealt to Mahu2021 [6h 8h]
Gambler SP: folds 
blindadaRS: raises 20 to 40
Mahu2021: calls 20
*** FLOP *** [9c Kh Ks]
blindadaRS: checks 
Mahu2021: checks 
*** TURN *** [9c Kh Ks] [3c]
blindadaRS: checks 
Mahu2021: bets 40
blindadaRS: folds 
Uncalled bet (40) returned to Mahu2021
Mahu2021 collected 80 from pot
Mahu2021: doesn't show hand 
*** SUMMARY ***
Total pot 80 | Rake 0 
Board [9c Kh Ks 3c]
Seat 1: Gambler SP (button) folded before Flop (didn't bet)
Seat 2: blindadaRS (small blind) folded on the Turn
Seat 3: Mahu2021 (big blind) collected (80)



PokerStars Hand #247661308862: Tournament #3686476766, $1.84+$0.16 USD Hold'em No Limit - Level I (10/20) - 2023/12/14 22:15:32 CET [2023/12/14 16:15:32 ET]
Table '3686476766 1' 3-max Seat #2 is the button
Seat 1: Gambler SP (500 in chips) 
Seat 2: blindadaRS (460 in chips) 
Seat 3: Mahu2021 (540 in chips) 
Mahu2021: posts small blind 10
Gambler SP: posts big blind 20
*** HOLE CARDS ***
Dealt to Mahu2021 [5d As]
blindadaRS: folds 
Mahu2021: calls 10
Gambler SP: checks 
*** FLOP *** [3h 4s 8c]
Mahu2021: checks 
Gambler SP: checks 
*** TURN *** [3h 4s 8c] [7c]
Mahu2021: checks 
Gambler SP: checks 
*** RIVER *** [3h 4s 8c 7c] [6d]
Mahu2021: bets 40
Gambler SP: folds 
Uncalled bet (40) returned to Mahu2021
Mahu2021 collected 40 from pot
Mahu2021: doesn't show hand 
*** SUMMARY ***
Total pot 40 | Rake 0 
Board [3h 4s 8c 7c 6d]
Seat 1: Gambler SP (big blind) folded on the River
Seat 2: blindadaRS (button) folded before Flop (didn't bet)
Seat 3: Mahu2021 (small blind) collected (40)



PokerStars Hand #247661321961: Tournament #3686476766, $1.84+$0.16 USD Hold'em No Limit - Level I (10/20) - 2023/12/14 22:16:09 CET [2023/12/14 16:16:09 ET]
Table '3686476766 1' 3-max Seat #3 is the button
Seat 1: Gambler SP (480 in chips) 
Seat 2: blindadaRS (460 in chips) 
Seat 3: Mahu2021 (560 in chips) 
Gambler SP: posts small blind 10
blindadaRS: posts big blind 20
*** HOLE CARDS ***
Dealt to Mahu2021 [5h 9s]
Mahu2021: folds 
Gambler SP: calls 10
blindadaRS: checks 
*** FLOP *** [Qc 4h Kd]
Gambler SP: checks 
blindadaRS: checks 
*** TURN *** [Qc 4h Kd] [Jc]
Gambler SP: checks 
blindadaRS: checks 
*** RIVER *** [Qc 4h Kd Jc] [7d]
Gambler SP: checks 
blindadaRS: checks 
*** SHOW DOWN ***
Gambler SP: shows [Qs 7c] (two pair, Queens and Sevens)
blindadaRS: mucks hand 
Gambler SP collected 40 from pot
*** SUMMARY ***
Total pot 40 | Rake 0 
Board [Qc 4h Kd Jc 7d]
Seat 1: Gambler SP (small blind) showed [Qs 7c] and won (40) with two pair, Queens and Sevens
Seat 2: blindadaRS (big blind) mucked [2s 7s]
Seat 3: Mahu2021 (button) folded before Flop (didn't bet)



PokerStars Hand #247661330350: Tournament #3686476766, $1.84+$0.16 USD Hold'em No Limit - Level II (15/30) - 2023/12/14 22:16:32 CET [2023/12/14 16:16:32 ET]
Table '3686476766 1' 3-max Seat #1 is the button
Seat 1: Gambler SP (500 in chips) 
Seat 2: blindadaRS (440 in chips) 
Seat 3: Mahu2021 (560 in chips) 
blindadaRS: posts small blind 15
Mahu2021: posts big blind 30
*** HOLE CARDS ***
Dealt to Mahu2021 [4h 5d]
Gambler SP: folds 
blindadaRS: calls 15
Mahu2021: checks 
*** FLOP *** [9s 5c 6s]
blindadaRS: checks 
Mahu2021: bets 30
blindadaRS: folds 
Uncalled bet (30) returned to Mahu2021
Mahu2021 collected 60 from pot
Mahu2021: doesn't show hand 
*** SUMMARY ***
Total pot 60 | Rake 0 
Board [9s 5c 6s]
Seat 1: Gambler SP (button) folded before Flop (didn't bet)
Seat 2: blindadaRS (small blind) folded on the Flop
Seat 3: Mahu2021 (big blind) collected (60)



PokerStars Hand #247661334647: Tournament #3686476766, $1.84+$0.16 USD Hold'em No Limit - Level II (15/30) - 2023/12/14 22:16:44 CET [2023/12/14 16:16:44 ET]
Table '3686476766 1' 3-max Seat #2 is the button
Seat 1: Gambler SP (500 in chips) 
Seat 2: blindadaRS (410 in chips) 
Seat 3: Mahu2021 (590 in chips) 
Mahu2021: posts small blind 15
Gambler SP: posts big blind 30
*** HOLE CARDS ***
Dealt to Mahu2021 [2c 7c]
blindadaRS: folds 
Mahu2021: folds 
Uncalled bet (15) returned to Gambler SP
Gambler SP collected 30 from pot
Gambler SP: doesn't show hand 
*** SUMMARY ***
Total pot 30 | Rake 0 
Seat 1: Gambler SP (big blind) collected (30)
Seat 2: blindadaRS (button) folded before Flop (didn't bet)
Seat 3: Mahu2021 (small blind) folded before Flop



PokerStars Hand #247661336331: Tournament #3686476766, $1.84+$0.16 USD Hold'em No Limit - Level II (15/30) - 2023/12/14 22:16:49 CET [2023/12/14 16:16:49 ET]
Table '3686476766 1' 3-max Seat #3 is the button
Seat 1: Gambler SP (515 in chips) 
Seat 2: blindadaRS (410 in chips) 
Seat 3: Mahu2021 (575 in chips) 
Gambler SP: posts small blind 15
blindadaRS: posts big blind 30
*** HOLE CARDS ***
Dealt to Mahu2021 [Jd 4h]
Mahu2021: folds 
Gambler SP: calls 15
blindadaRS: checks 
*** FLOP *** [Qh 8h 3s]
Gambler SP: checks 
blindadaRS: bets 30
Gambler SP: folds 
Uncalled bet (30) returned to blindadaRS
blindadaRS collected 60 from pot
*** SUMMARY ***
Total pot 60 | Rake 0 
Board [Qh 8h 3s]
Seat 1: Gambler SP (small blind) folded on the Flop
Seat 2: blindadaRS (big blind) collected (60)
Seat 3: Mahu2021 (button) folded before Flop (didn't bet)



PokerStars Hand #247661341443: Tournament #3686476766, $1.84+$0.16 USD Hold'em No Limit - Level II (15/30) - 2023/12/14 22:17:03 CET [2023/12/14 16:17:03 ET]
Table '3686476766 1' 3-max Seat #1 is the button
Seat 1: Gambler SP (485 in chips) 
Seat 2: blindadaRS (440 in chips) 
Seat 3: Mahu2021 (575 in chips) 
blindadaRS: posts small blind 15
Mahu2021: posts big blind 30
*** HOLE CARDS ***
Dealt to Mahu2021 [Th Jd]
Gambler SP: calls 30
blindadaRS: folds 
Mahu2021: checks 
*** FLOP *** [Kh 9c 5d]
Mahu2021: checks 
Gambler SP: checks 
*** TURN *** [Kh 9c 5d] [Kd]
Mahu2021: checks 
Gambler SP: checks 
*** RIVER *** [Kh 9c 5d Kd] [Ah]
Mahu2021: checks 
Gambler SP: bets 90
Mahu2021: folds 
Uncalled bet (90) returned to Gambler SP
Gambler SP collected 75 from pot
Gambler SP: doesn't show hand 
*** SUMMARY ***
Total pot 75 | Rake 0 
Board [Kh 9c 5d Kd Ah]
Seat 1: Gambler SP (button) collected (75)
Seat 2: blindadaRS (small blind) folded before Flop
Seat 3: Mahu2021 (big blind) folded on the River



PokerStars Hand #247661347475: Tournament #3686476766, $1.84+$0.16 USD Hold'em No Limit - Level II (15/30) - 2023/12/14 22:17:20 CET [2023/12/14 16:17:20 ET]
Table '3686476766 1' 3-max Seat #2 is the button
Seat 1: Gambler SP (530 in chips) 
Seat 2: blindadaRS (425 in chips) 
Seat 3: Mahu2021 (545 in chips) 
Mahu2021: posts small blind 15
Gambler SP: posts big blind 30
*** HOLE CARDS ***
Dealt to Mahu2021 [Jh 5d]
blindadaRS: raises 30 to 60
Mahu2021: folds 
Gambler SP: calls 30
*** FLOP *** [4s Ks 8h]
Gambler SP: checks 
blindadaRS: checks 
*** TURN *** [4s Ks 8h] [7d]
Gambler SP: bets 150
blindadaRS: folds 
Uncalled bet (150) returned to Gambler SP
Gambler SP collected 135 from pot
Gambler SP: doesn't show hand 
*** SUMMARY ***
Total pot 135 | Rake 0 
Board [4s Ks 8h 7d]
Seat 1: Gambler SP (big blind) collected (135)
Seat 2: blindadaRS (button) folded on the Turn
Seat 3: Mahu2021 (small blind) folded before Flop



PokerStars Hand #247661352894: Tournament #3686476766, $1.84+$0.16 USD Hold'em No Limit - Level II (15/30) - 2023/12/14 22:17:35 CET [2023/12/14 16:17:35 ET]
Table '3686476766 1' 3-max Seat #3 is the button
Seat 1: Gambler SP (605 in chips) 
Seat 2: blindadaRS (365 in chips) 
Seat 3: Mahu2021 (530 in chips) 
Gambler SP: posts small blind 15
blindadaRS: posts big blind 30
*** HOLE CARDS ***
Dealt to Mahu2021 [As 9c]
Mahu2021: raises 30 to 60
Gambler SP: folds 
blindadaRS: calls 30
*** FLOP *** [2d 2s 4s]
blindadaRS: checks 
Mahu2021: bets 60
blindadaRS: folds 
Uncalled bet (60) returned to Mahu2021
Mahu2021 collected 135 from pot
Mahu2021: doesn't show hand 
*** SUMMARY ***
Total pot 135 | Rake 0 
Board [2d 2s 4s]
Seat 1: Gambler SP (small blind) folded before Flop
Seat 2: blindadaRS (big blind) folded on the Flop
Seat 3: Mahu2021 (button) collected (135)



PokerStars Hand #247661361805: Tournament #3686476766, $1.84+$0.16 USD Hold'em No Limit - Level II (15/30) - 2023/12/14 22:18:00 CET [2023/12/14 16:18:00 ET]
Table '3686476766 1' 3-max Seat #1 is the button
Seat 1: Gambler SP (590 in chips) 
Seat 2: blindadaRS (305 in chips) 
Seat 3: Mahu2021 (605 in chips) 
blindadaRS: posts small blind 15
Mahu2021: posts big blind 30
*** HOLE CARDS ***
Dealt to Mahu2021 [9d 8d]
Gambler SP: folds 
blindadaRS: folds 
Uncalled bet (15) returned to Mahu2021
Mahu2021 collected 30 from pot
Mahu2021: doesn't show hand 
*** SUMMARY ***
Total pot 30 | Rake 0 
Seat 1: Gambler SP (button) folded before Flop (didn't bet)
Seat 2: blindadaRS (small blind) folded before Flop
Seat 3: Mahu2021 (big blind) collected (30)



PokerStars Hand #247661364924: Tournament #3686476766, $1.84+$0.16 USD Hold'em No Limit - Level II (15/30) - 2023/12/14 22:18:09 CET [2023/12/14 16:18:09 ET]
Table '3686476766 1' 3-max Seat #2 is the button
Seat 1: Gambler SP (590 in chips) 
Seat 2: blindadaRS (290 in chips) 
Seat 3: Mahu2021 (620 in chips) 
Mahu2021: posts small blind 15
Gambler SP: posts big blind 30
*** HOLE CARDS ***
Dealt to Mahu2021 [Th 2s]
blindadaRS: folds 
Mahu2021: folds 
Uncalled bet (15) returned to Gambler SP
Gambler SP collected 30 from pot
Gambler SP: doesn't show hand 
*** SUMMARY ***
Total pot 30 | Rake 0 
Seat 1: Gambler SP (big blind) collected (30)
Seat 2: blindadaRS (button) folded before Flop (didn't bet)
Seat 3: Mahu2021 (small blind) folded before Flop



PokerStars Hand #247661366559: Tournament #3686476766, $1.84+$0.16 USD Hold'em No Limit - Level II (15/30) - 2023/12/14 22:18:14 CET [2023/12/14 16:18:14 ET]
Table '3686476766 1' 3-max Seat #3 is the button
Seat 1: Gambler SP (605 in chips) 
Seat 2: blindadaRS (290 in chips) 
Seat 3: Mahu2021 (605 in chips) 
Gambler SP: posts small blind 15
blindadaRS: posts big blind 30
*** HOLE CARDS ***
Dealt to Mahu2021 [6h 2d]
Mahu2021: folds 
Gambler SP: folds 
Uncalled bet (15) returned to blindadaRS
blindadaRS collected 30 from pot
*** SUMMARY ***
Total pot 30 | Rake 0 
Seat 1: Gambler SP (small blind) folded before Flop
Seat 2: blindadaRS (big blind) collected (30)
Seat 3: Mahu2021 (button) folded before Flop (didn't bet)



PokerStars Hand #247661368480: Tournament #3686476766, $1.84+$0.16 USD Hold'em No Limit - Level II (15/30) - 2023/12/14 22:18:19 CET [2023/12/14 16:18:19 ET]
Table '3686476766 1' 3-max Seat #1 is the button
Seat 1: Gambler SP (590 in chips) 
Seat 2: blindadaRS (305 in chips) 
Seat 3: Mahu2021 (605 in chips) 
blindadaRS: posts small blind 15
Mahu2021: posts big blind 30
*** HOLE CARDS ***
Dealt to Mahu2021 [6c Kd]
Gambler SP: folds 
blindadaRS: folds 
Uncalled bet (15) returned to Mahu2021
Mahu2021 collected 30 from pot
Mahu2021: doesn't show hand 
*** SUMMARY ***
Total pot 30 | Rake 0 
Seat 1: Gambler SP (button) folded before Flop (didn't bet)
Seat 2: blindadaRS (small blind) folded before Flop
Seat 3: Mahu2021 (big blind) collected (30)



PokerStars Hand #247661373399: Tournament #3686476766, $1.84+$0.16 USD Hold'em No Limit - Level III (20/40) - 2023/12/14 22:18:33 CET [2023/12/14 16:18:33 ET]
Table '3686476766 1' 3-max Seat #2 is the button
Seat 1: Gambler SP (590 in chips) 
Seat 2: blindadaRS (290 in chips) 
Seat 3: Mahu2021 (620 in chips) 
Mahu2021: posts small blind 20
Gambler SP: posts big blind 40
*** HOLE CARDS ***
Dealt to Mahu2021 [3h 3c]
blindadaRS: folds 
Mahu2021: raises 580 to 620 and is all-in
Gambler SP: folds 
Uncalled bet (580) returned to Mahu2021
Mahu2021 collected 80 from pot
Mahu2021: doesn't show hand 
*** SUMMARY ***
Total pot 80 | Rake 0 
Seat 1: Gambler SP (big blind) folded before Flop
Seat 2: blindadaRS (button) folded before Flop (didn't bet)
Seat 3: Mahu2021 (small blind) collected (80)



PokerStars Hand #247661376233: Tournament #3686476766, $1.84+$0.16 USD Hold'em No Limit - Level III (20/40) - 2023/12/14 22:18:40 CET [2023/12/14 16:18:40 ET]
Table '3686476766 1' 3-max Seat #3 is the button
Seat 1: Gambler SP (550 in chips) 
Seat 2: blindadaRS (290 in chips) 
Seat 3: Mahu2021 (660 in chips) 
Gambler SP: posts small blind 20
blindadaRS: posts big blind 40
*** HOLE CARDS ***
Dealt to Mahu2021 [2c 5d]
Mahu2021: folds 
Gambler SP: folds 
Uncalled bet (20) returned to blindadaRS
blindadaRS collected 40 from pot
*** SUMMARY ***
Total pot 40 | Rake 0 
Seat 1: Gambler SP (small blind) folded before Flop
Seat 2: blindadaRS (big blind) collected (40)
Seat 3: Mahu2021 (button) folded before Flop (didn't bet)



PokerStars Hand #247661378297: Tournament #3686476766, $1.84+$0.16 USD Hold'em No Limit - Level III (20/40) - 2023/12/14 22:18:46 CET [2023/12/14 16:18:46 ET]
Table '3686476766 1' 3-max Seat #1 is the button
Seat 1: Gambler SP (530 in chips) 
Seat 2: blindadaRS (310 in chips) 
Seat 3: Mahu2021 (660 in chips) 
blindadaRS: posts small blind 20
Mahu2021: posts big blind 40
*** HOLE CARDS ***
Dealt to Mahu2021 [2c 4c]
Gambler SP: raises 490 to 530 and is all-in
blindadaRS: calls 290 and is all-in
Mahu2021: folds 
Uncalled bet (220) returned to Gambler SP
*** FLOP *** [4h 6c Ks]
*** TURN *** [4h 6c Ks] [5s]
*** RIVER *** [4h 6c Ks 5s] [8s]
*** SHOW DOWN ***
blindadaRS: shows [8h 8c] (three of a kind, Eights)
Gambler SP: shows [5c Ac] (a pair of Fives)
blindadaRS collected 660 from pot
*** SUMMARY ***
Total pot 660 | Rake 0 
Board [4h 6c Ks 5s 8s]
Seat 1: Gambler SP (button) showed [5c Ac] and lost with a pair of Fives
Seat 2: blindadaRS (small blind) showed [8h 8c] and won (660) with three of a kind, Eights
Seat 3: Mahu2021 (big blind) folded before Flop



PokerStars Hand #247661384252: Tournament #3686476766, $1.84+$0.16 USD Hold'em No Limit - Level III (20/40) - 2023/12/14 22:19:03 CET [2023/12/14 16:19:03 ET]
Table '3686476766 1' 3-max Seat #2 is the button
Seat 1: Gambler SP (220 in chips) 
Seat 2: blindadaRS (660 in chips) 
Seat 3: Mahu2021 (620 in chips) 
Mahu2021: posts small blind 20
Gambler SP: posts big blind 40
*** HOLE CARDS ***
Dealt to Mahu2021 [Th 7s]
blindadaRS: folds 
Mahu2021: folds 
Uncalled bet (20) returned to Gambler SP
Gambler SP collected 40 from pot
Gambler SP: doesn't show hand 
*** SUMMARY ***
Total pot 40 | Rake 0 
Seat 1: Gambler SP (big blind) collected (40)
Seat 2: blindadaRS (button) folded before Flop (didn't bet)
Seat 3: Mahu2021 (small blind) folded before Flop



PokerStars Hand #247661386754: Tournament #3686476766, $1.84+$0.16 USD Hold'em No Limit - Level III (20/40) - 2023/12/14 22:19:10 CET [2023/12/14 16:19:10 ET]
Table '3686476766 1' 3-max Seat #3 is the button
Seat 1: Gambler SP (240 in chips) 
Seat 2: blindadaRS (660 in chips) 
Seat 3: Mahu2021 (600 in chips) 
Gambler SP: posts small blind 20
blindadaRS: posts big blind 40
*** HOLE CARDS ***
Dealt to Mahu2021 [9d Ah]
Mahu2021: raises 40 to 80
Gambler SP: raises 160 to 240 and is all-in
blindadaRS: folds 
Mahu2021: calls 160
*** FLOP *** [6s Qh 2d]
*** TURN *** [6s Qh 2d] [3c]
*** RIVER *** [6s Qh 2d 3c] [9s]
*** SHOW DOWN ***
Gambler SP: shows [As Jd] (high card Ace)
Mahu2021: shows [9d Ah] (a pair of Nines)
Mahu2021 collected 520 from pot
Gambler SP finished the tournament in 3rd place
*** SUMMARY ***
Total pot 520 | Rake 0 
Board [6s Qh 2d 3c 9s]
Seat 1: Gambler SP (small blind) showed [As Jd] and lost with high card Ace
Seat 2: blindadaRS (big blind) folded before Flop
Seat 3: Mahu2021 (button) showed [9d Ah] and won (520) with a pair of Nines



PokerStars Hand #247661393682: Tournament #3686476766, $1.84+$0.16 USD Hold'em No Limit - Level III (20/40) - 2023/12/14 22:19:29 CET [2023/12/14 16:19:29 ET]
Table '3686476766 1' 3-max Seat #2 is the button
Seat 2: blindadaRS (620 in chips) 
Seat 3: Mahu2021 (880 in chips) 
blindadaRS: posts small blind 20
Mahu2021: posts big blind 40
*** HOLE CARDS ***
Dealt to Mahu2021 [Jh 3c]
blindadaRS: folds 
Uncalled bet (20) returned to Mahu2021
Mahu2021 collected 40 from pot
Mahu2021: doesn't show hand 
*** SUMMARY ***
Total pot 40 | Rake 0 
Seat 2: blindadaRS (button) (small blind) folded before Flop
Seat 3: Mahu2021 (big blind) collected (40)



PokerStars Hand #247661395800: Tournament #3686476766, $1.84+$0.16 USD Hold'em No Limit - Level III (20/40) - 2023/12/14 22:19:35 CET [2023/12/14 16:19:35 ET]
Table '3686476766 1' 3-max Seat #3 is the button
Seat 2: blindadaRS (600 in chips) 
Seat 3: Mahu2021 (900 in chips) 
Mahu2021: posts small blind 20
blindadaRS: posts big blind 40
*** HOLE CARDS ***
Dealt to Mahu2021 [5h 9c]
Mahu2021: calls 20
blindadaRS: raises 560 to 600 and is all-in
Mahu2021: folds 
Uncalled bet (560) returned to blindadaRS
blindadaRS collected 80 from pot
*** SUMMARY ***
Total pot 80 | Rake 0 
Seat 2: blindadaRS (big blind) collected (80)
Seat 3: Mahu2021 (button) (small blind) folded before Flop



PokerStars Hand #247661400086: Tournament #3686476766, $1.84+$0.16 USD Hold'em No Limit - Level III (20/40) - 2023/12/14 22:19:47 CET [2023/12/14 16:19:47 ET]
Table '3686476766 1' 3-max Seat #2 is the button
Seat 2: blindadaRS (640 in chips) 
Seat 3: Mahu2021 (860 in chips) 
blindadaRS: posts small blind 20
Mahu2021: posts big blind 40
*** HOLE CARDS ***
Dealt to Mahu2021 [Kc Qs]
blindadaRS: folds 
Uncalled bet (20) returned to Mahu2021
Mahu2021 collected 40 from pot
Mahu2021: doesn't show hand 
*** SUMMARY ***
Total pot 40 | Rake 0 
Seat 2: blindadaRS (button) (small blind) folded before Flop
Seat 3: Mahu2021 (big blind) collected (40)



PokerStars Hand #247661402256: Tournament #3686476766, $1.84+$0.16 USD Hold'em No Limit - Level III (20/40) - 2023/12/14 22:19:53 CET [2023/12/14 16:19:53 ET]
Table '3686476766 1' 3-max Seat #3 is the button
Seat 2: blindadaRS (620 in chips) 
Seat 3: Mahu2021 (880 in chips) 
Mahu2021: posts small blind 20
blindadaRS: posts big blind 40
*** HOLE CARDS ***
Dealt to Mahu2021 [2s Kd]
Mahu2021: calls 20
blindadaRS: raises 580 to 620 and is all-in
Mahu2021: calls 580
*** FLOP *** [Jd 7c Qd]
*** TURN *** [Jd 7c Qd] [8c]
*** RIVER *** [Jd 7c Qd 8c] [Ad]
*** SHOW DOWN ***
blindadaRS: shows [4s 4d] (a pair of Fours)
Mahu2021: shows [2s Kd] (high card Ace)
blindadaRS collected 1240 from pot
*** SUMMARY ***
Total pot 1240 | Rake 0 
Board [Jd 7c Qd 8c Ad]
Seat 2: blindadaRS (big blind) showed [4s 4d] and won (1240) with a pair of Fours
Seat 3: Mahu2021 (button) (small blind) showed [2s Kd] and lost with high card Ace



PokerStars Hand #247661407163: Tournament #3686476766, $1.84+$0.16 USD Hold'em No Limit - Level III (20/40) - 2023/12/14 22:20:07 CET [2023/12/14 16:20:07 ET]
Table '3686476766 1' 3-max Seat #2 is the button
Seat 2: blindadaRS (1240 in chips) 
Seat 3: Mahu2021 (260 in chips) 
blindadaRS: posts small blind 20
Mahu2021: posts big blind 40
*** HOLE CARDS ***
Dealt to Mahu2021 [7h Ad]
blindadaRS: folds 
Uncalled bet (20) returned to Mahu2021
Mahu2021 collected 40 from pot
Mahu2021: doesn't show hand 
*** SUMMARY ***
Total pot 40 | Rake 0 
Seat 2: blindadaRS (button) (small blind) folded before Flop
Seat 3: Mahu2021 (big blind) collected (40)



