PokerStars Hand #254411516003: Tournament #3848343178, $0.46+$0.04 USD Hold'em No Limit - Level I (10/20) - 2025/01/17 9:35:38 CET [2025/01/17 3:35:38 ET]
Table '3848343178 1' 3-max Seat #1 is the button
Seat 1: lenasava2012 (500 in chips) 
Seat 2: lito mou (500 in chips) 
Seat 3: Mahu2021 (500 in chips) 
lito mou: posts small blind 10
Mahu2021: posts big blind 20
*** HOLE CARDS ***
Dealt to Mahu2021 [Jd 6d]
lenasava2012: calls 20
lito mou: raises 60 to 80
Mahu2021: folds 
lenasava2012: folds 
Uncalled bet (60) returned to lito mou
lito mou collected 60 from pot
*** SUMMARY ***
Total pot 60 | Rake 0 
Seat 1: lenasava2012 (button) folded before Flop
Seat 2: lito mou (small blind) collected (60)
Seat 3: Mahu2021 (big blind) folded before Flop



PokerStars Hand #254411517028: Tournament #3848343178, $0.46+$0.04 USD Hold'em No Limit - Level I (10/20) - 2025/01/17 9:35:50 CET [2025/01/17 3:35:50 ET]
Table '3848343178 1' 3-max Seat #2 is the button
Seat 1: lenasava2012 (480 in chips) 
Seat 2: lito mou (540 in chips) 
Seat 3: Mahu2021 (480 in chips) 
Mahu2021: posts small blind 10
lenasava2012: posts big blind 20
*** HOLE CARDS ***
Dealt to Mahu2021 [5d 8s]
lito mou: raises 40 to 60
Mahu2021: folds 
lenasava2012: folds 
Uncalled bet (40) returned to lito mou
lito mou collected 50 from pot
*** SUMMARY ***
Total pot 50 | Rake 0 
Seat 1: lenasava2012 (big blind) folded before Flop
Seat 2: lito mou (button) collected (50)
Seat 3: Mahu2021 (small blind) folded before Flop



PokerStars Hand #254411517908: Tournament #3848343178, $0.46+$0.04 USD Hold'em No Limit - Level I (10/20) - 2025/01/17 9:36:00 CET [2025/01/17 3:36:00 ET]
Table '3848343178 1' 3-max Seat #3 is the button
Seat 1: lenasava2012 (460 in chips) 
Seat 2: lito mou (570 in chips) 
Seat 3: Mahu2021 (470 in chips) 
lenasava2012: posts small blind 10
lito mou: posts big blind 20
*** HOLE CARDS ***
Dealt to Mahu2021 [7h 6s]
Mahu2021: folds 
lenasava2012: calls 10
lito mou: checks 
*** FLOP *** [Jc 9c 3h]
lenasava2012: bets 40
lito mou: calls 40
*** TURN *** [Jc 9c 3h] [Kc]
lenasava2012: bets 20
lito mou: calls 20
*** RIVER *** [Jc 9c 3h Kc] [Td]
lenasava2012: bets 20
lito mou: calls 20
*** SHOW DOWN ***
lenasava2012: shows [5h 9s] (a pair of Nines)
lito mou: mucks hand 
lenasava2012 collected 200 from pot
*** SUMMARY ***
Total pot 200 | Rake 0 
Board [Jc 9c 3h Kc Td]
Seat 1: lenasava2012 (small blind) showed [5h 9s] and won (200) with a pair of Nines
Seat 2: lito mou (big blind) mucked [4h 3c]
Seat 3: Mahu2021 (button) folded before Flop (didn't bet)



PokerStars Hand #254411519584: Tournament #3848343178, $0.46+$0.04 USD Hold'em No Limit - Level I (10/20) - 2025/01/17 9:36:20 CET [2025/01/17 3:36:20 ET]
Table '3848343178 1' 3-max Seat #1 is the button
Seat 1: lenasava2012 (560 in chips) 
Seat 2: lito mou (470 in chips) 
Seat 3: Mahu2021 (470 in chips) 
lito mou: posts small blind 10
Mahu2021: posts big blind 20
*** HOLE CARDS ***
Dealt to Mahu2021 [Jd Js]
lenasava2012: folds 
lito mou: raises 450 to 470 and is all-in
Mahu2021: calls 450 and is all-in
*** FLOP *** [Jc 9d Ad]
*** TURN *** [Jc 9d Ad] [7c]
*** RIVER *** [Jc 9d Ad 7c] [Jh]
*** SHOW DOWN ***
lito mou: shows [5h 5d] (two pair, Jacks and Fives)
Mahu2021: shows [Jd Js] (four of a kind, Jacks)
Mahu2021 collected 940 from pot
lito mou finished the tournament in 3rd place
*** SUMMARY ***
Total pot 940 | Rake 0 
Board [Jc 9d Ad 7c Jh]
Seat 1: lenasava2012 (button) folded before Flop (didn't bet)
Seat 2: lito mou (small blind) showed [5h 5d] and lost with two pair, Jacks and Fives
Seat 3: Mahu2021 (big blind) showed [Jd Js] and won (940) with four of a kind, Jacks



PokerStars Hand #254411521267: Tournament #3848343178, $0.46+$0.04 USD Hold'em No Limit - Level I (10/20) - 2025/01/17 9:36:39 CET [2025/01/17 3:36:39 ET]
Table '3848343178 1' 3-max Seat #3 is the button
Seat 1: lenasava2012 (560 in chips) 
Seat 3: Mahu2021 (940 in chips) 
Mahu2021: posts small blind 10
lenasava2012: posts big blind 20
*** HOLE CARDS ***
Dealt to Mahu2021 [2s Jd]
Mahu2021: raises 20 to 40
lenasava2012: calls 20
*** FLOP *** [Jc 6c 7c]
lenasava2012: checks 
Mahu2021: bets 80
lenasava2012: folds 
Uncalled bet (80) returned to Mahu2021
Mahu2021 collected 80 from pot
Mahu2021: doesn't show hand 
*** SUMMARY ***
Total pot 80 | Rake 0 
Board [Jc 6c 7c]
Seat 1: lenasava2012 (big blind) folded on the Flop
Seat 3: Mahu2021 (button) (small blind) collected (80)



PokerStars Hand #254411522225: Tournament #3848343178, $0.46+$0.04 USD Hold'em No Limit - Level I (10/20) - 2025/01/17 9:36:50 CET [2025/01/17 3:36:50 ET]
Table '3848343178 1' 3-max Seat #1 is the button
Seat 1: lenasava2012 (520 in chips) 
Seat 3: Mahu2021 (980 in chips) 
lenasava2012: posts small blind 10
Mahu2021: posts big blind 20
*** HOLE CARDS ***
Dealt to Mahu2021 [4h 3s]
lenasava2012: calls 10
Mahu2021: checks 
*** FLOP *** [4c Js 8h]
Mahu2021: checks 
lenasava2012: checks 
*** TURN *** [4c Js 8h] [Qd]
Mahu2021: checks 
lenasava2012: checks 
*** RIVER *** [4c Js 8h Qd] [3h]
Mahu2021: bets 40
lenasava2012: calls 40
*** SHOW DOWN ***
Mahu2021: shows [4h 3s] (two pair, Fours and Threes)
lenasava2012: mucks hand 
Mahu2021 collected 120 from pot
*** SUMMARY ***
Total pot 120 | Rake 0 
Board [4c Js 8h Qd 3h]
Seat 1: lenasava2012 (button) (small blind) mucked [5h 3d]
Seat 3: Mahu2021 (big blind) showed [4h 3s] and won (120) with two pair, Fours and Threes



PokerStars Hand #254411523428: Tournament #3848343178, $0.46+$0.04 USD Hold'em No Limit - Level I (10/20) - 2025/01/17 9:37:04 CET [2025/01/17 3:37:04 ET]
Table '3848343178 1' 3-max Seat #3 is the button
Seat 1: lenasava2012 (460 in chips) 
Seat 3: Mahu2021 (1040 in chips) 
Mahu2021: posts small blind 10
lenasava2012: posts big blind 20
*** HOLE CARDS ***
Dealt to Mahu2021 [7d Qc]
Mahu2021: raises 20 to 40
lenasava2012: raises 420 to 460 and is all-in
Mahu2021: folds 
Uncalled bet (420) returned to lenasava2012
lenasava2012 collected 80 from pot
*** SUMMARY ***
Total pot 80 | Rake 0 
Seat 1: lenasava2012 (big blind) collected (80)
Seat 3: Mahu2021 (button) (small blind) folded before Flop



PokerStars Hand #254411524293: Tournament #3848343178, $0.46+$0.04 USD Hold'em No Limit - Level I (10/20) - 2025/01/17 9:37:14 CET [2025/01/17 3:37:14 ET]
Table '3848343178 1' 3-max Seat #1 is the button
Seat 1: lenasava2012 (500 in chips) 
Seat 3: Mahu2021 (1000 in chips) 
lenasava2012: posts small blind 10
Mahu2021: posts big blind 20
*** HOLE CARDS ***
Dealt to Mahu2021 [8c 4h]
lenasava2012: calls 10
Mahu2021: checks 
*** FLOP *** [5d 7s Qh]
Mahu2021: checks 
lenasava2012: bets 20
Mahu2021: calls 20
*** TURN *** [5d 7s Qh] [4s]
Mahu2021: checks 
lenasava2012: bets 40
Mahu2021: calls 40
*** RIVER *** [5d 7s Qh 4s] [9s]
Mahu2021: checks 
lenasava2012: checks 
*** SHOW DOWN ***
Mahu2021: shows [8c 4h] (a pair of Fours)
lenasava2012: shows [5h Kd] (a pair of Fives)
lenasava2012 collected 160 from pot
*** SUMMARY ***
Total pot 160 | Rake 0 
Board [5d 7s Qh 4s 9s]
Seat 1: lenasava2012 (button) (small blind) showed [5h Kd] and won (160) with a pair of Fives
Seat 3: Mahu2021 (big blind) showed [8c 4h] and lost with a pair of Fours



PokerStars Hand #254411525565: Tournament #3848343178, $0.46+$0.04 USD Hold'em No Limit - Level I (10/20) - 2025/01/17 9:37:29 CET [2025/01/17 3:37:29 ET]
Table '3848343178 1' 3-max Seat #3 is the button
Seat 1: lenasava2012 (580 in chips) 
Seat 3: Mahu2021 (920 in chips) 
Mahu2021: posts small blind 10
lenasava2012: posts big blind 20
*** HOLE CARDS ***
Dealt to Mahu2021 [3h Ah]
Mahu2021: raises 40 to 60
lenasava2012: calls 40
*** FLOP *** [7d 2h 9s]
lenasava2012: checks 
Mahu2021: checks 
*** TURN *** [7d 2h 9s] [Ts]
lenasava2012: checks 
Mahu2021: checks 
*** RIVER *** [7d 2h 9s Ts] [5s]
lenasava2012: bets 20
Mahu2021: raises 60 to 80
lenasava2012: calls 60
*** SHOW DOWN ***
Mahu2021: shows [3h Ah] (high card Ace)
lenasava2012: shows [Kc 5c] (a pair of Fives)
lenasava2012 collected 280 from pot
*** SUMMARY ***
Total pot 280 | Rake 0 
Board [7d 2h 9s Ts 5s]
Seat 1: lenasava2012 (big blind) showed [Kc 5c] and won (280) with a pair of Fives
Seat 3: Mahu2021 (button) (small blind) showed [3h Ah] and lost with high card Ace



PokerStars Hand #254411527265: Tournament #3848343178, $0.46+$0.04 USD Hold'em No Limit - Level II (15/30) - 2025/01/17 9:37:50 CET [2025/01/17 3:37:50 ET]
Table '3848343178 1' 3-max Seat #1 is the button
Seat 1: lenasava2012 (720 in chips) 
Seat 3: Mahu2021 (780 in chips) 
lenasava2012: posts small blind 15
Mahu2021: posts big blind 30
*** HOLE CARDS ***
Dealt to Mahu2021 [Kc 7s]
lenasava2012: calls 15
Mahu2021: raises 90 to 120
lenasava2012: folds 
Uncalled bet (90) returned to Mahu2021
Mahu2021 collected 60 from pot
Mahu2021: doesn't show hand 
*** SUMMARY ***
Total pot 60 | Rake 0 
Seat 1: lenasava2012 (button) (small blind) folded before Flop
Seat 3: Mahu2021 (big blind) collected (60)



PokerStars Hand #254411527962: Tournament #3848343178, $0.46+$0.04 USD Hold'em No Limit - Level II (15/30) - 2025/01/17 9:37:57 CET [2025/01/17 3:37:57 ET]
Table '3848343178 1' 3-max Seat #3 is the button
Seat 1: lenasava2012 (690 in chips) 
Seat 3: Mahu2021 (810 in chips) 
Mahu2021: posts small blind 15
lenasava2012: posts big blind 30
*** HOLE CARDS ***
Dealt to Mahu2021 [6c Ac]
Mahu2021: raises 30 to 60
lenasava2012: calls 30
*** FLOP *** [3s Qh Ks]
lenasava2012: bets 630 and is all-in
Mahu2021: folds 
Uncalled bet (630) returned to lenasava2012
lenasava2012 collected 120 from pot
*** SUMMARY ***
Total pot 120 | Rake 0 
Board [3s Qh Ks]
Seat 1: lenasava2012 (big blind) collected (120)
Seat 3: Mahu2021 (button) (small blind) folded on the Flop



PokerStars Hand #254411528893: Tournament #3848343178, $0.46+$0.04 USD Hold'em No Limit - Level II (15/30) - 2025/01/17 9:38:09 CET [2025/01/17 3:38:09 ET]
Table '3848343178 1' 3-max Seat #1 is the button
Seat 1: lenasava2012 (750 in chips) 
Seat 3: Mahu2021 (750 in chips) 
lenasava2012: posts small blind 15
Mahu2021: posts big blind 30
*** HOLE CARDS ***
Dealt to Mahu2021 [7c As]
lenasava2012: raises 720 to 750 and is all-in
Mahu2021: calls 720 and is all-in
*** FLOP *** [5h 2h Qd]
*** TURN *** [5h 2h Qd] [3h]
*** RIVER *** [5h 2h Qd 3h] [5c]
*** SHOW DOWN ***
Mahu2021: shows [7c As] (a pair of Fives)
lenasava2012: shows [Ah Js] (a pair of Fives - Ace+Queen+Jack kicker)
lenasava2012 collected 1500 from pot
Mahu2021 finished the tournament in 2nd place
lenasava2012 wins the tournament - congratulations!
lenasava2012 wins a '$1.50 Power Path Step 2 Ticket' ticket
*** SUMMARY ***
Total pot 1500 | Rake 0 
Board [5h 2h Qd 3h 5c]
Seat 1: lenasava2012 (button) (small blind) showed [Ah Js] and won (1500) with a pair of Fives
Seat 3: Mahu2021 (big blind) showed [7c As] and lost with a pair of Fives



