PokerStars Hand #253462138556: Tournament #3824871930, $1.84+$0.16 USD Hold'em No Limit - Level I (10/20) - 2024/11/18 17:16:38 CET [2024/11/18 11:16:38 ET]
Table '3824871930 1' 3-max Seat #1 is the button
Seat 1: Mahu2021 (500 in chips) 
Seat 2: ricrockacdc (500 in chips) 
Seat 3: morgenfeder (500 in chips) 
ricrockacdc: posts small blind 10
morgenfeder: posts big blind 20
*** HOLE CARDS ***
Dealt to Mahu2021 [Kc 4d]
Mahu2021: folds 
ricrockacdc: raises 20 to 40
morgenfeder: folds 
Uncalled bet (20) returned to ricrockacdc
ricrockacdc collected 40 from pot
ricrockacdc: doesn't show hand 
*** SUMMARY ***
Total pot 40 | Rake 0 
Seat 1: Mahu2021 (button) folded before Flop (didn't bet)
Seat 2: ricrockacdc (small blind) collected (40)
Seat 3: morgenfeder (big blind) folded before Flop



PokerStars Hand #253462140513: Tournament #3824871930, $1.84+$0.16 USD Hold'em No Limit - Level I (10/20) - 2024/11/18 17:16:48 CET [2024/11/18 11:16:48 ET]
Table '3824871930 1' 3-max Seat #2 is the button
Seat 1: Mahu2021 (500 in chips) 
Seat 2: ricrockacdc (520 in chips) 
Seat 3: morgenfeder (480 in chips) 
morgenfeder: posts small blind 10
Mahu2021: posts big blind 20
*** HOLE CARDS ***
Dealt to Mahu2021 [Jh Tc]
ricrockacdc: folds 
morgenfeder: folds 
Uncalled bet (10) returned to Mahu2021
Mahu2021 collected 20 from pot
Mahu2021: doesn't show hand 
*** SUMMARY ***
Total pot 20 | Rake 0 
Seat 1: Mahu2021 (big blind) collected (20)
Seat 2: ricrockacdc (button) folded before Flop (didn't bet)
Seat 3: morgenfeder (small blind) folded before Flop



PokerStars Hand #253462141790: Tournament #3824871930, $1.84+$0.16 USD Hold'em No Limit - Level I (10/20) - 2024/11/18 17:16:54 CET [2024/11/18 11:16:54 ET]
Table '3824871930 1' 3-max Seat #3 is the button
Seat 1: Mahu2021 (510 in chips) 
Seat 2: ricrockacdc (520 in chips) 
Seat 3: morgenfeder (470 in chips) 
Mahu2021: posts small blind 10
ricrockacdc: posts big blind 20
*** HOLE CARDS ***
Dealt to Mahu2021 [Th 4s]
morgenfeder: raises 20 to 40
Mahu2021: folds 
ricrockacdc: calls 20
*** FLOP *** [Qd 2h Jc]
ricrockacdc: checks 
morgenfeder: bets 40
ricrockacdc: folds 
Uncalled bet (40) returned to morgenfeder
morgenfeder collected 90 from pot
morgenfeder: doesn't show hand 
*** SUMMARY ***
Total pot 90 | Rake 0 
Board [Qd 2h Jc]
Seat 1: Mahu2021 (small blind) folded before Flop
Seat 2: ricrockacdc (big blind) folded on the Flop
Seat 3: morgenfeder (button) collected (90)



PokerStars Hand #253462146260: Tournament #3824871930, $1.84+$0.16 USD Hold'em No Limit - Level I (10/20) - 2024/11/18 17:17:15 CET [2024/11/18 11:17:15 ET]
Table '3824871930 1' 3-max Seat #1 is the button
Seat 1: Mahu2021 (500 in chips) 
Seat 2: ricrockacdc (480 in chips) 
Seat 3: morgenfeder (520 in chips) 
ricrockacdc: posts small blind 10
morgenfeder: posts big blind 20
*** HOLE CARDS ***
Dealt to Mahu2021 [Jh Ts]
Mahu2021: raises 20 to 40
ricrockacdc: calls 30
morgenfeder: calls 20
*** FLOP *** [9s Js Qc]
ricrockacdc: checks 
morgenfeder: checks 
Mahu2021: bets 120
ricrockacdc: folds 
morgenfeder: raises 360 to 480 and is all-in
Mahu2021: calls 340 and is all-in
Uncalled bet (20) returned to morgenfeder
*** TURN *** [9s Js Qc] [3h]
*** RIVER *** [9s Js Qc 3h] [Qs]
*** SHOW DOWN ***
morgenfeder: shows [Th Ks] (a straight, Nine to King)
Mahu2021: shows [Jh Ts] (two pair, Queens and Jacks)
morgenfeder collected 1040 from pot
Mahu2021 finished the tournament in 3rd place
*** SUMMARY ***
Total pot 1040 | Rake 0 
Board [9s Js Qc 3h Qs]
Seat 1: Mahu2021 (button) showed [Jh Ts] and lost with two pair, Queens and Jacks
Seat 2: ricrockacdc (small blind) folded on the Flop
Seat 3: morgenfeder (big blind) showed [Th Ks] and won (1040) with a straight, Nine to King



