PokerStars Hand #249085538767: Tournament #3721047733, $4.60+$0.40 USD Hold'em No Limit - Level I (10/20) - 2024/02/25 16:32:09 CET [2024/02/25 10:32:09 ET]
Table '3721047733 1' 3-max Seat #1 is the button
Seat 1: Mahu2021 (500 in chips) 
Seat 2: hgwch (500 in chips) 
Seat 3: csida007 (500 in chips) 
hgwch: posts small blind 10
csida007: posts big blind 20
*** HOLE CARDS ***
Dealt to Mahu2021 [Jh Kd]
Mahu2021: folds 
hgwch: calls 10
csida007: checks 
*** FLOP *** [5s 8s Qc]
hgwch: bets 20
csida007: folds 
Uncalled bet (20) returned to hgwch
hgwch collected 40 from pot
hgwch: doesn't show hand 
*** SUMMARY ***
Total pot 40 | Rake 0 
Board [5s 8s Qc]
Seat 1: Mahu2021 (button) folded before Flop (didn't bet)
Seat 2: hgwch (small blind) collected (40)
Seat 3: csida007 (big blind) folded on the Flop



PokerStars Hand #249085544106: Tournament #3721047733, $4.60+$0.40 USD Hold'em No Limit - Level I (10/20) - 2024/02/25 16:32:27 CET [2024/02/25 10:32:27 ET]
Table '3721047733 1' 3-max Seat #2 is the button
Seat 1: Mahu2021 (500 in chips) 
Seat 2: hgwch (520 in chips) 
Seat 3: csida007 (480 in chips) 
csida007: posts small blind 10
Mahu2021: posts big blind 20
*** HOLE CARDS ***
Dealt to Mahu2021 [Th 6s]
hgwch: folds 
csida007: raises 20 to 40
Mahu2021: folds 
Uncalled bet (20) returned to csida007
csida007 collected 40 from pot
csida007: doesn't show hand 
*** SUMMARY ***
Total pot 40 | Rake 0 
Seat 1: Mahu2021 (big blind) folded before Flop
Seat 2: hgwch (button) folded before Flop (didn't bet)
Seat 3: csida007 (small blind) collected (40)



PokerStars Hand #249085547109: Tournament #3721047733, $4.60+$0.40 USD Hold'em No Limit - Level I (10/20) - 2024/02/25 16:32:37 CET [2024/02/25 10:32:37 ET]
Table '3721047733 1' 3-max Seat #3 is the button
Seat 1: Mahu2021 (480 in chips) 
Seat 2: hgwch (520 in chips) 
Seat 3: csida007 (500 in chips) 
Mahu2021: posts small blind 10
hgwch: posts big blind 20
*** HOLE CARDS ***
Dealt to Mahu2021 [8s 2c]
csida007: calls 20
Mahu2021: folds 
hgwch: checks 
*** FLOP *** [4c 9h Qh]
hgwch: checks 
csida007: checks 
*** TURN *** [4c 9h Qh] [Tc]
hgwch: bets 20
csida007: folds 
Uncalled bet (20) returned to hgwch
hgwch collected 50 from pot
hgwch: doesn't show hand 
*** SUMMARY ***
Total pot 50 | Rake 0 
Board [4c 9h Qh Tc]
Seat 1: Mahu2021 (small blind) folded before Flop
Seat 2: hgwch (big blind) collected (50)
Seat 3: csida007 (button) folded on the Turn



PokerStars Hand #249085552444: Tournament #3721047733, $4.60+$0.40 USD Hold'em No Limit - Level I (10/20) - 2024/02/25 16:32:55 CET [2024/02/25 10:32:55 ET]
Table '3721047733 1' 3-max Seat #1 is the button
Seat 1: Mahu2021 (470 in chips) 
Seat 2: hgwch (550 in chips) 
Seat 3: csida007 (480 in chips) 
hgwch: posts small blind 10
csida007: posts big blind 20
*** HOLE CARDS ***
Dealt to Mahu2021 [8d 6c]
Mahu2021: folds 
hgwch: calls 10
csida007: checks 
*** FLOP *** [Kd As Ks]
hgwch: checks 
csida007: checks 
*** TURN *** [Kd As Ks] [4d]
hgwch: bets 20
csida007: folds 
Uncalled bet (20) returned to hgwch
hgwch collected 40 from pot
hgwch: doesn't show hand 
*** SUMMARY ***
Total pot 40 | Rake 0 
Board [Kd As Ks 4d]
Seat 1: Mahu2021 (button) folded before Flop (didn't bet)
Seat 2: hgwch (small blind) collected (40)
Seat 3: csida007 (big blind) folded on the Turn



PokerStars Hand #249085558924: Tournament #3721047733, $4.60+$0.40 USD Hold'em No Limit - Level I (10/20) - 2024/02/25 16:33:16 CET [2024/02/25 10:33:16 ET]
Table '3721047733 1' 3-max Seat #2 is the button
Seat 1: Mahu2021 (470 in chips) 
Seat 2: hgwch (570 in chips) 
Seat 3: csida007 (460 in chips) 
csida007: posts small blind 10
Mahu2021: posts big blind 20
*** HOLE CARDS ***
Dealt to Mahu2021 [Ks 8h]
hgwch: folds 
csida007: folds 
Uncalled bet (10) returned to Mahu2021
Mahu2021 collected 20 from pot
Mahu2021: doesn't show hand 
*** SUMMARY ***
Total pot 20 | Rake 0 
Seat 1: Mahu2021 (big blind) collected (20)
Seat 2: hgwch (button) folded before Flop (didn't bet)
Seat 3: csida007 (small blind) folded before Flop



PokerStars Hand #249085560551: Tournament #3721047733, $4.60+$0.40 USD Hold'em No Limit - Level I (10/20) - 2024/02/25 16:33:22 CET [2024/02/25 10:33:22 ET]
Table '3721047733 1' 3-max Seat #3 is the button
Seat 1: Mahu2021 (480 in chips) 
Seat 2: hgwch (570 in chips) 
Seat 3: csida007 (450 in chips) 
Mahu2021: posts small blind 10
hgwch: posts big blind 20
*** HOLE CARDS ***
Dealt to Mahu2021 [As Td]
csida007: raises 20 to 40
Mahu2021: calls 30
hgwch: raises 530 to 570 and is all-in
csida007: folds 
Mahu2021: folds 
Uncalled bet (530) returned to hgwch
hgwch collected 120 from pot
hgwch: doesn't show hand 
*** SUMMARY ***
Total pot 120 | Rake 0 
Seat 1: Mahu2021 (small blind) folded before Flop
Seat 2: hgwch (big blind) collected (120)
Seat 3: csida007 (button) folded before Flop



PokerStars Hand #249085565882: Tournament #3721047733, $4.60+$0.40 USD Hold'em No Limit - Level I (10/20) - 2024/02/25 16:33:40 CET [2024/02/25 10:33:40 ET]
Table '3721047733 1' 3-max Seat #1 is the button
Seat 1: Mahu2021 (440 in chips) 
Seat 2: hgwch (650 in chips) 
Seat 3: csida007 (410 in chips) 
hgwch: posts small blind 10
csida007: posts big blind 20
*** HOLE CARDS ***
Dealt to Mahu2021 [Qc 2h]
Mahu2021: folds 
hgwch: calls 10
csida007: checks 
*** FLOP *** [Qs 2s 5c]
hgwch: bets 20
csida007: raises 20 to 40
hgwch: calls 20
*** TURN *** [Qs 2s 5c] [6s]
hgwch: checks 
csida007: bets 60
hgwch: folds 
Uncalled bet (60) returned to csida007
csida007 collected 120 from pot
csida007: doesn't show hand 
*** SUMMARY ***
Total pot 120 | Rake 0 
Board [Qs 2s 5c 6s]
Seat 1: Mahu2021 (button) folded before Flop (didn't bet)
Seat 2: hgwch (small blind) folded on the Turn
Seat 3: csida007 (big blind) collected (120)



PokerStars Hand #249085573246: Tournament #3721047733, $4.60+$0.40 USD Hold'em No Limit - Level I (10/20) - 2024/02/25 16:34:05 CET [2024/02/25 10:34:05 ET]
Table '3721047733 1' 3-max Seat #2 is the button
Seat 1: Mahu2021 (440 in chips) 
Seat 2: hgwch (590 in chips) 
Seat 3: csida007 (470 in chips) 
csida007: posts small blind 10
Mahu2021: posts big blind 20
*** HOLE CARDS ***
Dealt to Mahu2021 [4c Qd]
hgwch: raises 20 to 40
csida007: calls 30
Mahu2021: folds 
*** FLOP *** [Js 5s Qh]
csida007: checks 
hgwch: bets 20
csida007: calls 20
*** TURN *** [Js 5s Qh] [7h]
csida007: checks 
hgwch: bets 70
csida007: calls 70
*** RIVER *** [Js 5s Qh 7h] [5h]
csida007: checks 
hgwch: checks 
*** SHOW DOWN ***
csida007: shows [9s As] (a pair of Fives)
hgwch: shows [Jc Ah] (two pair, Jacks and Fives)
hgwch collected 280 from pot
*** SUMMARY ***
Total pot 280 | Rake 0 
Board [Js 5s Qh 7h 5h]
Seat 1: Mahu2021 (big blind) folded before Flop
Seat 2: hgwch (button) showed [Jc Ah] and won (280) with two pair, Jacks and Fives
Seat 3: csida007 (small blind) showed [9s As] and lost with a pair of Fives



PokerStars Hand #249085583179: Tournament #3721047733, $4.60+$0.40 USD Hold'em No Limit - Level II (15/30) - 2024/02/25 16:34:38 CET [2024/02/25 10:34:38 ET]
Table '3721047733 1' 3-max Seat #3 is the button
Seat 1: Mahu2021 (420 in chips) 
Seat 2: hgwch (740 in chips) 
Seat 3: csida007 (340 in chips) 
Mahu2021: posts small blind 15
hgwch: posts big blind 30
*** HOLE CARDS ***
Dealt to Mahu2021 [5c Jc]
csida007: folds 
Mahu2021: raises 30 to 60
hgwch: folds 
Uncalled bet (30) returned to Mahu2021
Mahu2021 collected 60 from pot
Mahu2021: doesn't show hand 
*** SUMMARY ***
Total pot 60 | Rake 0 
Seat 1: Mahu2021 (small blind) collected (60)
Seat 2: hgwch (big blind) folded before Flop
Seat 3: csida007 (button) folded before Flop (didn't bet)



PokerStars Hand #249085585903: Tournament #3721047733, $4.60+$0.40 USD Hold'em No Limit - Level II (15/30) - 2024/02/25 16:34:47 CET [2024/02/25 10:34:47 ET]
Table '3721047733 1' 3-max Seat #1 is the button
Seat 1: Mahu2021 (450 in chips) 
Seat 2: hgwch (710 in chips) 
Seat 3: csida007 (340 in chips) 
hgwch: posts small blind 15
csida007: posts big blind 30
*** HOLE CARDS ***
Dealt to Mahu2021 [2d Jd]
Mahu2021: folds 
hgwch: calls 15
csida007: raises 30 to 60
hgwch: calls 30
*** FLOP *** [Kd Ac 8c]
hgwch: checks 
csida007: bets 90
hgwch: folds 
Uncalled bet (90) returned to csida007
csida007 collected 120 from pot
csida007: doesn't show hand 
*** SUMMARY ***
Total pot 120 | Rake 0 
Board [Kd Ac 8c]
Seat 1: Mahu2021 (button) folded before Flop (didn't bet)
Seat 2: hgwch (small blind) folded on the Flop
Seat 3: csida007 (big blind) collected (120)



PokerStars Hand #249085593176: Tournament #3721047733, $4.60+$0.40 USD Hold'em No Limit - Level II (15/30) - 2024/02/25 16:35:11 CET [2024/02/25 10:35:11 ET]
Table '3721047733 1' 3-max Seat #2 is the button
Seat 1: Mahu2021 (450 in chips) 
Seat 2: hgwch (650 in chips) 
Seat 3: csida007 (400 in chips) 
csida007: posts small blind 15
Mahu2021: posts big blind 30
*** HOLE CARDS ***
Dealt to Mahu2021 [Ah 7d]
hgwch: folds 
csida007: folds 
Uncalled bet (15) returned to Mahu2021
Mahu2021 collected 30 from pot
Mahu2021: doesn't show hand 
*** SUMMARY ***
Total pot 30 | Rake 0 
Seat 1: Mahu2021 (big blind) collected (30)
Seat 2: hgwch (button) folded before Flop (didn't bet)
Seat 3: csida007 (small blind) folded before Flop



PokerStars Hand #249085595378: Tournament #3721047733, $4.60+$0.40 USD Hold'em No Limit - Level II (15/30) - 2024/02/25 16:35:19 CET [2024/02/25 10:35:19 ET]
Table '3721047733 1' 3-max Seat #3 is the button
Seat 1: Mahu2021 (465 in chips) 
Seat 2: hgwch (650 in chips) 
Seat 3: csida007 (385 in chips) 
Mahu2021: posts small blind 15
hgwch: posts big blind 30
*** HOLE CARDS ***
Dealt to Mahu2021 [Ts Jd]
csida007: folds 
Mahu2021: raises 60 to 90
hgwch: raises 560 to 650 and is all-in
Mahu2021: folds 
Uncalled bet (560) returned to hgwch
hgwch collected 180 from pot
hgwch: doesn't show hand 
*** SUMMARY ***
Total pot 180 | Rake 0 
Seat 1: Mahu2021 (small blind) folded before Flop
Seat 2: hgwch (big blind) collected (180)
Seat 3: csida007 (button) folded before Flop (didn't bet)



PokerStars Hand #249085601709: Tournament #3721047733, $4.60+$0.40 USD Hold'em No Limit - Level II (15/30) - 2024/02/25 16:35:40 CET [2024/02/25 10:35:40 ET]
Table '3721047733 1' 3-max Seat #1 is the button
Seat 1: Mahu2021 (375 in chips) 
Seat 2: hgwch (740 in chips) 
Seat 3: csida007 (385 in chips) 
hgwch: posts small blind 15
csida007: posts big blind 30
*** HOLE CARDS ***
Dealt to Mahu2021 [Ks Jd]
Mahu2021: calls 30
hgwch: calls 15
csida007: checks 
*** FLOP *** [2c Td Kc]
hgwch: checks 
csida007: checks 
Mahu2021: bets 30
hgwch: folds 
csida007: folds 
Uncalled bet (30) returned to Mahu2021
Mahu2021 collected 90 from pot
Mahu2021: doesn't show hand 
*** SUMMARY ***
Total pot 90 | Rake 0 
Board [2c Td Kc]
Seat 1: Mahu2021 (button) collected (90)
Seat 2: hgwch (small blind) folded on the Flop
Seat 3: csida007 (big blind) folded on the Flop



PokerStars Hand #249085607013: Tournament #3721047733, $4.60+$0.40 USD Hold'em No Limit - Level II (15/30) - 2024/02/25 16:35:58 CET [2024/02/25 10:35:58 ET]
Table '3721047733 1' 3-max Seat #2 is the button
Seat 1: Mahu2021 (435 in chips) 
Seat 2: hgwch (710 in chips) 
Seat 3: csida007 (355 in chips) 
csida007: posts small blind 15
Mahu2021: posts big blind 30
*** HOLE CARDS ***
Dealt to Mahu2021 [Kc 7d]
hgwch: calls 30
csida007: folds 
Mahu2021: raises 405 to 435 and is all-in
hgwch: folds 
Uncalled bet (405) returned to Mahu2021
Mahu2021 collected 75 from pot
Mahu2021: doesn't show hand 
*** SUMMARY ***
Total pot 75 | Rake 0 
Seat 1: Mahu2021 (big blind) collected (75)
Seat 2: hgwch (button) folded before Flop
Seat 3: csida007 (small blind) folded before Flop



PokerStars Hand #249085611911: Tournament #3721047733, $4.60+$0.40 USD Hold'em No Limit - Level III (20/40) - 2024/02/25 16:36:14 CET [2024/02/25 10:36:14 ET]
Table '3721047733 1' 3-max Seat #3 is the button
Seat 1: Mahu2021 (480 in chips) 
Seat 2: hgwch (680 in chips) 
Seat 3: csida007 (340 in chips) 
Mahu2021: posts small blind 20
hgwch: posts big blind 40
*** HOLE CARDS ***
Dealt to Mahu2021 [3c 7c]
csida007: folds 
Mahu2021: folds 
Uncalled bet (20) returned to hgwch
hgwch collected 40 from pot
hgwch: doesn't show hand 
*** SUMMARY ***
Total pot 40 | Rake 0 
Seat 1: Mahu2021 (small blind) folded before Flop
Seat 2: hgwch (big blind) collected (40)
Seat 3: csida007 (button) folded before Flop (didn't bet)



PokerStars Hand #249085614517: Tournament #3721047733, $4.60+$0.40 USD Hold'em No Limit - Level III (20/40) - 2024/02/25 16:36:23 CET [2024/02/25 10:36:23 ET]
Table '3721047733 1' 3-max Seat #1 is the button
Seat 1: Mahu2021 (460 in chips) 
Seat 2: hgwch (700 in chips) 
Seat 3: csida007 (340 in chips) 
hgwch: posts small blind 20
csida007: posts big blind 40
*** HOLE CARDS ***
Dealt to Mahu2021 [7d 5s]
Mahu2021: folds 
hgwch: calls 20
csida007: checks 
*** FLOP *** [Qh 4h Th]
hgwch: checks 
csida007: checks 
*** TURN *** [Qh 4h Th] [4s]
hgwch: checks 
csida007: bets 40
hgwch: folds 
Uncalled bet (40) returned to csida007
csida007 collected 80 from pot
csida007: doesn't show hand 
*** SUMMARY ***
Total pot 80 | Rake 0 
Board [Qh 4h Th 4s]
Seat 1: Mahu2021 (button) folded before Flop (didn't bet)
Seat 2: hgwch (small blind) folded on the Turn
Seat 3: csida007 (big blind) collected (80)



PokerStars Hand #249085619842: Tournament #3721047733, $4.60+$0.40 USD Hold'em No Limit - Level III (20/40) - 2024/02/25 16:36:41 CET [2024/02/25 10:36:41 ET]
Table '3721047733 1' 3-max Seat #2 is the button
Seat 1: Mahu2021 (460 in chips) 
Seat 2: hgwch (660 in chips) 
Seat 3: csida007 (380 in chips) 
csida007: posts small blind 20
Mahu2021: posts big blind 40
*** HOLE CARDS ***
Dealt to Mahu2021 [Ah 4c]
hgwch: calls 40
csida007: calls 20
Mahu2021: checks 
*** FLOP *** [Jd 6c 3h]
csida007: checks 
Mahu2021: checks 
hgwch: bets 60
csida007: folds 
Mahu2021: folds 
Uncalled bet (60) returned to hgwch
hgwch collected 120 from pot
hgwch: doesn't show hand 
*** SUMMARY ***
Total pot 120 | Rake 0 
Board [Jd 6c 3h]
Seat 1: Mahu2021 (big blind) folded on the Flop
Seat 2: hgwch (button) collected (120)
Seat 3: csida007 (small blind) folded on the Flop



PokerStars Hand #249085625166: Tournament #3721047733, $4.60+$0.40 USD Hold'em No Limit - Level III (20/40) - 2024/02/25 16:36:59 CET [2024/02/25 10:36:59 ET]
Table '3721047733 1' 3-max Seat #3 is the button
Seat 1: Mahu2021 (420 in chips) 
Seat 2: hgwch (740 in chips) 
Seat 3: csida007 (340 in chips) 
Mahu2021: posts small blind 20
hgwch: posts big blind 40
*** HOLE CARDS ***
Dealt to Mahu2021 [3d 3s]
csida007: folds 
Mahu2021: raises 380 to 420 and is all-in
hgwch: folds 
Uncalled bet (380) returned to Mahu2021
Mahu2021 collected 80 from pot
Mahu2021: doesn't show hand 
*** SUMMARY ***
Total pot 80 | Rake 0 
Seat 1: Mahu2021 (small blind) collected (80)
Seat 2: hgwch (big blind) folded before Flop
Seat 3: csida007 (button) folded before Flop (didn't bet)



PokerStars Hand #249085627634: Tournament #3721047733, $4.60+$0.40 USD Hold'em No Limit - Level III (20/40) - 2024/02/25 16:37:07 CET [2024/02/25 10:37:07 ET]
Table '3721047733 1' 3-max Seat #1 is the button
Seat 1: Mahu2021 (460 in chips) 
Seat 2: hgwch (700 in chips) 
Seat 3: csida007 (340 in chips) 
hgwch: posts small blind 20
csida007: posts big blind 40
*** HOLE CARDS ***
Dealt to Mahu2021 [9s Js]
Mahu2021: calls 40
hgwch: calls 20
csida007: checks 
*** FLOP *** [4d Ts 7h]
hgwch: checks 
csida007: checks 
Mahu2021: bets 40
hgwch: folds 
csida007: raises 80 to 120
Mahu2021: folds 
Uncalled bet (80) returned to csida007
csida007 collected 200 from pot
csida007: doesn't show hand 
*** SUMMARY ***
Total pot 200 | Rake 0 
Board [4d Ts 7h]
Seat 1: Mahu2021 (button) folded on the Flop
Seat 2: hgwch (small blind) folded on the Flop
Seat 3: csida007 (big blind) collected (200)



PokerStars Hand #249085636364: Tournament #3721047733, $4.60+$0.40 USD Hold'em No Limit - Level III (20/40) - 2024/02/25 16:37:37 CET [2024/02/25 10:37:37 ET]
Table '3721047733 1' 3-max Seat #2 is the button
Seat 1: Mahu2021 (380 in chips) 
Seat 2: hgwch (660 in chips) 
Seat 3: csida007 (460 in chips) 
csida007: posts small blind 20
Mahu2021: posts big blind 40
*** HOLE CARDS ***
Dealt to Mahu2021 [Td Kc]
hgwch: folds 
csida007: folds 
Uncalled bet (20) returned to Mahu2021
Mahu2021 collected 40 from pot
Mahu2021: doesn't show hand 
*** SUMMARY ***
Total pot 40 | Rake 0 
Seat 1: Mahu2021 (big blind) collected (40)
Seat 2: hgwch (button) folded before Flop (didn't bet)
Seat 3: csida007 (small blind) folded before Flop



PokerStars Hand #249085638319: Tournament #3721047733, $4.60+$0.40 USD Hold'em No Limit - Level III (20/40) - 2024/02/25 16:37:43 CET [2024/02/25 10:37:43 ET]
Table '3721047733 1' 3-max Seat #3 is the button
Seat 1: Mahu2021 (400 in chips) 
Seat 2: hgwch (660 in chips) 
Seat 3: csida007 (440 in chips) 
Mahu2021: posts small blind 20
hgwch: posts big blind 40
*** HOLE CARDS ***
Dealt to Mahu2021 [9d Jc]
csida007: folds 
Mahu2021: calls 20
hgwch: checks 
*** FLOP *** [6h Jd 7c]
Mahu2021: bets 40
hgwch: folds 
Uncalled bet (40) returned to Mahu2021
Mahu2021 collected 80 from pot
Mahu2021: doesn't show hand 
*** SUMMARY ***
Total pot 80 | Rake 0 
Board [6h Jd 7c]
Seat 1: Mahu2021 (small blind) collected (80)
Seat 2: hgwch (big blind) folded on the Flop
Seat 3: csida007 (button) folded before Flop (didn't bet)



PokerStars Hand #249085642336: Tournament #3721047733, $4.60+$0.40 USD Hold'em No Limit - Level III (20/40) - 2024/02/25 16:37:57 CET [2024/02/25 10:37:57 ET]
Table '3721047733 1' 3-max Seat #1 is the button
Seat 1: Mahu2021 (440 in chips) 
Seat 2: hgwch (620 in chips) 
Seat 3: csida007 (440 in chips) 
hgwch: posts small blind 20
csida007: posts big blind 40
*** HOLE CARDS ***
Dealt to Mahu2021 [7s Tc]
Mahu2021: folds 
hgwch: calls 20
csida007: checks 
*** FLOP *** [Td Qd Ac]
hgwch: checks 
csida007: checks 
*** TURN *** [Td Qd Ac] [9c]
hgwch: bets 40
csida007: calls 40
*** RIVER *** [Td Qd Ac 9c] [8s]
hgwch: bets 80
csida007: raises 80 to 160
hgwch: folds 
Uncalled bet (80) returned to csida007
csida007 collected 320 from pot
csida007: doesn't show hand 
*** SUMMARY ***
Total pot 320 | Rake 0 
Board [Td Qd Ac 9c 8s]
Seat 1: Mahu2021 (button) folded before Flop (didn't bet)
Seat 2: hgwch (small blind) folded on the River
Seat 3: csida007 (big blind) collected (320)



PokerStars Hand #249085652752: Tournament #3721047733, $4.60+$0.40 USD Hold'em No Limit - Level IV (30/60) - 2024/02/25 16:38:31 CET [2024/02/25 10:38:31 ET]
Table '3721047733 1' 3-max Seat #2 is the button
Seat 1: Mahu2021 (440 in chips) 
Seat 2: hgwch (460 in chips) 
Seat 3: csida007 (600 in chips) 
csida007: posts small blind 30
Mahu2021: posts big blind 60
*** HOLE CARDS ***
Dealt to Mahu2021 [5d 8h]
hgwch: folds 
csida007: calls 30
Mahu2021: checks 
*** FLOP *** [Qd 9d Jh]
csida007: bets 60
Mahu2021: folds 
Uncalled bet (60) returned to csida007
csida007 collected 120 from pot
csida007: doesn't show hand 
*** SUMMARY ***
Total pot 120 | Rake 0 
Board [Qd 9d Jh]
Seat 1: Mahu2021 (big blind) folded on the Flop
Seat 2: hgwch (button) folded before Flop (didn't bet)
Seat 3: csida007 (small blind) collected (120)



PokerStars Hand #249085661131: Tournament #3721047733, $4.60+$0.40 USD Hold'em No Limit - Level IV (30/60) - 2024/02/25 16:38:59 CET [2024/02/25 10:38:59 ET]
Table '3721047733 1' 3-max Seat #3 is the button
Seat 1: Mahu2021 (380 in chips) 
Seat 2: hgwch (460 in chips) 
Seat 3: csida007 (660 in chips) 
Mahu2021: posts small blind 30
hgwch: posts big blind 60
*** HOLE CARDS ***
Dealt to Mahu2021 [Qs 3d]
csida007: folds 
Mahu2021: folds 
Uncalled bet (30) returned to hgwch
hgwch collected 60 from pot
hgwch: doesn't show hand 
*** SUMMARY ***
Total pot 60 | Rake 0 
Seat 1: Mahu2021 (small blind) folded before Flop
Seat 2: hgwch (big blind) collected (60)
Seat 3: csida007 (button) folded before Flop (didn't bet)



PokerStars Hand #249085664580: Tournament #3721047733, $4.60+$0.40 USD Hold'em No Limit - Level IV (30/60) - 2024/02/25 16:39:11 CET [2024/02/25 10:39:11 ET]
Table '3721047733 1' 3-max Seat #1 is the button
Seat 1: Mahu2021 (350 in chips) 
Seat 2: hgwch (490 in chips) 
Seat 3: csida007 (660 in chips) 
hgwch: posts small blind 30
csida007: posts big blind 60
*** HOLE CARDS ***
Dealt to Mahu2021 [Ac Jd]
Mahu2021: raises 290 to 350 and is all-in
hgwch: folds 
csida007: calls 290
*** FLOP *** [4s Kd 3s]
*** TURN *** [4s Kd 3s] [7h]
*** RIVER *** [4s Kd 3s 7h] [7d]
*** SHOW DOWN ***
csida007: shows [As 7c] (three of a kind, Sevens)
Mahu2021: shows [Ac Jd] (a pair of Sevens)
csida007 collected 730 from pot
Mahu2021 finished the tournament in 3rd place
*** SUMMARY ***
Total pot 730 | Rake 0 
Board [4s Kd 3s 7h 7d]
Seat 1: Mahu2021 (button) showed [Ac Jd] and lost with a pair of Sevens
Seat 2: hgwch (small blind) folded before Flop
Seat 3: csida007 (big blind) showed [As 7c] and won (730) with three of a kind, Sevens



