PokerStars Hand #250789072215: Tournament #3760978766, $1.84+$0.16 USD Hold'em No Limit - Level I (10/20) - 2024/05/31 22:07:43 CET [2024/05/31 16:07:43 ET]
Table '3760978766 1' 3-max Seat #1 is the button
Seat 1: Mahu2021 (500 in chips) 
Seat 2: exp-tomas (500 in chips) 
Seat 3: ivobankov (500 in chips) 
exp-tomas: posts small blind 10
ivobankov: posts big blind 20
*** HOLE CARDS ***
Dealt to Mahu2021 [3d Ks]
Mahu2021: folds 
exp-tomas: folds 
Uncalled bet (10) returned to ivobankov
ivobankov collected 20 from pot
*** SUMMARY ***
Total pot 20 | Rake 0 
Seat 1: Mahu2021 (button) folded before Flop (didn't bet)
Seat 2: exp-tomas (small blind) folded before Flop
Seat 3: ivobankov (big blind) collected (20)



PokerStars Hand #250789074160: Tournament #3760978766, $1.84+$0.16 USD Hold'em No Limit - Level I (10/20) - 2024/05/31 22:07:50 CET [2024/05/31 16:07:50 ET]
Table '3760978766 1' 3-max Seat #2 is the button
Seat 1: Mahu2021 (500 in chips) 
Seat 2: exp-tomas (490 in chips) 
Seat 3: ivobankov (510 in chips) 
ivobankov: posts small blind 10
Mahu2021: posts big blind 20
*** HOLE CARDS ***
Dealt to Mahu2021 [Ad 5c]
exp-tomas: folds 
ivobankov: calls 10
Mahu2021: checks 
*** FLOP *** [Qs 9c Kc]
ivobankov: checks 
Mahu2021: checks 
*** TURN *** [Qs 9c Kc] [6s]
ivobankov: bets 20
Mahu2021: folds 
Uncalled bet (20) returned to ivobankov
ivobankov collected 40 from pot
*** SUMMARY ***
Total pot 40 | Rake 0 
Board [Qs 9c Kc 6s]
Seat 1: Mahu2021 (big blind) folded on the Turn
Seat 2: exp-tomas (button) folded before Flop (didn't bet)
Seat 3: ivobankov (small blind) collected (40)



PokerStars Hand #250789078036: Tournament #3760978766, $1.84+$0.16 USD Hold'em No Limit - Level I (10/20) - 2024/05/31 22:08:03 CET [2024/05/31 16:08:03 ET]
Table '3760978766 1' 3-max Seat #3 is the button
Seat 1: Mahu2021 (480 in chips) 
Seat 2: exp-tomas (490 in chips) 
Seat 3: ivobankov (530 in chips) 
Mahu2021: posts small blind 10
exp-tomas: posts big blind 20
*** HOLE CARDS ***
Dealt to Mahu2021 [6c 2s]
ivobankov: calls 20
Mahu2021: folds 
exp-tomas: checks 
*** FLOP *** [9s 2d 5d]
exp-tomas: checks 
ivobankov: checks 
*** TURN *** [9s 2d 5d] [Ad]
exp-tomas: checks 
ivobankov: checks 
*** RIVER *** [9s 2d 5d Ad] [6h]
exp-tomas: bets 20
ivobankov: folds 
Uncalled bet (20) returned to exp-tomas
exp-tomas collected 50 from pot
exp-tomas: doesn't show hand 
*** SUMMARY ***
Total pot 50 | Rake 0 
Board [9s 2d 5d Ad 6h]
Seat 1: Mahu2021 (small blind) folded before Flop
Seat 2: exp-tomas (big blind) collected (50)
Seat 3: ivobankov (button) folded on the River



PokerStars Hand #250789086794: Tournament #3760978766, $1.84+$0.16 USD Hold'em No Limit - Level I (10/20) - 2024/05/31 22:08:33 CET [2024/05/31 16:08:33 ET]
Table '3760978766 1' 3-max Seat #1 is the button
Seat 1: Mahu2021 (470 in chips) 
Seat 2: exp-tomas (520 in chips) 
Seat 3: ivobankov (510 in chips) 
exp-tomas: posts small blind 10
ivobankov: posts big blind 20
*** HOLE CARDS ***
Dealt to Mahu2021 [Th Kc]
Mahu2021: raises 20 to 40
exp-tomas: folds 
ivobankov: calls 20
*** FLOP *** [4s 5c Ad]
ivobankov: checks 
Mahu2021: bets 40
ivobankov: folds 
Uncalled bet (40) returned to Mahu2021
Mahu2021 collected 90 from pot
Mahu2021: doesn't show hand 
*** SUMMARY ***
Total pot 90 | Rake 0 
Board [4s 5c Ad]
Seat 1: Mahu2021 (button) collected (90)
Seat 2: exp-tomas (small blind) folded before Flop
Seat 3: ivobankov (big blind) folded on the Flop



PokerStars Hand #250789091613: Tournament #3760978766, $1.84+$0.16 USD Hold'em No Limit - Level I (10/20) - 2024/05/31 22:08:49 CET [2024/05/31 16:08:49 ET]
Table '3760978766 1' 3-max Seat #2 is the button
Seat 1: Mahu2021 (520 in chips) 
Seat 2: exp-tomas (510 in chips) 
Seat 3: ivobankov (470 in chips) 
ivobankov: posts small blind 10
Mahu2021: posts big blind 20
*** HOLE CARDS ***
Dealt to Mahu2021 [8h 5s]
exp-tomas: folds 
ivobankov: calls 10
Mahu2021: checks 
*** FLOP *** [3c 8s 3d]
ivobankov: checks 
Mahu2021: bets 40
ivobankov: folds 
Uncalled bet (40) returned to Mahu2021
Mahu2021 collected 40 from pot
Mahu2021: doesn't show hand 
*** SUMMARY ***
Total pot 40 | Rake 0 
Board [3c 8s 3d]
Seat 1: Mahu2021 (big blind) collected (40)
Seat 2: exp-tomas (button) folded before Flop (didn't bet)
Seat 3: ivobankov (small blind) folded on the Flop



PokerStars Hand #250789100574: Tournament #3760978766, $1.84+$0.16 USD Hold'em No Limit - Level I (10/20) - 2024/05/31 22:09:20 CET [2024/05/31 16:09:20 ET]
Table '3760978766 1' 3-max Seat #3 is the button
Seat 1: Mahu2021 (540 in chips) 
Seat 2: exp-tomas (510 in chips) 
Seat 3: ivobankov (450 in chips) 
Mahu2021: posts small blind 10
exp-tomas: posts big blind 20
*** HOLE CARDS ***
Dealt to Mahu2021 [9c Th]
ivobankov: folds 
Mahu2021: raises 20 to 40
exp-tomas: calls 20
*** FLOP *** [Ah 9d 9h]
Mahu2021: checks 
exp-tomas: checks 
*** TURN *** [Ah 9d 9h] [Kd]
Mahu2021: checks 
exp-tomas: bets 31
Mahu2021: raises 31 to 62
exp-tomas: calls 31
*** RIVER *** [Ah 9d 9h Kd] [4c]
Mahu2021: bets 40
exp-tomas: calls 40
*** SHOW DOWN ***
Mahu2021: shows [9c Th] (three of a kind, Nines)
exp-tomas: mucks hand 
Mahu2021 collected 284 from pot
*** SUMMARY ***
Total pot 284 | Rake 0 
Board [Ah 9d 9h Kd 4c]
Seat 1: Mahu2021 (small blind) showed [9c Th] and won (284) with three of a kind, Nines
Seat 2: exp-tomas (big blind) mucked [5d Ac]
Seat 3: ivobankov (button) folded before Flop (didn't bet)



PokerStars Hand #250789114057: Tournament #3760978766, $1.84+$0.16 USD Hold'em No Limit - Level I (10/20) - 2024/05/31 22:10:04 CET [2024/05/31 16:10:04 ET]
Table '3760978766 1' 3-max Seat #1 is the button
Seat 1: Mahu2021 (682 in chips) 
Seat 2: exp-tomas (368 in chips) 
Seat 3: ivobankov (450 in chips) 
exp-tomas: posts small blind 10
ivobankov: posts big blind 20
*** HOLE CARDS ***
Dealt to Mahu2021 [8h 6h]
Mahu2021: folds 
exp-tomas: raises 348 to 368 and is all-in
ivobankov: folds 
Uncalled bet (348) returned to exp-tomas
exp-tomas collected 40 from pot
exp-tomas: doesn't show hand 
*** SUMMARY ***
Total pot 40 | Rake 0 
Seat 1: Mahu2021 (button) folded before Flop (didn't bet)
Seat 2: exp-tomas (small blind) collected (40)
Seat 3: ivobankov (big blind) folded before Flop



PokerStars Hand #250789119805: Tournament #3760978766, $1.84+$0.16 USD Hold'em No Limit - Level I (10/20) - 2024/05/31 22:10:23 CET [2024/05/31 16:10:23 ET]
Table '3760978766 1' 3-max Seat #2 is the button
Seat 1: Mahu2021 (682 in chips) 
Seat 2: exp-tomas (388 in chips) 
Seat 3: ivobankov (430 in chips) 
ivobankov: posts small blind 10
Mahu2021: posts big blind 20
*** HOLE CARDS ***
Dealt to Mahu2021 [9h 2d]
exp-tomas: raises 20 to 40
ivobankov: folds 
Mahu2021: folds 
Uncalled bet (20) returned to exp-tomas
exp-tomas collected 50 from pot
exp-tomas: doesn't show hand 
*** SUMMARY ***
Total pot 50 | Rake 0 
Seat 1: Mahu2021 (big blind) folded before Flop
Seat 2: exp-tomas (button) collected (50)
Seat 3: ivobankov (small blind) folded before Flop



PokerStars Hand #250789122106: Tournament #3760978766, $1.84+$0.16 USD Hold'em No Limit - Level I (10/20) - 2024/05/31 22:10:30 CET [2024/05/31 16:10:30 ET]
Table '3760978766 1' 3-max Seat #3 is the button
Seat 1: Mahu2021 (662 in chips) 
Seat 2: exp-tomas (418 in chips) 
Seat 3: ivobankov (420 in chips) 
Mahu2021: posts small blind 10
exp-tomas: posts big blind 20
*** HOLE CARDS ***
Dealt to Mahu2021 [7c Js]
ivobankov: calls 20
Mahu2021: folds 
exp-tomas: checks 
*** FLOP *** [8d 9c 8s]
exp-tomas: checks 
ivobankov: checks 
*** TURN *** [8d 9c 8s] [Jd]
exp-tomas: checks 
ivobankov: checks 
*** RIVER *** [8d 9c 8s Jd] [Ac]
exp-tomas: checks 
ivobankov: bets 20
exp-tomas: calls 20
*** SHOW DOWN ***
ivobankov: shows [9d Qh] (two pair, Nines and Eights)
exp-tomas: shows [6d Jh] (two pair, Jacks and Eights)
exp-tomas collected 90 from pot
*** SUMMARY ***
Total pot 90 | Rake 0 
Board [8d 9c 8s Jd Ac]
Seat 1: Mahu2021 (small blind) folded before Flop
Seat 2: exp-tomas (big blind) showed [6d Jh] and won (90) with two pair, Jacks and Eights
Seat 3: ivobankov (button) showed [9d Qh] and lost with two pair, Nines and Eights



PokerStars Hand #250789130292: Tournament #3760978766, $1.84+$0.16 USD Hold'em No Limit - Level II (15/30) - 2024/05/31 22:10:56 CET [2024/05/31 16:10:56 ET]
Table '3760978766 1' 3-max Seat #1 is the button
Seat 1: Mahu2021 (652 in chips) 
Seat 2: exp-tomas (468 in chips) 
Seat 3: ivobankov (380 in chips) 
exp-tomas: posts small blind 15
ivobankov: posts big blind 30
*** HOLE CARDS ***
Dealt to Mahu2021 [4h Ks]
Mahu2021: folds 
exp-tomas: raises 438 to 468 and is all-in
ivobankov: folds 
Uncalled bet (438) returned to exp-tomas
exp-tomas collected 60 from pot
exp-tomas: doesn't show hand 
*** SUMMARY ***
Total pot 60 | Rake 0 
Seat 1: Mahu2021 (button) folded before Flop (didn't bet)
Seat 2: exp-tomas (small blind) collected (60)
Seat 3: ivobankov (big blind) folded before Flop



PokerStars Hand #250789132597: Tournament #3760978766, $1.84+$0.16 USD Hold'em No Limit - Level II (15/30) - 2024/05/31 22:11:04 CET [2024/05/31 16:11:04 ET]
Table '3760978766 1' 3-max Seat #2 is the button
Seat 1: Mahu2021 (652 in chips) 
Seat 2: exp-tomas (498 in chips) 
Seat 3: ivobankov (350 in chips) 
ivobankov: posts small blind 15
Mahu2021: posts big blind 30
*** HOLE CARDS ***
Dealt to Mahu2021 [Qh 9d]
exp-tomas: raises 30 to 60
ivobankov: folds 
Mahu2021: calls 30
*** FLOP *** [Ac Jd 6c]
Mahu2021: checks 
exp-tomas: bets 53
Mahu2021: folds 
Uncalled bet (53) returned to exp-tomas
exp-tomas collected 135 from pot
exp-tomas: doesn't show hand 
*** SUMMARY ***
Total pot 135 | Rake 0 
Board [Ac Jd 6c]
Seat 1: Mahu2021 (big blind) folded on the Flop
Seat 2: exp-tomas (button) collected (135)
Seat 3: ivobankov (small blind) folded before Flop



PokerStars Hand #250789137839: Tournament #3760978766, $1.84+$0.16 USD Hold'em No Limit - Level II (15/30) - 2024/05/31 22:11:21 CET [2024/05/31 16:11:21 ET]
Table '3760978766 1' 3-max Seat #3 is the button
Seat 1: Mahu2021 (592 in chips) 
Seat 2: exp-tomas (573 in chips) 
Seat 3: ivobankov (335 in chips) 
Mahu2021: posts small blind 15
exp-tomas: posts big blind 30
*** HOLE CARDS ***
Dealt to Mahu2021 [2s Qd]
ivobankov: calls 30
Mahu2021: folds 
exp-tomas: checks 
*** FLOP *** [As 6h 3c]
exp-tomas: checks 
ivobankov: checks 
*** TURN *** [As 6h 3c] [Qc]
exp-tomas: checks 
ivobankov: checks 
*** RIVER *** [As 6h 3c Qc] [Th]
exp-tomas: checks 
ivobankov: bets 30
exp-tomas: folds 
Uncalled bet (30) returned to ivobankov
ivobankov collected 75 from pot
*** SUMMARY ***
Total pot 75 | Rake 0 
Board [As 6h 3c Qc Th]
Seat 1: Mahu2021 (small blind) folded before Flop
Seat 2: exp-tomas (big blind) folded on the River
Seat 3: ivobankov (button) collected (75)



PokerStars Hand #250789147032: Tournament #3760978766, $1.84+$0.16 USD Hold'em No Limit - Level II (15/30) - 2024/05/31 22:11:50 CET [2024/05/31 16:11:50 ET]
Table '3760978766 1' 3-max Seat #1 is the button
Seat 1: Mahu2021 (577 in chips) 
Seat 2: exp-tomas (543 in chips) 
Seat 3: ivobankov (380 in chips) 
exp-tomas: posts small blind 15
ivobankov: posts big blind 30
*** HOLE CARDS ***
Dealt to Mahu2021 [Ks Jd]
Mahu2021: raises 30 to 60
exp-tomas: folds 
ivobankov: raises 30 to 90
Mahu2021: calls 30
*** FLOP *** [2s 9s 2d]
ivobankov: bets 60
Mahu2021: calls 60
*** TURN *** [2s 9s 2d] [Ah]
ivobankov: bets 90
Mahu2021: folds 
Uncalled bet (90) returned to ivobankov
ivobankov collected 315 from pot
*** SUMMARY ***
Total pot 315 | Rake 0 
Board [2s 9s 2d Ah]
Seat 1: Mahu2021 (button) folded on the Turn
Seat 2: exp-tomas (small blind) folded before Flop
Seat 3: ivobankov (big blind) collected (315)



PokerStars Hand #250789155081: Tournament #3760978766, $1.84+$0.16 USD Hold'em No Limit - Level II (15/30) - 2024/05/31 22:12:16 CET [2024/05/31 16:12:16 ET]
Table '3760978766 1' 3-max Seat #2 is the button
Seat 1: Mahu2021 (427 in chips) 
Seat 2: exp-tomas (528 in chips) 
Seat 3: ivobankov (545 in chips) 
ivobankov: posts small blind 15
Mahu2021: posts big blind 30
*** HOLE CARDS ***
Dealt to Mahu2021 [Kh 7c]
exp-tomas: raises 30 to 60
ivobankov: folds 
Mahu2021: calls 30
*** FLOP *** [Kd 4h Ad]
Mahu2021: checks 
exp-tomas: bets 68
Mahu2021: calls 68
*** TURN *** [Kd 4h Ad] [Jh]
Mahu2021: checks 
exp-tomas: bets 203
Mahu2021: folds 
Uncalled bet (203) returned to exp-tomas
exp-tomas collected 271 from pot
exp-tomas: doesn't show hand 
*** SUMMARY ***
Total pot 271 | Rake 0 
Board [Kd 4h Ad Jh]
Seat 1: Mahu2021 (big blind) folded on the Turn
Seat 2: exp-tomas (button) collected (271)
Seat 3: ivobankov (small blind) folded before Flop



PokerStars Hand #250789161881: Tournament #3760978766, $1.84+$0.16 USD Hold'em No Limit - Level II (15/30) - 2024/05/31 22:12:38 CET [2024/05/31 16:12:38 ET]
Table '3760978766 1' 3-max Seat #3 is the button
Seat 1: Mahu2021 (299 in chips) 
Seat 2: exp-tomas (671 in chips) 
Seat 3: ivobankov (530 in chips) 
Mahu2021: posts small blind 15
exp-tomas: posts big blind 30
*** HOLE CARDS ***
Dealt to Mahu2021 [7h 9h]
ivobankov: calls 30
Mahu2021: calls 15
exp-tomas: raises 641 to 671 and is all-in
ivobankov: calls 500 and is all-in
Mahu2021: folds 
Uncalled bet (141) returned to exp-tomas
*** FLOP *** [Kh 6d Ad]
*** TURN *** [Kh 6d Ad] [Qh]
*** RIVER *** [Kh 6d Ad Qh] [Js]
*** SHOW DOWN ***
exp-tomas: shows [8s Ac] (a pair of Aces)
ivobankov: shows [5c 5s] (a pair of Fives)
exp-tomas collected 1090 from pot
ivobankov finished the tournament in 3rd place
*** SUMMARY ***
Total pot 1090 | Rake 0 
Board [Kh 6d Ad Qh Js]
Seat 1: Mahu2021 (small blind) folded before Flop
Seat 2: exp-tomas (big blind) showed [8s Ac] and won (1090) with a pair of Aces
Seat 3: ivobankov (button) showed [5c 5s] and lost with a pair of Fives



PokerStars Hand #250789170983: Tournament #3760978766, $1.84+$0.16 USD Hold'em No Limit - Level II (15/30) - 2024/05/31 22:13:08 CET [2024/05/31 16:13:08 ET]
Table '3760978766 1' 3-max Seat #2 is the button
Seat 1: Mahu2021 (269 in chips) 
Seat 2: exp-tomas (1231 in chips) 
exp-tomas: posts small blind 15
Mahu2021: posts big blind 30
*** HOLE CARDS ***
Dealt to Mahu2021 [8s Js]
exp-tomas: raises 30 to 60
Mahu2021: calls 30
*** FLOP *** [Td 7d 5h]
Mahu2021: checks 
exp-tomas: checks 
*** TURN *** [Td 7d 5h] [Jc]
Mahu2021: checks 
exp-tomas: checks 
*** RIVER *** [Td 7d 5h Jc] [4s]
Mahu2021: bets 60
exp-tomas: folds 
Uncalled bet (60) returned to Mahu2021
Mahu2021 collected 120 from pot
Mahu2021: doesn't show hand 
*** SUMMARY ***
Total pot 120 | Rake 0 
Board [Td 7d 5h Jc 4s]
Seat 1: Mahu2021 (big blind) collected (120)
Seat 2: exp-tomas (button) (small blind) folded on the River



PokerStars Hand #250789179461: Tournament #3760978766, $1.84+$0.16 USD Hold'em No Limit - Level II (15/30) - 2024/05/31 22:13:36 CET [2024/05/31 16:13:36 ET]
Table '3760978766 1' 3-max Seat #1 is the button
Seat 1: Mahu2021 (329 in chips) 
Seat 2: exp-tomas (1171 in chips) 
Mahu2021: posts small blind 15
exp-tomas: posts big blind 30
*** HOLE CARDS ***
Dealt to Mahu2021 [2d Td]
Mahu2021: folds 
Uncalled bet (15) returned to exp-tomas
exp-tomas collected 30 from pot
exp-tomas: doesn't show hand 
*** SUMMARY ***
Total pot 30 | Rake 0 
Seat 1: Mahu2021 (button) (small blind) folded before Flop
Seat 2: exp-tomas (big blind) collected (30)



PokerStars Hand #250789181225: Tournament #3760978766, $1.84+$0.16 USD Hold'em No Limit - Level II (15/30) - 2024/05/31 22:13:42 CET [2024/05/31 16:13:42 ET]
Table '3760978766 1' 3-max Seat #2 is the button
Seat 1: Mahu2021 (314 in chips) 
Seat 2: exp-tomas (1186 in chips) 
exp-tomas: posts small blind 15
Mahu2021: posts big blind 30
*** HOLE CARDS ***
Dealt to Mahu2021 [4c Tc]
exp-tomas: raises 30 to 60
Mahu2021: folds 
Uncalled bet (30) returned to exp-tomas
exp-tomas collected 60 from pot
exp-tomas: doesn't show hand 
*** SUMMARY ***
Total pot 60 | Rake 0 
Seat 1: Mahu2021 (big blind) folded before Flop
Seat 2: exp-tomas (button) (small blind) collected (60)



PokerStars Hand #250789184549: Tournament #3760978766, $1.84+$0.16 USD Hold'em No Limit - Level III (20/40) - 2024/05/31 22:13:52 CET [2024/05/31 16:13:52 ET]
Table '3760978766 1' 3-max Seat #1 is the button
Seat 1: Mahu2021 (284 in chips) 
Seat 2: exp-tomas (1216 in chips) 
Mahu2021: posts small blind 20
exp-tomas: posts big blind 40
*** HOLE CARDS ***
Dealt to Mahu2021 [4d 4s]
Mahu2021: raises 244 to 284 and is all-in
exp-tomas: folds 
Uncalled bet (244) returned to Mahu2021
Mahu2021 collected 80 from pot
Mahu2021: doesn't show hand 
*** SUMMARY ***
Total pot 80 | Rake 0 
Seat 1: Mahu2021 (button) (small blind) collected (80)
Seat 2: exp-tomas (big blind) folded before Flop



PokerStars Hand #250789187318: Tournament #3760978766, $1.84+$0.16 USD Hold'em No Limit - Level III (20/40) - 2024/05/31 22:14:01 CET [2024/05/31 16:14:01 ET]
Table '3760978766 1' 3-max Seat #2 is the button
Seat 1: Mahu2021 (324 in chips) 
Seat 2: exp-tomas (1176 in chips) 
exp-tomas: posts small blind 20
Mahu2021: posts big blind 40
*** HOLE CARDS ***
Dealt to Mahu2021 [2h 4d]
exp-tomas: calls 20
Mahu2021: checks 
*** FLOP *** [5c 9s 4h]
Mahu2021: bets 284 and is all-in
exp-tomas: folds 
Uncalled bet (284) returned to Mahu2021
Mahu2021 collected 80 from pot
Mahu2021: doesn't show hand 
*** SUMMARY ***
Total pot 80 | Rake 0 
Board [5c 9s 4h]
Seat 1: Mahu2021 (big blind) collected (80)
Seat 2: exp-tomas (button) (small blind) folded on the Flop



PokerStars Hand #250789192357: Tournament #3760978766, $1.84+$0.16 USD Hold'em No Limit - Level III (20/40) - 2024/05/31 22:14:17 CET [2024/05/31 16:14:17 ET]
Table '3760978766 1' 3-max Seat #1 is the button
Seat 1: Mahu2021 (364 in chips) 
Seat 2: exp-tomas (1136 in chips) 
Mahu2021: posts small blind 20
exp-tomas: posts big blind 40
*** HOLE CARDS ***
Dealt to Mahu2021 [4c 9c]
Mahu2021: folds 
Uncalled bet (20) returned to exp-tomas
exp-tomas collected 40 from pot
exp-tomas: doesn't show hand 
*** SUMMARY ***
Total pot 40 | Rake 0 
Seat 1: Mahu2021 (button) (small blind) folded before Flop
Seat 2: exp-tomas (big blind) collected (40)



PokerStars Hand #250789193739: Tournament #3760978766, $1.84+$0.16 USD Hold'em No Limit - Level III (20/40) - 2024/05/31 22:14:21 CET [2024/05/31 16:14:21 ET]
Table '3760978766 1' 3-max Seat #2 is the button
Seat 1: Mahu2021 (344 in chips) 
Seat 2: exp-tomas (1156 in chips) 
exp-tomas: posts small blind 20
Mahu2021: posts big blind 40
*** HOLE CARDS ***
Dealt to Mahu2021 [Ac Ad]
exp-tomas: raises 1116 to 1156 and is all-in
Mahu2021: calls 304 and is all-in
Uncalled bet (812) returned to exp-tomas
*** FLOP *** [Ks Qs 3h]
*** TURN *** [Ks Qs 3h] [Kh]
*** RIVER *** [Ks Qs 3h Kh] [3c]
*** SHOW DOWN ***
Mahu2021: shows [Ac Ad] (two pair, Aces and Kings)
exp-tomas: shows [6d As] (two pair, Kings and Threes)
Mahu2021 collected 688 from pot
*** SUMMARY ***
Total pot 688 | Rake 0 
Board [Ks Qs 3h Kh 3c]
Seat 1: Mahu2021 (big blind) showed [Ac Ad] and won (688) with two pair, Aces and Kings
Seat 2: exp-tomas (button) (small blind) showed [6d As] and lost with two pair, Kings and Threes



PokerStars Hand #250789198975: Tournament #3760978766, $1.84+$0.16 USD Hold'em No Limit - Level III (20/40) - 2024/05/31 22:14:39 CET [2024/05/31 16:14:39 ET]
Table '3760978766 1' 3-max Seat #1 is the button
Seat 1: Mahu2021 (688 in chips) 
Seat 2: exp-tomas (812 in chips) 
Mahu2021: posts small blind 20
exp-tomas: posts big blind 40
*** HOLE CARDS ***
Dealt to Mahu2021 [3s 5c]
Mahu2021: folds 
Uncalled bet (20) returned to exp-tomas
exp-tomas collected 40 from pot
exp-tomas: doesn't show hand 
*** SUMMARY ***
Total pot 40 | Rake 0 
Seat 1: Mahu2021 (button) (small blind) folded before Flop
Seat 2: exp-tomas (big blind) collected (40)



PokerStars Hand #250789200446: Tournament #3760978766, $1.84+$0.16 USD Hold'em No Limit - Level III (20/40) - 2024/05/31 22:14:43 CET [2024/05/31 16:14:43 ET]
Table '3760978766 1' 3-max Seat #2 is the button
Seat 1: Mahu2021 (668 in chips) 
Seat 2: exp-tomas (832 in chips) 
exp-tomas: posts small blind 20
Mahu2021: posts big blind 40
*** HOLE CARDS ***
Dealt to Mahu2021 [9d 5c]
exp-tomas: raises 40 to 80
Mahu2021: folds 
Uncalled bet (40) returned to exp-tomas
exp-tomas collected 80 from pot
exp-tomas: doesn't show hand 
*** SUMMARY ***
Total pot 80 | Rake 0 
Seat 1: Mahu2021 (big blind) folded before Flop
Seat 2: exp-tomas (button) (small blind) collected (80)



PokerStars Hand #250789204160: Tournament #3760978766, $1.84+$0.16 USD Hold'em No Limit - Level III (20/40) - 2024/05/31 22:14:55 CET [2024/05/31 16:14:55 ET]
Table '3760978766 1' 3-max Seat #1 is the button
Seat 1: Mahu2021 (628 in chips) 
Seat 2: exp-tomas (872 in chips) 
Mahu2021: posts small blind 20
exp-tomas: posts big blind 40
*** HOLE CARDS ***
Dealt to Mahu2021 [9c 9s]
Mahu2021: raises 40 to 80
exp-tomas: folds 
Uncalled bet (40) returned to Mahu2021
Mahu2021 collected 80 from pot
Mahu2021: doesn't show hand 
*** SUMMARY ***
Total pot 80 | Rake 0 
Seat 1: Mahu2021 (button) (small blind) collected (80)
Seat 2: exp-tomas (big blind) folded before Flop



PokerStars Hand #250789206340: Tournament #3760978766, $1.84+$0.16 USD Hold'em No Limit - Level III (20/40) - 2024/05/31 22:15:02 CET [2024/05/31 16:15:02 ET]
Table '3760978766 1' 3-max Seat #2 is the button
Seat 1: Mahu2021 (668 in chips) 
Seat 2: exp-tomas (832 in chips) 
exp-tomas: posts small blind 20
Mahu2021: posts big blind 40
*** HOLE CARDS ***
Dealt to Mahu2021 [3c 7s]
exp-tomas: raises 40 to 80
Mahu2021: folds 
Uncalled bet (40) returned to exp-tomas
exp-tomas collected 80 from pot
exp-tomas: doesn't show hand 
*** SUMMARY ***
Total pot 80 | Rake 0 
Seat 1: Mahu2021 (big blind) folded before Flop
Seat 2: exp-tomas (button) (small blind) collected (80)



PokerStars Hand #250789208602: Tournament #3760978766, $1.84+$0.16 USD Hold'em No Limit - Level III (20/40) - 2024/05/31 22:15:09 CET [2024/05/31 16:15:09 ET]
Table '3760978766 1' 3-max Seat #1 is the button
Seat 1: Mahu2021 (628 in chips) 
Seat 2: exp-tomas (872 in chips) 
Mahu2021: posts small blind 20
exp-tomas: posts big blind 40
*** HOLE CARDS ***
Dealt to Mahu2021 [3d 9s]
Mahu2021: folds 
Uncalled bet (20) returned to exp-tomas
exp-tomas collected 40 from pot
exp-tomas: doesn't show hand 
*** SUMMARY ***
Total pot 40 | Rake 0 
Seat 1: Mahu2021 (button) (small blind) folded before Flop
Seat 2: exp-tomas (big blind) collected (40)



PokerStars Hand #250789209996: Tournament #3760978766, $1.84+$0.16 USD Hold'em No Limit - Level III (20/40) - 2024/05/31 22:15:14 CET [2024/05/31 16:15:14 ET]
Table '3760978766 1' 3-max Seat #2 is the button
Seat 1: Mahu2021 (608 in chips) 
Seat 2: exp-tomas (892 in chips) 
exp-tomas: posts small blind 20
Mahu2021: posts big blind 40
*** HOLE CARDS ***
Dealt to Mahu2021 [Jc Th]
exp-tomas: raises 40 to 80
Mahu2021: calls 40
*** FLOP *** [Kd 3c 2c]
Mahu2021: checks 
exp-tomas: bets 62
Mahu2021: folds 
Uncalled bet (62) returned to exp-tomas
exp-tomas collected 160 from pot
exp-tomas: doesn't show hand 
*** SUMMARY ***
Total pot 160 | Rake 0 
Board [Kd 3c 2c]
Seat 1: Mahu2021 (big blind) folded on the Flop
Seat 2: exp-tomas (button) (small blind) collected (160)



PokerStars Hand #250789216811: Tournament #3760978766, $1.84+$0.16 USD Hold'em No Limit - Level III (20/40) - 2024/05/31 22:15:35 CET [2024/05/31 16:15:35 ET]
Table '3760978766 1' 3-max Seat #1 is the button
Seat 1: Mahu2021 (528 in chips) 
Seat 2: exp-tomas (972 in chips) 
Mahu2021: posts small blind 20
exp-tomas: posts big blind 40
*** HOLE CARDS ***
Dealt to Mahu2021 [9h 2c]
Mahu2021: folds 
Uncalled bet (20) returned to exp-tomas
exp-tomas collected 40 from pot
exp-tomas: doesn't show hand 
*** SUMMARY ***
Total pot 40 | Rake 0 
Seat 1: Mahu2021 (button) (small blind) folded before Flop
Seat 2: exp-tomas (big blind) collected (40)



PokerStars Hand #250789218196: Tournament #3760978766, $1.84+$0.16 USD Hold'em No Limit - Level III (20/40) - 2024/05/31 22:15:40 CET [2024/05/31 16:15:40 ET]
Table '3760978766 1' 3-max Seat #2 is the button
Seat 1: Mahu2021 (508 in chips) 
Seat 2: exp-tomas (992 in chips) 
exp-tomas: posts small blind 20
Mahu2021: posts big blind 40
*** HOLE CARDS ***
Dealt to Mahu2021 [3c 2h]
exp-tomas: raises 952 to 992 and is all-in
Mahu2021: folds 
Uncalled bet (952) returned to exp-tomas
exp-tomas collected 80 from pot
exp-tomas: doesn't show hand 
*** SUMMARY ***
Total pot 80 | Rake 0 
Seat 1: Mahu2021 (big blind) folded before Flop
Seat 2: exp-tomas (button) (small blind) collected (80)



PokerStars Hand #250789221278: Tournament #3760978766, $1.84+$0.16 USD Hold'em No Limit - Level III (20/40) - 2024/05/31 22:15:50 CET [2024/05/31 16:15:50 ET]
Table '3760978766 1' 3-max Seat #1 is the button
Seat 1: Mahu2021 (468 in chips) 
Seat 2: exp-tomas (1032 in chips) 
Mahu2021: posts small blind 20
exp-tomas: posts big blind 40
*** HOLE CARDS ***
Dealt to Mahu2021 [Ad 2s]
Mahu2021: raises 428 to 468 and is all-in
exp-tomas: calls 428
*** FLOP *** [9c Qs 8c]
*** TURN *** [9c Qs 8c] [9s]
*** RIVER *** [9c Qs 8c 9s] [Qc]
*** SHOW DOWN ***
exp-tomas: shows [8s Ah] (two pair, Queens and Nines)
Mahu2021: shows [Ad 2s] (two pair, Queens and Nines)
exp-tomas collected 468 from pot
Mahu2021 collected 468 from pot
*** SUMMARY ***
Total pot 936 | Rake 0 
Board [9c Qs 8c 9s Qc]
Seat 1: Mahu2021 (button) (small blind) showed [Ad 2s] and won (468) with two pair, Queens and Nines
Seat 2: exp-tomas (big blind) showed [8s Ah] and won (468) with two pair, Queens and Nines



PokerStars Hand #250789225283: Tournament #3760978766, $1.84+$0.16 USD Hold'em No Limit - Level III (20/40) - 2024/05/31 22:16:02 CET [2024/05/31 16:16:02 ET]
Table '3760978766 1' 3-max Seat #2 is the button
Seat 1: Mahu2021 (468 in chips) 
Seat 2: exp-tomas (1032 in chips) 
exp-tomas: posts small blind 20
Mahu2021: posts big blind 40
*** HOLE CARDS ***
Dealt to Mahu2021 [Js 9c]
exp-tomas: folds 
Uncalled bet (20) returned to Mahu2021
Mahu2021 collected 40 from pot
Mahu2021: doesn't show hand 
*** SUMMARY ***
Total pot 40 | Rake 0 
Seat 1: Mahu2021 (big blind) collected (40)
Seat 2: exp-tomas (button) (small blind) folded before Flop



PokerStars Hand #250789226652: Tournament #3760978766, $1.84+$0.16 USD Hold'em No Limit - Level III (20/40) - 2024/05/31 22:16:07 CET [2024/05/31 16:16:07 ET]
Table '3760978766 1' 3-max Seat #1 is the button
Seat 1: Mahu2021 (488 in chips) 
Seat 2: exp-tomas (1012 in chips) 
Mahu2021: posts small blind 20
exp-tomas: posts big blind 40
*** HOLE CARDS ***
Dealt to Mahu2021 [Th 5d]
Mahu2021: folds 
Uncalled bet (20) returned to exp-tomas
exp-tomas collected 40 from pot
exp-tomas: doesn't show hand 
*** SUMMARY ***
Total pot 40 | Rake 0 
Seat 1: Mahu2021 (button) (small blind) folded before Flop
Seat 2: exp-tomas (big blind) collected (40)



PokerStars Hand #250789228073: Tournament #3760978766, $1.84+$0.16 USD Hold'em No Limit - Level III (20/40) - 2024/05/31 22:16:11 CET [2024/05/31 16:16:11 ET]
Table '3760978766 1' 3-max Seat #2 is the button
Seat 1: Mahu2021 (468 in chips) 
Seat 2: exp-tomas (1032 in chips) 
exp-tomas: posts small blind 20
Mahu2021: posts big blind 40
*** HOLE CARDS ***
Dealt to Mahu2021 [7s 9s]
exp-tomas: raises 40 to 80
Mahu2021: calls 40
*** FLOP *** [Ts Td 7h]
Mahu2021: bets 388 and is all-in
exp-tomas: calls 388
*** TURN *** [Ts Td 7h] [4s]
*** RIVER *** [Ts Td 7h 4s] [7d]
*** SHOW DOWN ***
Mahu2021: shows [7s 9s] (a full house, Sevens full of Tens)
exp-tomas: shows [Tc 2s] (a full house, Tens full of Sevens)
exp-tomas collected 936 from pot
Mahu2021 finished the tournament in 2nd place
exp-tomas wins the tournament and receives $6.00 - congratulations!
*** SUMMARY ***
Total pot 936 | Rake 0 
Board [Ts Td 7h 4s 7d]
Seat 1: Mahu2021 (big blind) showed [7s 9s] and lost with a full house, Sevens full of Tens
Seat 2: exp-tomas (button) (small blind) showed [Tc 2s] and won (936) with a full house, Tens full of Sevens



