PokerStars Hand #246494239964: Tournament #3657520460, $0.92+$0.08 USD Hold'em No Limit - Level I (10/20) - 2023/10/12 20:01:25 CET [2023/10/12 14:01:25 ET]
Table '3657520460 1' 3-max Seat #1 is the button
Seat 1: JAVIVILLA17 (500 in chips) 
Seat 2: Mahu2021 (500 in chips) 
Seat 3: eightball284 (500 in chips) 
Mahu2021: posts small blind 10
eightball284: posts big blind 20
*** HOLE CARDS ***
Dealt to Mahu2021 [7h 6s]
JAVIVILLA17: raises 20 to 40
Mahu2021: calls 30
eightball284: folds 
*** FLOP *** [Qs Td Ad]
Mahu2021: checks 
JAVIVILLA17: bets 30
Mahu2021: folds 
Uncalled bet (30) returned to JAVIVILLA17
JAVIVILLA17 collected 100 from pot
JAVIVILLA17: doesn't show hand 
*** SUMMARY ***
Total pot 100 | Rake 0 
Board [Qs Td Ad]
Seat 1: JAVIVILLA17 (button) collected (100)
Seat 2: Mahu2021 (small blind) folded on the Flop
Seat 3: eightball284 (big blind) folded before Flop



PokerStars Hand #246494247859: Tournament #3657520460, $0.92+$0.08 USD Hold'em No Limit - Level I (10/20) - 2023/10/12 20:01:53 CET [2023/10/12 14:01:53 ET]
Table '3657520460 1' 3-max Seat #2 is the button
Seat 1: JAVIVILLA17 (560 in chips) 
Seat 2: Mahu2021 (460 in chips) 
Seat 3: eightball284 (480 in chips) 
eightball284: posts small blind 10
JAVIVILLA17: posts big blind 20
*** HOLE CARDS ***
Dealt to Mahu2021 [2s Jd]
Mahu2021: folds 
eightball284: calls 10
JAVIVILLA17: raises 540 to 560 and is all-in
eightball284: folds 
Uncalled bet (540) returned to JAVIVILLA17
JAVIVILLA17 collected 40 from pot
JAVIVILLA17: doesn't show hand 
*** SUMMARY ***
Total pot 40 | Rake 0 
Seat 1: JAVIVILLA17 (big blind) collected (40)
Seat 2: Mahu2021 (button) folded before Flop (didn't bet)
Seat 3: eightball284 (small blind) folded before Flop



PokerStars Hand #246494256203: Tournament #3657520460, $0.92+$0.08 USD Hold'em No Limit - Level I (10/20) - 2023/10/12 20:02:21 CET [2023/10/12 14:02:21 ET]
Table '3657520460 1' 3-max Seat #3 is the button
Seat 1: JAVIVILLA17 (580 in chips) 
Seat 2: Mahu2021 (460 in chips) 
Seat 3: eightball284 (460 in chips) 
JAVIVILLA17: posts small blind 10
Mahu2021: posts big blind 20
*** HOLE CARDS ***
Dealt to Mahu2021 [4s 3c]
eightball284: folds 
JAVIVILLA17: calls 10
Mahu2021: checks 
*** FLOP *** [Ks 5d 8d]
JAVIVILLA17: checks 
Mahu2021: checks 
*** TURN *** [Ks 5d 8d] [Kd]
JAVIVILLA17: checks 
Mahu2021: bets 20
JAVIVILLA17: calls 20
*** RIVER *** [Ks 5d 8d Kd] [6h]
JAVIVILLA17: bets 80
Mahu2021: folds 
Uncalled bet (80) returned to JAVIVILLA17
JAVIVILLA17 collected 80 from pot
JAVIVILLA17: doesn't show hand 
*** SUMMARY ***
Total pot 80 | Rake 0 
Board [Ks 5d 8d Kd 6h]
Seat 1: JAVIVILLA17 (small blind) collected (80)
Seat 2: Mahu2021 (big blind) folded on the River
Seat 3: eightball284 (button) folded before Flop (didn't bet)



PokerStars Hand #246494264133: Tournament #3657520460, $0.92+$0.08 USD Hold'em No Limit - Level I (10/20) - 2023/10/12 20:02:47 CET [2023/10/12 14:02:47 ET]
Table '3657520460 1' 3-max Seat #1 is the button
Seat 1: JAVIVILLA17 (620 in chips) 
Seat 2: Mahu2021 (420 in chips) 
Seat 3: eightball284 (460 in chips) 
Mahu2021: posts small blind 10
eightball284: posts big blind 20
*** HOLE CARDS ***
Dealt to Mahu2021 [6s 4s]
JAVIVILLA17: raises 20 to 40
Mahu2021: calls 30
eightball284: raises 420 to 460 and is all-in
JAVIVILLA17: raises 160 to 620 and is all-in
Mahu2021: folds 
Uncalled bet (160) returned to JAVIVILLA17
*** FLOP *** [9h 8d 9s]
*** TURN *** [9h 8d 9s] [Qh]
*** RIVER *** [9h 8d 9s Qh] [2c]
*** SHOW DOWN ***
eightball284: shows [Tc Ah] (a pair of Nines)
JAVIVILLA17: shows [Ts Ac] (a pair of Nines)
eightball284 collected 480 from pot
JAVIVILLA17 collected 480 from pot
*** SUMMARY ***
Total pot 960 | Rake 0 
Board [9h 8d 9s Qh 2c]
Seat 1: JAVIVILLA17 (button) showed [Ts Ac] and won (480) with a pair of Nines
Seat 2: Mahu2021 (small blind) folded before Flop
Seat 3: eightball284 (big blind) showed [Tc Ah] and won (480) with a pair of Nines



PokerStars Hand #246494271698: Tournament #3657520460, $0.92+$0.08 USD Hold'em No Limit - Level I (10/20) - 2023/10/12 20:03:11 CET [2023/10/12 14:03:11 ET]
Table '3657520460 1' 3-max Seat #2 is the button
Seat 1: JAVIVILLA17 (640 in chips) 
Seat 2: Mahu2021 (380 in chips) 
Seat 3: eightball284 (480 in chips) 
eightball284: posts small blind 10
JAVIVILLA17: posts big blind 20
*** HOLE CARDS ***
Dealt to Mahu2021 [4c Qd]
Mahu2021: folds 
eightball284: folds 
Uncalled bet (10) returned to JAVIVILLA17
JAVIVILLA17 collected 20 from pot
JAVIVILLA17: doesn't show hand 
*** SUMMARY ***
Total pot 20 | Rake 0 
Seat 1: JAVIVILLA17 (big blind) collected (20)
Seat 2: Mahu2021 (button) folded before Flop (didn't bet)
Seat 3: eightball284 (small blind) folded before Flop



PokerStars Hand #246494273505: Tournament #3657520460, $0.92+$0.08 USD Hold'em No Limit - Level I (10/20) - 2023/10/12 20:03:17 CET [2023/10/12 14:03:17 ET]
Table '3657520460 1' 3-max Seat #3 is the button
Seat 1: JAVIVILLA17 (650 in chips) 
Seat 2: Mahu2021 (380 in chips) 
Seat 3: eightball284 (470 in chips) 
JAVIVILLA17: posts small blind 10
Mahu2021: posts big blind 20
*** HOLE CARDS ***
Dealt to Mahu2021 [Jd Kh]
eightball284: folds 
JAVIVILLA17: raises 20 to 40
Mahu2021: calls 20
*** FLOP *** [Ad 5d 9c]
JAVIVILLA17: bets 30
Mahu2021: folds 
Uncalled bet (30) returned to JAVIVILLA17
JAVIVILLA17 collected 80 from pot
JAVIVILLA17: doesn't show hand 
*** SUMMARY ***
Total pot 80 | Rake 0 
Board [Ad 5d 9c]
Seat 1: JAVIVILLA17 (small blind) collected (80)
Seat 2: Mahu2021 (big blind) folded on the Flop
Seat 3: eightball284 (button) folded before Flop (didn't bet)



PokerStars Hand #246494278266: Tournament #3657520460, $0.92+$0.08 USD Hold'em No Limit - Level II (15/30) - 2023/10/12 20:03:33 CET [2023/10/12 14:03:33 ET]
Table '3657520460 1' 3-max Seat #1 is the button
Seat 1: JAVIVILLA17 (690 in chips) 
Seat 2: Mahu2021 (340 in chips) 
Seat 3: eightball284 (470 in chips) 
Mahu2021: posts small blind 15
eightball284: posts big blind 30
*** HOLE CARDS ***
Dealt to Mahu2021 [8h Ks]
JAVIVILLA17: raises 30 to 60
Mahu2021: folds 
eightball284: folds 
Uncalled bet (30) returned to JAVIVILLA17
JAVIVILLA17 collected 75 from pot
JAVIVILLA17: doesn't show hand 
*** SUMMARY ***
Total pot 75 | Rake 0 
Seat 1: JAVIVILLA17 (button) collected (75)
Seat 2: Mahu2021 (small blind) folded before Flop
Seat 3: eightball284 (big blind) folded before Flop



PokerStars Hand #246494283419: Tournament #3657520460, $0.92+$0.08 USD Hold'em No Limit - Level II (15/30) - 2023/10/12 20:03:50 CET [2023/10/12 14:03:50 ET]
Table '3657520460 1' 3-max Seat #2 is the button
Seat 1: JAVIVILLA17 (735 in chips) 
Seat 2: Mahu2021 (325 in chips) 
Seat 3: eightball284 (440 in chips) 
eightball284: posts small blind 15
JAVIVILLA17: posts big blind 30
*** HOLE CARDS ***
Dealt to Mahu2021 [Tc Jh]
Mahu2021: calls 30
eightball284: calls 15
JAVIVILLA17: checks 
*** FLOP *** [2s Jc 8s]
eightball284: checks 
JAVIVILLA17: checks 
Mahu2021: bets 90
eightball284: folds 
JAVIVILLA17: calls 90
*** TURN *** [2s Jc 8s] [6d]
JAVIVILLA17: checks 
Mahu2021: bets 205 and is all-in
JAVIVILLA17: calls 205
*** RIVER *** [2s Jc 8s 6d] [2d]
*** SHOW DOWN ***
JAVIVILLA17: shows [8d 4d] (two pair, Eights and Deuces)
Mahu2021: shows [Tc Jh] (two pair, Jacks and Deuces)
Mahu2021 collected 680 from pot
*** SUMMARY ***
Total pot 680 | Rake 0 
Board [2s Jc 8s 6d 2d]
Seat 1: JAVIVILLA17 (big blind) showed [8d 4d] and lost with two pair, Eights and Deuces
Seat 2: Mahu2021 (button) showed [Tc Jh] and won (680) with two pair, Jacks and Deuces
Seat 3: eightball284 (small blind) folded on the Flop



PokerStars Hand #246494294663: Tournament #3657520460, $0.92+$0.08 USD Hold'em No Limit - Level II (15/30) - 2023/10/12 20:04:26 CET [2023/10/12 14:04:26 ET]
Table '3657520460 1' 3-max Seat #3 is the button
Seat 1: JAVIVILLA17 (410 in chips) 
Seat 2: Mahu2021 (680 in chips) 
Seat 3: eightball284 (410 in chips) 
JAVIVILLA17: posts small blind 15
Mahu2021: posts big blind 30
*** HOLE CARDS ***
Dealt to Mahu2021 [Kd Ks]
eightball284: folds 
JAVIVILLA17: raises 380 to 410 and is all-in
Mahu2021: calls 380
*** FLOP *** [3s 2c 9d]
*** TURN *** [3s 2c 9d] [4s]
*** RIVER *** [3s 2c 9d 4s] [Qc]
*** SHOW DOWN ***
JAVIVILLA17: shows [3c Ah] (a pair of Threes)
Mahu2021: shows [Kd Ks] (a pair of Kings)
Mahu2021 collected 820 from pot
JAVIVILLA17 finished the tournament in 3rd place
*** SUMMARY ***
Total pot 820 | Rake 0 
Board [3s 2c 9d 4s Qc]
Seat 1: JAVIVILLA17 (small blind) showed [3c Ah] and lost with a pair of Threes
Seat 2: Mahu2021 (big blind) showed [Kd Ks] and won (820) with a pair of Kings
Seat 3: eightball284 (button) folded before Flop (didn't bet)



PokerStars Hand #246494301380: Tournament #3657520460, $0.92+$0.08 USD Hold'em No Limit - Level II (15/30) - 2023/10/12 20:04:48 CET [2023/10/12 14:04:48 ET]
Table '3657520460 1' 3-max Seat #2 is the button
Seat 2: Mahu2021 (1090 in chips) 
Seat 3: eightball284 (410 in chips) 
Mahu2021: posts small blind 15
eightball284: posts big blind 30
*** HOLE CARDS ***
Dealt to Mahu2021 [Jd 4s]
Mahu2021: calls 15
eightball284: checks 
*** FLOP *** [6s 5c Tc]
eightball284: checks 
Mahu2021: checks 
*** TURN *** [6s 5c Tc] [Ts]
eightball284: checks 
Mahu2021: bets 30
eightball284: folds 
Uncalled bet (30) returned to Mahu2021
Mahu2021 collected 60 from pot
Mahu2021: doesn't show hand 
*** SUMMARY ***
Total pot 60 | Rake 0 
Board [6s 5c Tc Ts]
Seat 2: Mahu2021 (button) (small blind) collected (60)
Seat 3: eightball284 (big blind) folded on the Turn



