PokerStars Hand #242978865206: Tournament #3574928896, $0.92+$0.08 USD Hold'em No Limit - Level I (10/20) - 2023/04/09 8:34:41 CET [2023/04/09 2:34:41 ET]
Table '3574928896 1' 3-max Seat #1 is the button
Seat 1: Battyrocks (500 in chips) 
Seat 2: Mahu2021 (500 in chips) 
Seat 3: homeside (500 in chips) 
Mahu2021: posts small blind 10
homeside: posts big blind 20
*** HOLE CARDS ***
Dealt to Mahu2021 [Qh 3h]
Battyrocks: folds 
Mahu2021: calls 10
homeside: checks 
*** FLOP *** [Th 3d 7h]
Mahu2021: bets 20
homeside: calls 20
*** TURN *** [Th 3d 7h] [2c]
Mahu2021: bets 20
homeside: calls 20
*** RIVER *** [Th 3d 7h 2c] [8c]
Mahu2021: checks 
homeside: checks 
*** SHOW DOWN ***
Mahu2021: shows [Qh 3h] (a pair of Threes)
homeside: mucks hand 
Mahu2021 collected 120 from pot
*** SUMMARY ***
Total pot 120 | Rake 0 
Board [Th 3d 7h 2c 8c]
Seat 1: Battyrocks (button) folded before Flop (didn't bet)
Seat 2: Mahu2021 (small blind) showed [Qh 3h] and won (120) with a pair of Threes
Seat 3: homeside (big blind) mucked [Kd Jc]



PokerStars Hand #242978868653: Tournament #3574928896, $0.92+$0.08 USD Hold'em No Limit - Level I (10/20) - 2023/04/09 8:35:11 CET [2023/04/09 2:35:11 ET]
Table '3574928896 1' 3-max Seat #2 is the button
Seat 1: Battyrocks (500 in chips) 
Seat 2: Mahu2021 (560 in chips) 
Seat 3: homeside (440 in chips) 
homeside: posts small blind 10
Battyrocks: posts big blind 20
*** HOLE CARDS ***
Dealt to Mahu2021 [9s 6d]
Mahu2021: folds 
homeside: calls 10
Battyrocks: checks 
*** FLOP *** [2s 4s Jd]
homeside: bets 20
Battyrocks: folds 
Uncalled bet (20) returned to homeside
homeside collected 40 from pot
*** SUMMARY ***
Total pot 40 | Rake 0 
Board [2s 4s Jd]
Seat 1: Battyrocks (big blind) folded on the Flop
Seat 2: Mahu2021 (button) folded before Flop (didn't bet)
Seat 3: homeside (small blind) collected (40)



PokerStars Hand #242978870271: Tournament #3574928896, $0.92+$0.08 USD Hold'em No Limit - Level I (10/20) - 2023/04/09 8:35:25 CET [2023/04/09 2:35:25 ET]
Table '3574928896 1' 3-max Seat #3 is the button
Seat 1: Battyrocks (480 in chips) 
Seat 2: Mahu2021 (560 in chips) 
Seat 3: homeside (460 in chips) 
Battyrocks: posts small blind 10
Mahu2021: posts big blind 20
*** HOLE CARDS ***
Dealt to Mahu2021 [Qd Kc]
homeside: calls 20
Battyrocks: raises 20 to 40
Mahu2021: calls 20
homeside: calls 20
*** FLOP *** [3s 6s 9d]
Battyrocks: bets 20
Mahu2021: folds 
homeside: raises 160 to 180
Battyrocks: calls 160
*** TURN *** [3s 6s 9d] [Qh]
Battyrocks: checks 
homeside: bets 240 and is all-in
Battyrocks: calls 240
*** RIVER *** [3s 6s 9d Qh] [Js]
*** SHOW DOWN ***
Battyrocks: shows [Qs As] (a flush, Ace high)
homeside: shows [Jd 9h] (two pair, Jacks and Nines)
Battyrocks collected 960 from pot
homeside finished the tournament in 3rd place
*** SUMMARY ***
Total pot 960 | Rake 0 
Board [3s 6s 9d Qh Js]
Seat 1: Battyrocks (small blind) showed [Qs As] and won (960) with a flush, Ace high
Seat 2: Mahu2021 (big blind) folded on the Flop
Seat 3: homeside (button) showed [Jd 9h] and lost with two pair, Jacks and Nines



PokerStars Hand #242978874571: Tournament #3574928896, $0.92+$0.08 USD Hold'em No Limit - Level I (10/20) - 2023/04/09 8:36:03 CET [2023/04/09 2:36:03 ET]
Table '3574928896 1' 3-max Seat #2 is the button
Seat 1: Battyrocks (980 in chips) 
Seat 2: Mahu2021 (520 in chips) 
Mahu2021: posts small blind 10
Battyrocks: posts big blind 20
*** HOLE CARDS ***
Dealt to Mahu2021 [5s 5c]
Mahu2021: raises 500 to 520 and is all-in
Battyrocks: folds 
Uncalled bet (500) returned to Mahu2021
Mahu2021 collected 40 from pot
Mahu2021: doesn't show hand 
*** SUMMARY ***
Total pot 40 | Rake 0 
Seat 1: Battyrocks (big blind) folded before Flop
Seat 2: Mahu2021 (button) (small blind) collected (40)



PokerStars Hand #242978875968: Tournament #3574928896, $0.92+$0.08 USD Hold'em No Limit - Level I (10/20) - 2023/04/09 8:36:15 CET [2023/04/09 2:36:15 ET]
Table '3574928896 1' 3-max Seat #1 is the button
Seat 1: Battyrocks (960 in chips) 
Seat 2: Mahu2021 (540 in chips) 
Battyrocks: posts small blind 10
Mahu2021: posts big blind 20
*** HOLE CARDS ***
Dealt to Mahu2021 [Ks Qh]
Battyrocks: calls 10
Mahu2021: checks 
*** FLOP *** [7c 2h 5h]
Mahu2021: checks 
Battyrocks: checks 
*** TURN *** [7c 2h 5h] [8s]
Mahu2021: checks 
Battyrocks: checks 
*** RIVER *** [7c 2h 5h 8s] [4d]
Mahu2021: bets 20
Battyrocks: calls 20
*** SHOW DOWN ***
Mahu2021: shows [Ks Qh] (high card King)
Battyrocks: shows [4s 9c] (a pair of Fours)
Battyrocks collected 80 from pot
*** SUMMARY ***
Total pot 80 | Rake 0 
Board [7c 2h 5h 8s 4d]
Seat 1: Battyrocks (button) (small blind) showed [4s 9c] and won (80) with a pair of Fours
Seat 2: Mahu2021 (big blind) showed [Ks Qh] and lost with high card King



PokerStars Hand #242978878754: Tournament #3574928896, $0.92+$0.08 USD Hold'em No Limit - Level I (10/20) - 2023/04/09 8:36:39 CET [2023/04/09 2:36:39 ET]
Table '3574928896 1' 3-max Seat #2 is the button
Seat 1: Battyrocks (1000 in chips) 
Seat 2: Mahu2021 (500 in chips) 
Mahu2021: posts small blind 10
Battyrocks: posts big blind 20
*** HOLE CARDS ***
Dealt to Mahu2021 [5s 7d]
Mahu2021: folds 
Uncalled bet (10) returned to Battyrocks
Battyrocks collected 20 from pot
*** SUMMARY ***
Total pot 20 | Rake 0 
Seat 1: Battyrocks (big blind) collected (20)
Seat 2: Mahu2021 (button) (small blind) folded before Flop



PokerStars Hand #242978879692: Tournament #3574928896, $0.92+$0.08 USD Hold'em No Limit - Level II (15/30) - 2023/04/09 8:36:47 CET [2023/04/09 2:36:47 ET]
Table '3574928896 1' 3-max Seat #1 is the button
Seat 1: Battyrocks (1010 in chips) 
Seat 2: Mahu2021 (490 in chips) 
Battyrocks: posts small blind 15
Mahu2021: posts big blind 30
*** HOLE CARDS ***
Dealt to Mahu2021 [Kd Qh]
Battyrocks: calls 15
Mahu2021: checks 
*** FLOP *** [7s 3s 5c]
Mahu2021: checks 
Battyrocks: checks 
*** TURN *** [7s 3s 5c] [Jd]
Mahu2021: checks 
Battyrocks: checks 
*** RIVER *** [7s 3s 5c Jd] [2d]
Mahu2021: checks 
Battyrocks: bets 30
Mahu2021: folds 
Uncalled bet (30) returned to Battyrocks
Battyrocks collected 60 from pot
*** SUMMARY ***
Total pot 60 | Rake 0 
Board [7s 3s 5c Jd 2d]
Seat 1: Battyrocks (button) (small blind) collected (60)
Seat 2: Mahu2021 (big blind) folded on the River



PokerStars Hand #242978882307: Tournament #3574928896, $0.92+$0.08 USD Hold'em No Limit - Level II (15/30) - 2023/04/09 8:37:10 CET [2023/04/09 2:37:10 ET]
Table '3574928896 1' 3-max Seat #2 is the button
Seat 1: Battyrocks (1040 in chips) 
Seat 2: Mahu2021 (460 in chips) 
Mahu2021: posts small blind 15
Battyrocks: posts big blind 30
*** HOLE CARDS ***
Dealt to Mahu2021 [9c 5c]
Mahu2021: calls 15
Battyrocks: checks 
*** FLOP *** [6h 3c Qs]
Battyrocks: bets 30
Mahu2021: folds 
Uncalled bet (30) returned to Battyrocks
Battyrocks collected 60 from pot
*** SUMMARY ***
Total pot 60 | Rake 0 
Board [6h 3c Qs]
Seat 1: Battyrocks (big blind) collected (60)
Seat 2: Mahu2021 (button) (small blind) folded on the Flop



PokerStars Hand #242978883709: Tournament #3574928896, $0.92+$0.08 USD Hold'em No Limit - Level II (15/30) - 2023/04/09 8:37:22 CET [2023/04/09 2:37:22 ET]
Table '3574928896 1' 3-max Seat #1 is the button
Seat 1: Battyrocks (1070 in chips) 
Seat 2: Mahu2021 (430 in chips) 
Battyrocks: posts small blind 15
Mahu2021: posts big blind 30
*** HOLE CARDS ***
Dealt to Mahu2021 [Qh 5d]
Battyrocks: calls 15
Mahu2021: checks 
*** FLOP *** [5h 2h Kd]
Mahu2021: checks 
Battyrocks: checks 
*** TURN *** [5h 2h Kd] [8s]
Mahu2021: bets 30
Battyrocks: calls 30
*** RIVER *** [5h 2h Kd 8s] [8c]
Mahu2021: bets 120
Battyrocks: folds 
Uncalled bet (120) returned to Mahu2021
Mahu2021 collected 120 from pot
Mahu2021: doesn't show hand 
*** SUMMARY ***
Total pot 120 | Rake 0 
Board [5h 2h Kd 8s 8c]
Seat 1: Battyrocks (button) (small blind) folded on the River
Seat 2: Mahu2021 (big blind) collected (120)



PokerStars Hand #242978886001: Tournament #3574928896, $0.92+$0.08 USD Hold'em No Limit - Level II (15/30) - 2023/04/09 8:37:42 CET [2023/04/09 2:37:42 ET]
Table '3574928896 1' 3-max Seat #2 is the button
Seat 1: Battyrocks (1010 in chips) 
Seat 2: Mahu2021 (490 in chips) 
Mahu2021: posts small blind 15
Battyrocks: posts big blind 30
*** HOLE CARDS ***
Dealt to Mahu2021 [Qh Jd]
Mahu2021: calls 15
Battyrocks: checks 
*** FLOP *** [Js 2s Jh]
Battyrocks: checks 
Mahu2021: checks 
*** TURN *** [Js 2s Jh] [4d]
Battyrocks: checks 
Mahu2021: checks 
*** RIVER *** [Js 2s Jh 4d] [6h]
Battyrocks: checks 
Mahu2021: bets 60
Battyrocks: folds 
Uncalled bet (60) returned to Mahu2021
Mahu2021 collected 60 from pot
Mahu2021: doesn't show hand 
*** SUMMARY ***
Total pot 60 | Rake 0 
Board [Js 2s Jh 4d 6h]
Seat 1: Battyrocks (big blind) folded on the River
Seat 2: Mahu2021 (button) (small blind) collected (60)



PokerStars Hand #242978888520: Tournament #3574928896, $0.92+$0.08 USD Hold'em No Limit - Level II (15/30) - 2023/04/09 8:38:04 CET [2023/04/09 2:38:04 ET]
Table '3574928896 1' 3-max Seat #1 is the button
Seat 1: Battyrocks (980 in chips) 
Seat 2: Mahu2021 (520 in chips) 
Battyrocks: posts small blind 15
Mahu2021: posts big blind 30
*** HOLE CARDS ***
Dealt to Mahu2021 [2h Ad]
Battyrocks: raises 30 to 60
Mahu2021: folds 
Uncalled bet (30) returned to Battyrocks
Battyrocks collected 60 from pot
*** SUMMARY ***
Total pot 60 | Rake 0 
Seat 1: Battyrocks (button) (small blind) collected (60)
Seat 2: Mahu2021 (big blind) folded before Flop



PokerStars Hand #242978889287: Tournament #3574928896, $0.92+$0.08 USD Hold'em No Limit - Level II (15/30) - 2023/04/09 8:38:11 CET [2023/04/09 2:38:11 ET]
Table '3574928896 1' 3-max Seat #2 is the button
Seat 1: Battyrocks (1010 in chips) 
Seat 2: Mahu2021 (490 in chips) 
Mahu2021: posts small blind 15
Battyrocks: posts big blind 30
*** HOLE CARDS ***
Dealt to Mahu2021 [3d Qd]
Mahu2021: calls 15
Battyrocks: checks 
*** FLOP *** [8h 3c 4d]
Battyrocks: checks 
Mahu2021: bets 30
Battyrocks: folds 
Uncalled bet (30) returned to Mahu2021
Mahu2021 collected 60 from pot
Mahu2021: doesn't show hand 
*** SUMMARY ***
Total pot 60 | Rake 0 
Board [8h 3c 4d]
Seat 1: Battyrocks (big blind) folded on the Flop
Seat 2: Mahu2021 (button) (small blind) collected (60)



PokerStars Hand #242978890896: Tournament #3574928896, $0.92+$0.08 USD Hold'em No Limit - Level II (15/30) - 2023/04/09 8:38:26 CET [2023/04/09 2:38:26 ET]
Table '3574928896 1' 3-max Seat #1 is the button
Seat 1: Battyrocks (980 in chips) 
Seat 2: Mahu2021 (520 in chips) 
Battyrocks: posts small blind 15
Mahu2021: posts big blind 30
*** HOLE CARDS ***
Dealt to Mahu2021 [3d Js]
Battyrocks: calls 15
Mahu2021: checks 
*** FLOP *** [7s 7d Kd]
Mahu2021: checks 
Battyrocks: checks 
*** TURN *** [7s 7d Kd] [Td]
Mahu2021: bets 30
Battyrocks: folds 
Uncalled bet (30) returned to Mahu2021
Mahu2021 collected 60 from pot
Mahu2021: doesn't show hand 
*** SUMMARY ***
Total pot 60 | Rake 0 
Board [7s 7d Kd Td]
Seat 1: Battyrocks (button) (small blind) folded on the Turn
Seat 2: Mahu2021 (big blind) collected (60)



PokerStars Hand #242978893586: Tournament #3574928896, $0.92+$0.08 USD Hold'em No Limit - Level III (20/40) - 2023/04/09 8:38:50 CET [2023/04/09 2:38:50 ET]
Table '3574928896 1' 3-max Seat #2 is the button
Seat 1: Battyrocks (950 in chips) 
Seat 2: Mahu2021 (550 in chips) 
Mahu2021: posts small blind 20
Battyrocks: posts big blind 40
*** HOLE CARDS ***
Dealt to Mahu2021 [Qh 3s]
Mahu2021: folds 
Uncalled bet (20) returned to Battyrocks
Battyrocks collected 40 from pot
*** SUMMARY ***
Total pot 40 | Rake 0 
Seat 1: Battyrocks (big blind) collected (40)
Seat 2: Mahu2021 (button) (small blind) folded before Flop



PokerStars Hand #242978894236: Tournament #3574928896, $0.92+$0.08 USD Hold'em No Limit - Level III (20/40) - 2023/04/09 8:38:55 CET [2023/04/09 2:38:55 ET]
Table '3574928896 1' 3-max Seat #1 is the button
Seat 1: Battyrocks (970 in chips) 
Seat 2: Mahu2021 (530 in chips) 
Battyrocks: posts small blind 20
Mahu2021: posts big blind 40
*** HOLE CARDS ***
Dealt to Mahu2021 [4h 2s]
Battyrocks: calls 20
Mahu2021: checks 
*** FLOP *** [7h Qd 8s]
Mahu2021: checks 
Battyrocks: checks 
*** TURN *** [7h Qd 8s] [Kh]
Mahu2021: checks 
Battyrocks: checks 
*** RIVER *** [7h Qd 8s Kh] [7s]
Mahu2021: checks 
Battyrocks: checks 
*** SHOW DOWN ***
Mahu2021: shows [4h 2s] (a pair of Sevens)
Battyrocks: shows [3c Th] (a pair of Sevens - King+Queen+Ten kicker)
Battyrocks collected 80 from pot
*** SUMMARY ***
Total pot 80 | Rake 0 
Board [7h Qd 8s Kh 7s]
Seat 1: Battyrocks (button) (small blind) showed [3c Th] and won (80) with a pair of Sevens
Seat 2: Mahu2021 (big blind) showed [4h 2s] and lost with a pair of Sevens



PokerStars Hand #242978895975: Tournament #3574928896, $0.92+$0.08 USD Hold'em No Limit - Level III (20/40) - 2023/04/09 8:39:10 CET [2023/04/09 2:39:10 ET]
Table '3574928896 1' 3-max Seat #2 is the button
Seat 1: Battyrocks (1010 in chips) 
Seat 2: Mahu2021 (490 in chips) 
Mahu2021: posts small blind 20
Battyrocks: posts big blind 40
*** HOLE CARDS ***
Dealt to Mahu2021 [6s 2h]
Mahu2021: folds 
Uncalled bet (20) returned to Battyrocks
Battyrocks collected 40 from pot
*** SUMMARY ***
Total pot 40 | Rake 0 
Seat 1: Battyrocks (big blind) collected (40)
Seat 2: Mahu2021 (button) (small blind) folded before Flop



PokerStars Hand #242978896550: Tournament #3574928896, $0.92+$0.08 USD Hold'em No Limit - Level III (20/40) - 2023/04/09 8:39:15 CET [2023/04/09 2:39:15 ET]
Table '3574928896 1' 3-max Seat #1 is the button
Seat 1: Battyrocks (1030 in chips) 
Seat 2: Mahu2021 (470 in chips) 
Battyrocks: posts small blind 20
Mahu2021: posts big blind 40
*** HOLE CARDS ***
Dealt to Mahu2021 [Qh 4s]
Battyrocks: calls 20
Mahu2021: checks 
*** FLOP *** [Th 9c 6h]
Mahu2021: checks 
Battyrocks: bets 40
Mahu2021: folds 
Uncalled bet (40) returned to Battyrocks
Battyrocks collected 80 from pot
*** SUMMARY ***
Total pot 80 | Rake 0 
Board [Th 9c 6h]
Seat 1: Battyrocks (button) (small blind) collected (80)
Seat 2: Mahu2021 (big blind) folded on the Flop



PokerStars Hand #242978898096: Tournament #3574928896, $0.92+$0.08 USD Hold'em No Limit - Level III (20/40) - 2023/04/09 8:39:29 CET [2023/04/09 2:39:29 ET]
Table '3574928896 1' 3-max Seat #2 is the button
Seat 1: Battyrocks (1070 in chips) 
Seat 2: Mahu2021 (430 in chips) 
Mahu2021: posts small blind 20
Battyrocks: posts big blind 40
*** HOLE CARDS ***
Dealt to Mahu2021 [Qh 9h]
Mahu2021: calls 20
Battyrocks: checks 
*** FLOP *** [9d Kd Js]
Battyrocks: checks 
Mahu2021: bets 40
Battyrocks: folds 
Uncalled bet (40) returned to Mahu2021
Mahu2021 collected 80 from pot
Mahu2021: doesn't show hand 
*** SUMMARY ***
Total pot 80 | Rake 0 
Board [9d Kd Js]
Seat 1: Battyrocks (big blind) folded on the Flop
Seat 2: Mahu2021 (button) (small blind) collected (80)



PokerStars Hand #242978899423: Tournament #3574928896, $0.92+$0.08 USD Hold'em No Limit - Level III (20/40) - 2023/04/09 8:39:41 CET [2023/04/09 2:39:41 ET]
Table '3574928896 1' 3-max Seat #1 is the button
Seat 1: Battyrocks (1030 in chips) 
Seat 2: Mahu2021 (470 in chips) 
Battyrocks: posts small blind 20
Mahu2021: posts big blind 40
*** HOLE CARDS ***
Dealt to Mahu2021 [2h 9s]
Battyrocks: calls 20
Mahu2021: checks 
*** FLOP *** [5d 4s Tc]
Mahu2021: checks 
Battyrocks: checks 
*** TURN *** [5d 4s Tc] [Ks]
Mahu2021: checks 
Battyrocks: checks 
*** RIVER *** [5d 4s Tc Ks] [Ts]
Mahu2021: checks 
Battyrocks: checks 
*** SHOW DOWN ***
Mahu2021: shows [2h 9s] (a pair of Tens)
Battyrocks: shows [3d Qh] (a pair of Tens - King+Queen kicker)
Battyrocks collected 80 from pot
*** SUMMARY ***
Total pot 80 | Rake 0 
Board [5d 4s Tc Ks Ts]
Seat 1: Battyrocks (button) (small blind) showed [3d Qh] and won (80) with a pair of Tens
Seat 2: Mahu2021 (big blind) showed [2h 9s] and lost with a pair of Tens



PokerStars Hand #242978901025: Tournament #3574928896, $0.92+$0.08 USD Hold'em No Limit - Level III (20/40) - 2023/04/09 8:39:55 CET [2023/04/09 2:39:55 ET]
Table '3574928896 1' 3-max Seat #2 is the button
Seat 1: Battyrocks (1070 in chips) 
Seat 2: Mahu2021 (430 in chips) 
Mahu2021: posts small blind 20
Battyrocks: posts big blind 40
*** HOLE CARDS ***
Dealt to Mahu2021 [Ac Ah]
Mahu2021: calls 20
Battyrocks: checks 
*** FLOP *** [4s 6d 7s]
Battyrocks: checks 
Mahu2021: bets 40
Battyrocks: calls 40
*** TURN *** [4s 6d 7s] [5h]
Battyrocks: checks 
Mahu2021: checks 
*** RIVER *** [4s 6d 7s 5h] [3s]
Battyrocks: checks 
Mahu2021: checks 
*** SHOW DOWN ***
Battyrocks: shows [5c Qc] (a straight, Three to Seven)
Mahu2021: shows [Ac Ah] (a straight, Three to Seven)
Battyrocks collected 80 from pot
Mahu2021 collected 80 from pot
*** SUMMARY ***
Total pot 160 | Rake 0 
Board [4s 6d 7s 5h 3s]
Seat 1: Battyrocks (big blind) showed [5c Qc] and won (80) with a straight, Three to Seven
Seat 2: Mahu2021 (button) (small blind) showed [Ac Ah] and won (80) with a straight, Three to Seven



PokerStars Hand #242978903124: Tournament #3574928896, $0.92+$0.08 USD Hold'em No Limit - Level III (20/40) - 2023/04/09 8:40:13 CET [2023/04/09 2:40:13 ET]
Table '3574928896 1' 3-max Seat #1 is the button
Seat 1: Battyrocks (1070 in chips) 
Seat 2: Mahu2021 (430 in chips) 
Battyrocks: posts small blind 20
Mahu2021: posts big blind 40
*** HOLE CARDS ***
Dealt to Mahu2021 [Ah Kh]
Battyrocks: calls 20
Mahu2021: raises 80 to 120
Battyrocks: calls 80
*** FLOP *** [2s Qd 4s]
Mahu2021: checks 
Battyrocks: bets 40
Mahu2021: calls 40
*** TURN *** [2s Qd 4s] [9c]
Mahu2021: checks 
Battyrocks: checks 
*** RIVER *** [2s Qd 4s 9c] [6h]
Mahu2021: bets 270 and is all-in
Battyrocks: folds 
Uncalled bet (270) returned to Mahu2021
Mahu2021 collected 320 from pot
Mahu2021: doesn't show hand 
*** SUMMARY ***
Total pot 320 | Rake 0 
Board [2s Qd 4s 9c 6h]
Seat 1: Battyrocks (button) (small blind) folded on the River
Seat 2: Mahu2021 (big blind) collected (320)



PokerStars Hand #242978906500: Tournament #3574928896, $0.92+$0.08 USD Hold'em No Limit - Level III (20/40) - 2023/04/09 8:40:42 CET [2023/04/09 2:40:42 ET]
Table '3574928896 1' 3-max Seat #2 is the button
Seat 1: Battyrocks (910 in chips) 
Seat 2: Mahu2021 (590 in chips) 
Mahu2021: posts small blind 20
Battyrocks: posts big blind 40
*** HOLE CARDS ***
Dealt to Mahu2021 [3c 8d]
Mahu2021: folds 
Uncalled bet (20) returned to Battyrocks
Battyrocks collected 40 from pot
*** SUMMARY ***
Total pot 40 | Rake 0 
Seat 1: Battyrocks (big blind) collected (40)
Seat 2: Mahu2021 (button) (small blind) folded before Flop



PokerStars Hand #242978907381: Tournament #3574928896, $0.92+$0.08 USD Hold'em No Limit - Level IV (30/60) - 2023/04/09 8:40:50 CET [2023/04/09 2:40:50 ET]
Table '3574928896 1' 3-max Seat #1 is the button
Seat 1: Battyrocks (930 in chips) 
Seat 2: Mahu2021 (570 in chips) 
Battyrocks: posts small blind 30
Mahu2021: posts big blind 60
*** HOLE CARDS ***
Dealt to Mahu2021 [Ah 9s]
Battyrocks: calls 30
Mahu2021: raises 510 to 570 and is all-in
Battyrocks: folds 
Uncalled bet (510) returned to Mahu2021
Mahu2021 collected 120 from pot
Mahu2021: doesn't show hand 
*** SUMMARY ***
Total pot 120 | Rake 0 
Seat 1: Battyrocks (button) (small blind) folded before Flop
Seat 2: Mahu2021 (big blind) collected (120)



PokerStars Hand #242978908615: Tournament #3574928896, $0.92+$0.08 USD Hold'em No Limit - Level IV (30/60) - 2023/04/09 8:41:01 CET [2023/04/09 2:41:01 ET]
Table '3574928896 1' 3-max Seat #2 is the button
Seat 1: Battyrocks (870 in chips) 
Seat 2: Mahu2021 (630 in chips) 
Mahu2021: posts small blind 30
Battyrocks: posts big blind 60
*** HOLE CARDS ***
Dealt to Mahu2021 [6d Ah]
Mahu2021: raises 570 to 630 and is all-in
Battyrocks: folds 
Uncalled bet (570) returned to Mahu2021
Mahu2021 collected 120 from pot
Mahu2021: doesn't show hand 
*** SUMMARY ***
Total pot 120 | Rake 0 
Seat 1: Battyrocks (big blind) folded before Flop
Seat 2: Mahu2021 (button) (small blind) collected (120)



PokerStars Hand #242978909461: Tournament #3574928896, $0.92+$0.08 USD Hold'em No Limit - Level IV (30/60) - 2023/04/09 8:41:08 CET [2023/04/09 2:41:08 ET]
Table '3574928896 1' 3-max Seat #1 is the button
Seat 1: Battyrocks (810 in chips) 
Seat 2: Mahu2021 (690 in chips) 
Battyrocks: posts small blind 30
Mahu2021: posts big blind 60
*** HOLE CARDS ***
Dealt to Mahu2021 [5h 5c]
Battyrocks: calls 30
Mahu2021: raises 630 to 690 and is all-in
Battyrocks: folds 
Uncalled bet (630) returned to Mahu2021
Mahu2021 collected 120 from pot
Mahu2021: doesn't show hand 
*** SUMMARY ***
Total pot 120 | Rake 0 
Seat 1: Battyrocks (button) (small blind) folded before Flop
Seat 2: Mahu2021 (big blind) collected (120)



PokerStars Hand #242978910542: Tournament #3574928896, $0.92+$0.08 USD Hold'em No Limit - Level IV (30/60) - 2023/04/09 8:41:18 CET [2023/04/09 2:41:18 ET]
Table '3574928896 1' 3-max Seat #2 is the button
Seat 1: Battyrocks (750 in chips) 
Seat 2: Mahu2021 (750 in chips) 
Mahu2021: posts small blind 30
Battyrocks: posts big blind 60
*** HOLE CARDS ***
Dealt to Mahu2021 [Js 5c]
Mahu2021: folds 
Uncalled bet (30) returned to Battyrocks
Battyrocks collected 60 from pot
*** SUMMARY ***
Total pot 60 | Rake 0 
Seat 1: Battyrocks (big blind) collected (60)
Seat 2: Mahu2021 (button) (small blind) folded before Flop



PokerStars Hand #242978911129: Tournament #3574928896, $0.92+$0.08 USD Hold'em No Limit - Level IV (30/60) - 2023/04/09 8:41:23 CET [2023/04/09 2:41:23 ET]
Table '3574928896 1' 3-max Seat #1 is the button
Seat 1: Battyrocks (780 in chips) 
Seat 2: Mahu2021 (720 in chips) 
Battyrocks: posts small blind 30
Mahu2021: posts big blind 60
*** HOLE CARDS ***
Dealt to Mahu2021 [5h 7d]
Battyrocks: calls 30
Mahu2021: checks 
*** FLOP *** [Kh 9h 2d]
Mahu2021: checks 
Battyrocks: checks 
*** TURN *** [Kh 9h 2d] [9s]
Mahu2021: checks 
Battyrocks: checks 
*** RIVER *** [Kh 9h 2d 9s] [9d]
Mahu2021: checks 
Battyrocks: checks 
*** SHOW DOWN ***
Mahu2021: shows [5h 7d] (three of a kind, Nines)
Battyrocks: shows [4c Qc] (three of a kind, Nines - King+Queen kicker)
Battyrocks collected 120 from pot
*** SUMMARY ***
Total pot 120 | Rake 0 
Board [Kh 9h 2d 9s 9d]
Seat 1: Battyrocks (button) (small blind) showed [4c Qc] and won (120) with three of a kind, Nines
Seat 2: Mahu2021 (big blind) showed [5h 7d] and lost with three of a kind, Nines



PokerStars Hand #242978913016: Tournament #3574928896, $0.92+$0.08 USD Hold'em No Limit - Level IV (30/60) - 2023/04/09 8:41:39 CET [2023/04/09 2:41:39 ET]
Table '3574928896 1' 3-max Seat #2 is the button
Seat 1: Battyrocks (840 in chips) 
Seat 2: Mahu2021 (660 in chips) 
Mahu2021: posts small blind 30
Battyrocks: posts big blind 60
*** HOLE CARDS ***
Dealt to Mahu2021 [6h Kh]
Mahu2021: calls 30
Battyrocks: checks 
*** FLOP *** [Tc 4h Jh]
Battyrocks: checks 
Mahu2021: bets 120
Battyrocks: calls 120
*** TURN *** [Tc 4h Jh] [9c]
Battyrocks: checks 
Mahu2021: bets 480 and is all-in
Battyrocks: calls 480
*** RIVER *** [Tc 4h Jh 9c] [7c]
*** SHOW DOWN ***
Battyrocks: shows [Jc Kc] (a flush, King high)
Mahu2021: shows [6h Kh] (high card King)
Battyrocks collected 1320 from pot
Mahu2021 finished the tournament in 2nd place
Battyrocks wins the tournament and receives $2.00 - congratulations!
*** SUMMARY ***
Total pot 1320 | Rake 0 
Board [Tc 4h Jh 9c 7c]
Seat 1: Battyrocks (big blind) showed [Jc Kc] and won (1320) with a flush, King high
Seat 2: Mahu2021 (button) (small blind) showed [6h Kh] and lost with high card King



