PokerStars Hand #243277230219: Tournament #3581717049, $9.30+$0.70 USD Hold'em No Limit - Level I (10/20) - 2023/04/23 22:31:59 CET [2023/04/23 16:31:59 ET]
Table '3581717049 1' 3-max Seat #1 is the button
Seat 1: Rofc stars (500 in chips) 
Seat 2: Mahu2021 (500 in chips) 
Seat 3: Mixbear (500 in chips) 
Mahu2021: posts small blind 10
Mixbear: posts big blind 20
*** HOLE CARDS ***
Dealt to Mahu2021 [Ks 4c]
Rofc stars: raises 20 to 40
Mahu2021: folds 
Mixbear: calls 20
*** FLOP *** [9c 5c 2s]
Mixbear: checks 
Rofc stars: bets 30
Mixbear: calls 30
*** TURN *** [9c 5c 2s] [Jc]
Mixbear: checks 
Rofc stars: bets 75
Mixbear: calls 75
*** RIVER *** [9c 5c 2s Jc] [Js]
Mixbear: checks 
Rofc stars: bets 150
Mixbear: calls 150
*** SHOW DOWN ***
Rofc stars: shows [Jd As] (three of a kind, Jacks)
Mixbear: mucks hand 
Rofc stars collected 600 from pot
*** SUMMARY ***
Total pot 600 | Rake 0 
Board [9c 5c 2s Jc Js]
Seat 1: Rofc stars (button) showed [Jd As] and won (600) with three of a kind, Jacks
Seat 2: Mahu2021 (small blind) folded before Flop
Seat 3: Mixbear (big blind) mucked [5h Qh]



PokerStars Hand #243277247773: Tournament #3581717049, $9.30+$0.70 USD Hold'em No Limit - Level I (10/20) - 2023/04/23 22:32:36 CET [2023/04/23 16:32:36 ET]
Table '3581717049 1' 3-max Seat #2 is the button
Seat 1: Rofc stars (805 in chips) 
Seat 2: Mahu2021 (490 in chips) 
Seat 3: Mixbear (205 in chips) 
Mixbear: posts small blind 10
Rofc stars: posts big blind 20
*** HOLE CARDS ***
Dealt to Mahu2021 [6c 3s]
Mahu2021: folds 
Mixbear: folds 
Uncalled bet (10) returned to Rofc stars
Rofc stars collected 20 from pot
Rofc stars: doesn't show hand 
*** SUMMARY ***
Total pot 20 | Rake 0 
Seat 1: Rofc stars (big blind) collected (20)
Seat 2: Mahu2021 (button) folded before Flop (didn't bet)
Seat 3: Mixbear (small blind) folded before Flop



PokerStars Hand #243277249963: Tournament #3581717049, $9.30+$0.70 USD Hold'em No Limit - Level I (10/20) - 2023/04/23 22:32:41 CET [2023/04/23 16:32:41 ET]
Table '3581717049 1' 3-max Seat #3 is the button
Seat 1: Rofc stars (815 in chips) 
Seat 2: Mahu2021 (490 in chips) 
Seat 3: Mixbear (195 in chips) 
Rofc stars: posts small blind 10
Mahu2021: posts big blind 20
*** HOLE CARDS ***
Dealt to Mahu2021 [Ks Js]
Mixbear: raises 175 to 195 and is all-in
Rofc stars: folds 
Mahu2021: calls 175
*** FLOP *** [8h 3d Qs]
*** TURN *** [8h 3d Qs] [4s]
*** RIVER *** [8h 3d Qs 4s] [9c]
*** SHOW DOWN ***
Mahu2021: shows [Ks Js] (high card King)
Mixbear: shows [As Td] (high card Ace)
Mixbear collected 400 from pot
*** SUMMARY ***
Total pot 400 | Rake 0 
Board [8h 3d Qs 4s 9c]
Seat 1: Rofc stars (small blind) folded before Flop
Seat 2: Mahu2021 (big blind) showed [Ks Js] and lost with high card King
Seat 3: Mixbear (button) showed [As Td] and won (400) with high card Ace



PokerStars Hand #243277255917: Tournament #3581717049, $9.30+$0.70 USD Hold'em No Limit - Level I (10/20) - 2023/04/23 22:32:54 CET [2023/04/23 16:32:54 ET]
Table '3581717049 1' 3-max Seat #1 is the button
Seat 1: Rofc stars (805 in chips) 
Seat 2: Mahu2021 (295 in chips) 
Seat 3: Mixbear (400 in chips) 
Mahu2021: posts small blind 10
Mixbear: posts big blind 20
*** HOLE CARDS ***
Dealt to Mahu2021 [9d 8d]
Rofc stars: raises 20 to 40
Mahu2021: calls 30
Mixbear: folds 
*** FLOP *** [3s 2d Th]
Mahu2021: checks 
Rofc stars: bets 33
Mahu2021: folds 
Uncalled bet (33) returned to Rofc stars
Rofc stars collected 100 from pot
Rofc stars: doesn't show hand 
*** SUMMARY ***
Total pot 100 | Rake 0 
Board [3s 2d Th]
Seat 1: Rofc stars (button) collected (100)
Seat 2: Mahu2021 (small blind) folded on the Flop
Seat 3: Mixbear (big blind) folded before Flop



PokerStars Hand #243277262458: Tournament #3581717049, $9.30+$0.70 USD Hold'em No Limit - Level I (10/20) - 2023/04/23 22:33:08 CET [2023/04/23 16:33:08 ET]
Table '3581717049 1' 3-max Seat #2 is the button
Seat 1: Rofc stars (865 in chips) 
Seat 2: Mahu2021 (255 in chips) 
Seat 3: Mixbear (380 in chips) 
Mixbear: posts small blind 10
Rofc stars: posts big blind 20
*** HOLE CARDS ***
Dealt to Mahu2021 [Jd Kd]
Mahu2021: raises 20 to 40
Mixbear: folds 
Rofc stars: raises 825 to 865 and is all-in
Mahu2021: calls 215 and is all-in
Uncalled bet (610) returned to Rofc stars
*** FLOP *** [7c 6d 6c]
*** TURN *** [7c 6d 6c] [Th]
*** RIVER *** [7c 6d 6c Th] [5d]
*** SHOW DOWN ***
Rofc stars: shows [Ac Jh] (a pair of Sixes)
Mahu2021: shows [Jd Kd] (a pair of Sixes - lower kicker)
Rofc stars collected 520 from pot
Mahu2021 finished the tournament in 3rd place
*** SUMMARY ***
Total pot 520 | Rake 0 
Board [7c 6d 6c Th 5d]
Seat 1: Rofc stars (big blind) showed [Ac Jh] and won (520) with a pair of Sixes
Seat 2: Mahu2021 (button) showed [Jd Kd] and lost with a pair of Sixes
Seat 3: Mixbear (small blind) folded before Flop



