PokerStars Hand #249007636902: Tournament #3718708333, $1.84+$0.16 USD Hold'em No Limit - Level I (10/20) - 2024/02/21 14:35:37 CET [2024/02/21 8:35:37 ET]
Table '3718708333 1' 3-max Seat #1 is the button
Seat 1: ImPolska (500 in chips) 
Seat 2: Mahu2021 (500 in chips) 
Seat 3: xTransparent (500 in chips) 
Mahu2021: posts small blind 10
xTransparent: posts big blind 20
*** HOLE CARDS ***
Dealt to Mahu2021 [Qc Ad]
ImPolska: folds 
Mahu2021: raises 40 to 60
xTransparent: folds 
Uncalled bet (40) returned to Mahu2021
Mahu2021 collected 40 from pot
Mahu2021: doesn't show hand 
*** SUMMARY ***
Total pot 40 | Rake 0 
Seat 1: ImPolska (button) folded before Flop (didn't bet)
Seat 2: Mahu2021 (small blind) collected (40)
Seat 3: xTransparent (big blind) folded before Flop



PokerStars Hand #249007638537: Tournament #3718708333, $1.84+$0.16 USD Hold'em No Limit - Level I (10/20) - 2024/02/21 14:35:46 CET [2024/02/21 8:35:46 ET]
Table '3718708333 1' 3-max Seat #2 is the button
Seat 1: ImPolska (500 in chips) 
Seat 2: Mahu2021 (520 in chips) 
Seat 3: xTransparent (480 in chips) 
xTransparent: posts small blind 10
ImPolska: posts big blind 20
*** HOLE CARDS ***
Dealt to Mahu2021 [8d 9d]
Mahu2021: calls 20
xTransparent: folds 
ImPolska: checks 
*** FLOP *** [Qc 3d 8s]
ImPolska: bets 20
Mahu2021: calls 20
*** TURN *** [Qc 3d 8s] [Kc]
ImPolska: checks 
Mahu2021: checks 
*** RIVER *** [Qc 3d 8s Kc] [6d]
ImPolska: checks 
Mahu2021: checks 
*** SHOW DOWN ***
ImPolska: shows [4h 8h] (a pair of Eights)
Mahu2021: shows [8d 9d] (a pair of Eights - King+Queen+Nine kicker)
Mahu2021 collected 90 from pot
*** SUMMARY ***
Total pot 90 | Rake 0 
Board [Qc 3d 8s Kc 6d]
Seat 1: ImPolska (big blind) showed [4h 8h] and lost with a pair of Eights
Seat 2: Mahu2021 (button) showed [8d 9d] and won (90) with a pair of Eights
Seat 3: xTransparent (small blind) folded before Flop



PokerStars Hand #249007642995: Tournament #3718708333, $1.84+$0.16 USD Hold'em No Limit - Level I (10/20) - 2024/02/21 14:36:08 CET [2024/02/21 8:36:08 ET]
Table '3718708333 1' 3-max Seat #3 is the button
Seat 1: ImPolska (460 in chips) 
Seat 2: Mahu2021 (570 in chips) 
Seat 3: xTransparent (470 in chips) 
ImPolska: posts small blind 10
Mahu2021: posts big blind 20
*** HOLE CARDS ***
Dealt to Mahu2021 [Td 7d]
xTransparent: raises 20 to 40
ImPolska: calls 30
Mahu2021: calls 20
*** FLOP *** [9h 3s Jd]
ImPolska: checks 
Mahu2021: checks 
xTransparent: bets 120
ImPolska: folds 
Mahu2021: folds 
Uncalled bet (120) returned to xTransparent
xTransparent collected 120 from pot
xTransparent: doesn't show hand 
*** SUMMARY ***
Total pot 120 | Rake 0 
Board [9h 3s Jd]
Seat 1: ImPolska (small blind) folded on the Flop
Seat 2: Mahu2021 (big blind) folded on the Flop
Seat 3: xTransparent (button) collected (120)



PokerStars Hand #249007646466: Tournament #3718708333, $1.84+$0.16 USD Hold'em No Limit - Level I (10/20) - 2024/02/21 14:36:26 CET [2024/02/21 8:36:26 ET]
Table '3718708333 1' 3-max Seat #1 is the button
Seat 1: ImPolska (420 in chips) 
Seat 2: Mahu2021 (530 in chips) 
Seat 3: xTransparent (550 in chips) 
Mahu2021: posts small blind 10
xTransparent: posts big blind 20
*** HOLE CARDS ***
Dealt to Mahu2021 [Ah Kc]
ImPolska: folds 
Mahu2021: raises 40 to 60
xTransparent: folds 
Uncalled bet (40) returned to Mahu2021
Mahu2021 collected 40 from pot
Mahu2021: doesn't show hand 
*** SUMMARY ***
Total pot 40 | Rake 0 
Seat 1: ImPolska (button) folded before Flop (didn't bet)
Seat 2: Mahu2021 (small blind) collected (40)
Seat 3: xTransparent (big blind) folded before Flop



PokerStars Hand #249007648293: Tournament #3718708333, $1.84+$0.16 USD Hold'em No Limit - Level I (10/20) - 2024/02/21 14:36:35 CET [2024/02/21 8:36:35 ET]
Table '3718708333 1' 3-max Seat #2 is the button
Seat 1: ImPolska (420 in chips) 
Seat 2: Mahu2021 (550 in chips) 
Seat 3: xTransparent (530 in chips) 
xTransparent: posts small blind 10
ImPolska: posts big blind 20
*** HOLE CARDS ***
Dealt to Mahu2021 [8s 9h]
Mahu2021: folds 
xTransparent: folds 
Uncalled bet (10) returned to ImPolska
ImPolska collected 20 from pot
*** SUMMARY ***
Total pot 20 | Rake 0 
Seat 1: ImPolska (big blind) collected (20)
Seat 2: Mahu2021 (button) folded before Flop (didn't bet)
Seat 3: xTransparent (small blind) folded before Flop



PokerStars Hand #249007649364: Tournament #3718708333, $1.84+$0.16 USD Hold'em No Limit - Level I (10/20) - 2024/02/21 14:36:41 CET [2024/02/21 8:36:41 ET]
Table '3718708333 1' 3-max Seat #3 is the button
Seat 1: ImPolska (430 in chips) 
Seat 2: Mahu2021 (550 in chips) 
Seat 3: xTransparent (520 in chips) 
ImPolska: posts small blind 10
Mahu2021: posts big blind 20
*** HOLE CARDS ***
Dealt to Mahu2021 [Ad 7h]
xTransparent: raises 160 to 180
ImPolska: folds 
Mahu2021: folds 
Uncalled bet (160) returned to xTransparent
xTransparent collected 50 from pot
xTransparent: doesn't show hand 
*** SUMMARY ***
Total pot 50 | Rake 0 
Seat 1: ImPolska (small blind) folded before Flop
Seat 2: Mahu2021 (big blind) folded before Flop
Seat 3: xTransparent (button) collected (50)



PokerStars Hand #249007652188: Tournament #3718708333, $1.84+$0.16 USD Hold'em No Limit - Level I (10/20) - 2024/02/21 14:36:55 CET [2024/02/21 8:36:55 ET]
Table '3718708333 1' 3-max Seat #1 is the button
Seat 1: ImPolska (420 in chips) 
Seat 2: Mahu2021 (530 in chips) 
Seat 3: xTransparent (550 in chips) 
Mahu2021: posts small blind 10
xTransparent: posts big blind 20
*** HOLE CARDS ***
Dealt to Mahu2021 [Ts 2s]
ImPolska: calls 20
Mahu2021: folds 
xTransparent: checks 
*** FLOP *** [Js 6s Kc]
xTransparent: checks 
ImPolska: bets 20
xTransparent: folds 
Uncalled bet (20) returned to ImPolska
ImPolska collected 50 from pot
*** SUMMARY ***
Total pot 50 | Rake 0 
Board [Js 6s Kc]
Seat 1: ImPolska (button) collected (50)
Seat 2: Mahu2021 (small blind) folded before Flop
Seat 3: xTransparent (big blind) folded on the Flop



PokerStars Hand #249007655975: Tournament #3718708333, $1.84+$0.16 USD Hold'em No Limit - Level I (10/20) - 2024/02/21 14:37:15 CET [2024/02/21 8:37:15 ET]
Table '3718708333 1' 3-max Seat #2 is the button
Seat 1: ImPolska (450 in chips) 
Seat 2: Mahu2021 (520 in chips) 
Seat 3: xTransparent (530 in chips) 
xTransparent: posts small blind 10
ImPolska: posts big blind 20
*** HOLE CARDS ***
Dealt to Mahu2021 [2s Qd]
Mahu2021: folds 
xTransparent: folds 
Uncalled bet (10) returned to ImPolska
ImPolska collected 20 from pot
*** SUMMARY ***
Total pot 20 | Rake 0 
Seat 1: ImPolska (big blind) collected (20)
Seat 2: Mahu2021 (button) folded before Flop (didn't bet)
Seat 3: xTransparent (small blind) folded before Flop



PokerStars Hand #249007657170: Tournament #3718708333, $1.84+$0.16 USD Hold'em No Limit - Level I (10/20) - 2024/02/21 14:37:21 CET [2024/02/21 8:37:21 ET]
Table '3718708333 1' 3-max Seat #3 is the button
Seat 1: ImPolska (460 in chips) 
Seat 2: Mahu2021 (520 in chips) 
Seat 3: xTransparent (520 in chips) 
ImPolska: posts small blind 10
Mahu2021: posts big blind 20
*** HOLE CARDS ***
Dealt to Mahu2021 [3h 5s]
xTransparent: folds 
ImPolska: calls 10
Mahu2021: checks 
*** FLOP *** [Qd 6c 5c]
ImPolska: checks 
Mahu2021: bets 20
ImPolska: calls 20
*** TURN *** [Qd 6c 5c] [Jh]
ImPolska: checks 
Mahu2021: checks 
*** RIVER *** [Qd 6c 5c Jh] [2c]
ImPolska: checks 
Mahu2021: checks 
*** SHOW DOWN ***
ImPolska: shows [9s 8d] (high card Queen)
Mahu2021: shows [3h 5s] (a pair of Fives)
Mahu2021 collected 80 from pot
*** SUMMARY ***
Total pot 80 | Rake 0 
Board [Qd 6c 5c Jh 2c]
Seat 1: ImPolska (small blind) showed [9s 8d] and lost with high card Queen
Seat 2: Mahu2021 (big blind) showed [3h 5s] and won (80) with a pair of Fives
Seat 3: xTransparent (button) folded before Flop (didn't bet)



PokerStars Hand #249007661965: Tournament #3718708333, $1.84+$0.16 USD Hold'em No Limit - Level I (10/20) - 2024/02/21 14:37:45 CET [2024/02/21 8:37:45 ET]
Table '3718708333 1' 3-max Seat #1 is the button
Seat 1: ImPolska (420 in chips) 
Seat 2: Mahu2021 (560 in chips) 
Seat 3: xTransparent (520 in chips) 
Mahu2021: posts small blind 10
xTransparent: posts big blind 20
*** HOLE CARDS ***
Dealt to Mahu2021 [Qh Kc]
ImPolska: folds 
Mahu2021: raises 40 to 60
xTransparent: folds 
Uncalled bet (40) returned to Mahu2021
Mahu2021 collected 40 from pot
Mahu2021: doesn't show hand 
*** SUMMARY ***
Total pot 40 | Rake 0 
Seat 1: ImPolska (button) folded before Flop (didn't bet)
Seat 2: Mahu2021 (small blind) collected (40)
Seat 3: xTransparent (big blind) folded before Flop



PokerStars Hand #249007664844: Tournament #3718708333, $1.84+$0.16 USD Hold'em No Limit - Level I (10/20) - 2024/02/21 14:37:59 CET [2024/02/21 8:37:59 ET]
Table '3718708333 1' 3-max Seat #2 is the button
Seat 1: ImPolska (420 in chips) 
Seat 2: Mahu2021 (580 in chips) 
Seat 3: xTransparent (500 in chips) 
xTransparent: posts small blind 10
ImPolska: posts big blind 20
*** HOLE CARDS ***
Dealt to Mahu2021 [8c As]
Mahu2021: raises 20 to 40
xTransparent: folds 
ImPolska: calls 20
*** FLOP *** [Ac Qh 5h]
ImPolska: bets 20
Mahu2021: calls 20
*** TURN *** [Ac Qh 5h] [2c]
ImPolska: checks 
Mahu2021: checks 
*** RIVER *** [Ac Qh 5h 2c] [7s]
ImPolska: bets 20
Mahu2021: raises 60 to 80
ImPolska: calls 60
*** SHOW DOWN ***
Mahu2021: shows [8c As] (a pair of Aces)
ImPolska: mucks hand 
Mahu2021 collected 290 from pot
*** SUMMARY ***
Total pot 290 | Rake 0 
Board [Ac Qh 5h 2c 7s]
Seat 1: ImPolska (big blind) mucked [8s Qd]
Seat 2: Mahu2021 (button) showed [8c As] and won (290) with a pair of Aces
Seat 3: xTransparent (small blind) folded before Flop



PokerStars Hand #249007669680: Tournament #3718708333, $1.84+$0.16 USD Hold'em No Limit - Level I (10/20) - 2024/02/21 14:38:24 CET [2024/02/21 8:38:24 ET]
Table '3718708333 1' 3-max Seat #3 is the button
Seat 1: ImPolska (280 in chips) 
Seat 2: Mahu2021 (730 in chips) 
Seat 3: xTransparent (490 in chips) 
ImPolska: posts small blind 10
Mahu2021: posts big blind 20
*** HOLE CARDS ***
Dealt to Mahu2021 [7d Qh]
xTransparent: folds 
ImPolska: calls 10
Mahu2021: checks 
*** FLOP *** [7h Ks 8h]
ImPolska: checks 
Mahu2021: bets 20
ImPolska: calls 20
*** TURN *** [7h Ks 8h] [Jh]
ImPolska: bets 20
Mahu2021: calls 20
*** RIVER *** [7h Ks 8h Jh] [5c]
ImPolska: bets 20
Mahu2021: calls 20
*** SHOW DOWN ***
ImPolska: shows [9c Td] (a straight, Seven to Jack)
Mahu2021: mucks hand 
ImPolska collected 160 from pot
*** SUMMARY ***
Total pot 160 | Rake 0 
Board [7h Ks 8h Jh 5c]
Seat 1: ImPolska (small blind) showed [9c Td] and won (160) with a straight, Seven to Jack
Seat 2: Mahu2021 (big blind) mucked [7d Qh]
Seat 3: xTransparent (button) folded before Flop (didn't bet)



PokerStars Hand #249007675198: Tournament #3718708333, $1.84+$0.16 USD Hold'em No Limit - Level II (15/30) - 2024/02/21 14:38:51 CET [2024/02/21 8:38:51 ET]
Table '3718708333 1' 3-max Seat #1 is the button
Seat 1: ImPolska (360 in chips) 
Seat 2: Mahu2021 (650 in chips) 
Seat 3: xTransparent (490 in chips) 
Mahu2021: posts small blind 15
xTransparent: posts big blind 30
*** HOLE CARDS ***
Dealt to Mahu2021 [4s 9s]
ImPolska: calls 30
Mahu2021: folds 
xTransparent: checks 
*** FLOP *** [Kc Js Ad]
xTransparent: checks 
ImPolska: bets 30
xTransparent: folds 
Uncalled bet (30) returned to ImPolska
ImPolska collected 75 from pot
*** SUMMARY ***
Total pot 75 | Rake 0 
Board [Kc Js Ad]
Seat 1: ImPolska (button) collected (75)
Seat 2: Mahu2021 (small blind) folded before Flop
Seat 3: xTransparent (big blind) folded on the Flop



PokerStars Hand #249007677746: Tournament #3718708333, $1.84+$0.16 USD Hold'em No Limit - Level II (15/30) - 2024/02/21 14:39:04 CET [2024/02/21 8:39:04 ET]
Table '3718708333 1' 3-max Seat #2 is the button
Seat 1: ImPolska (405 in chips) 
Seat 2: Mahu2021 (635 in chips) 
Seat 3: xTransparent (460 in chips) 
xTransparent: posts small blind 15
ImPolska: posts big blind 30
*** HOLE CARDS ***
Dealt to Mahu2021 [6h Qc]
Mahu2021: folds 
xTransparent: folds 
Uncalled bet (15) returned to ImPolska
ImPolska collected 30 from pot
*** SUMMARY ***
Total pot 30 | Rake 0 
Seat 1: ImPolska (big blind) collected (30)
Seat 2: Mahu2021 (button) folded before Flop (didn't bet)
Seat 3: xTransparent (small blind) folded before Flop



PokerStars Hand #249007679572: Tournament #3718708333, $1.84+$0.16 USD Hold'em No Limit - Level II (15/30) - 2024/02/21 14:39:13 CET [2024/02/21 8:39:13 ET]
Table '3718708333 1' 3-max Seat #3 is the button
Seat 1: ImPolska (420 in chips) 
Seat 2: Mahu2021 (635 in chips) 
Seat 3: xTransparent (445 in chips) 
ImPolska: posts small blind 15
Mahu2021: posts big blind 30
*** HOLE CARDS ***
Dealt to Mahu2021 [2h 6h]
xTransparent: folds 
ImPolska: folds 
Uncalled bet (15) returned to Mahu2021
Mahu2021 collected 30 from pot
Mahu2021: doesn't show hand 
*** SUMMARY ***
Total pot 30 | Rake 0 
Seat 1: ImPolska (small blind) folded before Flop
Seat 2: Mahu2021 (big blind) collected (30)
Seat 3: xTransparent (button) folded before Flop (didn't bet)



PokerStars Hand #249007680767: Tournament #3718708333, $1.84+$0.16 USD Hold'em No Limit - Level II (15/30) - 2024/02/21 14:39:20 CET [2024/02/21 8:39:20 ET]
Table '3718708333 1' 3-max Seat #1 is the button
Seat 1: ImPolska (405 in chips) 
Seat 2: Mahu2021 (650 in chips) 
Seat 3: xTransparent (445 in chips) 
Mahu2021: posts small blind 15
xTransparent: posts big blind 30
*** HOLE CARDS ***
Dealt to Mahu2021 [9d Th]
ImPolska: folds 
Mahu2021: raises 30 to 60
xTransparent: raises 150 to 210
Mahu2021: folds 
Uncalled bet (150) returned to xTransparent
xTransparent collected 120 from pot
xTransparent: doesn't show hand 
*** SUMMARY ***
Total pot 120 | Rake 0 
Seat 1: ImPolska (button) folded before Flop (didn't bet)
Seat 2: Mahu2021 (small blind) folded before Flop
Seat 3: xTransparent (big blind) collected (120)



PokerStars Hand #249007683375: Tournament #3718708333, $1.84+$0.16 USD Hold'em No Limit - Level II (15/30) - 2024/02/21 14:39:33 CET [2024/02/21 8:39:33 ET]
Table '3718708333 1' 3-max Seat #2 is the button
Seat 1: ImPolska (405 in chips) 
Seat 2: Mahu2021 (590 in chips) 
Seat 3: xTransparent (505 in chips) 
xTransparent: posts small blind 15
ImPolska: posts big blind 30
*** HOLE CARDS ***
Dealt to Mahu2021 [5c 3d]
Mahu2021: folds 
xTransparent: folds 
Uncalled bet (15) returned to ImPolska
ImPolska collected 30 from pot
*** SUMMARY ***
Total pot 30 | Rake 0 
Seat 1: ImPolska (big blind) collected (30)
Seat 2: Mahu2021 (button) folded before Flop (didn't bet)
Seat 3: xTransparent (small blind) folded before Flop



PokerStars Hand #249007684428: Tournament #3718708333, $1.84+$0.16 USD Hold'em No Limit - Level II (15/30) - 2024/02/21 14:39:38 CET [2024/02/21 8:39:38 ET]
Table '3718708333 1' 3-max Seat #3 is the button
Seat 1: ImPolska (420 in chips) 
Seat 2: Mahu2021 (590 in chips) 
Seat 3: xTransparent (490 in chips) 
ImPolska: posts small blind 15
Mahu2021: posts big blind 30
*** HOLE CARDS ***
Dealt to Mahu2021 [5s 6c]
xTransparent: raises 75 to 105
ImPolska: folds 
Mahu2021: folds 
Uncalled bet (75) returned to xTransparent
xTransparent collected 75 from pot
xTransparent: doesn't show hand 
*** SUMMARY ***
Total pot 75 | Rake 0 
Seat 1: ImPolska (small blind) folded before Flop
Seat 2: Mahu2021 (big blind) folded before Flop
Seat 3: xTransparent (button) collected (75)



PokerStars Hand #249007686113: Tournament #3718708333, $1.84+$0.16 USD Hold'em No Limit - Level II (15/30) - 2024/02/21 14:39:47 CET [2024/02/21 8:39:47 ET]
Table '3718708333 1' 3-max Seat #1 is the button
Seat 1: ImPolska (405 in chips) 
Seat 2: Mahu2021 (560 in chips) 
Seat 3: xTransparent (535 in chips) 
Mahu2021: posts small blind 15
xTransparent: posts big blind 30
*** HOLE CARDS ***
Dealt to Mahu2021 [Jh 6d]
ImPolska: calls 30
Mahu2021: calls 15
xTransparent: checks 
*** FLOP *** [8h 6s 5c]
Mahu2021: checks 
xTransparent: bets 90
ImPolska: folds 
Mahu2021: folds 
Uncalled bet (90) returned to xTransparent
xTransparent collected 90 from pot
xTransparent: doesn't show hand 
*** SUMMARY ***
Total pot 90 | Rake 0 
Board [8h 6s 5c]
Seat 1: ImPolska (button) folded on the Flop
Seat 2: Mahu2021 (small blind) folded on the Flop
Seat 3: xTransparent (big blind) collected (90)



PokerStars Hand #249007689829: Tournament #3718708333, $1.84+$0.16 USD Hold'em No Limit - Level II (15/30) - 2024/02/21 14:40:06 CET [2024/02/21 8:40:06 ET]
Table '3718708333 1' 3-max Seat #2 is the button
Seat 1: ImPolska (375 in chips) 
Seat 2: Mahu2021 (530 in chips) 
Seat 3: xTransparent (595 in chips) 
xTransparent: posts small blind 15
ImPolska: posts big blind 30
*** HOLE CARDS ***
Dealt to Mahu2021 [7h Qd]
Mahu2021: calls 30
xTransparent: calls 15
ImPolska: checks 
*** FLOP *** [Jc 3s 2d]
xTransparent: checks 
ImPolska: checks 
Mahu2021: checks 
*** TURN *** [Jc 3s 2d] [9h]
xTransparent: bets 30
ImPolska: folds 
Mahu2021: folds 
Uncalled bet (30) returned to xTransparent
xTransparent collected 90 from pot
xTransparent: doesn't show hand 
*** SUMMARY ***
Total pot 90 | Rake 0 
Board [Jc 3s 2d 9h]
Seat 1: ImPolska (big blind) folded on the Turn
Seat 2: Mahu2021 (button) folded on the Turn
Seat 3: xTransparent (small blind) collected (90)



PokerStars Hand #249007693658: Tournament #3718708333, $1.84+$0.16 USD Hold'em No Limit - Level II (15/30) - 2024/02/21 14:40:25 CET [2024/02/21 8:40:25 ET]
Table '3718708333 1' 3-max Seat #3 is the button
Seat 1: ImPolska (345 in chips) 
Seat 2: Mahu2021 (500 in chips) 
Seat 3: xTransparent (655 in chips) 
ImPolska: posts small blind 15
Mahu2021: posts big blind 30
*** HOLE CARDS ***
Dealt to Mahu2021 [Tc Td]
xTransparent: folds 
ImPolska: folds 
Uncalled bet (15) returned to Mahu2021
Mahu2021 collected 30 from pot
Mahu2021: doesn't show hand 
*** SUMMARY ***
Total pot 30 | Rake 0 
Seat 1: ImPolska (small blind) folded before Flop
Seat 2: Mahu2021 (big blind) collected (30)
Seat 3: xTransparent (button) folded before Flop (didn't bet)



PokerStars Hand #249007695343: Tournament #3718708333, $1.84+$0.16 USD Hold'em No Limit - Level II (15/30) - 2024/02/21 14:40:34 CET [2024/02/21 8:40:34 ET]
Table '3718708333 1' 3-max Seat #1 is the button
Seat 1: ImPolska (330 in chips) 
Seat 2: Mahu2021 (515 in chips) 
Seat 3: xTransparent (655 in chips) 
Mahu2021: posts small blind 15
xTransparent: posts big blind 30
*** HOLE CARDS ***
Dealt to Mahu2021 [Jh 3h]
ImPolska: folds 
Mahu2021: raises 60 to 90
xTransparent: folds 
Uncalled bet (60) returned to Mahu2021
Mahu2021 collected 60 from pot
Mahu2021: doesn't show hand 
*** SUMMARY ***
Total pot 60 | Rake 0 
Seat 1: ImPolska (button) folded before Flop (didn't bet)
Seat 2: Mahu2021 (small blind) collected (60)
Seat 3: xTransparent (big blind) folded before Flop



PokerStars Hand #249007697306: Tournament #3718708333, $1.84+$0.16 USD Hold'em No Limit - Level II (15/30) - 2024/02/21 14:40:44 CET [2024/02/21 8:40:44 ET]
Table '3718708333 1' 3-max Seat #2 is the button
Seat 1: ImPolska (330 in chips) 
Seat 2: Mahu2021 (545 in chips) 
Seat 3: xTransparent (625 in chips) 
xTransparent: posts small blind 15
ImPolska: posts big blind 30
*** HOLE CARDS ***
Dealt to Mahu2021 [8d Ks]
Mahu2021: folds 
xTransparent: folds 
Uncalled bet (15) returned to ImPolska
ImPolska collected 30 from pot
*** SUMMARY ***
Total pot 30 | Rake 0 
Seat 1: ImPolska (big blind) collected (30)
Seat 2: Mahu2021 (button) folded before Flop (didn't bet)
Seat 3: xTransparent (small blind) folded before Flop



PokerStars Hand #249007698666: Tournament #3718708333, $1.84+$0.16 USD Hold'em No Limit - Level II (15/30) - 2024/02/21 14:40:50 CET [2024/02/21 8:40:50 ET]
Table '3718708333 1' 3-max Seat #3 is the button
Seat 1: ImPolska (345 in chips) 
Seat 2: Mahu2021 (545 in chips) 
Seat 3: xTransparent (610 in chips) 
ImPolska: posts small blind 15
Mahu2021: posts big blind 30
*** HOLE CARDS ***
Dealt to Mahu2021 [Qd 5s]
xTransparent: folds 
ImPolska: calls 15
Mahu2021: checks 
*** FLOP *** [4c 5h 7s]
ImPolska: bets 30
Mahu2021: raises 485 to 515 and is all-in
ImPolska: folds 
Uncalled bet (485) returned to Mahu2021
Mahu2021 collected 120 from pot
Mahu2021: doesn't show hand 
*** SUMMARY ***
Total pot 120 | Rake 0 
Board [4c 5h 7s]
Seat 1: ImPolska (small blind) folded on the Flop
Seat 2: Mahu2021 (big blind) collected (120)
Seat 3: xTransparent (button) folded before Flop (didn't bet)



PokerStars Hand #249007704019: Tournament #3718708333, $1.84+$0.16 USD Hold'em No Limit - Level II (15/30) - 2024/02/21 14:41:17 CET [2024/02/21 8:41:17 ET]
Table '3718708333 1' 3-max Seat #1 is the button
Seat 1: ImPolska (285 in chips) 
Seat 2: Mahu2021 (605 in chips) 
Seat 3: xTransparent (610 in chips) 
Mahu2021: posts small blind 15
xTransparent: posts big blind 30
*** HOLE CARDS ***
Dealt to Mahu2021 [Ad Ac]
ImPolska: folds 
Mahu2021: raises 575 to 605 and is all-in
xTransparent: folds 
Uncalled bet (575) returned to Mahu2021
Mahu2021 collected 60 from pot
Mahu2021: doesn't show hand 
*** SUMMARY ***
Total pot 60 | Rake 0 
Seat 1: ImPolska (button) folded before Flop (didn't bet)
Seat 2: Mahu2021 (small blind) collected (60)
Seat 3: xTransparent (big blind) folded before Flop



PokerStars Hand #249007706048: Tournament #3718708333, $1.84+$0.16 USD Hold'em No Limit - Level II (15/30) - 2024/02/21 14:41:27 CET [2024/02/21 8:41:27 ET]
Table '3718708333 1' 3-max Seat #2 is the button
Seat 1: ImPolska (285 in chips) 
Seat 2: Mahu2021 (635 in chips) 
Seat 3: xTransparent (580 in chips) 
xTransparent: posts small blind 15
ImPolska: posts big blind 30
*** HOLE CARDS ***
Dealt to Mahu2021 [9c 3h]
Mahu2021: folds 
xTransparent: folds 
Uncalled bet (15) returned to ImPolska
ImPolska collected 30 from pot
*** SUMMARY ***
Total pot 30 | Rake 0 
Seat 1: ImPolska (big blind) collected (30)
Seat 2: Mahu2021 (button) folded before Flop (didn't bet)
Seat 3: xTransparent (small blind) folded before Flop



PokerStars Hand #249007707284: Tournament #3718708333, $1.84+$0.16 USD Hold'em No Limit - Level II (15/30) - 2024/02/21 14:41:34 CET [2024/02/21 8:41:34 ET]
Table '3718708333 1' 3-max Seat #3 is the button
Seat 1: ImPolska (300 in chips) 
Seat 2: Mahu2021 (635 in chips) 
Seat 3: xTransparent (565 in chips) 
ImPolska: posts small blind 15
Mahu2021: posts big blind 30
*** HOLE CARDS ***
Dealt to Mahu2021 [Jd 6c]
xTransparent: raises 120 to 150
ImPolska: folds 
Mahu2021: folds 
Uncalled bet (120) returned to xTransparent
xTransparent collected 75 from pot
xTransparent: doesn't show hand 
*** SUMMARY ***
Total pot 75 | Rake 0 
Seat 1: ImPolska (small blind) folded before Flop
Seat 2: Mahu2021 (big blind) folded before Flop
Seat 3: xTransparent (button) collected (75)



PokerStars Hand #249007709910: Tournament #3718708333, $1.84+$0.16 USD Hold'em No Limit - Level III (20/40) - 2024/02/21 14:41:47 CET [2024/02/21 8:41:47 ET]
Table '3718708333 1' 3-max Seat #1 is the button
Seat 1: ImPolska (285 in chips) 
Seat 2: Mahu2021 (605 in chips) 
Seat 3: xTransparent (610 in chips) 
Mahu2021: posts small blind 20
xTransparent: posts big blind 40
*** HOLE CARDS ***
Dealt to Mahu2021 [7h 7s]
ImPolska: calls 40
Mahu2021: calls 20
xTransparent: raises 200 to 240
ImPolska: raises 45 to 285 and is all-in
Mahu2021: folds 
xTransparent: calls 45
*** FLOP *** [Tc 9h 8c]
*** TURN *** [Tc 9h 8c] [Jh]
*** RIVER *** [Tc 9h 8c Jh] [Kh]
*** SHOW DOWN ***
xTransparent: shows [Ac Qd] (a straight, Ten to Ace)
ImPolska: shows [Kd Js] (two pair, Kings and Jacks)
xTransparent collected 610 from pot
ImPolska finished the tournament in 3rd place
*** SUMMARY ***
Total pot 610 | Rake 0 
Board [Tc 9h 8c Jh Kh]
Seat 1: ImPolska (button) showed [Kd Js] and lost with two pair, Kings and Jacks
Seat 2: Mahu2021 (small blind) folded before Flop
Seat 3: xTransparent (big blind) showed [Ac Qd] and won (610) with a straight, Ten to Ace



PokerStars Hand #249007715706: Tournament #3718708333, $1.84+$0.16 USD Hold'em No Limit - Level III (20/40) - 2024/02/21 14:42:16 CET [2024/02/21 8:42:16 ET]
Table '3718708333 1' 3-max Seat #3 is the button
Seat 2: Mahu2021 (565 in chips) 
Seat 3: xTransparent (935 in chips) 
xTransparent: posts small blind 20
Mahu2021: posts big blind 40
*** HOLE CARDS ***
Dealt to Mahu2021 [Jd 5h]
xTransparent: calls 20
Mahu2021: checks 
*** FLOP *** [Ad Ac 5d]
Mahu2021: bets 40
xTransparent: raises 40 to 80
Mahu2021: calls 40
*** TURN *** [Ad Ac 5d] [6s]
Mahu2021: checks 
xTransparent: bets 120
Mahu2021: calls 120
*** RIVER *** [Ad Ac 5d 6s] [2c]
Mahu2021: bets 325 and is all-in
xTransparent: folds 
Uncalled bet (325) returned to Mahu2021
Mahu2021 collected 480 from pot
Mahu2021: doesn't show hand 
*** SUMMARY ***
Total pot 480 | Rake 0 
Board [Ad Ac 5d 6s 2c]
Seat 2: Mahu2021 (big blind) collected (480)
Seat 3: xTransparent (button) (small blind) folded on the River



PokerStars Hand #249007719539: Tournament #3718708333, $1.84+$0.16 USD Hold'em No Limit - Level III (20/40) - 2024/02/21 14:42:36 CET [2024/02/21 8:42:36 ET]
Table '3718708333 1' 3-max Seat #2 is the button
Seat 2: Mahu2021 (805 in chips) 
Seat 3: xTransparent (695 in chips) 
Mahu2021: posts small blind 20
xTransparent: posts big blind 40
*** HOLE CARDS ***
Dealt to Mahu2021 [4d Jh]
Mahu2021: calls 20
xTransparent: checks 
*** FLOP *** [Js 5s Ad]
xTransparent: checks 
Mahu2021: checks 
*** TURN *** [Js 5s Ad] [3d]
xTransparent: checks 
Mahu2021: checks 
*** RIVER *** [Js 5s Ad 3d] [7c]
xTransparent: checks 
Mahu2021: bets 80
xTransparent: folds 
Uncalled bet (80) returned to Mahu2021
Mahu2021 collected 80 from pot
Mahu2021: doesn't show hand 
*** SUMMARY ***
Total pot 80 | Rake 0 
Board [Js 5s Ad 3d 7c]
Seat 2: Mahu2021 (button) (small blind) collected (80)
Seat 3: xTransparent (big blind) folded on the River



PokerStars Hand #249007723636: Tournament #3718708333, $1.84+$0.16 USD Hold'em No Limit - Level III (20/40) - 2024/02/21 14:42:57 CET [2024/02/21 8:42:57 ET]
Table '3718708333 1' 3-max Seat #3 is the button
Seat 2: Mahu2021 (845 in chips) 
Seat 3: xTransparent (655 in chips) 
xTransparent: posts small blind 20
Mahu2021: posts big blind 40
*** HOLE CARDS ***
Dealt to Mahu2021 [8c 5c]
xTransparent: raises 615 to 655 and is all-in
Mahu2021: folds 
Uncalled bet (615) returned to xTransparent
xTransparent collected 80 from pot
xTransparent: doesn't show hand 
*** SUMMARY ***
Total pot 80 | Rake 0 
Seat 2: Mahu2021 (big blind) folded before Flop
Seat 3: xTransparent (button) (small blind) collected (80)



PokerStars Hand #249007725073: Tournament #3718708333, $1.84+$0.16 USD Hold'em No Limit - Level III (20/40) - 2024/02/21 14:43:04 CET [2024/02/21 8:43:04 ET]
Table '3718708333 1' 3-max Seat #2 is the button
Seat 2: Mahu2021 (805 in chips) 
Seat 3: xTransparent (695 in chips) 
Mahu2021: posts small blind 20
xTransparent: posts big blind 40
*** HOLE CARDS ***
Dealt to Mahu2021 [9d 9s]
Mahu2021: raises 765 to 805 and is all-in
xTransparent: folds 
Uncalled bet (765) returned to Mahu2021
Mahu2021 collected 80 from pot
Mahu2021: doesn't show hand 
*** SUMMARY ***
Total pot 80 | Rake 0 
Seat 2: Mahu2021 (button) (small blind) collected (80)
Seat 3: xTransparent (big blind) folded before Flop



PokerStars Hand #249007726665: Tournament #3718708333, $1.84+$0.16 USD Hold'em No Limit - Level III (20/40) - 2024/02/21 14:43:12 CET [2024/02/21 8:43:12 ET]
Table '3718708333 1' 3-max Seat #3 is the button
Seat 2: Mahu2021 (845 in chips) 
Seat 3: xTransparent (655 in chips) 
xTransparent: posts small blind 20
Mahu2021: posts big blind 40
*** HOLE CARDS ***
Dealt to Mahu2021 [6s Jc]
xTransparent: calls 20
Mahu2021: checks 
*** FLOP *** [Jd 3h 2d]
Mahu2021: checks 
xTransparent: bets 80
Mahu2021: raises 120 to 200
xTransparent: calls 120
*** TURN *** [Jd 3h 2d] [9s]
Mahu2021: bets 605 and is all-in
xTransparent: calls 415 and is all-in
Uncalled bet (190) returned to Mahu2021
*** RIVER *** [Jd 3h 2d 9s] [6c]
*** SHOW DOWN ***
Mahu2021: shows [6s Jc] (two pair, Jacks and Sixes)
xTransparent: shows [2c Kd] (a pair of Deuces)
Mahu2021 collected 1310 from pot
xTransparent finished the tournament in 2nd place
Mahu2021 wins the tournament and receives $10.00 - congratulations!
*** SUMMARY ***
Total pot 1310 | Rake 0 
Board [Jd 3h 2d 9s 6c]
Seat 2: Mahu2021 (big blind) showed [6s Jc] and won (1310) with two pair, Jacks and Sixes
Seat 3: xTransparent (button) (small blind) showed [2c Kd] and lost with a pair of Deuces



