PokerStars Hand #242964731722: Tournament #3574111642, $0.92+$0.08 USD Hold'em No Limit - Level I (10/20) - 2023/04/08 18:04:05 CET [2023/04/08 12:04:05 ET]
Table '3574111642 1' 3-max Seat #1 is the button
Seat 1: Mahu2021 (500 in chips) 
Seat 2: Painfullguy (500 in chips) 
Seat 3: Gunilla58 (500 in chips) 
Painfullguy: posts small blind 10
Gunilla58: posts big blind 20
*** HOLE CARDS ***
Dealt to Mahu2021 [6d Qh]
Mahu2021: folds 
Painfullguy: folds 
Uncalled bet (10) returned to Gunilla58
Gunilla58 collected 20 from pot
*** SUMMARY ***
Total pot 20 | Rake 0 
Seat 1: Mahu2021 (button) folded before Flop (didn't bet)
Seat 2: Painfullguy (small blind) folded before Flop
Seat 3: Gunilla58 (big blind) collected (20)



PokerStars Hand #242964733330: Tournament #3574111642, $0.92+$0.08 USD Hold'em No Limit - Level I (10/20) - 2023/04/08 18:04:11 CET [2023/04/08 12:04:11 ET]
Table '3574111642 1' 3-max Seat #2 is the button
Seat 1: Mahu2021 (500 in chips) 
Seat 2: Painfullguy (490 in chips) 
Seat 3: Gunilla58 (510 in chips) 
Gunilla58: posts small blind 10
Mahu2021: posts big blind 20
*** HOLE CARDS ***
Dealt to Mahu2021 [Qs 7d]
Painfullguy: folds 
Gunilla58: calls 10
Mahu2021: checks 
*** FLOP *** [8s 7h 3d]
Gunilla58: checks 
Mahu2021: bets 20
Gunilla58: calls 20
*** TURN *** [8s 7h 3d] [4s]
Gunilla58: bets 80
Mahu2021: folds 
Uncalled bet (80) returned to Gunilla58
Gunilla58 collected 80 from pot
*** SUMMARY ***
Total pot 80 | Rake 0 
Board [8s 7h 3d 4s]
Seat 1: Mahu2021 (big blind) folded on the Turn
Seat 2: Painfullguy (button) folded before Flop (didn't bet)
Seat 3: Gunilla58 (small blind) collected (80)



PokerStars Hand #242964740444: Tournament #3574111642, $0.92+$0.08 USD Hold'em No Limit - Level I (10/20) - 2023/04/08 18:04:34 CET [2023/04/08 12:04:34 ET]
Table '3574111642 1' 3-max Seat #3 is the button
Seat 1: Mahu2021 (460 in chips) 
Seat 2: Painfullguy (490 in chips) 
Seat 3: Gunilla58 (550 in chips) 
Mahu2021: posts small blind 10
Painfullguy: posts big blind 20
*** HOLE CARDS ***
Dealt to Mahu2021 [Tc 7c]
Gunilla58: calls 20
Mahu2021: calls 10
Painfullguy: checks 
*** FLOP *** [9c Jc Qh]
Mahu2021: bets 40
Painfullguy: folds 
Gunilla58: calls 40
*** TURN *** [9c Jc Qh] [4d]
Mahu2021: bets 400 and is all-in
Gunilla58: folds 
Uncalled bet (400) returned to Mahu2021
Mahu2021 collected 140 from pot
Mahu2021: doesn't show hand 
*** SUMMARY ***
Total pot 140 | Rake 0 
Board [9c Jc Qh 4d]
Seat 1: Mahu2021 (small blind) collected (140)
Seat 2: Painfullguy (big blind) folded on the Flop
Seat 3: Gunilla58 (button) folded on the Turn



PokerStars Hand #242964747464: Tournament #3574111642, $0.92+$0.08 USD Hold'em No Limit - Level I (10/20) - 2023/04/08 18:04:57 CET [2023/04/08 12:04:57 ET]
Table '3574111642 1' 3-max Seat #1 is the button
Seat 1: Mahu2021 (540 in chips) 
Seat 2: Painfullguy (470 in chips) 
Seat 3: Gunilla58 (490 in chips) 
Painfullguy: posts small blind 10
Gunilla58: posts big blind 20
*** HOLE CARDS ***
Dealt to Mahu2021 [9d 2h]
Mahu2021: folds 
Painfullguy: folds 
Uncalled bet (10) returned to Gunilla58
Gunilla58 collected 20 from pot
*** SUMMARY ***
Total pot 20 | Rake 0 
Seat 1: Mahu2021 (button) folded before Flop (didn't bet)
Seat 2: Painfullguy (small blind) folded before Flop
Seat 3: Gunilla58 (big blind) collected (20)



PokerStars Hand #242964749725: Tournament #3574111642, $0.92+$0.08 USD Hold'em No Limit - Level I (10/20) - 2023/04/08 18:05:04 CET [2023/04/08 12:05:04 ET]
Table '3574111642 1' 3-max Seat #2 is the button
Seat 1: Mahu2021 (540 in chips) 
Seat 2: Painfullguy (460 in chips) 
Seat 3: Gunilla58 (500 in chips) 
Gunilla58: posts small blind 10
Mahu2021: posts big blind 20
*** HOLE CARDS ***
Dealt to Mahu2021 [Kc 7h]
Painfullguy: folds 
Gunilla58: raises 20 to 40
Mahu2021: calls 20
*** FLOP *** [3h 2d 2s]
Gunilla58: checks 
Mahu2021: checks 
*** TURN *** [3h 2d 2s] [Kd]
Gunilla58: checks 
Mahu2021: checks 
*** RIVER *** [3h 2d 2s Kd] [8d]
Gunilla58: checks 
Mahu2021: bets 80
Gunilla58: calls 80
*** SHOW DOWN ***
Mahu2021: shows [Kc 7h] (two pair, Kings and Deuces)
Gunilla58: mucks hand 
Mahu2021 collected 240 from pot
*** SUMMARY ***
Total pot 240 | Rake 0 
Board [3h 2d 2s Kd 8d]
Seat 1: Mahu2021 (big blind) showed [Kc 7h] and won (240) with two pair, Kings and Deuces
Seat 2: Painfullguy (button) folded before Flop (didn't bet)
Seat 3: Gunilla58 (small blind) mucked [Ad Th]



PokerStars Hand #242964756138: Tournament #3574111642, $0.92+$0.08 USD Hold'em No Limit - Level I (10/20) - 2023/04/08 18:05:25 CET [2023/04/08 12:05:25 ET]
Table '3574111642 1' 3-max Seat #3 is the button
Seat 1: Mahu2021 (660 in chips) 
Seat 2: Painfullguy (460 in chips) 
Seat 3: Gunilla58 (380 in chips) 
Mahu2021: posts small blind 10
Painfullguy: posts big blind 20
*** HOLE CARDS ***
Dealt to Mahu2021 [3d 6c]
Gunilla58: raises 20 to 40
Mahu2021: folds 
Painfullguy: calls 20
*** FLOP *** [6s Js Jc]
Painfullguy: checks 
Gunilla58: checks 
*** TURN *** [6s Js Jc] [7d]
Painfullguy: bets 60
Gunilla58: folds 
Uncalled bet (60) returned to Painfullguy
Painfullguy collected 90 from pot
Painfullguy: doesn't show hand 
*** SUMMARY ***
Total pot 90 | Rake 0 
Board [6s Js Jc 7d]
Seat 1: Mahu2021 (small blind) folded before Flop
Seat 2: Painfullguy (big blind) collected (90)
Seat 3: Gunilla58 (button) folded on the Turn



PokerStars Hand #242964762986: Tournament #3574111642, $0.92+$0.08 USD Hold'em No Limit - Level I (10/20) - 2023/04/08 18:05:47 CET [2023/04/08 12:05:47 ET]
Table '3574111642 1' 3-max Seat #1 is the button
Seat 1: Mahu2021 (650 in chips) 
Seat 2: Painfullguy (510 in chips) 
Seat 3: Gunilla58 (340 in chips) 
Painfullguy: posts small blind 10
Gunilla58: posts big blind 20
*** HOLE CARDS ***
Dealt to Mahu2021 [9s Kh]
Mahu2021: calls 20
Painfullguy: calls 10
Gunilla58: checks 
*** FLOP *** [As Jc 8c]
Painfullguy: checks 
Gunilla58: checks 
Mahu2021: checks 
*** TURN *** [As Jc 8c] [5c]
Painfullguy: checks 
Gunilla58: checks 
Mahu2021: checks 
*** RIVER *** [As Jc 8c 5c] [9h]
Painfullguy: checks 
Gunilla58: checks 
Mahu2021: checks 
*** SHOW DOWN ***
Painfullguy: shows [8h Tc] (a pair of Eights)
Gunilla58: mucks hand 
Mahu2021: shows [9s Kh] (a pair of Nines)
Mahu2021 collected 60 from pot
*** SUMMARY ***
Total pot 60 | Rake 0 
Board [As Jc 8c 5c 9h]
Seat 1: Mahu2021 (button) showed [9s Kh] and won (60) with a pair of Nines
Seat 2: Painfullguy (small blind) showed [8h Tc] and lost with a pair of Eights
Seat 3: Gunilla58 (big blind) mucked [6h 4c]



PokerStars Hand #242964773282: Tournament #3574111642, $0.92+$0.08 USD Hold'em No Limit - Level I (10/20) - 2023/04/08 18:06:20 CET [2023/04/08 12:06:20 ET]
Table '3574111642 1' 3-max Seat #2 is the button
Seat 1: Mahu2021 (690 in chips) 
Seat 2: Painfullguy (490 in chips) 
Seat 3: Gunilla58 (320 in chips) 
Gunilla58: posts small blind 10
Mahu2021: posts big blind 20
*** HOLE CARDS ***
Dealt to Mahu2021 [Kd Kc]
Painfullguy: raises 20 to 40
Gunilla58: calls 30
Mahu2021: raises 650 to 690 and is all-in
Painfullguy: folds 
Gunilla58: folds 
Uncalled bet (650) returned to Mahu2021
Mahu2021 collected 120 from pot
Mahu2021: doesn't show hand 
*** SUMMARY ***
Total pot 120 | Rake 0 
Seat 1: Mahu2021 (big blind) collected (120)
Seat 2: Painfullguy (button) folded before Flop
Seat 3: Gunilla58 (small blind) folded before Flop



PokerStars Hand #242964777565: Tournament #3574111642, $0.92+$0.08 USD Hold'em No Limit - Level I (10/20) - 2023/04/08 18:06:34 CET [2023/04/08 12:06:34 ET]
Table '3574111642 1' 3-max Seat #3 is the button
Seat 1: Mahu2021 (770 in chips) 
Seat 2: Painfullguy (450 in chips) 
Seat 3: Gunilla58 (280 in chips) 
Mahu2021: posts small blind 10
Painfullguy: posts big blind 20
*** HOLE CARDS ***
Dealt to Mahu2021 [Ad 8d]
Gunilla58: folds 
Mahu2021: calls 10
Painfullguy: raises 60 to 80
Mahu2021: calls 60
*** FLOP *** [4h Kc Jc]
Mahu2021: checks 
Painfullguy: bets 80
Mahu2021: folds 
Uncalled bet (80) returned to Painfullguy
Painfullguy collected 160 from pot
Painfullguy: doesn't show hand 
*** SUMMARY ***
Total pot 160 | Rake 0 
Board [4h Kc Jc]
Seat 1: Mahu2021 (small blind) folded on the Flop
Seat 2: Painfullguy (big blind) collected (160)
Seat 3: Gunilla58 (button) folded before Flop (didn't bet)



PokerStars Hand #242964783520: Tournament #3574111642, $0.92+$0.08 USD Hold'em No Limit - Level I (10/20) - 2023/04/08 18:06:53 CET [2023/04/08 12:06:53 ET]
Table '3574111642 1' 3-max Seat #1 is the button
Seat 1: Mahu2021 (690 in chips) 
Seat 2: Painfullguy (530 in chips) 
Seat 3: Gunilla58 (280 in chips) 
Painfullguy: posts small blind 10
Gunilla58: posts big blind 20
*** HOLE CARDS ***
Dealt to Mahu2021 [Ks 3h]
Mahu2021: folds 
Painfullguy: calls 10
Gunilla58: checks 
*** FLOP *** [6c Ts Qd]
Painfullguy: checks 
Gunilla58: checks 
*** TURN *** [6c Ts Qd] [Kc]
Painfullguy: checks 
Gunilla58: checks 
*** RIVER *** [6c Ts Qd Kc] [2h]
Painfullguy: checks 
Gunilla58: checks 
*** SHOW DOWN ***
Painfullguy: shows [7c 6d] (a pair of Sixes)
Gunilla58: mucks hand 
Painfullguy collected 40 from pot
*** SUMMARY ***
Total pot 40 | Rake 0 
Board [6c Ts Qd Kc 2h]
Seat 1: Mahu2021 (button) folded before Flop (didn't bet)
Seat 2: Painfullguy (small blind) showed [7c 6d] and won (40) with a pair of Sixes
Seat 3: Gunilla58 (big blind) mucked [5s 7s]



PokerStars Hand #242964790549: Tournament #3574111642, $0.92+$0.08 USD Hold'em No Limit - Level II (15/30) - 2023/04/08 18:07:15 CET [2023/04/08 12:07:15 ET]
Table '3574111642 1' 3-max Seat #2 is the button
Seat 1: Mahu2021 (690 in chips) 
Seat 2: Painfullguy (550 in chips) 
Seat 3: Gunilla58 (260 in chips) 
Gunilla58: posts small blind 15
Mahu2021: posts big blind 30
*** HOLE CARDS ***
Dealt to Mahu2021 [Ks 4d]
Painfullguy: raises 30 to 60
Gunilla58: calls 45
Mahu2021: calls 30
*** FLOP *** [2h 6h 7h]
Gunilla58: bets 30
Mahu2021: folds 
Painfullguy: raises 460 to 490 and is all-in
Gunilla58: calls 170 and is all-in
Uncalled bet (290) returned to Painfullguy
*** TURN *** [2h 6h 7h] [2s]
*** RIVER *** [2h 6h 7h 2s] [2d]
*** SHOW DOWN ***
Gunilla58: shows [6s 5d] (a full house, Deuces full of Sixes)
Painfullguy: shows [4h Ah] (a flush, Ace high)
Gunilla58 collected 580 from pot
*** SUMMARY ***
Total pot 580 | Rake 0 
Board [2h 6h 7h 2s 2d]
Seat 1: Mahu2021 (big blind) folded on the Flop
Seat 2: Painfullguy (button) showed [4h Ah] and lost with a flush, Ace high
Seat 3: Gunilla58 (small blind) showed [6s 5d] and won (580) with a full house, Deuces full of Sixes



PokerStars Hand #242964798276: Tournament #3574111642, $0.92+$0.08 USD Hold'em No Limit - Level II (15/30) - 2023/04/08 18:07:40 CET [2023/04/08 12:07:40 ET]
Table '3574111642 1' 3-max Seat #3 is the button
Seat 1: Mahu2021 (630 in chips) 
Seat 2: Painfullguy (290 in chips) 
Seat 3: Gunilla58 (580 in chips) 
Mahu2021: posts small blind 15
Painfullguy: posts big blind 30
*** HOLE CARDS ***
Dealt to Mahu2021 [8s 9s]
Gunilla58: raises 30 to 60
Mahu2021: calls 45
Painfullguy: raises 230 to 290 and is all-in
Gunilla58: raises 230 to 520
Mahu2021: folds 
Uncalled bet (230) returned to Gunilla58
*** FLOP *** [Qd 3d 7c]
*** TURN *** [Qd 3d 7c] [Ah]
*** RIVER *** [Qd 3d 7c Ah] [6d]
*** SHOW DOWN ***
Painfullguy: shows [Qc Kh] (a pair of Queens)
Gunilla58: shows [Qs Qh] (three of a kind, Queens)
Gunilla58 collected 640 from pot
Painfullguy finished the tournament in 3rd place
*** SUMMARY ***
Total pot 640 | Rake 0 
Board [Qd 3d 7c Ah 6d]
Seat 1: Mahu2021 (small blind) folded before Flop
Seat 2: Painfullguy (big blind) showed [Qc Kh] and lost with a pair of Queens
Seat 3: Gunilla58 (button) showed [Qs Qh] and won (640) with three of a kind, Queens



PokerStars Hand #242964805555: Tournament #3574111642, $0.92+$0.08 USD Hold'em No Limit - Level II (15/30) - 2023/04/08 18:08:03 CET [2023/04/08 12:08:03 ET]
Table '3574111642 1' 3-max Seat #1 is the button
Seat 1: Mahu2021 (570 in chips) 
Seat 3: Gunilla58 (930 in chips) 
Mahu2021: posts small blind 15
Gunilla58: posts big blind 30
*** HOLE CARDS ***
Dealt to Mahu2021 [3d Th]
Mahu2021: folds 
Uncalled bet (15) returned to Gunilla58
Gunilla58 collected 30 from pot
*** SUMMARY ***
Total pot 30 | Rake 0 
Seat 1: Mahu2021 (button) (small blind) folded before Flop
Seat 3: Gunilla58 (big blind) collected (30)



PokerStars Hand #242964807125: Tournament #3574111642, $0.92+$0.08 USD Hold'em No Limit - Level II (15/30) - 2023/04/08 18:08:08 CET [2023/04/08 12:08:08 ET]
Table '3574111642 1' 3-max Seat #3 is the button
Seat 1: Mahu2021 (555 in chips) 
Seat 3: Gunilla58 (945 in chips) 
Gunilla58: posts small blind 15
Mahu2021: posts big blind 30
*** HOLE CARDS ***
Dealt to Mahu2021 [6d 7h]
Gunilla58: calls 15
Mahu2021: checks 
*** FLOP *** [4s Jc 4h]
Mahu2021: checks 
Gunilla58: bets 30
Mahu2021: folds 
Uncalled bet (30) returned to Gunilla58
Gunilla58 collected 60 from pot
*** SUMMARY ***
Total pot 60 | Rake 0 
Board [4s Jc 4h]
Seat 1: Mahu2021 (big blind) folded on the Flop
Seat 3: Gunilla58 (button) (small blind) collected (60)



PokerStars Hand #242964810426: Tournament #3574111642, $0.92+$0.08 USD Hold'em No Limit - Level II (15/30) - 2023/04/08 18:08:18 CET [2023/04/08 12:08:18 ET]
Table '3574111642 1' 3-max Seat #1 is the button
Seat 1: Mahu2021 (525 in chips) 
Seat 3: Gunilla58 (975 in chips) 
Mahu2021: posts small blind 15
Gunilla58: posts big blind 30
*** HOLE CARDS ***
Dealt to Mahu2021 [9c 2h]
Mahu2021: folds 
Uncalled bet (15) returned to Gunilla58
Gunilla58 collected 30 from pot
*** SUMMARY ***
Total pot 30 | Rake 0 
Seat 1: Mahu2021 (button) (small blind) folded before Flop
Seat 3: Gunilla58 (big blind) collected (30)



PokerStars Hand #242964811663: Tournament #3574111642, $0.92+$0.08 USD Hold'em No Limit - Level II (15/30) - 2023/04/08 18:08:22 CET [2023/04/08 12:08:22 ET]
Table '3574111642 1' 3-max Seat #3 is the button
Seat 1: Mahu2021 (510 in chips) 
Seat 3: Gunilla58 (990 in chips) 
Gunilla58: posts small blind 15
Mahu2021: posts big blind 30
*** HOLE CARDS ***
Dealt to Mahu2021 [7s Qs]
Gunilla58: calls 15
Mahu2021: checks 
*** FLOP *** [As Qd 8s]
Mahu2021: checks 
Gunilla58: checks 
*** TURN *** [As Qd 8s] [5h]
Mahu2021: checks 
Gunilla58: checks 
*** RIVER *** [As Qd 8s 5h] [2h]
Mahu2021: bets 30
Gunilla58: folds 
Uncalled bet (30) returned to Mahu2021
Mahu2021 collected 60 from pot
Mahu2021: doesn't show hand 
*** SUMMARY ***
Total pot 60 | Rake 0 
Board [As Qd 8s 5h 2h]
Seat 1: Mahu2021 (big blind) collected (60)
Seat 3: Gunilla58 (button) (small blind) folded on the River



PokerStars Hand #242964816221: Tournament #3574111642, $0.92+$0.08 USD Hold'em No Limit - Level II (15/30) - 2023/04/08 18:08:37 CET [2023/04/08 12:08:37 ET]
Table '3574111642 1' 3-max Seat #1 is the button
Seat 1: Mahu2021 (540 in chips) 
Seat 3: Gunilla58 (960 in chips) 
Mahu2021: posts small blind 15
Gunilla58: posts big blind 30
*** HOLE CARDS ***
Dealt to Mahu2021 [8s Kd]
Mahu2021: calls 15
Gunilla58: checks 
*** FLOP *** [7h Qc Jd]
Gunilla58: checks 
Mahu2021: bets 30
Gunilla58: folds 
Uncalled bet (30) returned to Mahu2021
Mahu2021 collected 60 from pot
Mahu2021: doesn't show hand 
*** SUMMARY ***
Total pot 60 | Rake 0 
Board [7h Qc Jd]
Seat 1: Mahu2021 (button) (small blind) collected (60)
Seat 3: Gunilla58 (big blind) folded on the Flop



PokerStars Hand #242964819710: Tournament #3574111642, $0.92+$0.08 USD Hold'em No Limit - Level II (15/30) - 2023/04/08 18:08:48 CET [2023/04/08 12:08:48 ET]
Table '3574111642 1' 3-max Seat #3 is the button
Seat 1: Mahu2021 (570 in chips) 
Seat 3: Gunilla58 (930 in chips) 
Gunilla58: posts small blind 15
Mahu2021: posts big blind 30
*** HOLE CARDS ***
Dealt to Mahu2021 [3d Jh]
Gunilla58: raises 30 to 60
Mahu2021: folds 
Uncalled bet (30) returned to Gunilla58
Gunilla58 collected 60 from pot
*** SUMMARY ***
Total pot 60 | Rake 0 
Seat 1: Mahu2021 (big blind) folded before Flop
Seat 3: Gunilla58 (button) (small blind) collected (60)



PokerStars Hand #242964821648: Tournament #3574111642, $0.92+$0.08 USD Hold'em No Limit - Level II (15/30) - 2023/04/08 18:08:54 CET [2023/04/08 12:08:54 ET]
Table '3574111642 1' 3-max Seat #1 is the button
Seat 1: Mahu2021 (540 in chips) 
Seat 3: Gunilla58 (960 in chips) 
Mahu2021: posts small blind 15
Gunilla58: posts big blind 30
*** HOLE CARDS ***
Dealt to Mahu2021 [Kd Td]
Mahu2021: raises 30 to 60
Gunilla58: folds 
Uncalled bet (30) returned to Mahu2021
Mahu2021 collected 60 from pot
Mahu2021: doesn't show hand 
*** SUMMARY ***
Total pot 60 | Rake 0 
Seat 1: Mahu2021 (button) (small blind) collected (60)
Seat 3: Gunilla58 (big blind) folded before Flop



PokerStars Hand #242964823619: Tournament #3574111642, $0.92+$0.08 USD Hold'em No Limit - Level II (15/30) - 2023/04/08 18:09:01 CET [2023/04/08 12:09:01 ET]
Table '3574111642 1' 3-max Seat #3 is the button
Seat 1: Mahu2021 (570 in chips) 
Seat 3: Gunilla58 (930 in chips) 
Gunilla58: posts small blind 15
Mahu2021: posts big blind 30
*** HOLE CARDS ***
Dealt to Mahu2021 [Ac Tc]
Gunilla58: calls 15
Mahu2021: raises 60 to 90
Gunilla58: calls 60
*** FLOP *** [Kh 4s Ad]
Mahu2021: bets 180
Gunilla58: folds 
Uncalled bet (180) returned to Mahu2021
Mahu2021 collected 180 from pot
Mahu2021: doesn't show hand 
*** SUMMARY ***
Total pot 180 | Rake 0 
Board [Kh 4s Ad]
Seat 1: Mahu2021 (big blind) collected (180)
Seat 3: Gunilla58 (button) (small blind) folded on the Flop



PokerStars Hand #242964828129: Tournament #3574111642, $0.92+$0.08 USD Hold'em No Limit - Level II (15/30) - 2023/04/08 18:09:15 CET [2023/04/08 12:09:15 ET]
Table '3574111642 1' 3-max Seat #1 is the button
Seat 1: Mahu2021 (660 in chips) 
Seat 3: Gunilla58 (840 in chips) 
Mahu2021: posts small blind 15
Gunilla58: posts big blind 30
*** HOLE CARDS ***
Dealt to Mahu2021 [2s Js]
Mahu2021: calls 15
Gunilla58: checks 
*** FLOP *** [8d 5d Qc]
Gunilla58: bets 30
Mahu2021: folds 
Uncalled bet (30) returned to Gunilla58
Gunilla58 collected 60 from pot
*** SUMMARY ***
Total pot 60 | Rake 0 
Board [8d 5d Qc]
Seat 1: Mahu2021 (button) (small blind) folded on the Flop
Seat 3: Gunilla58 (big blind) collected (60)



PokerStars Hand #242964831522: Tournament #3574111642, $0.92+$0.08 USD Hold'em No Limit - Level II (15/30) - 2023/04/08 18:09:26 CET [2023/04/08 12:09:26 ET]
Table '3574111642 1' 3-max Seat #3 is the button
Seat 1: Mahu2021 (630 in chips) 
Seat 3: Gunilla58 (870 in chips) 
Gunilla58: posts small blind 15
Mahu2021: posts big blind 30
*** HOLE CARDS ***
Dealt to Mahu2021 [9c 5d]
Gunilla58: calls 15
Mahu2021: checks 
*** FLOP *** [7d Qs Qd]
Mahu2021: checks 
Gunilla58: checks 
*** TURN *** [7d Qs Qd] [Ks]
Mahu2021: checks 
Gunilla58: checks 
*** RIVER *** [7d Qs Qd Ks] [7h]
Mahu2021: checks 
Gunilla58: checks 
*** SHOW DOWN ***
Mahu2021: shows [9c 5d] (two pair, Queens and Sevens)
Gunilla58: shows [Tc 2c] (two pair, Queens and Sevens)
Mahu2021 collected 30 from pot
Gunilla58 collected 30 from pot
*** SUMMARY ***
Total pot 60 | Rake 0 
Board [7d Qs Qd Ks 7h]
Seat 1: Mahu2021 (big blind) showed [9c 5d] and won (30) with two pair, Queens and Sevens
Seat 3: Gunilla58 (button) (small blind) showed [Tc 2c] and won (30) with two pair, Queens and Sevens



PokerStars Hand #242964835895: Tournament #3574111642, $0.92+$0.08 USD Hold'em No Limit - Level II (15/30) - 2023/04/08 18:09:40 CET [2023/04/08 12:09:40 ET]
Table '3574111642 1' 3-max Seat #1 is the button
Seat 1: Mahu2021 (630 in chips) 
Seat 3: Gunilla58 (870 in chips) 
Mahu2021: posts small blind 15
Gunilla58: posts big blind 30
*** HOLE CARDS ***
Dealt to Mahu2021 [4d Kd]
Mahu2021: calls 15
Gunilla58: raises 30 to 60
Mahu2021: calls 30
*** FLOP *** [2c 4s Qd]
Gunilla58: bets 30
Mahu2021: calls 30
*** TURN *** [2c 4s Qd] [7h]
Gunilla58: checks 
Mahu2021: checks 
*** RIVER *** [2c 4s Qd 7h] [4c]
Gunilla58: checks 
Mahu2021: bets 180
Gunilla58: calls 180
*** SHOW DOWN ***
Mahu2021: shows [4d Kd] (three of a kind, Fours)
Gunilla58: mucks hand 
Mahu2021 collected 540 from pot
*** SUMMARY ***
Total pot 540 | Rake 0 
Board [2c 4s Qd 7h 4c]
Seat 1: Mahu2021 (button) (small blind) showed [4d Kd] and won (540) with three of a kind, Fours
Seat 3: Gunilla58 (big blind) mucked [3s As]



PokerStars Hand #242964842578: Tournament #3574111642, $0.92+$0.08 USD Hold'em No Limit - Level II (15/30) - 2023/04/08 18:10:02 CET [2023/04/08 12:10:02 ET]
Table '3574111642 1' 3-max Seat #3 is the button
Seat 1: Mahu2021 (900 in chips) 
Seat 3: Gunilla58 (600 in chips) 
Gunilla58: posts small blind 15
Mahu2021: posts big blind 30
*** HOLE CARDS ***
Dealt to Mahu2021 [6s 9h]
Gunilla58: calls 15
Mahu2021: checks 
*** FLOP *** [7c Js 7d]
Mahu2021: checks 
Gunilla58: checks 
*** TURN *** [7c Js 7d] [3h]
Mahu2021: checks 
Gunilla58: checks 
*** RIVER *** [7c Js 7d 3h] [As]
Mahu2021: bets 30
Gunilla58: folds 
Uncalled bet (30) returned to Mahu2021
Mahu2021 collected 60 from pot
Mahu2021: doesn't show hand 
*** SUMMARY ***
Total pot 60 | Rake 0 
Board [7c Js 7d 3h As]
Seat 1: Mahu2021 (big blind) collected (60)
Seat 3: Gunilla58 (button) (small blind) folded on the River



PokerStars Hand #242964848084: Tournament #3574111642, $0.92+$0.08 USD Hold'em No Limit - Level III (20/40) - 2023/04/08 18:10:20 CET [2023/04/08 12:10:20 ET]
Table '3574111642 1' 3-max Seat #1 is the button
Seat 1: Mahu2021 (930 in chips) 
Seat 3: Gunilla58 (570 in chips) 
Mahu2021: posts small blind 20
Gunilla58: posts big blind 40
*** HOLE CARDS ***
Dealt to Mahu2021 [8s 2d]
Mahu2021: folds 
Uncalled bet (20) returned to Gunilla58
Gunilla58 collected 40 from pot
*** SUMMARY ***
Total pot 40 | Rake 0 
Seat 1: Mahu2021 (button) (small blind) folded before Flop
Seat 3: Gunilla58 (big blind) collected (40)



PokerStars Hand #242964849490: Tournament #3574111642, $0.92+$0.08 USD Hold'em No Limit - Level III (20/40) - 2023/04/08 18:10:24 CET [2023/04/08 12:10:24 ET]
Table '3574111642 1' 3-max Seat #3 is the button
Seat 1: Mahu2021 (910 in chips) 
Seat 3: Gunilla58 (590 in chips) 
Gunilla58: posts small blind 20
Mahu2021: posts big blind 40
*** HOLE CARDS ***
Dealt to Mahu2021 [6d Qd]
Gunilla58: calls 20
Mahu2021: checks 
*** FLOP *** [Tc 9h Ts]
Mahu2021: checks 
Gunilla58: bets 40
Mahu2021: folds 
Uncalled bet (40) returned to Gunilla58
Gunilla58 collected 80 from pot
*** SUMMARY ***
Total pot 80 | Rake 0 
Board [Tc 9h Ts]
Seat 1: Mahu2021 (big blind) folded on the Flop
Seat 3: Gunilla58 (button) (small blind) collected (80)



PokerStars Hand #242964853241: Tournament #3574111642, $0.92+$0.08 USD Hold'em No Limit - Level III (20/40) - 2023/04/08 18:10:37 CET [2023/04/08 12:10:37 ET]
Table '3574111642 1' 3-max Seat #1 is the button
Seat 1: Mahu2021 (870 in chips) 
Seat 3: Gunilla58 (630 in chips) 
Mahu2021: posts small blind 20
Gunilla58: posts big blind 40
*** HOLE CARDS ***
Dealt to Mahu2021 [7d 6s]
Mahu2021: calls 20
Gunilla58: checks 
*** FLOP *** [Qs 3d 8c]
Gunilla58: checks 
Mahu2021: bets 40
Gunilla58: folds 
Uncalled bet (40) returned to Mahu2021
Mahu2021 collected 80 from pot
Mahu2021: doesn't show hand 
*** SUMMARY ***
Total pot 80 | Rake 0 
Board [Qs 3d 8c]
Seat 1: Mahu2021 (button) (small blind) collected (80)
Seat 3: Gunilla58 (big blind) folded on the Flop



PokerStars Hand #242964856870: Tournament #3574111642, $0.92+$0.08 USD Hold'em No Limit - Level III (20/40) - 2023/04/08 18:10:49 CET [2023/04/08 12:10:49 ET]
Table '3574111642 1' 3-max Seat #3 is the button
Seat 1: Mahu2021 (910 in chips) 
Seat 3: Gunilla58 (590 in chips) 
Gunilla58: posts small blind 20
Mahu2021: posts big blind 40
*** HOLE CARDS ***
Dealt to Mahu2021 [9d Jc]
Gunilla58: calls 20
Mahu2021: checks 
*** FLOP *** [3c 9h 7d]
Mahu2021: bets 40
Gunilla58: calls 40
*** TURN *** [3c 9h 7d] [4c]
Mahu2021: bets 40
Gunilla58: calls 40
*** RIVER *** [3c 9h 7d 4c] [3h]
Mahu2021: bets 40
Gunilla58: folds 
Uncalled bet (40) returned to Mahu2021
Mahu2021 collected 240 from pot
Mahu2021: doesn't show hand 
*** SUMMARY ***
Total pot 240 | Rake 0 
Board [3c 9h 7d 4c 3h]
Seat 1: Mahu2021 (big blind) collected (240)
Seat 3: Gunilla58 (button) (small blind) folded on the River



PokerStars Hand #242964862564: Tournament #3574111642, $0.92+$0.08 USD Hold'em No Limit - Level III (20/40) - 2023/04/08 18:11:07 CET [2023/04/08 12:11:07 ET]
Table '3574111642 1' 3-max Seat #1 is the button
Seat 1: Mahu2021 (1030 in chips) 
Seat 3: Gunilla58 (470 in chips) 
Mahu2021: posts small blind 20
Gunilla58: posts big blind 40
*** HOLE CARDS ***
Dealt to Mahu2021 [5h 7d]
Mahu2021: folds 
Uncalled bet (20) returned to Gunilla58
Gunilla58 collected 40 from pot
*** SUMMARY ***
Total pot 40 | Rake 0 
Seat 1: Mahu2021 (button) (small blind) folded before Flop
Seat 3: Gunilla58 (big blind) collected (40)



PokerStars Hand #242964863914: Tournament #3574111642, $0.92+$0.08 USD Hold'em No Limit - Level III (20/40) - 2023/04/08 18:11:12 CET [2023/04/08 12:11:12 ET]
Table '3574111642 1' 3-max Seat #3 is the button
Seat 1: Mahu2021 (1010 in chips) 
Seat 3: Gunilla58 (490 in chips) 
Gunilla58: posts small blind 20
Mahu2021: posts big blind 40
*** HOLE CARDS ***
Dealt to Mahu2021 [8h Tc]
Gunilla58: calls 20
Mahu2021: checks 
*** FLOP *** [Qs Kd Ad]
Mahu2021: checks 
Gunilla58: checks 
*** TURN *** [Qs Kd Ad] [9c]
Mahu2021: bets 40
Gunilla58: folds 
Uncalled bet (40) returned to Mahu2021
Mahu2021 collected 80 from pot
Mahu2021: doesn't show hand 
*** SUMMARY ***
Total pot 80 | Rake 0 
Board [Qs Kd Ad 9c]
Seat 1: Mahu2021 (big blind) collected (80)
Seat 3: Gunilla58 (button) (small blind) folded on the Turn



PokerStars Hand #242964868377: Tournament #3574111642, $0.92+$0.08 USD Hold'em No Limit - Level III (20/40) - 2023/04/08 18:11:26 CET [2023/04/08 12:11:26 ET]
Table '3574111642 1' 3-max Seat #1 is the button
Seat 1: Mahu2021 (1050 in chips) 
Seat 3: Gunilla58 (450 in chips) 
Mahu2021: posts small blind 20
Gunilla58: posts big blind 40
*** HOLE CARDS ***
Dealt to Mahu2021 [9s Ac]
Mahu2021: calls 20
Gunilla58: checks 
*** FLOP *** [5s 3d 4h]
Gunilla58: checks 
Mahu2021: checks 
*** TURN *** [5s 3d 4h] [6d]
Gunilla58: bets 80
Mahu2021: folds 
Uncalled bet (80) returned to Gunilla58
Gunilla58 collected 80 from pot
*** SUMMARY ***
Total pot 80 | Rake 0 
Board [5s 3d 4h 6d]
Seat 1: Mahu2021 (button) (small blind) folded on the Turn
Seat 3: Gunilla58 (big blind) collected (80)



PokerStars Hand #242964872852: Tournament #3574111642, $0.92+$0.08 USD Hold'em No Limit - Level III (20/40) - 2023/04/08 18:11:41 CET [2023/04/08 12:11:41 ET]
Table '3574111642 1' 3-max Seat #3 is the button
Seat 1: Mahu2021 (1010 in chips) 
Seat 3: Gunilla58 (490 in chips) 
Gunilla58: posts small blind 20
Mahu2021: posts big blind 40
*** HOLE CARDS ***
Dealt to Mahu2021 [5h Ts]
Gunilla58: calls 20
Mahu2021: checks 
*** FLOP *** [4d Ah 6c]
Mahu2021: checks 
Gunilla58: checks 
*** TURN *** [4d Ah 6c] [3h]
Mahu2021: bets 40
Gunilla58: folds 
Uncalled bet (40) returned to Mahu2021
Mahu2021 collected 80 from pot
Mahu2021: doesn't show hand 
*** SUMMARY ***
Total pot 80 | Rake 0 
Board [4d Ah 6c 3h]
Seat 1: Mahu2021 (big blind) collected (80)
Seat 3: Gunilla58 (button) (small blind) folded on the Turn



PokerStars Hand #242964876631: Tournament #3574111642, $0.92+$0.08 USD Hold'em No Limit - Level III (20/40) - 2023/04/08 18:11:53 CET [2023/04/08 12:11:53 ET]
Table '3574111642 1' 3-max Seat #1 is the button
Seat 1: Mahu2021 (1050 in chips) 
Seat 3: Gunilla58 (450 in chips) 
Mahu2021: posts small blind 20
Gunilla58: posts big blind 40
*** HOLE CARDS ***
Dealt to Mahu2021 [2h 5s]
Mahu2021: folds 
Uncalled bet (20) returned to Gunilla58
Gunilla58 collected 40 from pot
*** SUMMARY ***
Total pot 40 | Rake 0 
Seat 1: Mahu2021 (button) (small blind) folded before Flop
Seat 3: Gunilla58 (big blind) collected (40)



PokerStars Hand #242964878121: Tournament #3574111642, $0.92+$0.08 USD Hold'em No Limit - Level III (20/40) - 2023/04/08 18:11:58 CET [2023/04/08 12:11:58 ET]
Table '3574111642 1' 3-max Seat #3 is the button
Seat 1: Mahu2021 (1030 in chips) 
Seat 3: Gunilla58 (470 in chips) 
Gunilla58: posts small blind 20
Mahu2021: posts big blind 40
*** HOLE CARDS ***
Dealt to Mahu2021 [Ts Js]
Gunilla58: calls 20
Mahu2021: checks 
*** FLOP *** [5d Kh Jd]
Mahu2021: checks 
Gunilla58: checks 
*** TURN *** [5d Kh Jd] [7c]
Mahu2021: checks 
Gunilla58: checks 
*** RIVER *** [5d Kh Jd 7c] [Jh]
Mahu2021: bets 80
Gunilla58: folds 
Uncalled bet (80) returned to Mahu2021
Mahu2021 collected 80 from pot
Mahu2021: doesn't show hand 
*** SUMMARY ***
Total pot 80 | Rake 0 
Board [5d Kh Jd 7c Jh]
Seat 1: Mahu2021 (big blind) collected (80)
Seat 3: Gunilla58 (button) (small blind) folded on the River



PokerStars Hand #242964882847: Tournament #3574111642, $0.92+$0.08 USD Hold'em No Limit - Level III (20/40) - 2023/04/08 18:12:13 CET [2023/04/08 12:12:13 ET]
Table '3574111642 1' 3-max Seat #1 is the button
Seat 1: Mahu2021 (1070 in chips) 
Seat 3: Gunilla58 (430 in chips) 
Mahu2021: posts small blind 20
Gunilla58: posts big blind 40
*** HOLE CARDS ***
Dealt to Mahu2021 [Qd 8d]
Mahu2021: calls 20
Gunilla58: checks 
*** FLOP *** [7d 3h 2d]
Gunilla58: checks 
Mahu2021: bets 80
Gunilla58: folds 
Uncalled bet (80) returned to Mahu2021
Mahu2021 collected 80 from pot
Mahu2021: doesn't show hand 
*** SUMMARY ***
Total pot 80 | Rake 0 
Board [7d 3h 2d]
Seat 1: Mahu2021 (button) (small blind) collected (80)
Seat 3: Gunilla58 (big blind) folded on the Flop



PokerStars Hand #242964886465: Tournament #3574111642, $0.92+$0.08 USD Hold'em No Limit - Level III (20/40) - 2023/04/08 18:12:24 CET [2023/04/08 12:12:24 ET]
Table '3574111642 1' 3-max Seat #3 is the button
Seat 1: Mahu2021 (1110 in chips) 
Seat 3: Gunilla58 (390 in chips) 
Gunilla58: posts small blind 20
Mahu2021: posts big blind 40
*** HOLE CARDS ***
Dealt to Mahu2021 [As Qd]
Gunilla58: raises 350 to 390 and is all-in
Mahu2021: calls 350
*** FLOP *** [7h 7s 9c]
*** TURN *** [7h 7s 9c] [Td]
*** RIVER *** [7h 7s 9c Td] [6h]
*** SHOW DOWN ***
Mahu2021: shows [As Qd] (a pair of Sevens)
Gunilla58: shows [5s 5d] (two pair, Sevens and Fives)
Gunilla58 collected 780 from pot
*** SUMMARY ***
Total pot 780 | Rake 0 
Board [7h 7s 9c Td 6h]
Seat 1: Mahu2021 (big blind) showed [As Qd] and lost with a pair of Sevens
Seat 3: Gunilla58 (button) (small blind) showed [5s 5d] and won (780) with two pair, Sevens and Fives



PokerStars Hand #242964891194: Tournament #3574111642, $0.92+$0.08 USD Hold'em No Limit - Level III (20/40) - 2023/04/08 18:12:40 CET [2023/04/08 12:12:40 ET]
Table '3574111642 1' 3-max Seat #1 is the button
Seat 1: Mahu2021 (720 in chips) 
Seat 3: Gunilla58 (780 in chips) 
Mahu2021: posts small blind 20
Gunilla58: posts big blind 40
*** HOLE CARDS ***
Dealt to Mahu2021 [3s 4h]
Mahu2021: folds 
Uncalled bet (20) returned to Gunilla58
Gunilla58 collected 40 from pot
*** SUMMARY ***
Total pot 40 | Rake 0 
Seat 1: Mahu2021 (button) (small blind) folded before Flop
Seat 3: Gunilla58 (big blind) collected (40)



PokerStars Hand #242964892652: Tournament #3574111642, $0.92+$0.08 USD Hold'em No Limit - Level III (20/40) - 2023/04/08 18:12:44 CET [2023/04/08 12:12:44 ET]
Table '3574111642 1' 3-max Seat #3 is the button
Seat 1: Mahu2021 (700 in chips) 
Seat 3: Gunilla58 (800 in chips) 
Gunilla58: posts small blind 20
Mahu2021: posts big blind 40
*** HOLE CARDS ***
Dealt to Mahu2021 [2h 6c]
Gunilla58: folds 
Uncalled bet (20) returned to Mahu2021
Mahu2021 collected 40 from pot
Mahu2021: doesn't show hand 
*** SUMMARY ***
Total pot 40 | Rake 0 
Seat 1: Mahu2021 (big blind) collected (40)
Seat 3: Gunilla58 (button) (small blind) folded before Flop



PokerStars Hand #242964894183: Tournament #3574111642, $0.92+$0.08 USD Hold'em No Limit - Level III (20/40) - 2023/04/08 18:12:49 CET [2023/04/08 12:12:49 ET]
Table '3574111642 1' 3-max Seat #1 is the button
Seat 1: Mahu2021 (720 in chips) 
Seat 3: Gunilla58 (780 in chips) 
Mahu2021: posts small blind 20
Gunilla58: posts big blind 40
*** HOLE CARDS ***
Dealt to Mahu2021 [6d 4h]
Mahu2021: folds 
Uncalled bet (20) returned to Gunilla58
Gunilla58 collected 40 from pot
*** SUMMARY ***
Total pot 40 | Rake 0 
Seat 1: Mahu2021 (button) (small blind) folded before Flop
Seat 3: Gunilla58 (big blind) collected (40)



PokerStars Hand #242964895630: Tournament #3574111642, $0.92+$0.08 USD Hold'em No Limit - Level III (20/40) - 2023/04/08 18:12:54 CET [2023/04/08 12:12:54 ET]
Table '3574111642 1' 3-max Seat #3 is the button
Seat 1: Mahu2021 (700 in chips) 
Seat 3: Gunilla58 (800 in chips) 
Gunilla58: posts small blind 20
Mahu2021: posts big blind 40
*** HOLE CARDS ***
Dealt to Mahu2021 [5d Th]
Gunilla58: raises 40 to 80
Mahu2021: folds 
Uncalled bet (40) returned to Gunilla58
Gunilla58 collected 80 from pot
*** SUMMARY ***
Total pot 80 | Rake 0 
Seat 1: Mahu2021 (big blind) folded before Flop
Seat 3: Gunilla58 (button) (small blind) collected (80)



PokerStars Hand #242964897591: Tournament #3574111642, $0.92+$0.08 USD Hold'em No Limit - Level III (20/40) - 2023/04/08 18:13:00 CET [2023/04/08 12:13:00 ET]
Table '3574111642 1' 3-max Seat #1 is the button
Seat 1: Mahu2021 (660 in chips) 
Seat 3: Gunilla58 (840 in chips) 
Mahu2021: posts small blind 20
Gunilla58: posts big blind 40
*** HOLE CARDS ***
Dealt to Mahu2021 [Jh 4h]
Mahu2021: calls 20
Gunilla58: checks 
*** FLOP *** [Qc Qd 7c]
Gunilla58: checks 
Mahu2021: checks 
*** TURN *** [Qc Qd 7c] [9h]
Gunilla58: checks 
Mahu2021: checks 
*** RIVER *** [Qc Qd 7c 9h] [4c]
Gunilla58: checks 
Mahu2021: checks 
*** SHOW DOWN ***
Gunilla58: shows [8s 5s] (a pair of Queens)
Mahu2021: shows [Jh 4h] (two pair, Queens and Fours)
Mahu2021 collected 80 from pot
*** SUMMARY ***
Total pot 80 | Rake 0 
Board [Qc Qd 7c 9h 4c]
Seat 1: Mahu2021 (button) (small blind) showed [Jh 4h] and won (80) with two pair, Queens and Fours
Seat 3: Gunilla58 (big blind) showed [8s 5s] and lost with a pair of Queens



PokerStars Hand #242964902955: Tournament #3574111642, $0.92+$0.08 USD Hold'em No Limit - Level IV (30/60) - 2023/04/08 18:13:18 CET [2023/04/08 12:13:18 ET]
Table '3574111642 1' 3-max Seat #3 is the button
Seat 1: Mahu2021 (700 in chips) 
Seat 3: Gunilla58 (800 in chips) 
Gunilla58: posts small blind 30
Mahu2021: posts big blind 60
*** HOLE CARDS ***
Dealt to Mahu2021 [2s 8c]
Gunilla58: calls 30
Mahu2021: checks 
*** FLOP *** [2h 8s 5h]
Mahu2021: checks 
Gunilla58: bets 60
Mahu2021: calls 60
*** TURN *** [2h 8s 5h] [4d]
Mahu2021: checks 
Gunilla58: bets 60
Mahu2021: raises 520 to 580 and is all-in
Gunilla58: folds 
Uncalled bet (520) returned to Mahu2021
Mahu2021 collected 360 from pot
Mahu2021: doesn't show hand 
*** SUMMARY ***
Total pot 360 | Rake 0 
Board [2h 8s 5h 4d]
Seat 1: Mahu2021 (big blind) collected (360)
Seat 3: Gunilla58 (button) (small blind) folded on the Turn



PokerStars Hand #242964908470: Tournament #3574111642, $0.92+$0.08 USD Hold'em No Limit - Level IV (30/60) - 2023/04/08 18:13:36 CET [2023/04/08 12:13:36 ET]
Table '3574111642 1' 3-max Seat #1 is the button
Seat 1: Mahu2021 (880 in chips) 
Seat 3: Gunilla58 (620 in chips) 
Mahu2021: posts small blind 30
Gunilla58: posts big blind 60
*** HOLE CARDS ***
Dealt to Mahu2021 [Kc 2h]
Mahu2021: calls 30
Gunilla58: checks 
*** FLOP *** [4h 8s 9c]
Gunilla58: checks 
Mahu2021: bets 60
Gunilla58: folds 
Uncalled bet (60) returned to Mahu2021
Mahu2021 collected 120 from pot
Mahu2021: doesn't show hand 
*** SUMMARY ***
Total pot 120 | Rake 0 
Board [4h 8s 9c]
Seat 1: Mahu2021 (button) (small blind) collected (120)
Seat 3: Gunilla58 (big blind) folded on the Flop



PokerStars Hand #242964911818: Tournament #3574111642, $0.92+$0.08 USD Hold'em No Limit - Level IV (30/60) - 2023/04/08 18:13:46 CET [2023/04/08 12:13:46 ET]
Table '3574111642 1' 3-max Seat #3 is the button
Seat 1: Mahu2021 (940 in chips) 
Seat 3: Gunilla58 (560 in chips) 
Gunilla58: posts small blind 30
Mahu2021: posts big blind 60
*** HOLE CARDS ***
Dealt to Mahu2021 [Qc Th]
Gunilla58: calls 30
Mahu2021: checks 
*** FLOP *** [4s Kc Ad]
Mahu2021: checks 
Gunilla58: checks 
*** TURN *** [4s Kc Ad] [7d]
Mahu2021: checks 
Gunilla58: checks 
*** RIVER *** [4s Kc Ad 7d] [4c]
Mahu2021: checks 
Gunilla58: checks 
*** SHOW DOWN ***
Mahu2021: shows [Qc Th] (a pair of Fours)
Gunilla58: mucks hand 
Mahu2021 collected 120 from pot
*** SUMMARY ***
Total pot 120 | Rake 0 
Board [4s Kc Ad 7d 4c]
Seat 1: Mahu2021 (big blind) showed [Qc Th] and won (120) with a pair of Fours
Seat 3: Gunilla58 (button) (small blind) mucked [3d Js]



PokerStars Hand #242964916271: Tournament #3574111642, $0.92+$0.08 USD Hold'em No Limit - Level IV (30/60) - 2023/04/08 18:14:01 CET [2023/04/08 12:14:01 ET]
Table '3574111642 1' 3-max Seat #1 is the button
Seat 1: Mahu2021 (1000 in chips) 
Seat 3: Gunilla58 (500 in chips) 
Mahu2021: posts small blind 30
Gunilla58: posts big blind 60
*** HOLE CARDS ***
Dealt to Mahu2021 [Ts 6c]
Mahu2021: calls 30
Gunilla58: checks 
*** FLOP *** [Jd 5d 3h]
Gunilla58: bets 60
Mahu2021: folds 
Uncalled bet (60) returned to Gunilla58
Gunilla58 collected 120 from pot
*** SUMMARY ***
Total pot 120 | Rake 0 
Board [Jd 5d 3h]
Seat 1: Mahu2021 (button) (small blind) folded on the Flop
Seat 3: Gunilla58 (big blind) collected (120)



PokerStars Hand #242964919220: Tournament #3574111642, $0.92+$0.08 USD Hold'em No Limit - Level IV (30/60) - 2023/04/08 18:14:11 CET [2023/04/08 12:14:11 ET]
Table '3574111642 1' 3-max Seat #3 is the button
Seat 1: Mahu2021 (940 in chips) 
Seat 3: Gunilla58 (560 in chips) 
Gunilla58: posts small blind 30
Mahu2021: posts big blind 60
*** HOLE CARDS ***
Dealt to Mahu2021 [Kd Ac]
Gunilla58: raises 60 to 120
Mahu2021: raises 820 to 940 and is all-in
Gunilla58: calls 440 and is all-in
Uncalled bet (380) returned to Mahu2021
*** FLOP *** [2s 5h Ad]
*** TURN *** [2s 5h Ad] [9c]
*** RIVER *** [2s 5h Ad 9c] [9h]
*** SHOW DOWN ***
Mahu2021: shows [Kd Ac] (two pair, Aces and Nines)
Gunilla58: shows [2d As] (two pair, Aces and Nines - lower kicker)
Mahu2021 collected 1120 from pot
Gunilla58 finished the tournament in 2nd place
Mahu2021 wins the tournament and receives $3.00 - congratulations!
*** SUMMARY ***
Total pot 1120 | Rake 0 
Board [2s 5h Ad 9c 9h]
Seat 1: Mahu2021 (big blind) showed [Kd Ac] and won (1120) with two pair, Aces and Nines
Seat 3: Gunilla58 (button) (small blind) showed [2d As] and lost with two pair, Aces and Nines



