PokerStars Hand #253107491848: Tournament #3816627451, $1.84+$0.16 USD Hold'em No Limit - Level I (10/20) - 2024/10/26 10:55:07 CET [2024/10/26 4:55:07 ET]
Table '3816627451 1' 3-max Seat #1 is the button
Seat 1: Mahu2021 (500 in chips) 
Seat 2: dikler (500 in chips) 
Seat 3: mrbluffman10 (500 in chips) 
dikler: posts small blind 10
mrbluffman10: posts big blind 20
*** HOLE CARDS ***
Dealt to Mahu2021 [4d Ac]
Mahu2021: folds 
dikler: calls 10
mrbluffman10: checks 
*** FLOP *** [Ks 9d 9h]
dikler: bets 20
mrbluffman10: folds 
Uncalled bet (20) returned to dikler
dikler collected 40 from pot
dikler: doesn't show hand 
*** SUMMARY ***
Total pot 40 | Rake 0 
Board [Ks 9d 9h]
Seat 1: Mahu2021 (button) folded before Flop (didn't bet)
Seat 2: dikler (small blind) collected (40)
Seat 3: mrbluffman10 (big blind) folded on the Flop



PokerStars Hand #253107493674: Tournament #3816627451, $1.84+$0.16 USD Hold'em No Limit - Level I (10/20) - 2024/10/26 10:55:27 CET [2024/10/26 4:55:27 ET]
Table '3816627451 1' 3-max Seat #2 is the button
Seat 1: Mahu2021 (500 in chips) 
Seat 2: dikler (520 in chips) 
Seat 3: mrbluffman10 (480 in chips) 
mrbluffman10: posts small blind 10
Mahu2021: posts big blind 20
*** HOLE CARDS ***
Dealt to Mahu2021 [9d 7d]
dikler: raises 20 to 40
mrbluffman10: calls 30
Mahu2021: calls 20
*** FLOP *** [8s 7s 8h]
mrbluffman10: checks 
Mahu2021: checks 
dikler: bets 40
mrbluffman10: folds 
Mahu2021: calls 40
*** TURN *** [8s 7s 8h] [5c]
Mahu2021: checks 
dikler: bets 40
Mahu2021: raises 80 to 120
dikler: calls 80
*** RIVER *** [8s 7s 8h 5c] [Tc]
Mahu2021: checks 
dikler: bets 200
Mahu2021: calls 200
*** SHOW DOWN ***
dikler: shows [2d Ac] (a pair of Eights)
Mahu2021: shows [9d 7d] (two pair, Eights and Sevens)
Mahu2021 collected 840 from pot
*** SUMMARY ***
Total pot 840 | Rake 0 
Board [8s 7s 8h 5c Tc]
Seat 1: Mahu2021 (big blind) showed [9d 7d] and won (840) with two pair, Eights and Sevens
Seat 2: dikler (button) showed [2d Ac] and lost with a pair of Eights
Seat 3: mrbluffman10 (small blind) folded on the Flop



PokerStars Hand #253107498726: Tournament #3816627451, $1.84+$0.16 USD Hold'em No Limit - Level I (10/20) - 2024/10/26 10:56:22 CET [2024/10/26 4:56:22 ET]
Table '3816627451 1' 3-max Seat #3 is the button
Seat 1: Mahu2021 (940 in chips) 
Seat 2: dikler (120 in chips) 
Seat 3: mrbluffman10 (440 in chips) 
Mahu2021: posts small blind 10
dikler: posts big blind 20
*** HOLE CARDS ***
Dealt to Mahu2021 [Jd 2d]
mrbluffman10: raises 20 to 40
Mahu2021: folds 
dikler: folds 
Uncalled bet (20) returned to mrbluffman10
mrbluffman10 collected 50 from pot
mrbluffman10: doesn't show hand 
*** SUMMARY ***
Total pot 50 | Rake 0 
Seat 1: Mahu2021 (small blind) folded before Flop
Seat 2: dikler (big blind) folded before Flop
Seat 3: mrbluffman10 (button) collected (50)



PokerStars Hand #253107499977: Tournament #3816627451, $1.84+$0.16 USD Hold'em No Limit - Level I (10/20) - 2024/10/26 10:56:36 CET [2024/10/26 4:56:36 ET]
Table '3816627451 1' 3-max Seat #1 is the button
Seat 1: Mahu2021 (930 in chips) 
Seat 2: dikler (100 in chips) 
Seat 3: mrbluffman10 (470 in chips) 
dikler: posts small blind 10
mrbluffman10: posts big blind 20
*** HOLE CARDS ***
Dealt to Mahu2021 [Ad 9s]
Mahu2021: calls 20
dikler: calls 10
mrbluffman10: checks 
*** FLOP *** [7s 3s Kc]
dikler: checks 
mrbluffman10: bets 20
Mahu2021: folds 
dikler: folds 
Uncalled bet (20) returned to mrbluffman10
mrbluffman10 collected 60 from pot
mrbluffman10: doesn't show hand 
*** SUMMARY ***
Total pot 60 | Rake 0 
Board [7s 3s Kc]
Seat 1: Mahu2021 (button) folded on the Flop
Seat 2: dikler (small blind) folded on the Flop
Seat 3: mrbluffman10 (big blind) collected (60)



PokerStars Hand #253107502425: Tournament #3816627451, $1.84+$0.16 USD Hold'em No Limit - Level I (10/20) - 2024/10/26 10:57:02 CET [2024/10/26 4:57:02 ET]
Table '3816627451 1' 3-max Seat #2 is the button
Seat 1: Mahu2021 (910 in chips) 
Seat 2: dikler (80 in chips) 
Seat 3: mrbluffman10 (510 in chips) 
mrbluffman10: posts small blind 10
Mahu2021: posts big blind 20
*** HOLE CARDS ***
Dealt to Mahu2021 [9d 7d]
dikler: folds 
mrbluffman10: folds 
Uncalled bet (10) returned to Mahu2021
Mahu2021 collected 20 from pot
Mahu2021: doesn't show hand 
*** SUMMARY ***
Total pot 20 | Rake 0 
Seat 1: Mahu2021 (big blind) collected (20)
Seat 2: dikler (button) folded before Flop (didn't bet)
Seat 3: mrbluffman10 (small blind) folded before Flop



PokerStars Hand #253107502988: Tournament #3816627451, $1.84+$0.16 USD Hold'em No Limit - Level I (10/20) - 2024/10/26 10:57:08 CET [2024/10/26 4:57:08 ET]
Table '3816627451 1' 3-max Seat #3 is the button
Seat 1: Mahu2021 (920 in chips) 
Seat 2: dikler (80 in chips) 
Seat 3: mrbluffman10 (500 in chips) 
Mahu2021: posts small blind 10
dikler: posts big blind 20
*** HOLE CARDS ***
Dealt to Mahu2021 [3s Jc]
mrbluffman10: folds 
Mahu2021: folds 
Uncalled bet (10) returned to dikler
dikler collected 20 from pot
dikler: doesn't show hand 
*** SUMMARY ***
Total pot 20 | Rake 0 
Seat 1: Mahu2021 (small blind) folded before Flop
Seat 2: dikler (big blind) collected (20)
Seat 3: mrbluffman10 (button) folded before Flop (didn't bet)



PokerStars Hand #253107503759: Tournament #3816627451, $1.84+$0.16 USD Hold'em No Limit - Level II (15/30) - 2024/10/26 10:57:16 CET [2024/10/26 4:57:16 ET]
Table '3816627451 1' 3-max Seat #1 is the button
Seat 1: Mahu2021 (910 in chips) 
Seat 2: dikler (90 in chips) 
Seat 3: mrbluffman10 (500 in chips) 
dikler: posts small blind 15
mrbluffman10: posts big blind 30
*** HOLE CARDS ***
Dealt to Mahu2021 [8h Jc]
Mahu2021: folds 
dikler: raises 60 to 90 and is all-in
mrbluffman10: calls 60
*** FLOP *** [6c 2s Qs]
*** TURN *** [6c 2s Qs] [8s]
*** RIVER *** [6c 2s Qs 8s] [Jh]
*** SHOW DOWN ***
dikler: shows [8c 9c] (a pair of Eights)
mrbluffman10: shows [8d Td] (a pair of Eights - Queen+Jack+Ten kicker)
mrbluffman10 collected 180 from pot
dikler finished the tournament in 3rd place
*** SUMMARY ***
Total pot 180 | Rake 0 
Board [6c 2s Qs 8s Jh]
Seat 1: Mahu2021 (button) folded before Flop (didn't bet)
Seat 2: dikler (small blind) showed [8c 9c] and lost with a pair of Eights
Seat 3: mrbluffman10 (big blind) showed [8d Td] and won (180) with a pair of Eights



PokerStars Hand #253107506000: Tournament #3816627451, $1.84+$0.16 USD Hold'em No Limit - Level II (15/30) - 2024/10/26 10:57:40 CET [2024/10/26 4:57:40 ET]
Table '3816627451 1' 3-max Seat #3 is the button
Seat 1: Mahu2021 (910 in chips) 
Seat 3: mrbluffman10 (590 in chips) 
mrbluffman10: posts small blind 15
Mahu2021: posts big blind 30
*** HOLE CARDS ***
Dealt to Mahu2021 [6c 8h]
mrbluffman10: folds 
Uncalled bet (15) returned to Mahu2021
Mahu2021 collected 30 from pot
Mahu2021: doesn't show hand 
*** SUMMARY ***
Total pot 30 | Rake 0 
Seat 1: Mahu2021 (big blind) collected (30)
Seat 3: mrbluffman10 (button) (small blind) folded before Flop



PokerStars Hand #253107506753: Tournament #3816627451, $1.84+$0.16 USD Hold'em No Limit - Level II (15/30) - 2024/10/26 10:57:48 CET [2024/10/26 4:57:48 ET]
Table '3816627451 1' 3-max Seat #1 is the button
Seat 1: Mahu2021 (925 in chips) 
Seat 3: mrbluffman10 (575 in chips) 
Mahu2021: posts small blind 15
mrbluffman10: posts big blind 30
*** HOLE CARDS ***
Dealt to Mahu2021 [2s 8c]
Mahu2021: folds 
Uncalled bet (15) returned to mrbluffman10
mrbluffman10 collected 30 from pot
mrbluffman10: doesn't show hand 
*** SUMMARY ***
Total pot 30 | Rake 0 
Seat 1: Mahu2021 (button) (small blind) folded before Flop
Seat 3: mrbluffman10 (big blind) collected (30)



PokerStars Hand #253107507206: Tournament #3816627451, $1.84+$0.16 USD Hold'em No Limit - Level II (15/30) - 2024/10/26 10:57:53 CET [2024/10/26 4:57:53 ET]
Table '3816627451 1' 3-max Seat #3 is the button
Seat 1: Mahu2021 (910 in chips) 
Seat 3: mrbluffman10 (590 in chips) 
mrbluffman10: posts small blind 15
Mahu2021: posts big blind 30
*** HOLE CARDS ***
Dealt to Mahu2021 [9h Kc]
mrbluffman10: calls 15
Mahu2021: checks 
*** FLOP *** [8h 7d 3h]
Mahu2021: checks 
mrbluffman10: checks 
*** TURN *** [8h 7d 3h] [9c]
Mahu2021: bets 60
mrbluffman10: calls 60
*** RIVER *** [8h 7d 3h 9c] [As]
Mahu2021: checks 
mrbluffman10: bets 120
Mahu2021: calls 120
*** SHOW DOWN ***
mrbluffman10: shows [Kh 6s] (high card Ace)
Mahu2021: shows [9h Kc] (a pair of Nines)
Mahu2021 collected 420 from pot
*** SUMMARY ***
Total pot 420 | Rake 0 
Board [8h 7d 3h 9c As]
Seat 1: Mahu2021 (big blind) showed [9h Kc] and won (420) with a pair of Nines
Seat 3: mrbluffman10 (button) (small blind) showed [Kh 6s] and lost with high card Ace



PokerStars Hand #253107509935: Tournament #3816627451, $1.84+$0.16 USD Hold'em No Limit - Level II (15/30) - 2024/10/26 10:58:22 CET [2024/10/26 4:58:22 ET]
Table '3816627451 1' 3-max Seat #1 is the button
Seat 1: Mahu2021 (1120 in chips) 
Seat 3: mrbluffman10 (380 in chips) 
Mahu2021: posts small blind 15
mrbluffman10: posts big blind 30
*** HOLE CARDS ***
Dealt to Mahu2021 [2h Js]
Mahu2021: raises 30 to 60
mrbluffman10: raises 320 to 380 and is all-in
Mahu2021: folds 
Uncalled bet (320) returned to mrbluffman10
mrbluffman10 collected 120 from pot
mrbluffman10: doesn't show hand 
*** SUMMARY ***
Total pot 120 | Rake 0 
Seat 1: Mahu2021 (button) (small blind) folded before Flop
Seat 3: mrbluffman10 (big blind) collected (120)



PokerStars Hand #253107510975: Tournament #3816627451, $1.84+$0.16 USD Hold'em No Limit - Level II (15/30) - 2024/10/26 10:58:33 CET [2024/10/26 4:58:33 ET]
Table '3816627451 1' 3-max Seat #3 is the button
Seat 1: Mahu2021 (1060 in chips) 
Seat 3: mrbluffman10 (440 in chips) 
mrbluffman10: posts small blind 15
Mahu2021: posts big blind 30
*** HOLE CARDS ***
Dealt to Mahu2021 [Ac 9h]
mrbluffman10: calls 15
Mahu2021: raises 1030 to 1060 and is all-in
mrbluffman10: calls 410 and is all-in
Uncalled bet (620) returned to Mahu2021
*** FLOP *** [As Qd 7h]
*** TURN *** [As Qd 7h] [Qc]
*** RIVER *** [As Qd 7h Qc] [7c]
*** SHOW DOWN ***
Mahu2021: shows [Ac 9h] (two pair, Aces and Queens)
mrbluffman10: shows [2s Ad] (two pair, Aces and Queens - lower kicker)
Mahu2021 collected 880 from pot
mrbluffman10 finished the tournament in 2nd place
Mahu2021 wins the tournament and receives $4.00 - congratulations!
*** SUMMARY ***
Total pot 880 | Rake 0 
Board [As Qd 7h Qc 7c]
Seat 1: Mahu2021 (big blind) showed [Ac 9h] and won (880) with two pair, Aces and Queens
Seat 3: mrbluffman10 (button) (small blind) showed [2s Ad] and lost with two pair, Aces and Queens



