PokerStars Zoom Hand #254736895831:  Hold'em No Limit ($0.50/$1.00) - 2025/02/06 19:33:30 CET [2025/02/06 13:33:30 ET]
Table 'Triangulum' 6-max Seat #1 is the button
Seat 1: Afiello ($21.38 in chips) 
Seat 2: Mahu2021 ($94.95 in chips) 
Seat 3: iggyping ($161.49 in chips) 
Seat 4: perlini1 ($99 in chips) 
Seat 5: aleximous ($258.54 in chips) 
Seat 6: ANIILOVEYOU ($100 in chips) 
Mahu2021: posts small blind $0.50
iggyping: posts big blind $1
*** HOLE CARDS ***
Dealt to Mahu2021 [9h 7d]
perlini1: raises $1 to $2
aleximous: folds 
ANIILOVEYOU: folds 
Afiello: calls $2
Mahu2021: folds 
iggyping: folds 
*** FLOP *** [9s 2s Jh]
perlini1: checks 
Afiello: bets $2.61
perlini1: folds 
Uncalled bet ($2.61) returned to Afiello
Afiello collected $5.22 from pot
Afiello: doesn't show hand 
*** SUMMARY ***
Total pot $5.50 | Rake $0.28 
Board [9s 2s Jh]
Seat 1: Afiello (button) collected ($5.22)
Seat 2: Mahu2021 (small blind) folded before Flop
Seat 3: iggyping (big blind) folded before Flop
Seat 4: perlini1 folded on the Flop
Seat 5: aleximous folded before Flop (didn't bet)
Seat 6: ANIILOVEYOU folded before Flop (didn't bet)



PokerStars Zoom Hand #254736897020:  Hold'em No Limit ($0.50/$1.00) - 2025/02/06 19:33:35 CET [2025/02/06 13:33:35 ET]
Table 'Triangulum' 6-max Seat #1 is the button
Seat 1: Mahu2021 ($94.45 in chips) 
Seat 2: nontradere ($100 in chips) 
Seat 3: PanchoSuper ($108.45 in chips) 
Seat 4: coeeeelho ($100 in chips) 
Seat 5: Tooloop ($104.96 in chips) 
Seat 6: Dessertik ($117.19 in chips) 
nontradere: posts small blind $0.50
PanchoSuper: posts big blind $1
*** HOLE CARDS ***
Dealt to Mahu2021 [Jh Qc]
coeeeelho: folds 
Tooloop: folds 
Dessertik: folds 
Mahu2021: raises $2 to $3
nontradere: folds 
PanchoSuper: folds 
Uncalled bet ($2) returned to Mahu2021
Mahu2021 collected $2.50 from pot
Mahu2021: doesn't show hand 
*** SUMMARY ***
Total pot $2.50 | Rake $0 
Seat 1: Mahu2021 (button) collected ($2.50)
Seat 2: nontradere (small blind) folded before Flop
Seat 3: PanchoSuper (big blind) folded before Flop
Seat 4: coeeeelho folded before Flop (didn't bet)
Seat 5: Tooloop folded before Flop (didn't bet)
Seat 6: Dessertik folded before Flop (didn't bet)



PokerStars Zoom Hand #254736902909:  Hold'em No Limit ($0.50/$1.00) - 2025/02/06 19:33:55 CET [2025/02/06 13:33:55 ET]
Table 'Triangulum' 6-max Seat #1 is the button
Seat 1: coeeeelho ($156.72 in chips) 
Seat 2: aleximous ($101.50 in chips) 
Seat 3: Dessertik ($112.96 in chips) 
Seat 4: bs2709 ($273.56 in chips) 
Seat 5: nontradere ($100 in chips) 
Seat 6: Mahu2021 ($95.95 in chips) 
aleximous: posts small blind $0.50
Dessertik: posts big blind $1
*** HOLE CARDS ***
Dealt to Mahu2021 [Kc Kh]
bs2709: folds 
nontradere: folds 
Mahu2021: raises $94.95 to $95.95 and is all-in
coeeeelho: folds 
aleximous: folds 
Dessertik: folds 
Uncalled bet ($94.95) returned to Mahu2021
Mahu2021 collected $2.50 from pot
Mahu2021: doesn't show hand 
*** SUMMARY ***
Total pot $2.50 | Rake $0 
Seat 1: coeeeelho (button) folded before Flop (didn't bet)
Seat 2: aleximous (small blind) folded before Flop
Seat 3: Dessertik (big blind) folded before Flop
Seat 4: bs2709 folded before Flop (didn't bet)
Seat 5: nontradere folded before Flop (didn't bet)
Seat 6: Mahu2021 collected ($2.50)



PokerStars Zoom Hand #254736894323:  Hold'em No Limit ($0.50/$1.00) - 2025/02/06 19:33:25 CET [2025/02/06 13:33:25 ET]
Table 'Triangulum' 6-max Seat #1 is the button
Seat 1: simoniustin ($107.29 in chips) 
Seat 2: yabuyabu829 ($50 in chips) 
Seat 3: Mahu2021 ($95.95 in chips) 
Seat 4: tlss1 ($175.40 in chips) 
Seat 5: coeeeelho ($158.22 in chips) 
Seat 6: Razluba ($215.10 in chips) 
yabuyabu829: posts small blind $0.50
Mahu2021: posts big blind $1
*** HOLE CARDS ***
Dealt to Mahu2021 [8c 2d]
tlss1: raises $1.20 to $2.20
coeeeelho: folds 
Razluba: calls $2.20
simoniustin: folds 
yabuyabu829: folds 
Mahu2021: folds 
*** FLOP *** [6c 8s 3h]
tlss1: checks 
Razluba: checks 
*** TURN *** [6c 8s 3h] [9d]
tlss1: checks 
Razluba: checks 
*** RIVER *** [6c 8s 3h 9d] [Jd]
tlss1: bets $4.20
Razluba: folds 
Uncalled bet ($4.20) returned to tlss1
tlss1 collected $5.60 from pot
tlss1: doesn't show hand 
*** SUMMARY ***
Total pot $5.90 | Rake $0.30 
Board [6c 8s 3h 9d Jd]
Seat 1: simoniustin (button) folded before Flop (didn't bet)
Seat 2: yabuyabu829 (small blind) folded before Flop
Seat 3: Mahu2021 (big blind) folded before Flop
Seat 4: tlss1 collected ($5.60)
Seat 5: coeeeelho folded before Flop (didn't bet)
Seat 6: Razluba folded on the River



PokerStars Zoom Hand #254736909384:  Hold'em No Limit ($0.50/$1.00) - 2025/02/06 19:34:18 CET [2025/02/06 13:34:18 ET]
Table 'Triangulum' 6-max Seat #1 is the button
Seat 1: saljam23 ($123.29 in chips) 
Seat 2: ciceron86 ($100 in chips) 
Seat 3: Mahu2021 ($97.45 in chips) 
Seat 4: rocco13579 ($155.71 in chips) 
Seat 5: ibaCker ($104 in chips) 
Seat 6: Tooloop ($103.46 in chips) 
ciceron86: posts small blind $0.50
Mahu2021: posts big blind $1
*** HOLE CARDS ***
Dealt to Mahu2021 [3d 9s]
rocco13579: raises $1.70 to $2.70
ibaCker: folds 
Tooloop: folds 
saljam23: folds 
ciceron86: folds 
Mahu2021: folds 
Uncalled bet ($1.70) returned to rocco13579
rocco13579 collected $2.50 from pot
rocco13579: doesn't show hand 
*** SUMMARY ***
Total pot $2.50 | Rake $0 
Seat 1: saljam23 (button) folded before Flop (didn't bet)
Seat 2: ciceron86 (small blind) folded before Flop
Seat 3: Mahu2021 (big blind) folded before Flop
Seat 4: rocco13579 collected ($2.50)
Seat 5: ibaCker folded before Flop (didn't bet)
Seat 6: Tooloop folded before Flop (didn't bet)



PokerStars Zoom Hand #254736908323:  Hold'em No Limit ($0.50/$1.00) - 2025/02/06 19:34:15 CET [2025/02/06 13:34:15 ET]
Table 'Triangulum' 6-max Seat #1 is the button
Seat 1: yabuyabu829 ($50.50 in chips) 
Seat 2: BPat2027 ($157.48 in chips) 
Seat 3: coeeeelho ($138.15 in chips) 
Seat 4: iggyping ($121.05 in chips) 
Seat 5: Mahu2021 ($97.45 in chips) 
Seat 6: saljam23 ($123.29 in chips) 
BPat2027: posts small blind $0.50
coeeeelho: posts big blind $1
*** HOLE CARDS ***
Dealt to Mahu2021 [7h Kd]
iggyping: folds 
Mahu2021: folds 
saljam23: folds 
yabuyabu829: raises $1 to $2
BPat2027: folds 
coeeeelho: folds 
Uncalled bet ($1) returned to yabuyabu829
yabuyabu829 collected $2.50 from pot
yabuyabu829: doesn't show hand 
*** SUMMARY ***
Total pot $2.50 | Rake $0 
Seat 1: yabuyabu829 (button) collected ($2.50)
Seat 2: BPat2027 (small blind) folded before Flop
Seat 3: coeeeelho (big blind) folded before Flop
Seat 4: iggyping folded before Flop (didn't bet)
Seat 5: Mahu2021 folded before Flop (didn't bet)
Seat 6: saljam23 folded before Flop (didn't bet)



PokerStars Zoom Hand #254736914197:  Hold'em No Limit ($0.50/$1.00) - 2025/02/06 19:34:35 CET [2025/02/06 13:34:35 ET]
Table 'Triangulum' 6-max Seat #1 is the button
Seat 1: Mahu2021 ($95.95 in chips) 
Seat 2: saljam23 ($123.29 in chips) 
Seat 3: tlss1 ($101.75 in chips) 
Seat 4: ANIILOVEYOU ($103.70 in chips) 
Seat 5: Razluba ($212.40 in chips) 
Seat 6: aleximous ($116.79 in chips) 
saljam23: posts small blind $0.50
tlss1: posts big blind $1
*** HOLE CARDS ***
Dealt to Mahu2021 [Th 7s]
ANIILOVEYOU: folds 
Razluba: folds 
aleximous: folds 
Mahu2021: folds 
saljam23: folds 
Uncalled bet ($0.50) returned to tlss1
tlss1 collected $1 from pot
tlss1: doesn't show hand 
*** SUMMARY ***
Total pot $1 | Rake $0 
Seat 1: Mahu2021 (button) folded before Flop (didn't bet)
Seat 2: saljam23 (small blind) folded before Flop
Seat 3: tlss1 (big blind) collected ($1)
Seat 4: ANIILOVEYOU folded before Flop (didn't bet)
Seat 5: Razluba folded before Flop (didn't bet)
Seat 6: aleximous folded before Flop (didn't bet)



PokerStars Zoom Hand #254736911497:  Hold'em No Limit ($0.50/$1.00) - 2025/02/06 19:34:26 CET [2025/02/06 13:34:26 ET]
Table 'Triangulum' 6-max Seat #1 is the button
Seat 1: TomasSVK85 ($186.81 in chips) 
Seat 2: bs2709 ($272.56 in chips) 
Seat 3: BPat2027 ($156.98 in chips) 
Seat 4: ciceron86 ($100 in chips) 
Seat 5: simoniustin ($112.63 in chips) 
Seat 6: Mahu2021 ($96.45 in chips) 
bs2709: posts small blind $0.50
BPat2027: posts big blind $1
*** HOLE CARDS ***
Dealt to Mahu2021 [Kh 6c]
ciceron86: folds 
simoniustin: folds 
Mahu2021: folds 
TomasSVK85: raises $1.50 to $2.50
bs2709: raises $9.50 to $12
BPat2027: folds 
TomasSVK85: folds 
Uncalled bet ($9.50) returned to bs2709
bs2709 collected $6 from pot
bs2709: doesn't show hand 
*** SUMMARY ***
Total pot $6 | Rake $0 
Seat 1: TomasSVK85 (button) folded before Flop
Seat 2: bs2709 (small blind) collected ($6)
Seat 3: BPat2027 (big blind) folded before Flop
Seat 4: ciceron86 folded before Flop (didn't bet)
Seat 5: simoniustin folded before Flop (didn't bet)
Seat 6: Mahu2021 folded before Flop (didn't bet)



PokerStars Zoom Hand #254736913370:  Hold'em No Limit ($0.50/$1.00) - 2025/02/06 19:34:33 CET [2025/02/06 13:34:33 ET]
Table 'Triangulum' 6-max Seat #1 is the button
Seat 1: iggyping ($121.05 in chips) 
Seat 2: Mahu2021 ($96.45 in chips) 
Seat 3: ibaCker ($104 in chips) 
Seat 4: tlss1 ($101.75 in chips) 
Seat 5: simoniustin ($103.29 in chips) 
Seat 6: PanchoSuper ($106.95 in chips) 
Mahu2021: posts small blind $0.50
ibaCker: posts big blind $1
*** HOLE CARDS ***
Dealt to Mahu2021 [Td 5d]
tlss1: folds 
simoniustin: raises $1.50 to $2.50
PanchoSuper: raises $6.50 to $9
iggyping: folds 
Mahu2021: folds 
ibaCker: folds 
simoniustin: folds 
Uncalled bet ($6.50) returned to PanchoSuper
PanchoSuper collected $6.50 from pot
PanchoSuper: doesn't show hand 
*** SUMMARY ***
Total pot $6.50 | Rake $0 
Seat 1: iggyping (button) folded before Flop (didn't bet)
Seat 2: Mahu2021 (small blind) folded before Flop
Seat 3: ibaCker (big blind) folded before Flop
Seat 4: tlss1 folded before Flop (didn't bet)
Seat 5: simoniustin folded before Flop
Seat 6: PanchoSuper collected ($6.50)



PokerStars Zoom Hand #254736915366:  Hold'em No Limit ($0.50/$1.00) - 2025/02/06 19:34:40 CET [2025/02/06 13:34:40 ET]
Table 'Triangulum' 6-max Seat #1 is the button
Seat 1: bs2709 ($164.31 in chips) 
Seat 2: ANIILOVEYOU ($103.70 in chips) 
Seat 3: BoyLoc0 ($299.11 in chips) 
Seat 4: Razluba ($212.40 in chips) 
Seat 5: Mahu2021 ($95.95 in chips) 
Seat 6: saljam23 ($122.79 in chips) 
ANIILOVEYOU: posts small blind $0.50
BoyLoc0: posts big blind $1
*** HOLE CARDS ***
Dealt to Mahu2021 [Qh Qd]
Razluba: folds 
Mahu2021: raises $1.40 to $2.40
saljam23: folds 
bs2709: folds 
ANIILOVEYOU: folds 
BoyLoc0: folds 
Uncalled bet ($1.40) returned to Mahu2021
Mahu2021 collected $2.50 from pot
Mahu2021: doesn't show hand 
*** SUMMARY ***
Total pot $2.50 | Rake $0 
Seat 1: bs2709 (button) folded before Flop (didn't bet)
Seat 2: ANIILOVEYOU (small blind) folded before Flop
Seat 3: BoyLoc0 (big blind) folded before Flop
Seat 4: Razluba folded before Flop (didn't bet)
Seat 5: Mahu2021 collected ($2.50)
Seat 6: saljam23 folded before Flop (didn't bet)



PokerStars Zoom Hand #254736921358:  Hold'em No Limit ($0.50/$1.00) - 2025/02/06 19:35:01 CET [2025/02/06 13:35:01 ET]
Table 'Triangulum' 6-max Seat #1 is the button
Seat 1: ciceron86 ($100 in chips) 
Seat 2: Roro1077 ($104.50 in chips) 
Seat 3: tlss1 ($127.01 in chips) 
Seat 4: Mahu2021 ($97.45 in chips) 
Seat 5: Razluba ($59.83 in chips) 
Seat 6: ibaCker ($102.50 in chips) 
Roro1077: posts small blind $0.50
tlss1: posts big blind $1
*** HOLE CARDS ***
Dealt to Mahu2021 [Kd Qh]
Mahu2021: raises $1.40 to $2.40
Razluba: folds 
ibaCker: folds 
ciceron86: folds 
Roro1077: folds 
tlss1: folds 
Uncalled bet ($1.40) returned to Mahu2021
Mahu2021 collected $2.50 from pot
Mahu2021: doesn't show hand 
*** SUMMARY ***
Total pot $2.50 | Rake $0 
Seat 1: ciceron86 (button) folded before Flop (didn't bet)
Seat 2: Roro1077 (small blind) folded before Flop
Seat 3: tlss1 (big blind) folded before Flop
Seat 4: Mahu2021 collected ($2.50)
Seat 5: Razluba folded before Flop (didn't bet)
Seat 6: ibaCker folded before Flop (didn't bet)



PokerStars Zoom Hand #254736926220:  Hold'em No Limit ($0.50/$1.00) - 2025/02/06 19:35:18 CET [2025/02/06 13:35:18 ET]
Table 'Triangulum' 6-max Seat #1 is the button
Seat 1: henner85 ($132.51 in chips) 
Seat 2: Razluba ($99.83 in chips) 
Seat 3: simoniustin ($111.63 in chips) 
Seat 4: ibaCker ($102.50 in chips) 
Seat 5: aleximous ($147.29 in chips) 
Seat 6: Mahu2021 ($98.95 in chips) 
Razluba: posts small blind $0.50
simoniustin: posts big blind $1
*** HOLE CARDS ***
Dealt to Mahu2021 [Qs 2s]
ibaCker: folds 
aleximous: folds 
Mahu2021: folds 
henner85: raises $1 to $2
Razluba: raises $5 to $7
simoniustin: calls $6
henner85: folds 
*** FLOP *** [9d 8h Jc]
Razluba: bets $5.32
simoniustin: folds 
Uncalled bet ($5.32) returned to Razluba
Razluba collected $15.20 from pot
Razluba: doesn't show hand 
*** SUMMARY ***
Total pot $16 | Rake $0.80 
Board [9d 8h Jc]
Seat 1: henner85 (button) folded before Flop
Seat 2: Razluba (small blind) collected ($15.20)
Seat 3: simoniustin (big blind) folded on the Flop
Seat 4: ibaCker folded before Flop (didn't bet)
Seat 5: aleximous folded before Flop (didn't bet)
Seat 6: Mahu2021 folded before Flop (didn't bet)



