PokerStars Zoom Hand #255031972795:  Hold'em No Limit ($0.05/$0.10) - 2025/02/25 13:20:35 CET [2025/02/25 7:20:35 ET]
Table 'Aludra' 6-max Seat #1 is the button
Seat 1: mexxxy_90 ($10 in chips) 
Seat 2: Erossimo ($7.55 in chips) 
Seat 3: Mahu2021 ($10 in chips) 
Seat 4: Julian.S1989 ($21.54 in chips) 
Seat 5: Reddington567 ($9.96 in chips) 
Seat 6: NoMoreAOF ($14.09 in chips) 
Erossimo: posts small blind $0.05
Mahu2021: posts big blind $0.10
*** HOLE CARDS ***
Dealt to Mahu2021 [Ts Th]
Julian.S1989: raises $0.12 to $0.22
Reddington567: folds 
NoMoreAOF: folds 
mexxxy_90: folds 
Erossimo: folds 
Mahu2021: calls $0.12
*** FLOP *** [Ks 5s Qc]
Mahu2021: checks 
Julian.S1989: bets $0.35
Mahu2021: folds 
Uncalled bet ($0.35) returned to Julian.S1989
Julian.S1989 collected $0.47 from pot
Julian.S1989: doesn't show hand 
*** SUMMARY ***
Total pot $0.49 | Rake $0.02 
Board [Ks 5s Qc]
Seat 1: mexxxy_90 (button) folded before Flop (didn't bet)
Seat 2: Erossimo (small blind) folded before Flop
Seat 3: Mahu2021 (big blind) folded on the Flop
Seat 4: Julian.S1989 collected ($0.47)
Seat 5: Reddington567 folded before Flop (didn't bet)
Seat 6: NoMoreAOF folded before Flop (didn't bet)



PokerStars Zoom Hand #255031977030:  Hold'em No Limit ($0.05/$0.10) - 2025/02/25 13:21:09 CET [2025/02/25 7:21:09 ET]
Table 'Aludra' 6-max Seat #1 is the button
Seat 1: JD 2266 E ($9.60 in chips) 
Seat 2: 777zloba777 ($10 in chips) 
Seat 3: SwivelSteal ($15.95 in chips) 
Seat 4: NoMoreAOF ($10 in chips) 
Seat 5: Erossimo ($15.68 in chips) 
Seat 6: Mahu2021 ($9.58 in chips) 
777zloba777: posts small blind $0.05
SwivelSteal: posts big blind $0.10
*** HOLE CARDS ***
Dealt to Mahu2021 [7c As]
NoMoreAOF: folds 
Erossimo: folds 
Mahu2021: folds 
JD 2266 E: folds 
777zloba777: raises $0.30 to $0.40
SwivelSteal: folds 
Uncalled bet ($0.30) returned to 777zloba777
777zloba777 collected $0.20 from pot
777zloba777: doesn't show hand 
*** SUMMARY ***
Total pot $0.20 | Rake $0 
Seat 1: JD 2266 E (button) folded before Flop (didn't bet)
Seat 2: 777zloba777 (small blind) collected ($0.20)
Seat 3: SwivelSteal (big blind) folded before Flop
Seat 4: NoMoreAOF folded before Flop (didn't bet)
Seat 5: Erossimo folded before Flop (didn't bet)
Seat 6: Mahu2021 folded before Flop (didn't bet)



PokerStars Zoom Hand #255031977550:  Hold'em No Limit ($0.05/$0.10) - 2025/02/25 13:21:12 CET [2025/02/25 7:21:12 ET]
Table 'Aludra' 6-max Seat #1 is the button
Seat 1: stoik83 ($14.13 in chips) 
Seat 2: SwivelSteal ($16.24 in chips) 
Seat 3: qj444 ($10 in chips) 
Seat 4: Sindragosa99 ($17.65 in chips) 
Seat 5: Mahu2021 ($9.58 in chips) 
Seat 6: sunfild73 ($7.36 in chips) 
SwivelSteal: posts small blind $0.05
qj444: posts big blind $0.10
*** HOLE CARDS ***
Dealt to Mahu2021 [Qs 7c]
Sindragosa99: folds 
Mahu2021: folds 
sunfild73: calls $0.10
stoik83 has timed out
stoik83: folds 
SwivelSteal: folds 
qj444: checks 
*** FLOP *** [3s 3h Qc]
qj444: checks 
sunfild73: bets $0.10
qj444: folds 
Uncalled bet ($0.10) returned to sunfild73
sunfild73 collected $0.24 from pot
sunfild73: doesn't show hand 
*** SUMMARY ***
Total pot $0.25 | Rake $0.01 
Board [3s 3h Qc]
Seat 1: stoik83 (button) folded before Flop (didn't bet)
Seat 2: SwivelSteal (small blind) folded before Flop
Seat 3: qj444 (big blind) folded on the Flop
Seat 4: Sindragosa99 folded before Flop (didn't bet)
Seat 5: Mahu2021 folded before Flop (didn't bet)
Seat 6: sunfild73 collected ($0.24)



PokerStars Zoom Hand #255031975361:  Hold'em No Limit ($0.05/$0.10) - 2025/02/25 13:20:56 CET [2025/02/25 7:20:56 ET]
Table 'Aludra' 6-max Seat #1 is the button
Seat 1: GreatLotus ($10.33 in chips) 
Seat 2: Mahu2021 ($9.78 in chips) 
Seat 3: CaJe94 ($10 in chips) 
Seat 4: Clicker89 ($11.21 in chips) 
Seat 5: ChuruBDO ($9.82 in chips) 
Seat 6: 8ujn ($10.27 in chips) 
Mahu2021: posts small blind $0.05
CaJe94: posts big blind $0.10
*** HOLE CARDS ***
Dealt to Mahu2021 [8h 8d]
Clicker89: folds 
ChuruBDO: folds 
8ujn: folds 
GreatLotus: raises $0.10 to $0.20
Mahu2021: calls $0.15
CaJe94: raises $1 to $1.20
GreatLotus: calls $1
Mahu2021: folds 
*** FLOP *** [Jc 2s 7c]
CaJe94: checks 
GreatLotus: checks 
*** TURN *** [Jc 2s 7c] [6h]
CaJe94: bets $0.20
GreatLotus: raises $0.80 to $1
CaJe94: raises $2 to $3
GreatLotus: folds 
Uncalled bet ($2) returned to CaJe94
CaJe94 collected $4.39 from pot
CaJe94: doesn't show hand 
*** SUMMARY ***
Total pot $4.60 | Rake $0.21 
Board [Jc 2s 7c 6h]
Seat 1: GreatLotus (button) folded on the Turn
Seat 2: Mahu2021 (small blind) folded before Flop
Seat 3: CaJe94 (big blind) collected ($4.39)
Seat 4: Clicker89 folded before Flop (didn't bet)
Seat 5: ChuruBDO folded before Flop (didn't bet)
Seat 6: 8ujn folded before Flop (didn't bet)



PokerStars Zoom Hand #255031980701:  Hold'em No Limit ($0.05/$0.10) - 2025/02/25 13:21:37 CET [2025/02/25 7:21:37 ET]
Table 'Aludra' 6-max Seat #1 is the button
Seat 1: Dré29 ($27.64 in chips) 
Seat 2: nevesz25 ($12.26 in chips) 
Seat 3: Mahu2021 ($9.53 in chips) 
Seat 4: 8ujn ($11.07 in chips) 
Seat 5: Bonditten ($10.99 in chips) 
Seat 6: camoulife ($10.70 in chips) 
nevesz25: posts small blind $0.05
Mahu2021: posts big blind $0.10
*** HOLE CARDS ***
Dealt to Mahu2021 [7c Kh]
8ujn: raises $0.10 to $0.20
Bonditten: folds 
camoulife: folds 
Dré29: folds 
nevesz25: folds 
Mahu2021: folds 
Uncalled bet ($0.10) returned to 8ujn
8ujn collected $0.25 from pot
8ujn: doesn't show hand 
*** SUMMARY ***
Total pot $0.25 | Rake $0 
Seat 1: Dré29 (button) folded before Flop (didn't bet)
Seat 2: nevesz25 (small blind) folded before Flop
Seat 3: Mahu2021 (big blind) folded before Flop
Seat 4: 8ujn collected ($0.25)
Seat 5: Bonditten folded before Flop (didn't bet)
Seat 6: camoulife folded before Flop (didn't bet)



PokerStars Zoom Hand #255031981995:  Hold'em No Limit ($0.05/$0.10) - 2025/02/25 13:21:47 CET [2025/02/25 7:21:47 ET]
Table 'Aludra' 6-max Seat #1 is the button
Seat 1: Bonditten ($10.99 in chips) 
Seat 2: jksgoodgz ($31 in chips) 
Seat 3: Dante_Nuts ($10.32 in chips) 
Seat 4: VitorArj ($10 in chips) 
Seat 5: Mahu2021 ($9.43 in chips) 
Seat 6: Dré29 ($41.58 in chips) 
jksgoodgz: posts small blind $0.05
Dante_Nuts: posts big blind $0.10
*** HOLE CARDS ***
Dealt to Mahu2021 [2s 8c]
VitorArj: raises $0.15 to $0.25
Mahu2021: folds 
Dré29: folds 
Bonditten: folds 
jksgoodgz: folds 
Dante_Nuts: folds 
Uncalled bet ($0.15) returned to VitorArj
VitorArj collected $0.25 from pot
VitorArj: doesn't show hand 
*** SUMMARY ***
Total pot $0.25 | Rake $0 
Seat 1: Bonditten (button) folded before Flop (didn't bet)
Seat 2: jksgoodgz (small blind) folded before Flop
Seat 3: Dante_Nuts (big blind) folded before Flop
Seat 4: VitorArj collected ($0.25)
Seat 5: Mahu2021 folded before Flop (didn't bet)
Seat 6: Dré29 folded before Flop (didn't bet)



PokerStars Zoom Hand #255031982358:  Hold'em No Limit ($0.05/$0.10) - 2025/02/25 13:21:50 CET [2025/02/25 7:21:50 ET]
Table 'Aludra' 6-max Seat #1 is the button
Seat 1: 8ujn ($11.22 in chips) 
Seat 2: Sindragosa99 ($6.71 in chips) 
Seat 3: Erossimo ($10.29 in chips) 
Seat 4: Mahu2021 ($9.43 in chips) 
Seat 5: dragonJ250 ($17.63 in chips) 
Seat 6: Lim 2589 ($13.90 in chips) 
Sindragosa99: posts small blind $0.05
Erossimo: posts big blind $0.10
*** HOLE CARDS ***
Dealt to Mahu2021 [6d 6s]
Mahu2021: raises $0.14 to $0.24
dragonJ250: folds 
Lim 2589: folds 
8ujn: folds 
Sindragosa99: folds 
Erossimo: folds 
Uncalled bet ($0.14) returned to Mahu2021
Mahu2021 collected $0.25 from pot
Mahu2021: doesn't show hand 
*** SUMMARY ***
Total pot $0.25 | Rake $0 
Seat 1: 8ujn (button) folded before Flop (didn't bet)
Seat 2: Sindragosa99 (small blind) folded before Flop
Seat 3: Erossimo (big blind) folded before Flop
Seat 4: Mahu2021 collected ($0.25)
Seat 5: dragonJ250 folded before Flop (didn't bet)
Seat 6: Lim 2589 folded before Flop (didn't bet)



PokerStars Zoom Hand #255031978186:  Hold'em No Limit ($0.05/$0.10) - 2025/02/25 13:21:18 CET [2025/02/25 7:21:18 ET]
Table 'Aludra' 6-max Seat #1 is the button
Seat 1: restecalm ($11.60 in chips) 
Seat 2: Dré29 ($12.74 in chips) 
Seat 3: CaJe94 ($12.45 in chips) 
Seat 4: ChuruBDO ($24.24 in chips) 
Seat 5: Sindragosa99 ($17.65 in chips) 
Seat 6: Mahu2021 ($9.58 in chips) 
Dré29: posts small blind $0.05
CaJe94: posts big blind $0.10
*** HOLE CARDS ***
Dealt to Mahu2021 [6s 4d]
ChuruBDO: folds 
Sindragosa99: folds 
Mahu2021: folds 
restecalm: folds 
Dré29: raises $0.20 to $0.30
CaJe94: calls $0.20
*** FLOP *** [5d Ks 7h]
Dré29: bets $0.14
CaJe94: calls $0.14
*** TURN *** [5d Ks 7h] [Ad]
Dré29: checks 
CaJe94: checks 
*** RIVER *** [5d Ks 7h Ad] [Ac]
Dré29: checks 
CaJe94: bets $1.26
Dré29: folds 
Uncalled bet ($1.26) returned to CaJe94
CaJe94 collected $0.84 from pot
CaJe94: doesn't show hand 
*** SUMMARY ***
Total pot $0.88 | Rake $0.04 
Board [5d Ks 7h Ad Ac]
Seat 1: restecalm (button) folded before Flop (didn't bet)
Seat 2: Dré29 (small blind) folded on the River
Seat 3: CaJe94 (big blind) collected ($0.84)
Seat 4: ChuruBDO folded before Flop (didn't bet)
Seat 5: Sindragosa99 folded before Flop (didn't bet)
Seat 6: Mahu2021 folded before Flop (didn't bet)



PokerStars Zoom Hand #255031983965:  Hold'em No Limit ($0.05/$0.10) - 2025/02/25 13:22:02 CET [2025/02/25 7:22:02 ET]
Table 'Aludra' 6-max Seat #1 is the button
Seat 1: Mahu2021 ($9.58 in chips) 
Seat 2: 777zloba777 ($10 in chips) 
Seat 3: NoMoreAOF ($10.35 in chips) 
Seat 4: jksgoodgz ($27.98 in chips) 
Seat 5: stoik83 ($12.63 in chips) 
Seat 6: flexforlife12 ($4.57 in chips) 
777zloba777: posts small blind $0.05
NoMoreAOF: posts big blind $0.10
*** HOLE CARDS ***
Dealt to Mahu2021 [7c 2d]
jksgoodgz: folds 
stoik83: folds 
flexforlife12: folds 
Mahu2021: folds 
777zloba777: folds 
Uncalled bet ($0.05) returned to NoMoreAOF
NoMoreAOF collected $0.10 from pot
NoMoreAOF: doesn't show hand 
*** SUMMARY ***
Total pot $0.10 | Rake $0 
Seat 1: Mahu2021 (button) folded before Flop (didn't bet)
Seat 2: 777zloba777 (small blind) folded before Flop
Seat 3: NoMoreAOF (big blind) collected ($0.10)
Seat 4: jksgoodgz folded before Flop (didn't bet)
Seat 5: stoik83 folded before Flop (didn't bet)
Seat 6: flexforlife12 folded before Flop (didn't bet)



PokerStars Zoom Hand #255031985041:  Hold'em No Limit ($0.05/$0.10) - 2025/02/25 13:22:10 CET [2025/02/25 7:22:10 ET]
Table 'Aludra' 6-max Seat #1 is the button
Seat 1: VitorArj ($10.15 in chips) 
Seat 2: 777zloba777 ($10.05 in chips) 
Seat 3: Mahu2021 ($9.53 in chips) 
Seat 4: perttix ($11.45 in chips) 
Seat 5: stoik83 ($12.63 in chips) 
Seat 6: Dré29 ($41.73 in chips) 
777zloba777: posts small blind $0.05
Mahu2021: posts big blind $0.10
*** HOLE CARDS ***
Dealt to Mahu2021 [4h 8s]
perttix: folds 
stoik83: folds 
Dré29: folds 
VitorArj: raises $0.15 to $0.25
777zloba777: folds 
Mahu2021: folds 
Uncalled bet ($0.15) returned to VitorArj
VitorArj collected $0.25 from pot
VitorArj: doesn't show hand 
*** SUMMARY ***
Total pot $0.25 | Rake $0 
Seat 1: VitorArj (button) collected ($0.25)
Seat 2: 777zloba777 (small blind) folded before Flop
Seat 3: Mahu2021 (big blind) folded before Flop
Seat 4: perttix folded before Flop (didn't bet)
Seat 5: stoik83 folded before Flop (didn't bet)
Seat 6: Dré29 folded before Flop (didn't bet)



PokerStars Zoom Hand #255031974810:  Hold'em No Limit ($0.05/$0.10) - 2025/02/25 13:20:51 CET [2025/02/25 7:20:51 ET]
Table 'Aludra' 6-max Seat #1 is the button
Seat 1: Mahu2021 ($9.78 in chips) 
Seat 2: paulgttdi ($24.66 in chips) 
Seat 3: Reddington567 ($9.96 in chips) 
Seat 4: alexisabos3 ($10.92 in chips) 
Seat 5: perttix ($11.50 in chips) 
Seat 6: Clicker89 ($11.21 in chips) 
paulgttdi: posts small blind $0.05
Reddington567: posts big blind $0.10
*** HOLE CARDS ***
Dealt to Mahu2021 [Jh 3s]
alexisabos3: raises $0.10 to $0.20
perttix: calls $0.20
Clicker89: folds 
Mahu2021: folds 
paulgttdi: calls $0.15
Reddington567: folds 
*** FLOP *** [Jd 7d Ks]
paulgttdi: checks 
alexisabos3: checks 
perttix: checks 
*** TURN *** [Jd 7d Ks] [Tc]
paulgttdi: checks 
alexisabos3: checks 
perttix: checks 
*** RIVER *** [Jd 7d Ks Tc] [Qh]
paulgttdi: bets $2
alexisabos3: raises $2 to $4
perttix: folds 
paulgttdi: raises $20.46 to $24.46 and is all-in
alexisabos3: calls $6.72 and is all-in
Uncalled bet ($13.74) returned to paulgttdi
*** SHOW DOWN ***
paulgttdi: shows [4c Ah] (a straight, Ten to Ace)
alexisabos3: shows [As Th] (a straight, Ten to Ace)
paulgttdi collected $10.57 from pot
alexisabos3 collected $10.57 from pot
*** SUMMARY ***
Total pot $22.14 | Rake $1 
Board [Jd 7d Ks Tc Qh]
Seat 1: Mahu2021 (button) folded before Flop (didn't bet)
Seat 2: paulgttdi (small blind) showed [4c Ah] and won ($10.57) with a straight, Ten to Ace
Seat 3: Reddington567 (big blind) folded before Flop
Seat 4: alexisabos3 showed [As Th] and won ($10.57) with a straight, Ten to Ace
Seat 5: perttix folded on the River
Seat 6: Clicker89 folded before Flop (didn't bet)



PokerStars Zoom Hand #255031981342:  Hold'em No Limit ($0.05/$0.10) - 2025/02/25 13:21:42 CET [2025/02/25 7:21:42 ET]
Table 'Aludra' 6-max Seat #1 is the button
Seat 1: Mahu2021 ($9.43 in chips) 
Seat 2: TCCAVBR ($22.73 in chips) 
Seat 3: ji6413 ($15.98 in chips) 
Seat 4: Dcris96 ($11.79 in chips) 
Seat 5: FRSE1104 ($13.14 in chips) 
Seat 6: jksgoodgz ($23.41 in chips) 
TCCAVBR: posts small blind $0.05
ji6413: posts big blind $0.10
*** HOLE CARDS ***
Dealt to Mahu2021 [9c 2c]
Dcris96: folds 
FRSE1104: raises $0.10 to $0.20
jksgoodgz: folds 
Mahu2021: folds 
TCCAVBR: raises $0.50 to $0.70
ji6413: folds 
FRSE1104: calls $0.50
*** FLOP *** [Js 7d 9s]
TCCAVBR: bets $0.72
FRSE1104: calls $0.72
*** TURN *** [Js 7d 9s] [Td]
TCCAVBR: checks 
FRSE1104: checks 
*** RIVER *** [Js 7d 9s Td] [Jd]
TCCAVBR: bets $1.41
FRSE1104: folds 
Uncalled bet ($1.41) returned to TCCAVBR
TCCAVBR collected $2.81 from pot
TCCAVBR: doesn't show hand 
*** SUMMARY ***
Total pot $2.94 | Rake $0.13 
Board [Js 7d 9s Td Jd]
Seat 1: Mahu2021 (button) folded before Flop (didn't bet)
Seat 2: TCCAVBR (small blind) collected ($2.81)
Seat 3: ji6413 (big blind) folded before Flop
Seat 4: Dcris96 folded before Flop (didn't bet)
Seat 5: FRSE1104 folded on the River
Seat 6: jksgoodgz folded before Flop (didn't bet)



PokerStars Zoom Hand #255031984498:  Hold'em No Limit ($0.05/$0.10) - 2025/02/25 13:22:06 CET [2025/02/25 7:22:06 ET]
Table 'Aludra' 6-max Seat #1 is the button
Seat 1: 777zloba777 ($10 in chips) 
Seat 2: Mahu2021 ($9.58 in chips) 
Seat 3: Sindragosa99 ($11.82 in chips) 
Seat 4: flexforlife12 ($4.57 in chips) 
Seat 5: Ruabe ($9.95 in chips) 
Seat 6: 8ujn ($11.27 in chips) 
Mahu2021: posts small blind $0.05
Sindragosa99: posts big blind $0.10
*** HOLE CARDS ***
Dealt to Mahu2021 [2d 7h]
flexforlife12: calls $0.10
Ruabe: raises $0.10 to $0.20
8ujn: folds 
777zloba777: folds 
Mahu2021: folds 
Sindragosa99: folds 
flexforlife12: calls $0.10
*** FLOP *** [3d Kd 5c]
flexforlife12: checks 
Ruabe: bets $0.40
flexforlife12: folds 
Uncalled bet ($0.40) returned to Ruabe
Ruabe collected $0.53 from pot
Ruabe: doesn't show hand 
*** SUMMARY ***
Total pot $0.55 | Rake $0.02 
Board [3d Kd 5c]
Seat 1: 777zloba777 (button) folded before Flop (didn't bet)
Seat 2: Mahu2021 (small blind) folded before Flop
Seat 3: Sindragosa99 (big blind) folded before Flop
Seat 4: flexforlife12 folded on the Flop
Seat 5: Ruabe collected ($0.53)
Seat 6: 8ujn folded before Flop (didn't bet)



PokerStars Zoom Hand #255031979449:  Hold'em No Limit ($0.05/$0.10) - 2025/02/25 13:21:27 CET [2025/02/25 7:21:27 ET]
Table 'Aludra' 6-max Seat #1 is the button
Seat 1: SwivelSteal ($14.45 in chips) 
Seat 2: Mahu2021 ($9.58 in chips) 
Seat 3: Clicker89 ($10.67 in chips) 
Seat 4: Winik810 ($13.65 in chips) 
Seat 5: Sindragosa99 ($17.65 in chips) 
Seat 6: zinluz ($9.46 in chips) 
Mahu2021: posts small blind $0.05
Clicker89: posts big blind $0.10
*** HOLE CARDS ***
Dealt to Mahu2021 [2d As]
Winik810: folds 
Sindragosa99: folds 
zinluz: folds 
SwivelSteal: raises $0.10 to $0.20
Mahu2021: folds 
Clicker89: calls $0.10
*** FLOP *** [Ac Th Js]
Clicker89: checks 
SwivelSteal: bets $0.11
Clicker89: calls $0.11
*** TURN *** [Ac Th Js] [Qc]
Clicker89: checks 
SwivelSteal: bets $0.48
Clicker89: folds 
Uncalled bet ($0.48) returned to SwivelSteal
SwivelSteal collected $0.64 from pot
SwivelSteal: doesn't show hand 
*** SUMMARY ***
Total pot $0.67 | Rake $0.03 
Board [Ac Th Js Qc]
Seat 1: SwivelSteal (button) collected ($0.64)
Seat 2: Mahu2021 (small blind) folded before Flop
Seat 3: Clicker89 (big blind) folded on the Turn
Seat 4: Winik810 folded before Flop (didn't bet)
Seat 5: Sindragosa99 folded before Flop (didn't bet)
Seat 6: zinluz folded before Flop (didn't bet)



PokerStars Zoom Hand #255031986432:  Hold'em No Limit ($0.05/$0.10) - 2025/02/25 13:22:21 CET [2025/02/25 7:22:21 ET]
Table 'Aludra' 6-max Seat #1 is the button
Seat 1: Clicker89 ($10 in chips) 
Seat 2: Dré29 ($27.49 in chips) 
Seat 3: Gobi000 ($11.50 in chips) 
Seat 4: cheddarman24 ($10.40 in chips) 
Seat 5: zinluz ($14.15 in chips) 
Seat 6: Mahu2021 ($9.43 in chips) 
Dré29: posts small blind $0.05
Gobi000: posts big blind $0.10
*** HOLE CARDS ***
Dealt to Mahu2021 [6d 2c]
cheddarman24: raises $0.12 to $0.22
zinluz: folds 
Mahu2021: folds 
Clicker89: folds 
Dré29: folds 
Gobi000: folds 
Uncalled bet ($0.12) returned to cheddarman24
cheddarman24 collected $0.25 from pot
cheddarman24: doesn't show hand 
*** SUMMARY ***
Total pot $0.25 | Rake $0 
Seat 1: Clicker89 (button) folded before Flop (didn't bet)
Seat 2: Dré29 (small blind) folded before Flop
Seat 3: Gobi000 (big blind) folded before Flop
Seat 4: cheddarman24 collected ($0.25)
Seat 5: zinluz folded before Flop (didn't bet)
Seat 6: Mahu2021 folded before Flop (didn't bet)



PokerStars Zoom Hand #255031987469:  Hold'em No Limit ($0.05/$0.10) - 2025/02/25 13:22:29 CET [2025/02/25 7:22:29 ET]
Table 'Aludra' 6-max Seat #1 is the button
Seat 1: mexxxy_90 ($10 in chips) 
Seat 2: Reddington567 ($17.69 in chips) 
Seat 3: Erossimo ($15.48 in chips) 
Seat 4: qj444 ($12.55 in chips) 
Seat 5: Mahu2021 ($9.43 in chips) 
Seat 6: Clicker89 ($10 in chips) 
Reddington567: posts small blind $0.05
Erossimo: posts big blind $0.10
*** HOLE CARDS ***
Dealt to Mahu2021 [Jh 8s]
qj444: folds 
Mahu2021: folds 
Clicker89: folds 
mexxxy_90: folds 
Reddington567: folds 
Uncalled bet ($0.05) returned to Erossimo
Erossimo collected $0.10 from pot
Erossimo: doesn't show hand 
*** SUMMARY ***
Total pot $0.10 | Rake $0 
Seat 1: mexxxy_90 (button) folded before Flop (didn't bet)
Seat 2: Reddington567 (small blind) folded before Flop
Seat 3: Erossimo (big blind) collected ($0.10)
Seat 4: qj444 folded before Flop (didn't bet)
Seat 5: Mahu2021 folded before Flop (didn't bet)
Seat 6: Clicker89 folded before Flop (didn't bet)



PokerStars Zoom Hand #255031988673:  Hold'em No Limit ($0.05/$0.10) - 2025/02/25 13:22:38 CET [2025/02/25 7:22:38 ET]
Table 'Aludra' 6-max Seat #1 is the button
Seat 1: Clicker89 ($10.36 in chips) 
Seat 2: Mahu2021 ($9.33 in chips) 
Seat 3: sunfild73 ($7.49 in chips) 
Seat 4: Dré29 ($27.44 in chips) 
Seat 5: qj444 ($14.51 in chips) 
Seat 6: Winik810 ($14.65 in chips) 
Mahu2021: posts small blind $0.05
sunfild73: posts big blind $0.10
*** HOLE CARDS ***
Dealt to Mahu2021 [4h 3c]
Dré29: folds 
qj444: folds 
Winik810: folds 
Clicker89: folds 
Mahu2021: folds 
Uncalled bet ($0.05) returned to sunfild73
sunfild73 collected $0.10 from pot
sunfild73: doesn't show hand 
*** SUMMARY ***
Total pot $0.10 | Rake $0 
Seat 1: Clicker89 (button) folded before Flop (didn't bet)
Seat 2: Mahu2021 (small blind) folded before Flop
Seat 3: sunfild73 (big blind) collected ($0.10)
Seat 4: Dré29 folded before Flop (didn't bet)
Seat 5: qj444 folded before Flop (didn't bet)
Seat 6: Winik810 folded before Flop (didn't bet)



PokerStars Zoom Hand #255031989074:  Hold'em No Limit ($0.05/$0.10) - 2025/02/25 13:22:41 CET [2025/02/25 7:22:41 ET]
Table 'Aludra' 6-max Seat #1 is the button
Seat 1: stoik83 ($14.99 in chips) 
Seat 2: cheddarman24 ($10.55 in chips) 
Seat 3: Erossimo ($6.33 in chips) 
Seat 4: Bonditten ($10.42 in chips) 
Seat 5: dragonJ250 ($17.33 in chips) 
Seat 6: Mahu2021 ($9.28 in chips) 
cheddarman24: posts small blind $0.05
Erossimo: posts big blind $0.10
*** HOLE CARDS ***
Dealt to Mahu2021 [4d Ts]
Bonditten: folds 
dragonJ250: raises $0.10 to $0.20
Mahu2021: folds 
stoik83: folds 
cheddarman24: folds 
Erossimo: folds 
Uncalled bet ($0.10) returned to dragonJ250
dragonJ250 collected $0.25 from pot
dragonJ250: doesn't show hand 
*** SUMMARY ***
Total pot $0.25 | Rake $0 
Seat 1: stoik83 (button) folded before Flop (didn't bet)
Seat 2: cheddarman24 (small blind) folded before Flop
Seat 3: Erossimo (big blind) folded before Flop
Seat 4: Bonditten folded before Flop (didn't bet)
Seat 5: dragonJ250 collected ($0.25)
Seat 6: Mahu2021 folded before Flop (didn't bet)



PokerStars Zoom Hand #255031988012:  Hold'em No Limit ($0.05/$0.10) - 2025/02/25 13:22:33 CET [2025/02/25 7:22:33 ET]
Table 'Aludra' 6-max Seat #1 is the button
Seat 1: dragonJ250 ($17.33 in chips) 
Seat 2: SwivelSteal ($16.24 in chips) 
Seat 3: Mahu2021 ($9.43 in chips) 
Seat 4: CaJe94 ($12.24 in chips) 
Seat 5: JD 2266 E ($9.80 in chips) 
Seat 6: mexxxy_90 ($10 in chips) 
SwivelSteal: posts small blind $0.05
Mahu2021: posts big blind $0.10
*** HOLE CARDS ***
Dealt to Mahu2021 [Ts 3s]
CaJe94: raises $0.20 to $0.30
JD 2266 E: folds 
mexxxy_90: folds 
dragonJ250: folds 
SwivelSteal: calls $0.25
Mahu2021: folds 
*** FLOP *** [8c 4c 7d]
SwivelSteal: checks 
CaJe94: bets $0.40
SwivelSteal: calls $0.40
*** TURN *** [8c 4c 7d] [Ad]
SwivelSteal: checks 
CaJe94: bets $1
SwivelSteal: folds 
Uncalled bet ($1) returned to CaJe94
CaJe94 collected $1.43 from pot
CaJe94: doesn't show hand 
*** SUMMARY ***
Total pot $1.50 | Rake $0.07 
Board [8c 4c 7d Ad]
Seat 1: dragonJ250 (button) folded before Flop (didn't bet)
Seat 2: SwivelSteal (small blind) folded on the Turn
Seat 3: Mahu2021 (big blind) folded before Flop
Seat 4: CaJe94 collected ($1.43)
Seat 5: JD 2266 E folded before Flop (didn't bet)
Seat 6: mexxxy_90 folded before Flop (didn't bet)



PokerStars Zoom Hand #255031986978:  Hold'em No Limit ($0.05/$0.10) - 2025/02/25 13:22:25 CET [2025/02/25 7:22:25 ET]
Table 'Aludra' 6-max Seat #1 is the button
Seat 1: PokermonHAL ($8.89 in chips) 
Seat 2: mexxxy_90 ($10.10 in chips) 
Seat 3: Erossimo ($10.14 in chips) 
Seat 4: Mahu2021 ($9.43 in chips) 
Seat 5: VitorArj ($10 in chips) 
Seat 6: Reddington567 ($13.97 in chips) 
mexxxy_90: posts small blind $0.05
Erossimo: posts big blind $0.10
*** HOLE CARDS ***
Dealt to Mahu2021 [8h Kh]
Mahu2021: folds 
VitorArj: raises $0.15 to $0.25
Reddington567: folds 
PokermonHAL: folds 
mexxxy_90: folds 
Erossimo: raises $0.55 to $0.80
VitorArj: calls $0.55
*** FLOP *** [Js Ah Qc]
Erossimo: checks 
VitorArj: checks 
*** TURN *** [Js Ah Qc] [4h]
Erossimo: checks 
VitorArj: checks 
*** RIVER *** [Js Ah Qc 4h] [4d]
Erossimo: checks 
VitorArj: checks 
*** SHOW DOWN ***
Erossimo: shows [9d 9s] (two pair, Nines and Fours)
VitorArj: shows [Ts Td] (two pair, Tens and Fours)
VitorArj collected $1.58 from pot
*** SUMMARY ***
Total pot $1.65 | Rake $0.07 
Board [Js Ah Qc 4h 4d]
Seat 1: PokermonHAL (button) folded before Flop (didn't bet)
Seat 2: mexxxy_90 (small blind) folded before Flop
Seat 3: Erossimo (big blind) showed [9d 9s] and lost with two pair, Nines and Fours
Seat 4: Mahu2021 folded before Flop (didn't bet)
Seat 5: VitorArj showed [Ts Td] and won ($1.58) with two pair, Tens and Fours
Seat 6: Reddington567 folded before Flop (didn't bet)



PokerStars Zoom Hand #255031989588:  Hold'em No Limit ($0.05/$0.10) - 2025/02/25 13:22:45 CET [2025/02/25 7:22:45 ET]
Table 'Aludra' 6-max Seat #1 is the button
Seat 1: Mahu2021 ($9.28 in chips) 
Seat 2: 777zloba777 ($10.05 in chips) 
Seat 3: Winik810 ($14.65 in chips) 
Seat 4: Sindragosa99 ($11.67 in chips) 
Seat 5: Dré29 ($27.44 in chips) 
Seat 6: Ruabe ($10.13 in chips) 
777zloba777: posts small blind $0.05
Winik810: posts big blind $0.10
*** HOLE CARDS ***
Dealt to Mahu2021 [Th 9d]
Sindragosa99: folds 
Dré29: folds 
Ruabe: folds 
Mahu2021: raises $0.20 to $0.30
777zloba777: folds 
Winik810: folds 
Uncalled bet ($0.20) returned to Mahu2021
Mahu2021 collected $0.25 from pot
Mahu2021: doesn't show hand 
*** SUMMARY ***
Total pot $0.25 | Rake $0 
Seat 1: Mahu2021 (button) collected ($0.25)
Seat 2: 777zloba777 (small blind) folded before Flop
Seat 3: Winik810 (big blind) folded before Flop
Seat 4: Sindragosa99 folded before Flop (didn't bet)
Seat 5: Dré29 folded before Flop (didn't bet)
Seat 6: Ruabe folded before Flop (didn't bet)



PokerStars Zoom Hand #255031993392:  Hold'em No Limit ($0.05/$0.10) - 2025/02/25 13:23:14 CET [2025/02/25 7:23:14 ET]
Table 'Aludra' 6-max Seat #1 is the button
Seat 1: Dcris96 ($11.97 in chips) 
Seat 2: khz71 ($10 in chips) 
Seat 3: Mahu2021 ($9.43 in chips) 
Seat 4: Lim 2589 ($13.80 in chips) 
Seat 5: NoMoreAOF ($12.02 in chips) 
Seat 6: 777zloba777 ($10 in chips) 
khz71: posts small blind $0.05
Mahu2021: posts big blind $0.10
*** HOLE CARDS ***
Dealt to Mahu2021 [8h Kc]
Lim 2589: folds 
NoMoreAOF: folds 
777zloba777: folds 
Dcris96: calls $0.10
khz71: calls $0.05
Mahu2021: checks 
*** FLOP *** [8c 2h 2d]
khz71: checks 
Mahu2021: bets $0.20
Dcris96: calls $0.20
khz71: folds 
*** TURN *** [8c 2h 2d] [Kd]
Mahu2021: bets $0.20
Dcris96: raises $0.20 to $0.40
Mahu2021: calls $0.20
*** RIVER *** [8c 2h 2d Kd] [2s]
Mahu2021: bets $1.43
Dcris96: raises $1.43 to $2.86
Mahu2021: calls $1.43
*** SHOW DOWN ***
Dcris96: shows [Ac Kh] (a full house, Deuces full of Kings)
Mahu2021: shows [8h Kc] (a full house, Deuces full of Kings)
Mahu2021 collected $3.45 from pot
Dcris96 collected $3.45 from pot
*** SUMMARY ***
Total pot $7.22 | Rake $0.32 
Board [8c 2h 2d Kd 2s]
Seat 1: Dcris96 (button) showed [Ac Kh] and won ($3.45) with a full house, Deuces full of Kings
Seat 2: khz71 (small blind) folded on the Flop
Seat 3: Mahu2021 (big blind) showed [8h Kc] and won ($3.45) with a full house, Deuces full of Kings
Seat 4: Lim 2589 folded before Flop (didn't bet)
Seat 5: NoMoreAOF folded before Flop (didn't bet)
Seat 6: 777zloba777 folded before Flop (didn't bet)



PokerStars Zoom Hand #255031992315:  Hold'em No Limit ($0.05/$0.10) - 2025/02/25 13:23:06 CET [2025/02/25 7:23:06 ET]
Table 'Aludra' 6-max Seat #1 is the button
Seat 1: CaJe94 ($11.79 in chips) 
Seat 2: camoulife ($12.25 in chips) 
Seat 3: a.k.swift84 ($14.56 in chips) 
Seat 4: Sindragosa99 ($29.73 in chips) 
Seat 5: Mahu2021 ($9.43 in chips) 
Seat 6: cheddarman24 ($10.40 in chips) 
camoulife: posts small blind $0.05
a.k.swift84: posts big blind $0.10
*** HOLE CARDS ***
Dealt to Mahu2021 [Jd 3h]
Sindragosa99: folds 
Mahu2021: folds 
cheddarman24: raises $0.15 to $0.25
CaJe94: calls $0.25
camoulife: folds 
a.k.swift84: folds 
*** FLOP *** [Jh 9d 6c]
cheddarman24: checks 
CaJe94: bets $0.20
cheddarman24: calls $0.20
*** TURN *** [Jh 9d 6c] [8d]
cheddarman24: checks 
CaJe94: bets $0.70
cheddarman24: calls $0.70
*** RIVER *** [Jh 9d 6c 8d] [5s]
cheddarman24: checks 
CaJe94: checks 
*** SHOW DOWN ***
cheddarman24: shows [Ad 5d] (a pair of Fives)
CaJe94: mucks hand 
cheddarman24 collected $2.34 from pot
*** SUMMARY ***
Total pot $2.45 | Rake $0.11 
Board [Jh 9d 6c 8d 5s]
Seat 1: CaJe94 (button) mucked [Qd Ac]
Seat 2: camoulife (small blind) folded before Flop
Seat 3: a.k.swift84 (big blind) folded before Flop
Seat 4: Sindragosa99 folded before Flop (didn't bet)
Seat 5: Mahu2021 folded before Flop (didn't bet)
Seat 6: cheddarman24 showed [Ad 5d] and won ($2.34) with a pair of Fives



PokerStars Zoom Hand #255031997996:  Hold'em No Limit ($0.05/$0.10) - 2025/02/25 13:23:49 CET [2025/02/25 7:23:49 ET]
Table 'Aludra' 6-max Seat #1 is the button
Seat 1: Mahu2021 ($9.32 in chips) 
Seat 2: Clicker89 ($10.29 in chips) 
Seat 3: CaJe94 ($13.57 in chips) 
Seat 4: Gobi000 ($12.23 in chips) 
Seat 5: Sindragosa99 ($11.90 in chips) 
Seat 6: Mangilik ($12.12 in chips) 
Clicker89: posts small blind $0.05
CaJe94: posts big blind $0.10
*** HOLE CARDS ***
Dealt to Mahu2021 [Jc 8c]
Gobi000: folds 
Sindragosa99: folds 
Mangilik: folds 
Mahu2021: raises $0.20 to $0.30
Clicker89: folds 
CaJe94: calls $0.20
*** FLOP *** [2s Js 6d]
CaJe94: checks 
Mahu2021: bets $0.30
CaJe94: raises $0.90 to $1.20
Mahu2021: folds 
Uncalled bet ($0.90) returned to CaJe94
CaJe94 collected $1.19 from pot
CaJe94: doesn't show hand 
*** SUMMARY ***
Total pot $1.25 | Rake $0.06 
Board [2s Js 6d]
Seat 1: Mahu2021 (button) folded on the Flop
Seat 2: Clicker89 (small blind) folded before Flop
Seat 3: CaJe94 (big blind) collected ($1.19)
Seat 4: Gobi000 folded before Flop (didn't bet)
Seat 5: Sindragosa99 folded before Flop (didn't bet)
Seat 6: Mangilik folded before Flop (didn't bet)



PokerStars Zoom Hand #255031992859:  Hold'em No Limit ($0.05/$0.10) - 2025/02/25 13:23:10 CET [2025/02/25 7:23:10 ET]
Table 'Aludra' 6-max Seat #1 is the button
Seat 1: Ruabe ($10.08 in chips) 
Seat 2: Reddington567 ($17.54 in chips) 
Seat 3: mexxxy_90 ($10 in chips) 
Seat 4: Mahu2021 ($9.43 in chips) 
Seat 5: 777zloba777 ($11.25 in chips) 
Seat 6: kendrid_phil ($28.36 in chips) 
Reddington567: posts small blind $0.05
mexxxy_90: posts big blind $0.10
*** HOLE CARDS ***
Dealt to Mahu2021 [Ks 7d]
Mahu2021: folds 
777zloba777: folds 
kendrid_phil: folds 
Ruabe: raises $0.15 to $0.25
Reddington567: calls $0.20
mexxxy_90: raises $0.75 to $1
Ruabe: folds 
Reddington567: calls $0.75
*** FLOP *** [6s 6d 8s]
Reddington567: checks 
mexxxy_90: bets $0.98
Reddington567: calls $0.98
*** TURN *** [6s 6d 8s] [3c]
Reddington567: checks 
mexxxy_90: bets $2.11
Reddington567: folds 
Uncalled bet ($2.11) returned to mexxxy_90
mexxxy_90 collected $4.02 from pot
mexxxy_90: doesn't show hand 
*** SUMMARY ***
Total pot $4.21 | Rake $0.19 
Board [6s 6d 8s 3c]
Seat 1: Ruabe (button) folded before Flop
Seat 2: Reddington567 (small blind) folded on the Turn
Seat 3: mexxxy_90 (big blind) collected ($4.02)
Seat 4: Mahu2021 folded before Flop (didn't bet)
Seat 5: 777zloba777 folded before Flop (didn't bet)
Seat 6: kendrid_phil folded before Flop (didn't bet)



PokerStars Zoom Hand #255032002030:  Hold'em No Limit ($0.05/$0.10) - 2025/02/25 13:24:18 CET [2025/02/25 7:24:18 ET]
Table 'Aludra' 6-max Seat #1 is the button
Seat 1: jksgoodgz ($30.83 in chips) 
Seat 2: Mahu2021 ($8.72 in chips) 
Seat 3: Anbru666 ($12.55 in chips) 
Seat 4: DJ JORDAN G. ($9.85 in chips) 
Seat 5: perttix ($10 in chips) 
Seat 6: mexxxy_90 ($10.57 in chips) 
Mahu2021: posts small blind $0.05
Anbru666: posts big blind $0.10
*** HOLE CARDS ***
Dealt to Mahu2021 [8h Qh]
DJ JORDAN G.: raises $0.10 to $0.20
perttix: folds 
mexxxy_90: folds 
jksgoodgz: folds 
Mahu2021: calls $0.15
Anbru666: folds 
*** FLOP *** [Kh 8d 9h]
Mahu2021: checks 
DJ JORDAN G.: bets $0.34
Mahu2021: calls $0.34
*** TURN *** [Kh 8d 9h] [7d]
Mahu2021: checks 
DJ JORDAN G.: bets $0.79
Mahu2021: calls $0.79
*** RIVER *** [Kh 8d 9h 7d] [3h]
Mahu2021: bets $2.64
DJ JORDAN G.: calls $2.64
*** SHOW DOWN ***
Mahu2021: shows [8h Qh] (a flush, King high)
DJ JORDAN G.: mucks hand 
Mahu2021 collected $7.68 from pot
*** SUMMARY ***
Total pot $8.04 | Rake $0.36 
Board [Kh 8d 9h 7d 3h]
Seat 1: jksgoodgz (button) folded before Flop (didn't bet)
Seat 2: Mahu2021 (small blind) showed [8h Qh] and won ($7.68) with a flush, King high
Seat 3: Anbru666 (big blind) folded before Flop
Seat 4: DJ JORDAN G. mucked [Kd Ac]
Seat 5: perttix folded before Flop (didn't bet)
Seat 6: mexxxy_90 folded before Flop (didn't bet)



