PokerStars Hand #252871916692: Tournament #3810682038, $1.84+$0.16 USD Hold'em No Limit - Level I (10/20) - 2024/10/11 13:51:28 CET [2024/10/11 7:51:28 ET]
Table '3810682038 1' 3-max Seat #1 is the button
Seat 1: Mahu2021 (500 in chips) 
Seat 2: Bärin1709 (500 in chips) 
Seat 3: NMAbadplayer (500 in chips) 
Bärin1709: posts small blind 10
NMAbadplayer: posts big blind 20
*** HOLE CARDS ***
Dealt to Mahu2021 [5c 9d]
Mahu2021: folds 
Bärin1709: raises 20 to 40
NMAbadplayer: folds 
Uncalled bet (20) returned to Bärin1709
Bärin1709 collected 40 from pot
*** SUMMARY ***
Total pot 40 | Rake 0 
Seat 1: Mahu2021 (button) folded before Flop (didn't bet)
Seat 2: Bärin1709 (small blind) collected (40)
Seat 3: NMAbadplayer (big blind) folded before Flop



PokerStars Hand #252871917587: Tournament #3810682038, $1.84+$0.16 USD Hold'em No Limit - Level I (10/20) - 2024/10/11 13:51:34 CET [2024/10/11 7:51:34 ET]
Table '3810682038 1' 3-max Seat #2 is the button
Seat 1: Mahu2021 (500 in chips) 
Seat 2: Bärin1709 (520 in chips) 
Seat 3: NMAbadplayer (480 in chips) 
NMAbadplayer: posts small blind 10
Mahu2021: posts big blind 20
*** HOLE CARDS ***
Dealt to Mahu2021 [Jc 5d]
Bärin1709: folds 
NMAbadplayer: calls 10
Mahu2021: checks 
*** FLOP *** [5h 6d Ts]
NMAbadplayer: checks 
Mahu2021: bets 20
NMAbadplayer: folds 
Uncalled bet (20) returned to Mahu2021
Mahu2021 collected 40 from pot
Mahu2021: doesn't show hand 
*** SUMMARY ***
Total pot 40 | Rake 0 
Board [5h 6d Ts]
Seat 1: Mahu2021 (big blind) collected (40)
Seat 2: Bärin1709 (button) folded before Flop (didn't bet)
Seat 3: NMAbadplayer (small blind) folded on the Flop



PokerStars Hand #252871919873: Tournament #3810682038, $1.84+$0.16 USD Hold'em No Limit - Level I (10/20) - 2024/10/11 13:51:49 CET [2024/10/11 7:51:49 ET]
Table '3810682038 1' 3-max Seat #3 is the button
Seat 1: Mahu2021 (520 in chips) 
Seat 2: Bärin1709 (520 in chips) 
Seat 3: NMAbadplayer (460 in chips) 
Mahu2021: posts small blind 10
Bärin1709: posts big blind 20
*** HOLE CARDS ***
Dealt to Mahu2021 [5h Ks]
NMAbadplayer: raises 20 to 40
Mahu2021: folds 
Bärin1709: raises 60 to 100
NMAbadplayer: folds 
Uncalled bet (60) returned to Bärin1709
Bärin1709 collected 90 from pot
*** SUMMARY ***
Total pot 90 | Rake 0 
Seat 1: Mahu2021 (small blind) folded before Flop
Seat 2: Bärin1709 (big blind) collected (90)
Seat 3: NMAbadplayer (button) folded before Flop



PokerStars Hand #252871921222: Tournament #3810682038, $1.84+$0.16 USD Hold'em No Limit - Level I (10/20) - 2024/10/11 13:51:58 CET [2024/10/11 7:51:58 ET]
Table '3810682038 1' 3-max Seat #1 is the button
Seat 1: Mahu2021 (510 in chips) 
Seat 2: Bärin1709 (570 in chips) 
Seat 3: NMAbadplayer (420 in chips) 
Bärin1709: posts small blind 10
NMAbadplayer: posts big blind 20
*** HOLE CARDS ***
Dealt to Mahu2021 [6s As]
Mahu2021: raises 20 to 40
Bärin1709: calls 30
NMAbadplayer: folds 
*** FLOP *** [7c Ac 6d]
Bärin1709: checks 
Mahu2021: bets 40
Bärin1709: calls 40
*** TURN *** [7c Ac 6d] [9c]
Bärin1709: checks 
Mahu2021: bets 180
Bärin1709: folds 
Uncalled bet (180) returned to Mahu2021
Mahu2021 collected 180 from pot
Mahu2021: doesn't show hand 
*** SUMMARY ***
Total pot 180 | Rake 0 
Board [7c Ac 6d 9c]
Seat 1: Mahu2021 (button) collected (180)
Seat 2: Bärin1709 (small blind) folded on the Turn
Seat 3: NMAbadplayer (big blind) folded before Flop



PokerStars Hand #252871923908: Tournament #3810682038, $1.84+$0.16 USD Hold'em No Limit - Level I (10/20) - 2024/10/11 13:52:16 CET [2024/10/11 7:52:16 ET]
Table '3810682038 1' 3-max Seat #2 is the button
Seat 1: Mahu2021 (610 in chips) 
Seat 2: Bärin1709 (490 in chips) 
Seat 3: NMAbadplayer (400 in chips) 
NMAbadplayer: posts small blind 10
Mahu2021: posts big blind 20
*** HOLE CARDS ***
Dealt to Mahu2021 [2s Ks]
Bärin1709: folds 
NMAbadplayer: folds 
Uncalled bet (10) returned to Mahu2021
Mahu2021 collected 20 from pot
Mahu2021: doesn't show hand 
*** SUMMARY ***
Total pot 20 | Rake 0 
Seat 1: Mahu2021 (big blind) collected (20)
Seat 2: Bärin1709 (button) folded before Flop (didn't bet)
Seat 3: NMAbadplayer (small blind) folded before Flop



PokerStars Hand #252871925305: Tournament #3810682038, $1.84+$0.16 USD Hold'em No Limit - Level I (10/20) - 2024/10/11 13:52:25 CET [2024/10/11 7:52:25 ET]
Table '3810682038 1' 3-max Seat #3 is the button
Seat 1: Mahu2021 (620 in chips) 
Seat 2: Bärin1709 (490 in chips) 
Seat 3: NMAbadplayer (390 in chips) 
Mahu2021: posts small blind 10
Bärin1709: posts big blind 20
*** HOLE CARDS ***
Dealt to Mahu2021 [5c 7c]
NMAbadplayer: folds 
Mahu2021: calls 10
Bärin1709: checks 
*** FLOP *** [6c 2s 9c]
Mahu2021: bets 20
Bärin1709: folds 
Uncalled bet (20) returned to Mahu2021
Mahu2021 collected 40 from pot
Mahu2021: doesn't show hand 
*** SUMMARY ***
Total pot 40 | Rake 0 
Board [6c 2s 9c]
Seat 1: Mahu2021 (small blind) collected (40)
Seat 2: Bärin1709 (big blind) folded on the Flop
Seat 3: NMAbadplayer (button) folded before Flop (didn't bet)



PokerStars Hand #252871926650: Tournament #3810682038, $1.84+$0.16 USD Hold'em No Limit - Level I (10/20) - 2024/10/11 13:52:34 CET [2024/10/11 7:52:34 ET]
Table '3810682038 1' 3-max Seat #1 is the button
Seat 1: Mahu2021 (640 in chips) 
Seat 2: Bärin1709 (470 in chips) 
Seat 3: NMAbadplayer (390 in chips) 
Bärin1709: posts small blind 10
NMAbadplayer: posts big blind 20
*** HOLE CARDS ***
Dealt to Mahu2021 [As 7h]
Mahu2021: raises 20 to 40
Bärin1709: calls 30
NMAbadplayer: folds 
*** FLOP *** [Ks Qc 4s]
Bärin1709: checks 
Mahu2021: checks 
*** TURN *** [Ks Qc 4s] [6d]
Bärin1709: bets 80
Mahu2021: folds 
Uncalled bet (80) returned to Bärin1709
Bärin1709 collected 100 from pot
*** SUMMARY ***
Total pot 100 | Rake 0 
Board [Ks Qc 4s 6d]
Seat 1: Mahu2021 (button) folded on the Turn
Seat 2: Bärin1709 (small blind) collected (100)
Seat 3: NMAbadplayer (big blind) folded before Flop



PokerStars Hand #252871928824: Tournament #3810682038, $1.84+$0.16 USD Hold'em No Limit - Level I (10/20) - 2024/10/11 13:52:48 CET [2024/10/11 7:52:48 ET]
Table '3810682038 1' 3-max Seat #2 is the button
Seat 1: Mahu2021 (600 in chips) 
Seat 2: Bärin1709 (530 in chips) 
Seat 3: NMAbadplayer (370 in chips) 
NMAbadplayer: posts small blind 10
Mahu2021: posts big blind 20
*** HOLE CARDS ***
Dealt to Mahu2021 [Qc 4s]
Bärin1709: raises 20 to 40
NMAbadplayer: calls 30
Mahu2021: calls 20
*** FLOP *** [7c 7s 5c]
NMAbadplayer: bets 60
Mahu2021: folds 
Bärin1709: calls 60
*** TURN *** [7c 7s 5c] [5s]
NMAbadplayer: checks 
Bärin1709: checks 
*** RIVER *** [7c 7s 5c 5s] [6s]
NMAbadplayer: checks 
Bärin1709: checks 
*** SHOW DOWN ***
NMAbadplayer: shows [Ah 9d] (two pair, Sevens and Fives)
Bärin1709: shows [Kh Ks] (two pair, Kings and Sevens)
Bärin1709 collected 240 from pot
*** SUMMARY ***
Total pot 240 | Rake 0 
Board [7c 7s 5c 5s 6s]
Seat 1: Mahu2021 (big blind) folded on the Flop
Seat 2: Bärin1709 (button) showed [Kh Ks] and won (240) with two pair, Kings and Sevens
Seat 3: NMAbadplayer (small blind) showed [Ah 9d] and lost with two pair, Sevens and Fives



PokerStars Hand #252871932130: Tournament #3810682038, $1.84+$0.16 USD Hold'em No Limit - Level I (10/20) - 2024/10/11 13:53:10 CET [2024/10/11 7:53:10 ET]
Table '3810682038 1' 3-max Seat #3 is the button
Seat 1: Mahu2021 (560 in chips) 
Seat 2: Bärin1709 (670 in chips) 
Seat 3: NMAbadplayer (270 in chips) 
Mahu2021: posts small blind 10
Bärin1709: posts big blind 20
*** HOLE CARDS ***
Dealt to Mahu2021 [3s Jh]
NMAbadplayer: folds 
Mahu2021: folds 
Uncalled bet (10) returned to Bärin1709
Bärin1709 collected 20 from pot
*** SUMMARY ***
Total pot 20 | Rake 0 
Seat 1: Mahu2021 (small blind) folded before Flop
Seat 2: Bärin1709 (big blind) collected (20)
Seat 3: NMAbadplayer (button) folded before Flop (didn't bet)



PokerStars Hand #252871933057: Tournament #3810682038, $1.84+$0.16 USD Hold'em No Limit - Level I (10/20) - 2024/10/11 13:53:15 CET [2024/10/11 7:53:15 ET]
Table '3810682038 1' 3-max Seat #1 is the button
Seat 1: Mahu2021 (550 in chips) 
Seat 2: Bärin1709 (680 in chips) 
Seat 3: NMAbadplayer (270 in chips) 
Bärin1709: posts small blind 10
NMAbadplayer: posts big blind 20
*** HOLE CARDS ***
Dealt to Mahu2021 [4s 4c]
Mahu2021: raises 20 to 40
Bärin1709: folds 
NMAbadplayer: folds 
Uncalled bet (20) returned to Mahu2021
Mahu2021 collected 50 from pot
Mahu2021: doesn't show hand 
*** SUMMARY ***
Total pot 50 | Rake 0 
Seat 1: Mahu2021 (button) collected (50)
Seat 2: Bärin1709 (small blind) folded before Flop
Seat 3: NMAbadplayer (big blind) folded before Flop



PokerStars Hand #252871933791: Tournament #3810682038, $1.84+$0.16 USD Hold'em No Limit - Level I (10/20) - 2024/10/11 13:53:20 CET [2024/10/11 7:53:20 ET]
Table '3810682038 1' 3-max Seat #2 is the button
Seat 1: Mahu2021 (580 in chips) 
Seat 2: Bärin1709 (670 in chips) 
Seat 3: NMAbadplayer (250 in chips) 
NMAbadplayer: posts small blind 10
Mahu2021: posts big blind 20
*** HOLE CARDS ***
Dealt to Mahu2021 [2c 9h]
Bärin1709: folds 
NMAbadplayer: raises 40 to 60
Mahu2021: folds 
Uncalled bet (40) returned to NMAbadplayer
NMAbadplayer collected 40 from pot
NMAbadplayer: doesn't show hand 
*** SUMMARY ***
Total pot 40 | Rake 0 
Seat 1: Mahu2021 (big blind) folded before Flop
Seat 2: Bärin1709 (button) folded before Flop (didn't bet)
Seat 3: NMAbadplayer (small blind) collected (40)



PokerStars Hand #252871934967: Tournament #3810682038, $1.84+$0.16 USD Hold'em No Limit - Level I (10/20) - 2024/10/11 13:53:28 CET [2024/10/11 7:53:28 ET]
Table '3810682038 1' 3-max Seat #3 is the button
Seat 1: Mahu2021 (560 in chips) 
Seat 2: Bärin1709 (670 in chips) 
Seat 3: NMAbadplayer (270 in chips) 
Mahu2021: posts small blind 10
Bärin1709: posts big blind 20
*** HOLE CARDS ***
Dealt to Mahu2021 [Qs Ah]
NMAbadplayer: folds 
Mahu2021: raises 40 to 60
Bärin1709: folds 
Uncalled bet (40) returned to Mahu2021
Mahu2021 collected 40 from pot
Mahu2021: doesn't show hand 
*** SUMMARY ***
Total pot 40 | Rake 0 
Seat 1: Mahu2021 (small blind) collected (40)
Seat 2: Bärin1709 (big blind) folded before Flop
Seat 3: NMAbadplayer (button) folded before Flop (didn't bet)



PokerStars Hand #252871936518: Tournament #3810682038, $1.84+$0.16 USD Hold'em No Limit - Level II (15/30) - 2024/10/11 13:53:39 CET [2024/10/11 7:53:39 ET]
Table '3810682038 1' 3-max Seat #1 is the button
Seat 1: Mahu2021 (580 in chips) 
Seat 2: Bärin1709 (650 in chips) 
Seat 3: NMAbadplayer (270 in chips) 
Bärin1709: posts small blind 15
NMAbadplayer: posts big blind 30
*** HOLE CARDS ***
Dealt to Mahu2021 [5d 9s]
Mahu2021: folds 
Bärin1709: calls 15
NMAbadplayer: checks 
*** FLOP *** [3s Kh Ks]
Bärin1709: checks 
NMAbadplayer: bets 60
Bärin1709: calls 60
*** TURN *** [3s Kh Ks] [Kd]
Bärin1709: checks 
NMAbadplayer: bets 135
Bärin1709: calls 135
*** RIVER *** [3s Kh Ks Kd] [Th]
Bärin1709: bets 60
NMAbadplayer: calls 45 and is all-in
Uncalled bet (15) returned to Bärin1709
*** SHOW DOWN ***
Bärin1709: shows [7d Kc] (four of a kind, Kings)
NMAbadplayer: shows [8d 3h] (a full house, Kings full of Threes)
Bärin1709 collected 540 from pot
NMAbadplayer finished the tournament in 3rd place
*** SUMMARY ***
Total pot 540 | Rake 0 
Board [3s Kh Ks Kd Th]
Seat 1: Mahu2021 (button) folded before Flop (didn't bet)
Seat 2: Bärin1709 (small blind) showed [7d Kc] and won (540) with four of a kind, Kings
Seat 3: NMAbadplayer (big blind) showed [8d 3h] and lost with a full house, Kings full of Threes



PokerStars Hand #252871943578: Tournament #3810682038, $1.84+$0.16 USD Hold'em No Limit - Level II (15/30) - 2024/10/11 13:54:27 CET [2024/10/11 7:54:27 ET]
Table '3810682038 1' 3-max Seat #2 is the button
Seat 1: Mahu2021 (580 in chips) 
Seat 2: Bärin1709 (920 in chips) 
Bärin1709: posts small blind 15
Mahu2021: posts big blind 30
*** HOLE CARDS ***
Dealt to Mahu2021 [8h 5d]
Bärin1709: folds 
Uncalled bet (15) returned to Mahu2021
Mahu2021 collected 30 from pot
Mahu2021: doesn't show hand 
*** SUMMARY ***
Total pot 30 | Rake 0 
Seat 1: Mahu2021 (big blind) collected (30)
Seat 2: Bärin1709 (button) (small blind) folded before Flop



PokerStars Hand #252871944360: Tournament #3810682038, $1.84+$0.16 USD Hold'em No Limit - Level II (15/30) - 2024/10/11 13:54:32 CET [2024/10/11 7:54:32 ET]
Table '3810682038 1' 3-max Seat #1 is the button
Seat 1: Mahu2021 (595 in chips) 
Seat 2: Bärin1709 (905 in chips) 
Mahu2021: posts small blind 15
Bärin1709: posts big blind 30
*** HOLE CARDS ***
Dealt to Mahu2021 [8h Ad]
Mahu2021: raises 30 to 60
Bärin1709: calls 30
*** FLOP *** [Jh 8d 5s]
Bärin1709: checks 
Mahu2021: bets 60
Bärin1709: folds 
Uncalled bet (60) returned to Mahu2021
Mahu2021 collected 120 from pot
Mahu2021: doesn't show hand 
*** SUMMARY ***
Total pot 120 | Rake 0 
Board [Jh 8d 5s]
Seat 1: Mahu2021 (button) (small blind) collected (120)
Seat 2: Bärin1709 (big blind) folded on the Flop



PokerStars Hand #252871946345: Tournament #3810682038, $1.84+$0.16 USD Hold'em No Limit - Level II (15/30) - 2024/10/11 13:54:46 CET [2024/10/11 7:54:46 ET]
Table '3810682038 1' 3-max Seat #2 is the button
Seat 1: Mahu2021 (655 in chips) 
Seat 2: Bärin1709 (845 in chips) 
Bärin1709: posts small blind 15
Mahu2021: posts big blind 30
*** HOLE CARDS ***
Dealt to Mahu2021 [2c 6d]
Bärin1709: folds 
Uncalled bet (15) returned to Mahu2021
Mahu2021 collected 30 from pot
Mahu2021: doesn't show hand 
*** SUMMARY ***
Total pot 30 | Rake 0 
Seat 1: Mahu2021 (big blind) collected (30)
Seat 2: Bärin1709 (button) (small blind) folded before Flop



PokerStars Hand #252871946982: Tournament #3810682038, $1.84+$0.16 USD Hold'em No Limit - Level II (15/30) - 2024/10/11 13:54:50 CET [2024/10/11 7:54:50 ET]
Table '3810682038 1' 3-max Seat #1 is the button
Seat 1: Mahu2021 (670 in chips) 
Seat 2: Bärin1709 (830 in chips) 
Mahu2021: posts small blind 15
Bärin1709: posts big blind 30
*** HOLE CARDS ***
Dealt to Mahu2021 [3d Jc]
Mahu2021: calls 15
Bärin1709: checks 
*** FLOP *** [8s Js 2c]
Bärin1709: checks 
Mahu2021: bets 60
Bärin1709: folds 
Uncalled bet (60) returned to Mahu2021
Mahu2021 collected 60 from pot
Mahu2021: doesn't show hand 
*** SUMMARY ***
Total pot 60 | Rake 0 
Board [8s Js 2c]
Seat 1: Mahu2021 (button) (small blind) collected (60)
Seat 2: Bärin1709 (big blind) folded on the Flop



PokerStars Hand #252871948600: Tournament #3810682038, $1.84+$0.16 USD Hold'em No Limit - Level II (15/30) - 2024/10/11 13:55:01 CET [2024/10/11 7:55:01 ET]
Table '3810682038 1' 3-max Seat #2 is the button
Seat 1: Mahu2021 (700 in chips) 
Seat 2: Bärin1709 (800 in chips) 
Bärin1709: posts small blind 15
Mahu2021: posts big blind 30
*** HOLE CARDS ***
Dealt to Mahu2021 [Th 2c]
Bärin1709: calls 15
Mahu2021: checks 
*** FLOP *** [5h Js 3h]
Mahu2021: checks 
Bärin1709: checks 
*** TURN *** [5h Js 3h] [2s]
Mahu2021: bets 30
Bärin1709: calls 30
*** RIVER *** [5h Js 3h 2s] [Jh]
Mahu2021: checks 
Bärin1709: checks 
*** SHOW DOWN ***
Mahu2021: shows [Th 2c] (two pair, Jacks and Deuces)
Bärin1709: mucks hand 
Mahu2021 collected 120 from pot
*** SUMMARY ***
Total pot 120 | Rake 0 
Board [5h Js 3h 2s Jh]
Seat 1: Mahu2021 (big blind) showed [Th 2c] and won (120) with two pair, Jacks and Deuces
Seat 2: Bärin1709 (button) (small blind) mucked [Qc 4h]



PokerStars Hand #252871950867: Tournament #3810682038, $1.84+$0.16 USD Hold'em No Limit - Level II (15/30) - 2024/10/11 13:55:17 CET [2024/10/11 7:55:17 ET]
Table '3810682038 1' 3-max Seat #1 is the button
Seat 1: Mahu2021 (760 in chips) 
Seat 2: Bärin1709 (740 in chips) 
Mahu2021: posts small blind 15
Bärin1709: posts big blind 30
*** HOLE CARDS ***
Dealt to Mahu2021 [7c 9s]
Mahu2021: calls 15
Bärin1709: checks 
*** FLOP *** [Tc Qs 5h]
Bärin1709: checks 
Mahu2021: bets 30
Bärin1709: folds 
Uncalled bet (30) returned to Mahu2021
Mahu2021 collected 60 from pot
Mahu2021: doesn't show hand 
*** SUMMARY ***
Total pot 60 | Rake 0 
Board [Tc Qs 5h]
Seat 1: Mahu2021 (button) (small blind) collected (60)
Seat 2: Bärin1709 (big blind) folded on the Flop



PokerStars Hand #252871951885: Tournament #3810682038, $1.84+$0.16 USD Hold'em No Limit - Level II (15/30) - 2024/10/11 13:55:25 CET [2024/10/11 7:55:25 ET]
Table '3810682038 1' 3-max Seat #2 is the button
Seat 1: Mahu2021 (790 in chips) 
Seat 2: Bärin1709 (710 in chips) 
Bärin1709: posts small blind 15
Mahu2021: posts big blind 30
*** HOLE CARDS ***
Dealt to Mahu2021 [6s 4c]
Bärin1709: calls 15
Mahu2021: checks 
*** FLOP *** [9c Tc Jh]
Mahu2021: checks 
Bärin1709: checks 
*** TURN *** [9c Tc Jh] [2d]
Mahu2021: checks 
Bärin1709: checks 
*** RIVER *** [9c Tc Jh 2d] [8d]
Mahu2021: checks 
Bärin1709: checks 
*** SHOW DOWN ***
Mahu2021: shows [6s 4c] (high card Jack)
Bärin1709: shows [4s As] (high card Ace)
Bärin1709 collected 60 from pot
*** SUMMARY ***
Total pot 60 | Rake 0 
Board [9c Tc Jh 2d 8d]
Seat 1: Mahu2021 (big blind) showed [6s 4c] and lost with high card Jack
Seat 2: Bärin1709 (button) (small blind) showed [4s As] and won (60) with high card Ace



PokerStars Hand #252871953622: Tournament #3810682038, $1.84+$0.16 USD Hold'em No Limit - Level III (20/40) - 2024/10/11 13:55:39 CET [2024/10/11 7:55:39 ET]
Table '3810682038 1' 3-max Seat #1 is the button
Seat 1: Mahu2021 (760 in chips) 
Seat 2: Bärin1709 (740 in chips) 
Mahu2021: posts small blind 20
Bärin1709: posts big blind 40
*** HOLE CARDS ***
Dealt to Mahu2021 [3d 7h]
Mahu2021: folds 
Uncalled bet (20) returned to Bärin1709
Bärin1709 collected 40 from pot
*** SUMMARY ***
Total pot 40 | Rake 0 
Seat 1: Mahu2021 (button) (small blind) folded before Flop
Seat 2: Bärin1709 (big blind) collected (40)



PokerStars Hand #252871954176: Tournament #3810682038, $1.84+$0.16 USD Hold'em No Limit - Level III (20/40) - 2024/10/11 13:55:44 CET [2024/10/11 7:55:44 ET]
Table '3810682038 1' 3-max Seat #2 is the button
Seat 1: Mahu2021 (740 in chips) 
Seat 2: Bärin1709 (760 in chips) 
Bärin1709: posts small blind 20
Mahu2021: posts big blind 40
*** HOLE CARDS ***
Dealt to Mahu2021 [Kd 2d]
Bärin1709: folds 
Uncalled bet (20) returned to Mahu2021
Mahu2021 collected 40 from pot
Mahu2021: doesn't show hand 
*** SUMMARY ***
Total pot 40 | Rake 0 
Seat 1: Mahu2021 (big blind) collected (40)
Seat 2: Bärin1709 (button) (small blind) folded before Flop



PokerStars Hand #252871954622: Tournament #3810682038, $1.84+$0.16 USD Hold'em No Limit - Level III (20/40) - 2024/10/11 13:55:48 CET [2024/10/11 7:55:48 ET]
Table '3810682038 1' 3-max Seat #1 is the button
Seat 1: Mahu2021 (760 in chips) 
Seat 2: Bärin1709 (740 in chips) 
Mahu2021: posts small blind 20
Bärin1709: posts big blind 40
*** HOLE CARDS ***
Dealt to Mahu2021 [Ac 3s]
Mahu2021: raises 40 to 80
Bärin1709: calls 40
*** FLOP *** [9s 7d Kh]
Bärin1709: checks 
Mahu2021: checks 
*** TURN *** [9s 7d Kh] [6c]
Bärin1709: checks 
Mahu2021: checks 
*** RIVER *** [9s 7d Kh 6c] [2s]
Bärin1709: checks 
Mahu2021: bets 80
Bärin1709: calls 80
*** SHOW DOWN ***
Mahu2021: shows [Ac 3s] (high card Ace)
Bärin1709: shows [As 2d] (a pair of Deuces)
Bärin1709 collected 320 from pot
*** SUMMARY ***
Total pot 320 | Rake 0 
Board [9s 7d Kh 6c 2s]
Seat 1: Mahu2021 (button) (small blind) showed [Ac 3s] and lost with high card Ace
Seat 2: Bärin1709 (big blind) showed [As 2d] and won (320) with a pair of Deuces



PokerStars Hand #252871956374: Tournament #3810682038, $1.84+$0.16 USD Hold'em No Limit - Level III (20/40) - 2024/10/11 13:56:02 CET [2024/10/11 7:56:02 ET]
Table '3810682038 1' 3-max Seat #2 is the button
Seat 1: Mahu2021 (600 in chips) 
Seat 2: Bärin1709 (900 in chips) 
Bärin1709: posts small blind 20
Mahu2021: posts big blind 40
*** HOLE CARDS ***
Dealt to Mahu2021 [7s Td]
Bärin1709: raises 40 to 80
Mahu2021: folds 
Uncalled bet (40) returned to Bärin1709
Bärin1709 collected 80 from pot
*** SUMMARY ***
Total pot 80 | Rake 0 
Seat 1: Mahu2021 (big blind) folded before Flop
Seat 2: Bärin1709 (button) (small blind) collected (80)



PokerStars Hand #252871957045: Tournament #3810682038, $1.84+$0.16 USD Hold'em No Limit - Level III (20/40) - 2024/10/11 13:56:07 CET [2024/10/11 7:56:07 ET]
Table '3810682038 1' 3-max Seat #1 is the button
Seat 1: Mahu2021 (560 in chips) 
Seat 2: Bärin1709 (940 in chips) 
Mahu2021: posts small blind 20
Bärin1709: posts big blind 40
*** HOLE CARDS ***
Dealt to Mahu2021 [Kd 9h]
Mahu2021: raises 40 to 80
Bärin1709: calls 40
*** FLOP *** [As 5s 2h]
Bärin1709: checks 
Mahu2021: checks 
*** TURN *** [As 5s 2h] [Qc]
Bärin1709: checks 
Mahu2021: checks 
*** RIVER *** [As 5s 2h Qc] [Ah]
Bärin1709: checks 
Mahu2021: checks 
*** SHOW DOWN ***
Bärin1709: shows [Tc Jh] (a pair of Aces)
Mahu2021: shows [Kd 9h] (a pair of Aces - King kicker)
Mahu2021 collected 160 from pot
*** SUMMARY ***
Total pot 160 | Rake 0 
Board [As 5s 2h Qc Ah]
Seat 1: Mahu2021 (button) (small blind) showed [Kd 9h] and won (160) with a pair of Aces
Seat 2: Bärin1709 (big blind) showed [Tc Jh] and lost with a pair of Aces



PokerStars Hand #252871958288: Tournament #3810682038, $1.84+$0.16 USD Hold'em No Limit - Level III (20/40) - 2024/10/11 13:56:18 CET [2024/10/11 7:56:18 ET]
Table '3810682038 1' 3-max Seat #2 is the button
Seat 1: Mahu2021 (640 in chips) 
Seat 2: Bärin1709 (860 in chips) 
Bärin1709: posts small blind 20
Mahu2021: posts big blind 40
*** HOLE CARDS ***
Dealt to Mahu2021 [8h 5h]
Bärin1709: folds 
Uncalled bet (20) returned to Mahu2021
Mahu2021 collected 40 from pot
Mahu2021: doesn't show hand 
*** SUMMARY ***
Total pot 40 | Rake 0 
Seat 1: Mahu2021 (big blind) collected (40)
Seat 2: Bärin1709 (button) (small blind) folded before Flop



PokerStars Hand #252871958804: Tournament #3810682038, $1.84+$0.16 USD Hold'em No Limit - Level III (20/40) - 2024/10/11 13:56:22 CET [2024/10/11 7:56:22 ET]
Table '3810682038 1' 3-max Seat #1 is the button
Seat 1: Mahu2021 (660 in chips) 
Seat 2: Bärin1709 (840 in chips) 
Mahu2021: posts small blind 20
Bärin1709: posts big blind 40
*** HOLE CARDS ***
Dealt to Mahu2021 [Kh 6d]
Mahu2021: raises 40 to 80
Bärin1709: calls 40
*** FLOP *** [5c 7d Ts]
Bärin1709: bets 40
Mahu2021: calls 40
*** TURN *** [5c 7d Ts] [Qs]
Bärin1709: checks 
Mahu2021: checks 
*** RIVER *** [5c 7d Ts Qs] [7s]
Bärin1709: checks 
Mahu2021: checks 
*** SHOW DOWN ***
Bärin1709: shows [Ah 4s] (a pair of Sevens)
Mahu2021: mucks hand 
Bärin1709 collected 240 from pot
*** SUMMARY ***
Total pot 240 | Rake 0 
Board [5c 7d Ts Qs 7s]
Seat 1: Mahu2021 (button) (small blind) mucked [Kh 6d]
Seat 2: Bärin1709 (big blind) showed [Ah 4s] and won (240) with a pair of Sevens



PokerStars Hand #252871960575: Tournament #3810682038, $1.84+$0.16 USD Hold'em No Limit - Level III (20/40) - 2024/10/11 13:56:36 CET [2024/10/11 7:56:36 ET]
Table '3810682038 1' 3-max Seat #2 is the button
Seat 1: Mahu2021 (540 in chips) 
Seat 2: Bärin1709 (960 in chips) 
Bärin1709: posts small blind 20
Mahu2021: posts big blind 40
*** HOLE CARDS ***
Dealt to Mahu2021 [9c 4c]
Bärin1709: calls 20
Mahu2021: checks 
*** FLOP *** [Kd Td 2h]
Mahu2021: checks 
Bärin1709: bets 40
Mahu2021: folds 
Uncalled bet (40) returned to Bärin1709
Bärin1709 collected 80 from pot
*** SUMMARY ***
Total pot 80 | Rake 0 
Board [Kd Td 2h]
Seat 1: Mahu2021 (big blind) folded on the Flop
Seat 2: Bärin1709 (button) (small blind) collected (80)



PokerStars Hand #252871961597: Tournament #3810682038, $1.84+$0.16 USD Hold'em No Limit - Level III (20/40) - 2024/10/11 13:56:44 CET [2024/10/11 7:56:44 ET]
Table '3810682038 1' 3-max Seat #1 is the button
Seat 1: Mahu2021 (500 in chips) 
Seat 2: Bärin1709 (1000 in chips) 
Mahu2021: posts small blind 20
Bärin1709: posts big blind 40
*** HOLE CARDS ***
Dealt to Mahu2021 [5h Qc]
Mahu2021: calls 20
Bärin1709: checks 
*** FLOP *** [7c Ac 7s]
Bärin1709: checks 
Mahu2021: checks 
*** TURN *** [7c Ac 7s] [6c]
Bärin1709: checks 
Mahu2021: bets 40
Bärin1709: folds 
Uncalled bet (40) returned to Mahu2021
Mahu2021 collected 80 from pot
Mahu2021: doesn't show hand 
*** SUMMARY ***
Total pot 80 | Rake 0 
Board [7c Ac 7s 6c]
Seat 1: Mahu2021 (button) (small blind) collected (80)
Seat 2: Bärin1709 (big blind) folded on the Turn



PokerStars Hand #252871963020: Tournament #3810682038, $1.84+$0.16 USD Hold'em No Limit - Level III (20/40) - 2024/10/11 13:56:56 CET [2024/10/11 7:56:56 ET]
Table '3810682038 1' 3-max Seat #2 is the button
Seat 1: Mahu2021 (540 in chips) 
Seat 2: Bärin1709 (960 in chips) 
Bärin1709: posts small blind 20
Mahu2021: posts big blind 40
*** HOLE CARDS ***
Dealt to Mahu2021 [3h 4s]
Bärin1709: folds 
Uncalled bet (20) returned to Mahu2021
Mahu2021 collected 40 from pot
Mahu2021: doesn't show hand 
*** SUMMARY ***
Total pot 40 | Rake 0 
Seat 1: Mahu2021 (big blind) collected (40)
Seat 2: Bärin1709 (button) (small blind) folded before Flop



PokerStars Hand #252871963533: Tournament #3810682038, $1.84+$0.16 USD Hold'em No Limit - Level III (20/40) - 2024/10/11 13:57:00 CET [2024/10/11 7:57:00 ET]
Table '3810682038 1' 3-max Seat #1 is the button
Seat 1: Mahu2021 (560 in chips) 
Seat 2: Bärin1709 (940 in chips) 
Mahu2021: posts small blind 20
Bärin1709: posts big blind 40
*** HOLE CARDS ***
Dealt to Mahu2021 [2d As]
Mahu2021: raises 40 to 80
Bärin1709: folds 
Uncalled bet (40) returned to Mahu2021
Mahu2021 collected 80 from pot
Mahu2021: doesn't show hand 
*** SUMMARY ***
Total pot 80 | Rake 0 
Seat 1: Mahu2021 (button) (small blind) collected (80)
Seat 2: Bärin1709 (big blind) folded before Flop



PokerStars Hand #252871964183: Tournament #3810682038, $1.84+$0.16 USD Hold'em No Limit - Level III (20/40) - 2024/10/11 13:57:05 CET [2024/10/11 7:57:05 ET]
Table '3810682038 1' 3-max Seat #2 is the button
Seat 1: Mahu2021 (600 in chips) 
Seat 2: Bärin1709 (900 in chips) 
Bärin1709: posts small blind 20
Mahu2021: posts big blind 40
*** HOLE CARDS ***
Dealt to Mahu2021 [4d Ts]
Bärin1709: folds 
Uncalled bet (20) returned to Mahu2021
Mahu2021 collected 40 from pot
Mahu2021: doesn't show hand 
*** SUMMARY ***
Total pot 40 | Rake 0 
Seat 1: Mahu2021 (big blind) collected (40)
Seat 2: Bärin1709 (button) (small blind) folded before Flop



PokerStars Hand #252871964661: Tournament #3810682038, $1.84+$0.16 USD Hold'em No Limit - Level III (20/40) - 2024/10/11 13:57:09 CET [2024/10/11 7:57:09 ET]
Table '3810682038 1' 3-max Seat #1 is the button
Seat 1: Mahu2021 (620 in chips) 
Seat 2: Bärin1709 (880 in chips) 
Mahu2021: posts small blind 20
Bärin1709: posts big blind 40
*** HOLE CARDS ***
Dealt to Mahu2021 [3c 9d]
Mahu2021: folds 
Uncalled bet (20) returned to Bärin1709
Bärin1709 collected 40 from pot
*** SUMMARY ***
Total pot 40 | Rake 0 
Seat 1: Mahu2021 (button) (small blind) folded before Flop
Seat 2: Bärin1709 (big blind) collected (40)



PokerStars Hand #252871965188: Tournament #3810682038, $1.84+$0.16 USD Hold'em No Limit - Level III (20/40) - 2024/10/11 13:57:14 CET [2024/10/11 7:57:14 ET]
Table '3810682038 1' 3-max Seat #2 is the button
Seat 1: Mahu2021 (600 in chips) 
Seat 2: Bärin1709 (900 in chips) 
Bärin1709: posts small blind 20
Mahu2021: posts big blind 40
*** HOLE CARDS ***
Dealt to Mahu2021 [Js Ks]
Bärin1709: raises 40 to 80
Mahu2021: calls 40
*** FLOP *** [Qd 8c 5d]
Mahu2021: checks 
Bärin1709: bets 40
Mahu2021: calls 40
*** TURN *** [Qd 8c 5d] [Qh]
Mahu2021: checks 
Bärin1709: checks 
*** RIVER *** [Qd 8c 5d Qh] [9s]
Mahu2021: bets 480 and is all-in
Bärin1709: folds 
Uncalled bet (480) returned to Mahu2021
Mahu2021 collected 240 from pot
Mahu2021: doesn't show hand 
*** SUMMARY ***
Total pot 240 | Rake 0 
Board [Qd 8c 5d Qh 9s]
Seat 1: Mahu2021 (big blind) collected (240)
Seat 2: Bärin1709 (button) (small blind) folded on the River



PokerStars Hand #252871968043: Tournament #3810682038, $1.84+$0.16 USD Hold'em No Limit - Level IV (30/60) - 2024/10/11 13:57:37 CET [2024/10/11 7:57:37 ET]
Table '3810682038 1' 3-max Seat #1 is the button
Seat 1: Mahu2021 (720 in chips) 
Seat 2: Bärin1709 (780 in chips) 
Mahu2021: posts small blind 30
Bärin1709: posts big blind 60
*** HOLE CARDS ***
Dealt to Mahu2021 [4c 9c]
Mahu2021: folds 
Uncalled bet (30) returned to Bärin1709
Bärin1709 collected 60 from pot
*** SUMMARY ***
Total pot 60 | Rake 0 
Seat 1: Mahu2021 (button) (small blind) folded before Flop
Seat 2: Bärin1709 (big blind) collected (60)



PokerStars Hand #252871968550: Tournament #3810682038, $1.84+$0.16 USD Hold'em No Limit - Level IV (30/60) - 2024/10/11 13:57:41 CET [2024/10/11 7:57:41 ET]
Table '3810682038 1' 3-max Seat #2 is the button
Seat 1: Mahu2021 (690 in chips) 
Seat 2: Bärin1709 (810 in chips) 
Bärin1709: posts small blind 30
Mahu2021: posts big blind 60
*** HOLE CARDS ***
Dealt to Mahu2021 [6d Td]
Bärin1709: folds 
Uncalled bet (30) returned to Mahu2021
Mahu2021 collected 60 from pot
Mahu2021: doesn't show hand 
*** SUMMARY ***
Total pot 60 | Rake 0 
Seat 1: Mahu2021 (big blind) collected (60)
Seat 2: Bärin1709 (button) (small blind) folded before Flop



PokerStars Hand #252871969390: Tournament #3810682038, $1.84+$0.16 USD Hold'em No Limit - Level IV (30/60) - 2024/10/11 13:57:48 CET [2024/10/11 7:57:48 ET]
Table '3810682038 1' 3-max Seat #1 is the button
Seat 1: Mahu2021 (720 in chips) 
Seat 2: Bärin1709 (780 in chips) 
Mahu2021: posts small blind 30
Bärin1709: posts big blind 60
*** HOLE CARDS ***
Dealt to Mahu2021 [9d Ac]
Mahu2021: raises 60 to 120
Bärin1709: raises 660 to 780 and is all-in
Mahu2021: calls 600 and is all-in
Uncalled bet (60) returned to Bärin1709
*** FLOP *** [6c 6s Qh]
*** TURN *** [6c 6s Qh] [3s]
*** RIVER *** [6c 6s Qh 3s] [Ks]
*** SHOW DOWN ***
Bärin1709: shows [Tc Td] (two pair, Tens and Sixes)
Mahu2021: shows [9d Ac] (a pair of Sixes)
Bärin1709 collected 1440 from pot
Mahu2021 finished the tournament in 2nd place
Bärin1709 wins the tournament and receives $4.00 - congratulations!
*** SUMMARY ***
Total pot 1440 | Rake 0 
Board [6c 6s Qh 3s Ks]
Seat 1: Mahu2021 (button) (small blind) showed [9d Ac] and lost with a pair of Sixes
Seat 2: Bärin1709 (big blind) showed [Tc Td] and won (1440) with two pair, Tens and Sixes



