PokerStars Hand #253477703453: Tournament #3825233881, $1.84+$0.16 USD Hold'em No Limit - Level I (10/20) - 2024/11/19 18:24:35 CET [2024/11/19 12:24:35 ET]
Table '3825233881 1' 3-max Seat #1 is the button
Seat 1: regulara (500 in chips) 
Seat 2: Mahu2021 (500 in chips) 
Seat 3: croaks (500 in chips) 
Mahu2021: posts small blind 10
croaks: posts big blind 20
*** HOLE CARDS ***
Dealt to Mahu2021 [5c Ad]
regulara: raises 20 to 40
Mahu2021: folds 
croaks: raises 80 to 120
regulara: calls 80
*** FLOP *** [Jc 4h Qs]
croaks: checks 
regulara: checks 
*** TURN *** [Jc 4h Qs] [8c]
croaks: checks 
regulara: bets 125
croaks: folds 
Uncalled bet (125) returned to regulara
regulara collected 250 from pot
regulara: doesn't show hand 
*** SUMMARY ***
Total pot 250 | Rake 0 
Board [Jc 4h Qs 8c]
Seat 1: regulara (button) collected (250)
Seat 2: Mahu2021 (small blind) folded before Flop
Seat 3: croaks (big blind) folded on the Turn



PokerStars Hand #253477713729: Tournament #3825233881, $1.84+$0.16 USD Hold'em No Limit - Level I (10/20) - 2024/11/19 18:25:19 CET [2024/11/19 12:25:19 ET]
Table '3825233881 1' 3-max Seat #2 is the button
Seat 1: regulara (630 in chips) 
Seat 2: Mahu2021 (490 in chips) 
Seat 3: croaks (380 in chips) 
croaks: posts small blind 10
regulara: posts big blind 20
*** HOLE CARDS ***
Dealt to Mahu2021 [5d Jc]
Mahu2021: folds 
croaks: folds 
Uncalled bet (10) returned to regulara
regulara collected 20 from pot
regulara: doesn't show hand 
*** SUMMARY ***
Total pot 20 | Rake 0 
Seat 1: regulara (big blind) collected (20)
Seat 2: Mahu2021 (button) folded before Flop (didn't bet)
Seat 3: croaks (small blind) folded before Flop



PokerStars Hand #253477714811: Tournament #3825233881, $1.84+$0.16 USD Hold'em No Limit - Level I (10/20) - 2024/11/19 18:25:23 CET [2024/11/19 12:25:23 ET]
Table '3825233881 1' 3-max Seat #3 is the button
Seat 1: regulara (640 in chips) 
Seat 2: Mahu2021 (490 in chips) 
Seat 3: croaks (370 in chips) 
regulara: posts small blind 10
Mahu2021: posts big blind 20
*** HOLE CARDS ***
Dealt to Mahu2021 [9d 4d]
croaks: raises 20 to 40
regulara: folds 
Mahu2021: calls 20
*** FLOP *** [6d Ac Jh]
Mahu2021: checks 
croaks: bets 30
Mahu2021: raises 50 to 80
croaks: calls 50
*** TURN *** [6d Ac Jh] [7c]
Mahu2021: checks 
croaks: bets 63
Mahu2021: folds 
Uncalled bet (63) returned to croaks
croaks collected 250 from pot
*** SUMMARY ***
Total pot 250 | Rake 0 
Board [6d Ac Jh 7c]
Seat 1: regulara (small blind) folded before Flop
Seat 2: Mahu2021 (big blind) folded on the Turn
Seat 3: croaks (button) collected (250)



PokerStars Hand #253477722083: Tournament #3825233881, $1.84+$0.16 USD Hold'em No Limit - Level I (10/20) - 2024/11/19 18:25:55 CET [2024/11/19 12:25:55 ET]
Table '3825233881 1' 3-max Seat #1 is the button
Seat 1: regulara (630 in chips) 
Seat 2: Mahu2021 (370 in chips) 
Seat 3: croaks (500 in chips) 
Mahu2021: posts small blind 10
croaks: posts big blind 20
*** HOLE CARDS ***
Dealt to Mahu2021 [5c Qs]
regulara: raises 20 to 40
Mahu2021: folds 
croaks: calls 20
*** FLOP *** [8h Qd 6s]
croaks: checks 
regulara: bets 45
croaks: calls 45
*** TURN *** [8h Qd 6s] [7c]
croaks: checks 
regulara: checks 
*** RIVER *** [8h Qd 6s 7c] [9h]
croaks: checks 
regulara: bets 90
croaks: calls 90
*** SHOW DOWN ***
regulara: shows [4d 6d] (a pair of Sixes)
croaks: shows [6c 7d] (two pair, Sevens and Sixes)
croaks collected 360 from pot
*** SUMMARY ***
Total pot 360 | Rake 0 
Board [8h Qd 6s 7c 9h]
Seat 1: regulara (button) showed [4d 6d] and lost with a pair of Sixes
Seat 2: Mahu2021 (small blind) folded before Flop
Seat 3: croaks (big blind) showed [6c 7d] and won (360) with two pair, Sevens and Sixes



PokerStars Hand #253477732623: Tournament #3825233881, $1.84+$0.16 USD Hold'em No Limit - Level I (10/20) - 2024/11/19 18:26:39 CET [2024/11/19 12:26:39 ET]
Table '3825233881 1' 3-max Seat #2 is the button
Seat 1: regulara (455 in chips) 
Seat 2: Mahu2021 (360 in chips) 
Seat 3: croaks (685 in chips) 
croaks: posts small blind 10
regulara: posts big blind 20
*** HOLE CARDS ***
Dealt to Mahu2021 [2h Tc]
Mahu2021: folds 
croaks: folds 
Uncalled bet (10) returned to regulara
regulara collected 20 from pot
regulara: doesn't show hand 
*** SUMMARY ***
Total pot 20 | Rake 0 
Seat 1: regulara (big blind) collected (20)
Seat 2: Mahu2021 (button) folded before Flop (didn't bet)
Seat 3: croaks (small blind) folded before Flop



PokerStars Hand #253477734070: Tournament #3825233881, $1.84+$0.16 USD Hold'em No Limit - Level I (10/20) - 2024/11/19 18:26:45 CET [2024/11/19 12:26:45 ET]
Table '3825233881 1' 3-max Seat #3 is the button
Seat 1: regulara (465 in chips) 
Seat 2: Mahu2021 (360 in chips) 
Seat 3: croaks (675 in chips) 
regulara: posts small blind 10
Mahu2021: posts big blind 20
*** HOLE CARDS ***
Dealt to Mahu2021 [4h 4s]
croaks: raises 20 to 40
regulara: folds 
Mahu2021: calls 20
*** FLOP *** [As Js 8c]
Mahu2021: checks 
croaks: bets 60
Mahu2021: folds 
Uncalled bet (60) returned to croaks
croaks collected 90 from pot
*** SUMMARY ***
Total pot 90 | Rake 0 
Board [As Js 8c]
Seat 1: regulara (small blind) folded before Flop
Seat 2: Mahu2021 (big blind) folded on the Flop
Seat 3: croaks (button) collected (90)



PokerStars Hand #253477738246: Tournament #3825233881, $1.84+$0.16 USD Hold'em No Limit - Level I (10/20) - 2024/11/19 18:27:03 CET [2024/11/19 12:27:03 ET]
Table '3825233881 1' 3-max Seat #1 is the button
Seat 1: regulara (455 in chips) 
Seat 2: Mahu2021 (320 in chips) 
Seat 3: croaks (725 in chips) 
Mahu2021: posts small blind 10
croaks: posts big blind 20
*** HOLE CARDS ***
Dealt to Mahu2021 [3d 4c]
regulara: folds 
Mahu2021: folds 
Uncalled bet (10) returned to croaks
croaks collected 20 from pot
*** SUMMARY ***
Total pot 20 | Rake 0 
Seat 1: regulara (button) folded before Flop (didn't bet)
Seat 2: Mahu2021 (small blind) folded before Flop
Seat 3: croaks (big blind) collected (20)



PokerStars Hand #253477739820: Tournament #3825233881, $1.84+$0.16 USD Hold'em No Limit - Level I (10/20) - 2024/11/19 18:27:09 CET [2024/11/19 12:27:09 ET]
Table '3825233881 1' 3-max Seat #2 is the button
Seat 1: regulara (455 in chips) 
Seat 2: Mahu2021 (310 in chips) 
Seat 3: croaks (735 in chips) 
croaks: posts small blind 10
regulara: posts big blind 20
*** HOLE CARDS ***
Dealt to Mahu2021 [2s Qh]
Mahu2021: folds 
croaks: raises 30 to 50
regulara: raises 405 to 455 and is all-in
croaks: folds 
Uncalled bet (405) returned to regulara
regulara collected 100 from pot
regulara: doesn't show hand 
*** SUMMARY ***
Total pot 100 | Rake 0 
Seat 1: regulara (big blind) collected (100)
Seat 2: Mahu2021 (button) folded before Flop (didn't bet)
Seat 3: croaks (small blind) folded before Flop



PokerStars Hand #253477744588: Tournament #3825233881, $1.84+$0.16 USD Hold'em No Limit - Level I (10/20) - 2024/11/19 18:27:29 CET [2024/11/19 12:27:29 ET]
Table '3825233881 1' 3-max Seat #3 is the button
Seat 1: regulara (505 in chips) 
Seat 2: Mahu2021 (310 in chips) 
Seat 3: croaks (685 in chips) 
regulara: posts small blind 10
Mahu2021: posts big blind 20
*** HOLE CARDS ***
Dealt to Mahu2021 [6s 7c]
croaks: raises 20 to 40
regulara: raises 465 to 505 and is all-in
Mahu2021: folds 
croaks: calls 465
*** FLOP *** [6d 6h Kc]
*** TURN *** [6d 6h Kc] [7d]
*** RIVER *** [6d 6h Kc 7d] [8d]
*** SHOW DOWN ***
regulara: shows [Kh 9c] (two pair, Kings and Sixes)
croaks: shows [Qd Ah] (a pair of Sixes)
regulara collected 1030 from pot
*** SUMMARY ***
Total pot 1030 | Rake 0 
Board [6d 6h Kc 7d 8d]
Seat 1: regulara (small blind) showed [Kh 9c] and won (1030) with two pair, Kings and Sixes
Seat 2: Mahu2021 (big blind) folded before Flop
Seat 3: croaks (button) showed [Qd Ah] and lost with a pair of Sixes



PokerStars Hand #253477749648: Tournament #3825233881, $1.84+$0.16 USD Hold'em No Limit - Level II (15/30) - 2024/11/19 18:27:51 CET [2024/11/19 12:27:51 ET]
Table '3825233881 1' 3-max Seat #1 is the button
Seat 1: regulara (1030 in chips) 
Seat 2: Mahu2021 (290 in chips) 
Seat 3: croaks (180 in chips) 
Mahu2021: posts small blind 15
croaks: posts big blind 30
*** HOLE CARDS ***
Dealt to Mahu2021 [Js Kd]
regulara: raises 1000 to 1030 and is all-in
Mahu2021: folds 
croaks: calls 150 and is all-in
Uncalled bet (850) returned to regulara
*** FLOP *** [3d Ts Ah]
*** TURN *** [3d Ts Ah] [9d]
*** RIVER *** [3d Ts Ah 9d] [Tc]
*** SHOW DOWN ***
croaks: shows [Qh Kc] (a pair of Tens)
regulara: shows [Jd 9c] (two pair, Tens and Nines)
regulara collected 375 from pot
croaks finished the tournament in 3rd place
*** SUMMARY ***
Total pot 375 | Rake 0 
Board [3d Ts Ah 9d Tc]
Seat 1: regulara (button) showed [Jd 9c] and won (375) with two pair, Tens and Nines
Seat 2: Mahu2021 (small blind) folded before Flop
Seat 3: croaks (big blind) showed [Qh Kc] and lost with a pair of Tens



PokerStars Hand #253477755322: Tournament #3825233881, $1.84+$0.16 USD Hold'em No Limit - Level II (15/30) - 2024/11/19 18:28:15 CET [2024/11/19 12:28:15 ET]
Table '3825233881 1' 3-max Seat #2 is the button
Seat 1: regulara (1225 in chips) 
Seat 2: Mahu2021 (275 in chips) 
Mahu2021: posts small blind 15
regulara: posts big blind 30
*** HOLE CARDS ***
Dealt to Mahu2021 [Js 6s]
Mahu2021: calls 15
regulara: checks 
*** FLOP *** [3h 2s 5s]
regulara: checks 
Mahu2021: bets 60
regulara: raises 90 to 150
Mahu2021: raises 95 to 245 and is all-in
regulara: calls 95
*** TURN *** [3h 2s 5s] [9h]
*** RIVER *** [3h 2s 5s 9h] [8h]
*** SHOW DOWN ***
regulara: shows [2d 4c] (a pair of Deuces)
Mahu2021: shows [Js 6s] (high card Jack)
regulara collected 550 from pot
Mahu2021 finished the tournament in 2nd place
regulara wins the tournament and receives $6.00 - congratulations!
*** SUMMARY ***
Total pot 550 | Rake 0 
Board [3h 2s 5s 9h 8h]
Seat 1: regulara (big blind) showed [2d 4c] and won (550) with a pair of Deuces
Seat 2: Mahu2021 (button) (small blind) showed [Js 6s] and lost with high card Jack



