PokerStars Hand #249231840522: Tournament #3724380678, $1.84+$0.16 USD Hold'em No Limit - Level I (10/20) - 2024/03/04 12:44:09 CET [2024/03/04 6:44:09 ET]
Table '3724380678 1' 3-max Seat #1 is the button
Seat 1: bubeto83 (500 in chips) 
Seat 2: Mahu2021 (500 in chips) 
Seat 3: semirami2 (500 in chips) 
Mahu2021: posts small blind 10
semirami2: posts big blind 20
*** HOLE CARDS ***
Dealt to Mahu2021 [Th Ac]
bubeto83: raises 50 to 70
Mahu2021: calls 60
semirami2: folds 
*** FLOP *** [5h Kc 6c]
Mahu2021: checks 
bubeto83: bets 160
Mahu2021: folds 
Uncalled bet (160) returned to bubeto83
bubeto83 collected 160 from pot
*** SUMMARY ***
Total pot 160 | Rake 0 
Board [5h Kc 6c]
Seat 1: bubeto83 (button) collected (160)
Seat 2: Mahu2021 (small blind) folded on the Flop
Seat 3: semirami2 (big blind) folded before Flop



PokerStars Hand #249231842909: Tournament #3724380678, $1.84+$0.16 USD Hold'em No Limit - Level I (10/20) - 2024/03/04 12:44:24 CET [2024/03/04 6:44:24 ET]
Table '3724380678 1' 3-max Seat #2 is the button
Seat 1: bubeto83 (590 in chips) 
Seat 2: Mahu2021 (430 in chips) 
Seat 3: semirami2 (480 in chips) 
semirami2: posts small blind 10
bubeto83: posts big blind 20
*** HOLE CARDS ***
Dealt to Mahu2021 [5s Jh]
Mahu2021: folds 
semirami2: calls 10
bubeto83: checks 
*** FLOP *** [As Jc 6d]
semirami2: bets 20
bubeto83: folds 
Uncalled bet (20) returned to semirami2
semirami2 collected 40 from pot
semirami2: doesn't show hand 
*** SUMMARY ***
Total pot 40 | Rake 0 
Board [As Jc 6d]
Seat 1: bubeto83 (big blind) folded on the Flop
Seat 2: Mahu2021 (button) folded before Flop (didn't bet)
Seat 3: semirami2 (small blind) collected (40)



PokerStars Hand #249231844486: Tournament #3724380678, $1.84+$0.16 USD Hold'em No Limit - Level I (10/20) - 2024/03/04 12:44:34 CET [2024/03/04 6:44:34 ET]
Table '3724380678 1' 3-max Seat #3 is the button
Seat 1: bubeto83 (570 in chips) 
Seat 2: Mahu2021 (430 in chips) 
Seat 3: semirami2 (500 in chips) 
bubeto83: posts small blind 10
Mahu2021: posts big blind 20
*** HOLE CARDS ***
Dealt to Mahu2021 [9h Jd]
semirami2: folds 
bubeto83: calls 10
Mahu2021: checks 
*** FLOP *** [2c Js As]
bubeto83: checks 
Mahu2021: bets 40
bubeto83: folds 
Uncalled bet (40) returned to Mahu2021
Mahu2021 collected 40 from pot
Mahu2021: doesn't show hand 
*** SUMMARY ***
Total pot 40 | Rake 0 
Board [2c Js As]
Seat 1: bubeto83 (small blind) folded on the Flop
Seat 2: Mahu2021 (big blind) collected (40)
Seat 3: semirami2 (button) folded before Flop (didn't bet)



PokerStars Hand #249231846922: Tournament #3724380678, $1.84+$0.16 USD Hold'em No Limit - Level I (10/20) - 2024/03/04 12:44:49 CET [2024/03/04 6:44:49 ET]
Table '3724380678 1' 3-max Seat #1 is the button
Seat 1: bubeto83 (550 in chips) 
Seat 2: Mahu2021 (450 in chips) 
Seat 3: semirami2 (500 in chips) 
Mahu2021: posts small blind 10
semirami2: posts big blind 20
*** HOLE CARDS ***
Dealt to Mahu2021 [Ks 7d]
bubeto83: raises 50 to 70
Mahu2021: folds 
semirami2: folds 
Uncalled bet (50) returned to bubeto83
bubeto83 collected 50 from pot
*** SUMMARY ***
Total pot 50 | Rake 0 
Seat 1: bubeto83 (button) collected (50)
Seat 2: Mahu2021 (small blind) folded before Flop
Seat 3: semirami2 (big blind) folded before Flop



PokerStars Hand #249231849093: Tournament #3724380678, $1.84+$0.16 USD Hold'em No Limit - Level I (10/20) - 2024/03/04 12:45:03 CET [2024/03/04 6:45:03 ET]
Table '3724380678 1' 3-max Seat #2 is the button
Seat 1: bubeto83 (580 in chips) 
Seat 2: Mahu2021 (440 in chips) 
Seat 3: semirami2 (480 in chips) 
semirami2: posts small blind 10
bubeto83: posts big blind 20
*** HOLE CARDS ***
Dealt to Mahu2021 [Ks 4d]
Mahu2021: folds 
semirami2: calls 10
bubeto83: checks 
*** FLOP *** [2h 7h Qd]
semirami2: checks 
bubeto83: checks 
*** TURN *** [2h 7h Qd] [Kc]
semirami2: checks 
bubeto83: bets 40
semirami2: folds 
Uncalled bet (40) returned to bubeto83
bubeto83 collected 40 from pot
*** SUMMARY ***
Total pot 40 | Rake 0 
Board [2h 7h Qd Kc]
Seat 1: bubeto83 (big blind) collected (40)
Seat 2: Mahu2021 (button) folded before Flop (didn't bet)
Seat 3: semirami2 (small blind) folded on the Turn



PokerStars Hand #249231851704: Tournament #3724380678, $1.84+$0.16 USD Hold'em No Limit - Level I (10/20) - 2024/03/04 12:45:20 CET [2024/03/04 6:45:20 ET]
Table '3724380678 1' 3-max Seat #3 is the button
Seat 1: bubeto83 (600 in chips) 
Seat 2: Mahu2021 (440 in chips) 
Seat 3: semirami2 (460 in chips) 
bubeto83: posts small blind 10
Mahu2021: posts big blind 20
*** HOLE CARDS ***
Dealt to Mahu2021 [4s 4d]
semirami2: folds 
bubeto83: calls 10
Mahu2021: raises 60 to 80
bubeto83: calls 60
*** FLOP *** [8s 3c 5c]
bubeto83: checks 
Mahu2021: bets 80
bubeto83: calls 80
*** TURN *** [8s 3c 5c] [7d]
bubeto83: checks 
Mahu2021: bets 120
bubeto83: folds 
Uncalled bet (120) returned to Mahu2021
Mahu2021 collected 320 from pot
Mahu2021: doesn't show hand 
*** SUMMARY ***
Total pot 320 | Rake 0 
Board [8s 3c 5c 7d]
Seat 1: bubeto83 (small blind) folded on the Turn
Seat 2: Mahu2021 (big blind) collected (320)
Seat 3: semirami2 (button) folded before Flop (didn't bet)



PokerStars Hand #249231856640: Tournament #3724380678, $1.84+$0.16 USD Hold'em No Limit - Level I (10/20) - 2024/03/04 12:45:52 CET [2024/03/04 6:45:52 ET]
Table '3724380678 1' 3-max Seat #1 is the button
Seat 1: bubeto83 (440 in chips) 
Seat 2: Mahu2021 (600 in chips) 
Seat 3: semirami2 (460 in chips) 
Mahu2021: posts small blind 10
semirami2: posts big blind 20
*** HOLE CARDS ***
Dealt to Mahu2021 [5c 9h]
bubeto83: folds 
Mahu2021: folds 
Uncalled bet (10) returned to semirami2
semirami2 collected 20 from pot
semirami2: doesn't show hand 
*** SUMMARY ***
Total pot 20 | Rake 0 
Seat 1: bubeto83 (button) folded before Flop (didn't bet)
Seat 2: Mahu2021 (small blind) folded before Flop
Seat 3: semirami2 (big blind) collected (20)



PokerStars Hand #249231857376: Tournament #3724380678, $1.84+$0.16 USD Hold'em No Limit - Level I (10/20) - 2024/03/04 12:45:56 CET [2024/03/04 6:45:56 ET]
Table '3724380678 1' 3-max Seat #2 is the button
Seat 1: bubeto83 (440 in chips) 
Seat 2: Mahu2021 (590 in chips) 
Seat 3: semirami2 (470 in chips) 
semirami2: posts small blind 10
bubeto83: posts big blind 20
*** HOLE CARDS ***
Dealt to Mahu2021 [Td 8d]
Mahu2021: folds 
semirami2: calls 10
bubeto83: raises 420 to 440 and is all-in
semirami2: folds 
Uncalled bet (420) returned to bubeto83
bubeto83 collected 40 from pot
*** SUMMARY ***
Total pot 40 | Rake 0 
Seat 1: bubeto83 (big blind) collected (40)
Seat 2: Mahu2021 (button) folded before Flop (didn't bet)
Seat 3: semirami2 (small blind) folded before Flop



PokerStars Hand #249231858702: Tournament #3724380678, $1.84+$0.16 USD Hold'em No Limit - Level I (10/20) - 2024/03/04 12:46:04 CET [2024/03/04 6:46:04 ET]
Table '3724380678 1' 3-max Seat #3 is the button
Seat 1: bubeto83 (460 in chips) 
Seat 2: Mahu2021 (590 in chips) 
Seat 3: semirami2 (450 in chips) 
bubeto83: posts small blind 10
Mahu2021: posts big blind 20
*** HOLE CARDS ***
Dealt to Mahu2021 [Ks 3d]
semirami2: folds 
bubeto83: folds 
Uncalled bet (10) returned to Mahu2021
Mahu2021 collected 20 from pot
Mahu2021: doesn't show hand 
*** SUMMARY ***
Total pot 20 | Rake 0 
Seat 1: bubeto83 (small blind) folded before Flop
Seat 2: Mahu2021 (big blind) collected (20)
Seat 3: semirami2 (button) folded before Flop (didn't bet)



PokerStars Hand #249231859343: Tournament #3724380678, $1.84+$0.16 USD Hold'em No Limit - Level I (10/20) - 2024/03/04 12:46:09 CET [2024/03/04 6:46:09 ET]
Table '3724380678 1' 3-max Seat #1 is the button
Seat 1: bubeto83 (450 in chips) 
Seat 2: Mahu2021 (600 in chips) 
Seat 3: semirami2 (450 in chips) 
Mahu2021: posts small blind 10
semirami2: posts big blind 20
*** HOLE CARDS ***
Dealt to Mahu2021 [Js Kd]
bubeto83: raises 40 to 60
Mahu2021: calls 50
semirami2: calls 40
*** FLOP *** [5h 5c 8c]
Mahu2021: checks 
semirami2: bets 74
bubeto83: calls 74
Mahu2021: folds 
*** TURN *** [5h 5c 8c] [6d]
semirami2: checks 
bubeto83: bets 316 and is all-in
semirami2: folds 
Uncalled bet (316) returned to bubeto83
bubeto83 collected 328 from pot
*** SUMMARY ***
Total pot 328 | Rake 0 
Board [5h 5c 8c 6d]
Seat 1: bubeto83 (button) collected (328)
Seat 2: Mahu2021 (small blind) folded on the Flop
Seat 3: semirami2 (big blind) folded on the Turn



PokerStars Hand #249231862846: Tournament #3724380678, $1.84+$0.16 USD Hold'em No Limit - Level I (10/20) - 2024/03/04 12:46:31 CET [2024/03/04 6:46:31 ET]
Table '3724380678 1' 3-max Seat #2 is the button
Seat 1: bubeto83 (644 in chips) 
Seat 2: Mahu2021 (540 in chips) 
Seat 3: semirami2 (316 in chips) 
semirami2: posts small blind 10
bubeto83: posts big blind 20
*** HOLE CARDS ***
Dealt to Mahu2021 [Qs 6c]
Mahu2021: folds 
semirami2: folds 
Uncalled bet (10) returned to bubeto83
bubeto83 collected 20 from pot
*** SUMMARY ***
Total pot 20 | Rake 0 
Seat 1: bubeto83 (big blind) collected (20)
Seat 2: Mahu2021 (button) folded before Flop (didn't bet)
Seat 3: semirami2 (small blind) folded before Flop



PokerStars Hand #249231863589: Tournament #3724380678, $1.84+$0.16 USD Hold'em No Limit - Level I (10/20) - 2024/03/04 12:46:36 CET [2024/03/04 6:46:36 ET]
Table '3724380678 1' 3-max Seat #3 is the button
Seat 1: bubeto83 (654 in chips) 
Seat 2: Mahu2021 (540 in chips) 
Seat 3: semirami2 (306 in chips) 
bubeto83: posts small blind 10
Mahu2021: posts big blind 20
*** HOLE CARDS ***
Dealt to Mahu2021 [7s Qc]
semirami2: folds 
bubeto83: calls 10
Mahu2021: checks 
*** FLOP *** [Jd 4d 3s]
bubeto83: checks 
Mahu2021: checks 
*** TURN *** [Jd 4d 3s] [7c]
bubeto83: checks 
Mahu2021: bets 20
bubeto83: calls 20
*** RIVER *** [Jd 4d 3s 7c] [Qs]
bubeto83: checks 
Mahu2021: bets 80
bubeto83: folds 
Uncalled bet (80) returned to Mahu2021
Mahu2021 collected 80 from pot
Mahu2021: doesn't show hand 
*** SUMMARY ***
Total pot 80 | Rake 0 
Board [Jd 4d 3s 7c Qs]
Seat 1: bubeto83 (small blind) folded on the River
Seat 2: Mahu2021 (big blind) collected (80)
Seat 3: semirami2 (button) folded before Flop (didn't bet)



PokerStars Hand #249231866368: Tournament #3724380678, $1.84+$0.16 USD Hold'em No Limit - Level I (10/20) - 2024/03/04 12:46:54 CET [2024/03/04 6:46:54 ET]
Table '3724380678 1' 3-max Seat #1 is the button
Seat 1: bubeto83 (614 in chips) 
Seat 2: Mahu2021 (580 in chips) 
Seat 3: semirami2 (306 in chips) 
Mahu2021: posts small blind 10
semirami2: posts big blind 20
*** HOLE CARDS ***
Dealt to Mahu2021 [Td Jc]
bubeto83: raises 60 to 80
Mahu2021: folds 
semirami2: calls 60
*** FLOP *** [Ac 2c Qh]
semirami2: checks 
bubeto83: bets 60
semirami2: raises 166 to 226 and is all-in
bubeto83: calls 166
*** TURN *** [Ac 2c Qh] [7h]
*** RIVER *** [Ac 2c Qh 7h] [Ts]
*** SHOW DOWN ***
semirami2: shows [4d Ad] (a pair of Aces)
bubeto83: shows [Ks Qs] (a pair of Queens)
semirami2 collected 622 from pot
*** SUMMARY ***
Total pot 622 | Rake 0 
Board [Ac 2c Qh 7h Ts]
Seat 1: bubeto83 (button) showed [Ks Qs] and lost with a pair of Queens
Seat 2: Mahu2021 (small blind) folded before Flop
Seat 3: semirami2 (big blind) showed [4d Ad] and won (622) with a pair of Aces



PokerStars Hand #249231869524: Tournament #3724380678, $1.84+$0.16 USD Hold'em No Limit - Level I (10/20) - 2024/03/04 12:47:14 CET [2024/03/04 6:47:14 ET]
Table '3724380678 1' 3-max Seat #2 is the button
Seat 1: bubeto83 (308 in chips) 
Seat 2: Mahu2021 (570 in chips) 
Seat 3: semirami2 (622 in chips) 
semirami2: posts small blind 10
bubeto83: posts big blind 20
*** HOLE CARDS ***
Dealt to Mahu2021 [5s 4d]
Mahu2021: folds 
semirami2: calls 10
bubeto83: raises 288 to 308 and is all-in
semirami2: folds 
Uncalled bet (288) returned to bubeto83
bubeto83 collected 40 from pot
*** SUMMARY ***
Total pot 40 | Rake 0 
Seat 1: bubeto83 (big blind) collected (40)
Seat 2: Mahu2021 (button) folded before Flop (didn't bet)
Seat 3: semirami2 (small blind) folded before Flop



PokerStars Hand #249231870972: Tournament #3724380678, $1.84+$0.16 USD Hold'em No Limit - Level I (10/20) - 2024/03/04 12:47:23 CET [2024/03/04 6:47:23 ET]
Table '3724380678 1' 3-max Seat #3 is the button
Seat 1: bubeto83 (328 in chips) 
Seat 2: Mahu2021 (570 in chips) 
Seat 3: semirami2 (602 in chips) 
bubeto83: posts small blind 10
Mahu2021: posts big blind 20
*** HOLE CARDS ***
Dealt to Mahu2021 [2c 9d]
semirami2: folds 
bubeto83: raises 80 to 100
Mahu2021: folds 
Uncalled bet (80) returned to bubeto83
bubeto83 collected 40 from pot
*** SUMMARY ***
Total pot 40 | Rake 0 
Seat 1: bubeto83 (small blind) collected (40)
Seat 2: Mahu2021 (big blind) folded before Flop
Seat 3: semirami2 (button) folded before Flop (didn't bet)



PokerStars Hand #249231871737: Tournament #3724380678, $1.84+$0.16 USD Hold'em No Limit - Level I (10/20) - 2024/03/04 12:47:28 CET [2024/03/04 6:47:28 ET]
Table '3724380678 1' 3-max Seat #1 is the button
Seat 1: bubeto83 (348 in chips) 
Seat 2: Mahu2021 (550 in chips) 
Seat 3: semirami2 (602 in chips) 
Mahu2021: posts small blind 10
semirami2: posts big blind 20
*** HOLE CARDS ***
Dealt to Mahu2021 [Ah 4s]
bubeto83: raises 20 to 40
Mahu2021: calls 30
semirami2: calls 20
*** FLOP *** [8h Ac 4h]
Mahu2021: checks 
semirami2: checks 
bubeto83: bets 40
Mahu2021: raises 60 to 100
semirami2: folds 
bubeto83: calls 60
*** TURN *** [8h Ac 4h] [Qh]
Mahu2021: bets 410 and is all-in
bubeto83: folds 
Uncalled bet (410) returned to Mahu2021
Mahu2021 collected 320 from pot
Mahu2021: doesn't show hand 
*** SUMMARY ***
Total pot 320 | Rake 0 
Board [8h Ac 4h Qh]
Seat 1: bubeto83 (button) folded on the Turn
Seat 2: Mahu2021 (small blind) collected (320)
Seat 3: semirami2 (big blind) folded on the Flop



PokerStars Hand #249231875308: Tournament #3724380678, $1.84+$0.16 USD Hold'em No Limit - Level I (10/20) - 2024/03/04 12:47:51 CET [2024/03/04 6:47:51 ET]
Table '3724380678 1' 3-max Seat #2 is the button
Seat 1: bubeto83 (208 in chips) 
Seat 2: Mahu2021 (730 in chips) 
Seat 3: semirami2 (562 in chips) 
semirami2: posts small blind 10
bubeto83: posts big blind 20
*** HOLE CARDS ***
Dealt to Mahu2021 [9s 3h]
Mahu2021: folds 
semirami2: raises 542 to 562 and is all-in
bubeto83: calls 188 and is all-in
Uncalled bet (354) returned to semirami2
*** FLOP *** [3d 2d 6d]
*** TURN *** [3d 2d 6d] [8d]
*** RIVER *** [3d 2d 6d 8d] [5h]
*** SHOW DOWN ***
semirami2: shows [Ks 5c] (a pair of Fives)
bubeto83: shows [Qc 9c] (high card Queen)
semirami2 collected 416 from pot
bubeto83 finished the tournament in 3rd place
*** SUMMARY ***
Total pot 416 | Rake 0 
Board [3d 2d 6d 8d 5h]
Seat 1: bubeto83 (big blind) showed [Qc 9c] and lost with high card Queen
Seat 2: Mahu2021 (button) folded before Flop (didn't bet)
Seat 3: semirami2 (small blind) showed [Ks 5c] and won (416) with a pair of Fives



PokerStars Hand #249231877834: Tournament #3724380678, $1.84+$0.16 USD Hold'em No Limit - Level I (10/20) - 2024/03/04 12:48:07 CET [2024/03/04 6:48:07 ET]
Table '3724380678 1' 3-max Seat #3 is the button
Seat 2: Mahu2021 (730 in chips) 
Seat 3: semirami2 (770 in chips) 
semirami2: posts small blind 10
Mahu2021: posts big blind 20
*** HOLE CARDS ***
Dealt to Mahu2021 [2h 9h]
semirami2: calls 10
Mahu2021: checks 
*** FLOP *** [6s 6c 3d]
Mahu2021: checks 
semirami2: bets 20
Mahu2021: folds 
Uncalled bet (20) returned to semirami2
semirami2 collected 40 from pot
semirami2: doesn't show hand 
*** SUMMARY ***
Total pot 40 | Rake 0 
Board [6s 6c 3d]
Seat 2: Mahu2021 (big blind) folded on the Flop
Seat 3: semirami2 (button) (small blind) collected (40)



PokerStars Hand #249231880143: Tournament #3724380678, $1.84+$0.16 USD Hold'em No Limit - Level II (15/30) - 2024/03/04 12:48:22 CET [2024/03/04 6:48:22 ET]
Table '3724380678 1' 3-max Seat #2 is the button
Seat 2: Mahu2021 (710 in chips) 
Seat 3: semirami2 (790 in chips) 
Mahu2021: posts small blind 15
semirami2: posts big blind 30
*** HOLE CARDS ***
Dealt to Mahu2021 [9d Qc]
Mahu2021: calls 15
semirami2: checks 
*** FLOP *** [6d Th 8h]
semirami2: checks 
Mahu2021: bets 30
semirami2: calls 30
*** TURN *** [6d Th 8h] [9h]
semirami2: checks 
Mahu2021: bets 30
semirami2: calls 30
*** RIVER *** [6d Th 8h 9h] [3c]
semirami2: checks 
Mahu2021: checks 
*** SHOW DOWN ***
semirami2: shows [5c 8d] (a pair of Eights)
Mahu2021: shows [9d Qc] (a pair of Nines)
Mahu2021 collected 180 from pot
*** SUMMARY ***
Total pot 180 | Rake 0 
Board [6d Th 8h 9h 3c]
Seat 2: Mahu2021 (button) (small blind) showed [9d Qc] and won (180) with a pair of Nines
Seat 3: semirami2 (big blind) showed [5c 8d] and lost with a pair of Eights



PokerStars Hand #249231883218: Tournament #3724380678, $1.84+$0.16 USD Hold'em No Limit - Level II (15/30) - 2024/03/04 12:48:42 CET [2024/03/04 6:48:42 ET]
Table '3724380678 1' 3-max Seat #3 is the button
Seat 2: Mahu2021 (800 in chips) 
Seat 3: semirami2 (700 in chips) 
semirami2: posts small blind 15
Mahu2021: posts big blind 30
*** HOLE CARDS ***
Dealt to Mahu2021 [8s 3s]
semirami2: calls 15
Mahu2021: checks 
*** FLOP *** [3d 9c 8h]
Mahu2021: checks 
semirami2: checks 
*** TURN *** [3d 9c 8h] [Jc]
Mahu2021: checks 
semirami2: checks 
*** RIVER *** [3d 9c 8h Jc] [Td]
Mahu2021: bets 60
semirami2: folds 
Uncalled bet (60) returned to Mahu2021
Mahu2021 collected 60 from pot
Mahu2021: doesn't show hand 
*** SUMMARY ***
Total pot 60 | Rake 0 
Board [3d 9c 8h Jc Td]
Seat 2: Mahu2021 (big blind) collected (60)
Seat 3: semirami2 (button) (small blind) folded on the River



PokerStars Hand #249231885712: Tournament #3724380678, $1.84+$0.16 USD Hold'em No Limit - Level II (15/30) - 2024/03/04 12:48:58 CET [2024/03/04 6:48:58 ET]
Table '3724380678 1' 3-max Seat #2 is the button
Seat 2: Mahu2021 (830 in chips) 
Seat 3: semirami2 (670 in chips) 
Mahu2021: posts small blind 15
semirami2: posts big blind 30
*** HOLE CARDS ***
Dealt to Mahu2021 [8d As]
Mahu2021: raises 30 to 60
semirami2: raises 610 to 670 and is all-in
Mahu2021: folds 
Uncalled bet (610) returned to semirami2
semirami2 collected 120 from pot
semirami2: doesn't show hand 
*** SUMMARY ***
Total pot 120 | Rake 0 
Seat 2: Mahu2021 (button) (small blind) folded before Flop
Seat 3: semirami2 (big blind) collected (120)



PokerStars Hand #249231887065: Tournament #3724380678, $1.84+$0.16 USD Hold'em No Limit - Level II (15/30) - 2024/03/04 12:49:07 CET [2024/03/04 6:49:07 ET]
Table '3724380678 1' 3-max Seat #3 is the button
Seat 2: Mahu2021 (770 in chips) 
Seat 3: semirami2 (730 in chips) 
semirami2: posts small blind 15
Mahu2021: posts big blind 30
*** HOLE CARDS ***
Dealt to Mahu2021 [As 9c]
semirami2: calls 15
Mahu2021: checks 
*** FLOP *** [Ad Qd 9h]
Mahu2021: checks 
semirami2: bets 30
Mahu2021: calls 30
*** TURN *** [Ad Qd 9h] [9s]
Mahu2021: checks 
semirami2: checks 
*** RIVER *** [Ad Qd 9h 9s] [5h]
Mahu2021: bets 120
semirami2: folds 
Uncalled bet (120) returned to Mahu2021
Mahu2021 collected 120 from pot
Mahu2021: doesn't show hand 
*** SUMMARY ***
Total pot 120 | Rake 0 
Board [Ad Qd 9h 9s 5h]
Seat 2: Mahu2021 (big blind) collected (120)
Seat 3: semirami2 (button) (small blind) folded on the River



PokerStars Hand #249231889558: Tournament #3724380678, $1.84+$0.16 USD Hold'em No Limit - Level II (15/30) - 2024/03/04 12:49:23 CET [2024/03/04 6:49:23 ET]
Table '3724380678 1' 3-max Seat #2 is the button
Seat 2: Mahu2021 (830 in chips) 
Seat 3: semirami2 (670 in chips) 
Mahu2021: posts small blind 15
semirami2: posts big blind 30
*** HOLE CARDS ***
Dealt to Mahu2021 [Qs 3d]
Mahu2021: calls 15
semirami2: raises 60 to 90
Mahu2021: folds 
Uncalled bet (60) returned to semirami2
semirami2 collected 60 from pot
semirami2: doesn't show hand 
*** SUMMARY ***
Total pot 60 | Rake 0 
Seat 2: Mahu2021 (button) (small blind) folded before Flop
Seat 3: semirami2 (big blind) collected (60)



PokerStars Hand #249231890927: Tournament #3724380678, $1.84+$0.16 USD Hold'em No Limit - Level II (15/30) - 2024/03/04 12:49:32 CET [2024/03/04 6:49:32 ET]
Table '3724380678 1' 3-max Seat #3 is the button
Seat 2: Mahu2021 (800 in chips) 
Seat 3: semirami2 (700 in chips) 
semirami2: posts small blind 15
Mahu2021: posts big blind 30
*** HOLE CARDS ***
Dealt to Mahu2021 [5c 9d]
semirami2: calls 15
Mahu2021: checks 
*** FLOP *** [Kd 5d Kh]
Mahu2021: checks 
semirami2: bets 30
Mahu2021: calls 30
*** TURN *** [Kd 5d Kh] [6h]
Mahu2021: checks 
semirami2: bets 79
Mahu2021: calls 79
*** RIVER *** [Kd 5d Kh 6h] [8d]
Mahu2021: checks 
semirami2: checks 
*** SHOW DOWN ***
Mahu2021: shows [5c 9d] (two pair, Kings and Fives)
semirami2: shows [Ks 3s] (three of a kind, Kings)
semirami2 collected 278 from pot
*** SUMMARY ***
Total pot 278 | Rake 0 
Board [Kd 5d Kh 6h 8d]
Seat 2: Mahu2021 (big blind) showed [5c 9d] and lost with two pair, Kings and Fives
Seat 3: semirami2 (button) (small blind) showed [Ks 3s] and won (278) with three of a kind, Kings



PokerStars Hand #249231893790: Tournament #3724380678, $1.84+$0.16 USD Hold'em No Limit - Level II (15/30) - 2024/03/04 12:49:50 CET [2024/03/04 6:49:50 ET]
Table '3724380678 1' 3-max Seat #2 is the button
Seat 2: Mahu2021 (661 in chips) 
Seat 3: semirami2 (839 in chips) 
Mahu2021: posts small blind 15
semirami2: posts big blind 30
*** HOLE CARDS ***
Dealt to Mahu2021 [2s 8s]
Mahu2021: folds 
Uncalled bet (15) returned to semirami2
semirami2 collected 30 from pot
semirami2: doesn't show hand 
*** SUMMARY ***
Total pot 30 | Rake 0 
Seat 2: Mahu2021 (button) (small blind) folded before Flop
Seat 3: semirami2 (big blind) collected (30)



PokerStars Hand #249231894485: Tournament #3724380678, $1.84+$0.16 USD Hold'em No Limit - Level II (15/30) - 2024/03/04 12:49:54 CET [2024/03/04 6:49:54 ET]
Table '3724380678 1' 3-max Seat #3 is the button
Seat 2: Mahu2021 (646 in chips) 
Seat 3: semirami2 (854 in chips) 
semirami2: posts small blind 15
Mahu2021: posts big blind 30
*** HOLE CARDS ***
Dealt to Mahu2021 [Jd Js]
semirami2: raises 30 to 60
Mahu2021: raises 586 to 646 and is all-in
semirami2: folds 
Uncalled bet (586) returned to Mahu2021
Mahu2021 collected 120 from pot
Mahu2021: doesn't show hand 
*** SUMMARY ***
Total pot 120 | Rake 0 
Seat 2: Mahu2021 (big blind) collected (120)
Seat 3: semirami2 (button) (small blind) folded before Flop



PokerStars Hand #249231895547: Tournament #3724380678, $1.84+$0.16 USD Hold'em No Limit - Level II (15/30) - 2024/03/04 12:50:01 CET [2024/03/04 6:50:01 ET]
Table '3724380678 1' 3-max Seat #2 is the button
Seat 2: Mahu2021 (706 in chips) 
Seat 3: semirami2 (794 in chips) 
Mahu2021: posts small blind 15
semirami2: posts big blind 30
*** HOLE CARDS ***
Dealt to Mahu2021 [7d 9c]
Mahu2021: calls 15
semirami2: checks 
*** FLOP *** [Qd Kc 7s]
semirami2: checks 
Mahu2021: bets 30
semirami2: folds 
Uncalled bet (30) returned to Mahu2021
Mahu2021 collected 60 from pot
Mahu2021: doesn't show hand 
*** SUMMARY ***
Total pot 60 | Rake 0 
Board [Qd Kc 7s]
Seat 2: Mahu2021 (button) (small blind) collected (60)
Seat 3: semirami2 (big blind) folded on the Flop



PokerStars Hand #249231897178: Tournament #3724380678, $1.84+$0.16 USD Hold'em No Limit - Level II (15/30) - 2024/03/04 12:50:11 CET [2024/03/04 6:50:11 ET]
Table '3724380678 1' 3-max Seat #3 is the button
Seat 2: Mahu2021 (736 in chips) 
Seat 3: semirami2 (764 in chips) 
semirami2: posts small blind 15
Mahu2021: posts big blind 30
*** HOLE CARDS ***
Dealt to Mahu2021 [Td 4s]
semirami2: calls 15
Mahu2021: checks 
*** FLOP *** [Qd 2h Qh]
Mahu2021: checks 
semirami2: bets 30
Mahu2021: folds 
Uncalled bet (30) returned to semirami2
semirami2 collected 60 from pot
semirami2: doesn't show hand 
*** SUMMARY ***
Total pot 60 | Rake 0 
Board [Qd 2h Qh]
Seat 2: Mahu2021 (big blind) folded on the Flop
Seat 3: semirami2 (button) (small blind) collected (60)



PokerStars Hand #249231898572: Tournament #3724380678, $1.84+$0.16 USD Hold'em No Limit - Level II (15/30) - 2024/03/04 12:50:20 CET [2024/03/04 6:50:20 ET]
Table '3724380678 1' 3-max Seat #2 is the button
Seat 2: Mahu2021 (706 in chips) 
Seat 3: semirami2 (794 in chips) 
Mahu2021: posts small blind 15
semirami2: posts big blind 30
*** HOLE CARDS ***
Dealt to Mahu2021 [2d 3s]
Mahu2021: folds 
Uncalled bet (15) returned to semirami2
semirami2 collected 30 from pot
semirami2: doesn't show hand 
*** SUMMARY ***
Total pot 30 | Rake 0 
Seat 2: Mahu2021 (button) (small blind) folded before Flop
Seat 3: semirami2 (big blind) collected (30)



PokerStars Hand #249231899283: Tournament #3724380678, $1.84+$0.16 USD Hold'em No Limit - Level II (15/30) - 2024/03/04 12:50:24 CET [2024/03/04 6:50:24 ET]
Table '3724380678 1' 3-max Seat #3 is the button
Seat 2: Mahu2021 (691 in chips) 
Seat 3: semirami2 (809 in chips) 
semirami2: posts small blind 15
Mahu2021: posts big blind 30
*** HOLE CARDS ***
Dealt to Mahu2021 [Js 8s]
semirami2: folds 
Uncalled bet (15) returned to Mahu2021
Mahu2021 collected 30 from pot
Mahu2021: doesn't show hand 
*** SUMMARY ***
Total pot 30 | Rake 0 
Seat 2: Mahu2021 (big blind) collected (30)
Seat 3: semirami2 (button) (small blind) folded before Flop



PokerStars Hand #249231899888: Tournament #3724380678, $1.84+$0.16 USD Hold'em No Limit - Level II (15/30) - 2024/03/04 12:50:28 CET [2024/03/04 6:50:28 ET]
Table '3724380678 1' 3-max Seat #2 is the button
Seat 2: Mahu2021 (706 in chips) 
Seat 3: semirami2 (794 in chips) 
Mahu2021: posts small blind 15
semirami2: posts big blind 30
*** HOLE CARDS ***
Dealt to Mahu2021 [3d Ad]
Mahu2021: raises 30 to 60
semirami2: folds 
Uncalled bet (30) returned to Mahu2021
Mahu2021 collected 60 from pot
Mahu2021: doesn't show hand 
*** SUMMARY ***
Total pot 60 | Rake 0 
Seat 2: Mahu2021 (button) (small blind) collected (60)
Seat 3: semirami2 (big blind) folded before Flop



PokerStars Hand #249231900882: Tournament #3724380678, $1.84+$0.16 USD Hold'em No Limit - Level II (15/30) - 2024/03/04 12:50:34 CET [2024/03/04 6:50:34 ET]
Table '3724380678 1' 3-max Seat #3 is the button
Seat 2: Mahu2021 (736 in chips) 
Seat 3: semirami2 (764 in chips) 
semirami2: posts small blind 15
Mahu2021: posts big blind 30
*** HOLE CARDS ***
Dealt to Mahu2021 [9h 2h]
semirami2: calls 15
Mahu2021: checks 
*** FLOP *** [8h 7s 6h]
Mahu2021: checks 
semirami2: bets 30
Mahu2021: calls 30
*** TURN *** [8h 7s 6h] [3c]
Mahu2021: checks 
semirami2: checks 
*** RIVER *** [8h 7s 6h 3c] [2c]
Mahu2021: bets 60
semirami2: folds 
Uncalled bet (60) returned to Mahu2021
Mahu2021 collected 120 from pot
Mahu2021: doesn't show hand 
*** SUMMARY ***
Total pot 120 | Rake 0 
Board [8h 7s 6h 3c 2c]
Seat 2: Mahu2021 (big blind) collected (120)
Seat 3: semirami2 (button) (small blind) folded on the River



PokerStars Hand #249231903203: Tournament #3724380678, $1.84+$0.16 USD Hold'em No Limit - Level II (15/30) - 2024/03/04 12:50:49 CET [2024/03/04 6:50:49 ET]
Table '3724380678 1' 3-max Seat #2 is the button
Seat 2: Mahu2021 (796 in chips) 
Seat 3: semirami2 (704 in chips) 
Mahu2021: posts small blind 15
semirami2: posts big blind 30
*** HOLE CARDS ***
Dealt to Mahu2021 [9d Qd]
Mahu2021: raises 30 to 60
semirami2: folds 
Uncalled bet (30) returned to Mahu2021
Mahu2021 collected 60 from pot
Mahu2021: doesn't show hand 
*** SUMMARY ***
Total pot 60 | Rake 0 
Seat 2: Mahu2021 (button) (small blind) collected (60)
Seat 3: semirami2 (big blind) folded before Flop



PokerStars Hand #249231904219: Tournament #3724380678, $1.84+$0.16 USD Hold'em No Limit - Level II (15/30) - 2024/03/04 12:50:55 CET [2024/03/04 6:50:55 ET]
Table '3724380678 1' 3-max Seat #3 is the button
Seat 2: Mahu2021 (826 in chips) 
Seat 3: semirami2 (674 in chips) 
semirami2: posts small blind 15
Mahu2021: posts big blind 30
*** HOLE CARDS ***
Dealt to Mahu2021 [4s Ks]
semirami2: calls 15
Mahu2021: checks 
*** FLOP *** [Th 9s 3d]
Mahu2021: checks 
semirami2: checks 
*** TURN *** [Th 9s 3d] [Js]
Mahu2021: bets 30
semirami2: calls 30
*** RIVER *** [Th 9s 3d Js] [8c]
Mahu2021: checks 
semirami2: bets 49
Mahu2021: folds 
Uncalled bet (49) returned to semirami2
semirami2 collected 120 from pot
semirami2: doesn't show hand 
*** SUMMARY ***
Total pot 120 | Rake 0 
Board [Th 9s 3d Js 8c]
Seat 2: Mahu2021 (big blind) folded on the River
Seat 3: semirami2 (button) (small blind) collected (120)



PokerStars Hand #249231907049: Tournament #3724380678, $1.84+$0.16 USD Hold'em No Limit - Level II (15/30) - 2024/03/04 12:51:13 CET [2024/03/04 6:51:13 ET]
Table '3724380678 1' 3-max Seat #2 is the button
Seat 2: Mahu2021 (766 in chips) 
Seat 3: semirami2 (734 in chips) 
Mahu2021: posts small blind 15
semirami2: posts big blind 30
*** HOLE CARDS ***
Dealt to Mahu2021 [Ad Ts]
Mahu2021: raises 60 to 90
semirami2: folds 
Uncalled bet (60) returned to Mahu2021
Mahu2021 collected 60 from pot
Mahu2021: doesn't show hand 
*** SUMMARY ***
Total pot 60 | Rake 0 
Seat 2: Mahu2021 (button) (small blind) collected (60)
Seat 3: semirami2 (big blind) folded before Flop



PokerStars Hand #249231908125: Tournament #3724380678, $1.84+$0.16 USD Hold'em No Limit - Level II (15/30) - 2024/03/04 12:51:20 CET [2024/03/04 6:51:20 ET]
Table '3724380678 1' 3-max Seat #3 is the button
Seat 2: Mahu2021 (796 in chips) 
Seat 3: semirami2 (704 in chips) 
semirami2: posts small blind 15
Mahu2021: posts big blind 30
*** HOLE CARDS ***
Dealt to Mahu2021 [Ks Ah]
semirami2: calls 15
Mahu2021: raises 90 to 120
semirami2: folds 
Uncalled bet (90) returned to Mahu2021
Mahu2021 collected 60 from pot
Mahu2021: doesn't show hand 
*** SUMMARY ***
Total pot 60 | Rake 0 
Seat 2: Mahu2021 (big blind) collected (60)
Seat 3: semirami2 (button) (small blind) folded before Flop



PokerStars Hand #249231909246: Tournament #3724380678, $1.84+$0.16 USD Hold'em No Limit - Level II (15/30) - 2024/03/04 12:51:27 CET [2024/03/04 6:51:27 ET]
Table '3724380678 1' 3-max Seat #2 is the button
Seat 2: Mahu2021 (826 in chips) 
Seat 3: semirami2 (674 in chips) 
Mahu2021: posts small blind 15
semirami2: posts big blind 30
*** HOLE CARDS ***
Dealt to Mahu2021 [8h Ah]
Mahu2021: raises 30 to 60
semirami2: folds 
Uncalled bet (30) returned to Mahu2021
Mahu2021 collected 60 from pot
Mahu2021: doesn't show hand 
*** SUMMARY ***
Total pot 60 | Rake 0 
Seat 2: Mahu2021 (button) (small blind) collected (60)
Seat 3: semirami2 (big blind) folded before Flop



PokerStars Hand #249231910208: Tournament #3724380678, $1.84+$0.16 USD Hold'em No Limit - Level II (15/30) - 2024/03/04 12:51:33 CET [2024/03/04 6:51:33 ET]
Table '3724380678 1' 3-max Seat #3 is the button
Seat 2: Mahu2021 (856 in chips) 
Seat 3: semirami2 (644 in chips) 
semirami2: posts small blind 15
Mahu2021: posts big blind 30
*** HOLE CARDS ***
Dealt to Mahu2021 [8c 4h]
semirami2: raises 30 to 60
Mahu2021: folds 
Uncalled bet (30) returned to semirami2
semirami2 collected 60 from pot
semirami2: doesn't show hand 
*** SUMMARY ***
Total pot 60 | Rake 0 
Seat 2: Mahu2021 (big blind) folded before Flop
Seat 3: semirami2 (button) (small blind) collected (60)



PokerStars Hand #249231910982: Tournament #3724380678, $1.84+$0.16 USD Hold'em No Limit - Level II (15/30) - 2024/03/04 12:51:38 CET [2024/03/04 6:51:38 ET]
Table '3724380678 1' 3-max Seat #2 is the button
Seat 2: Mahu2021 (826 in chips) 
Seat 3: semirami2 (674 in chips) 
Mahu2021: posts small blind 15
semirami2: posts big blind 30
*** HOLE CARDS ***
Dealt to Mahu2021 [Ah 6s]
Mahu2021: raises 30 to 60
semirami2: folds 
Uncalled bet (30) returned to Mahu2021
Mahu2021 collected 60 from pot
Mahu2021: doesn't show hand 
*** SUMMARY ***
Total pot 60 | Rake 0 
Seat 2: Mahu2021 (button) (small blind) collected (60)
Seat 3: semirami2 (big blind) folded before Flop



PokerStars Hand #249231911882: Tournament #3724380678, $1.84+$0.16 USD Hold'em No Limit - Level II (15/30) - 2024/03/04 12:51:43 CET [2024/03/04 6:51:43 ET]
Table '3724380678 1' 3-max Seat #3 is the button
Seat 2: Mahu2021 (856 in chips) 
Seat 3: semirami2 (644 in chips) 
semirami2: posts small blind 15
Mahu2021: posts big blind 30
*** HOLE CARDS ***
Dealt to Mahu2021 [6s Tc]
semirami2: raises 30 to 60
Mahu2021: folds 
Uncalled bet (30) returned to semirami2
semirami2 collected 60 from pot
semirami2: doesn't show hand 
*** SUMMARY ***
Total pot 60 | Rake 0 
Seat 2: Mahu2021 (big blind) folded before Flop
Seat 3: semirami2 (button) (small blind) collected (60)



PokerStars Hand #249231912762: Tournament #3724380678, $1.84+$0.16 USD Hold'em No Limit - Level II (15/30) - 2024/03/04 12:51:49 CET [2024/03/04 6:51:49 ET]
Table '3724380678 1' 3-max Seat #2 is the button
Seat 2: Mahu2021 (826 in chips) 
Seat 3: semirami2 (674 in chips) 
Mahu2021: posts small blind 15
semirami2: posts big blind 30
*** HOLE CARDS ***
Dealt to Mahu2021 [5s 3h]
Mahu2021: calls 15
semirami2: checks 
*** FLOP *** [5h 9s 4s]
semirami2: checks 
Mahu2021: bets 30
semirami2: calls 30
*** TURN *** [5h 9s 4s] [6h]
semirami2: checks 
Mahu2021: bets 30
semirami2: calls 30
*** RIVER *** [5h 9s 4s 6h] [6c]
semirami2: checks 
Mahu2021: checks 
*** SHOW DOWN ***
semirami2: shows [Td Qh] (a pair of Sixes)
Mahu2021: shows [5s 3h] (two pair, Sixes and Fives)
Mahu2021 collected 180 from pot
*** SUMMARY ***
Total pot 180 | Rake 0 
Board [5h 9s 4s 6h 6c]
Seat 2: Mahu2021 (button) (small blind) showed [5s 3h] and won (180) with two pair, Sixes and Fives
Seat 3: semirami2 (big blind) showed [Td Qh] and lost with a pair of Sixes



PokerStars Hand #249231915172: Tournament #3724380678, $1.84+$0.16 USD Hold'em No Limit - Level II (15/30) - 2024/03/04 12:52:04 CET [2024/03/04 6:52:04 ET]
Table '3724380678 1' 3-max Seat #3 is the button
Seat 2: Mahu2021 (916 in chips) 
Seat 3: semirami2 (584 in chips) 
semirami2: posts small blind 15
Mahu2021: posts big blind 30
*** HOLE CARDS ***
Dealt to Mahu2021 [8h Jh]
semirami2: folds 
Uncalled bet (15) returned to Mahu2021
Mahu2021 collected 30 from pot
Mahu2021: doesn't show hand 
*** SUMMARY ***
Total pot 30 | Rake 0 
Seat 2: Mahu2021 (big blind) collected (30)
Seat 3: semirami2 (button) (small blind) folded before Flop



PokerStars Hand #249231915833: Tournament #3724380678, $1.84+$0.16 USD Hold'em No Limit - Level II (15/30) - 2024/03/04 12:52:08 CET [2024/03/04 6:52:08 ET]
Table '3724380678 1' 3-max Seat #2 is the button
Seat 2: Mahu2021 (931 in chips) 
Seat 3: semirami2 (569 in chips) 
Mahu2021: posts small blind 15
semirami2: posts big blind 30
*** HOLE CARDS ***
Dealt to Mahu2021 [Ac 9h]
Mahu2021: raises 30 to 60
semirami2: raises 509 to 569 and is all-in
Mahu2021: folds 
Uncalled bet (509) returned to semirami2
semirami2 collected 120 from pot
semirami2: doesn't show hand 
*** SUMMARY ***
Total pot 120 | Rake 0 
Seat 2: Mahu2021 (button) (small blind) folded before Flop
Seat 3: semirami2 (big blind) collected (120)



PokerStars Hand #249231918890: Tournament #3724380678, $1.84+$0.16 USD Hold'em No Limit - Level III (20/40) - 2024/03/04 12:52:28 CET [2024/03/04 6:52:28 ET]
Table '3724380678 1' 3-max Seat #3 is the button
Seat 2: Mahu2021 (871 in chips) 
Seat 3: semirami2 (629 in chips) 
semirami2: posts small blind 20
Mahu2021: posts big blind 40
*** HOLE CARDS ***
Dealt to Mahu2021 [5s 8c]
semirami2: raises 40 to 80
Mahu2021: folds 
Uncalled bet (40) returned to semirami2
semirami2 collected 80 from pot
semirami2: doesn't show hand 
*** SUMMARY ***
Total pot 80 | Rake 0 
Seat 2: Mahu2021 (big blind) folded before Flop
Seat 3: semirami2 (button) (small blind) collected (80)



PokerStars Hand #249231919726: Tournament #3724380678, $1.84+$0.16 USD Hold'em No Limit - Level III (20/40) - 2024/03/04 12:52:33 CET [2024/03/04 6:52:33 ET]
Table '3724380678 1' 3-max Seat #2 is the button
Seat 2: Mahu2021 (831 in chips) 
Seat 3: semirami2 (669 in chips) 
Mahu2021: posts small blind 20
semirami2: posts big blind 40
*** HOLE CARDS ***
Dealt to Mahu2021 [Tc As]
Mahu2021: raises 40 to 80
semirami2: folds 
Uncalled bet (40) returned to Mahu2021
Mahu2021 collected 80 from pot
Mahu2021: doesn't show hand 
*** SUMMARY ***
Total pot 80 | Rake 0 
Seat 2: Mahu2021 (button) (small blind) collected (80)
Seat 3: semirami2 (big blind) folded before Flop



PokerStars Hand #249231920732: Tournament #3724380678, $1.84+$0.16 USD Hold'em No Limit - Level III (20/40) - 2024/03/04 12:52:39 CET [2024/03/04 6:52:39 ET]
Table '3724380678 1' 3-max Seat #3 is the button
Seat 2: Mahu2021 (871 in chips) 
Seat 3: semirami2 (629 in chips) 
semirami2: posts small blind 20
Mahu2021: posts big blind 40
*** HOLE CARDS ***
Dealt to Mahu2021 [8h 8s]
semirami2: raises 40 to 80
Mahu2021: raises 791 to 871 and is all-in
semirami2: folds 
Uncalled bet (791) returned to Mahu2021
Mahu2021 collected 160 from pot
Mahu2021: doesn't show hand 
*** SUMMARY ***
Total pot 160 | Rake 0 
Seat 2: Mahu2021 (big blind) collected (160)
Seat 3: semirami2 (button) (small blind) folded before Flop



PokerStars Hand #249231921752: Tournament #3724380678, $1.84+$0.16 USD Hold'em No Limit - Level III (20/40) - 2024/03/04 12:52:46 CET [2024/03/04 6:52:46 ET]
Table '3724380678 1' 3-max Seat #2 is the button
Seat 2: Mahu2021 (951 in chips) 
Seat 3: semirami2 (549 in chips) 
Mahu2021: posts small blind 20
semirami2: posts big blind 40
*** HOLE CARDS ***
Dealt to Mahu2021 [8d Kd]
Mahu2021: raises 40 to 80
semirami2: calls 40
*** FLOP *** [3s 9d 6h]
semirami2: checks 
Mahu2021: checks 
*** TURN *** [3s 9d 6h] [4s]
semirami2: checks 
Mahu2021: checks 
*** RIVER *** [3s 9d 6h 4s] [Jh]
semirami2: checks 
Mahu2021: bets 80
semirami2: folds 
Uncalled bet (80) returned to Mahu2021
Mahu2021 collected 160 from pot
Mahu2021: doesn't show hand 
*** SUMMARY ***
Total pot 160 | Rake 0 
Board [3s 9d 6h 4s Jh]
Seat 2: Mahu2021 (button) (small blind) collected (160)
Seat 3: semirami2 (big blind) folded on the River



PokerStars Hand #249231924161: Tournament #3724380678, $1.84+$0.16 USD Hold'em No Limit - Level III (20/40) - 2024/03/04 12:53:01 CET [2024/03/04 6:53:01 ET]
Table '3724380678 1' 3-max Seat #3 is the button
Seat 2: Mahu2021 (1031 in chips) 
Seat 3: semirami2 (469 in chips) 
semirami2: posts small blind 20
Mahu2021: posts big blind 40
*** HOLE CARDS ***
Dealt to Mahu2021 [8h 9h]
semirami2: folds 
Uncalled bet (20) returned to Mahu2021
Mahu2021 collected 40 from pot
Mahu2021: doesn't show hand 
*** SUMMARY ***
Total pot 40 | Rake 0 
Seat 2: Mahu2021 (big blind) collected (40)
Seat 3: semirami2 (button) (small blind) folded before Flop



PokerStars Hand #249231924621: Tournament #3724380678, $1.84+$0.16 USD Hold'em No Limit - Level III (20/40) - 2024/03/04 12:53:04 CET [2024/03/04 6:53:04 ET]
Table '3724380678 1' 3-max Seat #2 is the button
Seat 2: Mahu2021 (1051 in chips) 
Seat 3: semirami2 (449 in chips) 
Mahu2021: posts small blind 20
semirami2: posts big blind 40
*** HOLE CARDS ***
Dealt to Mahu2021 [Js Ts]
Mahu2021: raises 40 to 80
semirami2: folds 
Uncalled bet (40) returned to Mahu2021
Mahu2021 collected 80 from pot
Mahu2021: doesn't show hand 
*** SUMMARY ***
Total pot 80 | Rake 0 
Seat 2: Mahu2021 (button) (small blind) collected (80)
Seat 3: semirami2 (big blind) folded before Flop



PokerStars Hand #249231925470: Tournament #3724380678, $1.84+$0.16 USD Hold'em No Limit - Level III (20/40) - 2024/03/04 12:53:09 CET [2024/03/04 6:53:09 ET]
Table '3724380678 1' 3-max Seat #3 is the button
Seat 2: Mahu2021 (1091 in chips) 
Seat 3: semirami2 (409 in chips) 
semirami2: posts small blind 20
Mahu2021: posts big blind 40
*** HOLE CARDS ***
Dealt to Mahu2021 [7c Qc]
semirami2: raises 369 to 409 and is all-in
Mahu2021: folds 
Uncalled bet (369) returned to semirami2
semirami2 collected 80 from pot
semirami2: doesn't show hand 
*** SUMMARY ***
Total pot 80 | Rake 0 
Seat 2: Mahu2021 (big blind) folded before Flop
Seat 3: semirami2 (button) (small blind) collected (80)



PokerStars Hand #249231926986: Tournament #3724380678, $1.84+$0.16 USD Hold'em No Limit - Level III (20/40) - 2024/03/04 12:53:19 CET [2024/03/04 6:53:19 ET]
Table '3724380678 1' 3-max Seat #2 is the button
Seat 2: Mahu2021 (1051 in chips) 
Seat 3: semirami2 (449 in chips) 
Mahu2021: posts small blind 20
semirami2: posts big blind 40
*** HOLE CARDS ***
Dealt to Mahu2021 [Qd 6s]
Mahu2021: calls 20
semirami2: checks 
*** FLOP *** [9c Kh 8h]
semirami2: checks 
Mahu2021: bets 40
semirami2: calls 40
*** TURN *** [9c Kh 8h] [9d]
semirami2: checks 
Mahu2021: checks 
*** RIVER *** [9c Kh 8h 9d] [6c]
semirami2: checks 
Mahu2021: checks 
*** SHOW DOWN ***
semirami2: shows [5c 8s] (two pair, Nines and Eights)
Mahu2021: mucks hand 
semirami2 collected 160 from pot
*** SUMMARY ***
Total pot 160 | Rake 0 
Board [9c Kh 8h 9d 6c]
Seat 2: Mahu2021 (button) (small blind) mucked [Qd 6s]
Seat 3: semirami2 (big blind) showed [5c 8s] and won (160) with two pair, Nines and Eights



PokerStars Hand #249231929182: Tournament #3724380678, $1.84+$0.16 USD Hold'em No Limit - Level III (20/40) - 2024/03/04 12:53:32 CET [2024/03/04 6:53:32 ET]
Table '3724380678 1' 3-max Seat #3 is the button
Seat 2: Mahu2021 (971 in chips) 
Seat 3: semirami2 (529 in chips) 
semirami2: posts small blind 20
Mahu2021: posts big blind 40
*** HOLE CARDS ***
Dealt to Mahu2021 [Tc 9c]
semirami2: raises 489 to 529 and is all-in
Mahu2021: folds 
Uncalled bet (489) returned to semirami2
semirami2 collected 80 from pot
semirami2: doesn't show hand 
*** SUMMARY ***
Total pot 80 | Rake 0 
Seat 2: Mahu2021 (big blind) folded before Flop
Seat 3: semirami2 (button) (small blind) collected (80)



PokerStars Hand #249231930015: Tournament #3724380678, $1.84+$0.16 USD Hold'em No Limit - Level III (20/40) - 2024/03/04 12:53:38 CET [2024/03/04 6:53:38 ET]
Table '3724380678 1' 3-max Seat #2 is the button
Seat 2: Mahu2021 (931 in chips) 
Seat 3: semirami2 (569 in chips) 
Mahu2021: posts small blind 20
semirami2: posts big blind 40
*** HOLE CARDS ***
Dealt to Mahu2021 [8c 5c]
Mahu2021: calls 20
semirami2: checks 
*** FLOP *** [Kc 6d 8h]
semirami2: checks 
Mahu2021: bets 40
semirami2: folds 
Uncalled bet (40) returned to Mahu2021
Mahu2021 collected 80 from pot
Mahu2021: doesn't show hand 
*** SUMMARY ***
Total pot 80 | Rake 0 
Board [Kc 6d 8h]
Seat 2: Mahu2021 (button) (small blind) collected (80)
Seat 3: semirami2 (big blind) folded on the Flop



PokerStars Hand #249231931507: Tournament #3724380678, $1.84+$0.16 USD Hold'em No Limit - Level III (20/40) - 2024/03/04 12:53:47 CET [2024/03/04 6:53:47 ET]
Table '3724380678 1' 3-max Seat #3 is the button
Seat 2: Mahu2021 (971 in chips) 
Seat 3: semirami2 (529 in chips) 
semirami2: posts small blind 20
Mahu2021: posts big blind 40
*** HOLE CARDS ***
Dealt to Mahu2021 [4s Ah]
semirami2: folds 
Uncalled bet (20) returned to Mahu2021
Mahu2021 collected 40 from pot
Mahu2021: doesn't show hand 
*** SUMMARY ***
Total pot 40 | Rake 0 
Seat 2: Mahu2021 (big blind) collected (40)
Seat 3: semirami2 (button) (small blind) folded before Flop



PokerStars Hand #249231932011: Tournament #3724380678, $1.84+$0.16 USD Hold'em No Limit - Level III (20/40) - 2024/03/04 12:53:50 CET [2024/03/04 6:53:50 ET]
Table '3724380678 1' 3-max Seat #2 is the button
Seat 2: Mahu2021 (991 in chips) 
Seat 3: semirami2 (509 in chips) 
Mahu2021: posts small blind 20
semirami2: posts big blind 40
*** HOLE CARDS ***
Dealt to Mahu2021 [8d Jc]
Mahu2021: calls 20
semirami2: raises 469 to 509 and is all-in
Mahu2021: folds 
Uncalled bet (469) returned to semirami2
semirami2 collected 80 from pot
semirami2: doesn't show hand 
*** SUMMARY ***
Total pot 80 | Rake 0 
Seat 2: Mahu2021 (button) (small blind) folded before Flop
Seat 3: semirami2 (big blind) collected (80)



PokerStars Hand #249231933137: Tournament #3724380678, $1.84+$0.16 USD Hold'em No Limit - Level III (20/40) - 2024/03/04 12:53:58 CET [2024/03/04 6:53:58 ET]
Table '3724380678 1' 3-max Seat #3 is the button
Seat 2: Mahu2021 (951 in chips) 
Seat 3: semirami2 (549 in chips) 
semirami2: posts small blind 20
Mahu2021: posts big blind 40
*** HOLE CARDS ***
Dealt to Mahu2021 [6s Kc]
semirami2: calls 20
Mahu2021: checks 
*** FLOP *** [Ah 7d 2s]
Mahu2021: checks 
semirami2: checks 
*** TURN *** [Ah 7d 2s] [Kd]
Mahu2021: checks 
semirami2: checks 
*** RIVER *** [Ah 7d 2s Kd] [9d]
Mahu2021: checks 
semirami2: checks 
*** SHOW DOWN ***
Mahu2021: shows [6s Kc] (a pair of Kings)
semirami2: mucks hand 
Mahu2021 collected 80 from pot
*** SUMMARY ***
Total pot 80 | Rake 0 
Board [Ah 7d 2s Kd 9d]
Seat 2: Mahu2021 (big blind) showed [6s Kc] and won (80) with a pair of Kings
Seat 3: semirami2 (button) (small blind) mucked [Qh 8s]



PokerStars Hand #249231935847: Tournament #3724380678, $1.84+$0.16 USD Hold'em No Limit - Level III (20/40) - 2024/03/04 12:54:15 CET [2024/03/04 6:54:15 ET]
Table '3724380678 1' 3-max Seat #2 is the button
Seat 2: Mahu2021 (991 in chips) 
Seat 3: semirami2 (509 in chips) 
Mahu2021: posts small blind 20
semirami2: posts big blind 40
*** HOLE CARDS ***
Dealt to Mahu2021 [6c Th]
Mahu2021: folds 
Uncalled bet (20) returned to semirami2
semirami2 collected 40 from pot
semirami2: doesn't show hand 
*** SUMMARY ***
Total pot 40 | Rake 0 
Seat 2: Mahu2021 (button) (small blind) folded before Flop
Seat 3: semirami2 (big blind) collected (40)



PokerStars Hand #249231936646: Tournament #3724380678, $1.84+$0.16 USD Hold'em No Limit - Level III (20/40) - 2024/03/04 12:54:20 CET [2024/03/04 6:54:20 ET]
Table '3724380678 1' 3-max Seat #3 is the button
Seat 2: Mahu2021 (971 in chips) 
Seat 3: semirami2 (529 in chips) 
semirami2: posts small blind 20
Mahu2021: posts big blind 40
*** HOLE CARDS ***
Dealt to Mahu2021 [3h 5d]
semirami2: calls 20
Mahu2021: checks 
*** FLOP *** [7d 5h 9h]
Mahu2021: checks 
semirami2: bets 40
Mahu2021: calls 40
*** TURN *** [7d 5h 9h] [4d]
Mahu2021: checks 
semirami2: checks 
*** RIVER *** [7d 5h 9h 4d] [2c]
Mahu2021: bets 40
semirami2: folds 
Uncalled bet (40) returned to Mahu2021
Mahu2021 collected 160 from pot
Mahu2021: doesn't show hand 
*** SUMMARY ***
Total pot 160 | Rake 0 
Board [7d 5h 9h 4d 2c]
Seat 2: Mahu2021 (big blind) collected (160)
Seat 3: semirami2 (button) (small blind) folded on the River



PokerStars Hand #249231939390: Tournament #3724380678, $1.84+$0.16 USD Hold'em No Limit - Level III (20/40) - 2024/03/04 12:54:38 CET [2024/03/04 6:54:38 ET]
Table '3724380678 1' 3-max Seat #2 is the button
Seat 2: Mahu2021 (1051 in chips) 
Seat 3: semirami2 (449 in chips) 
Mahu2021: posts small blind 20
semirami2: posts big blind 40
*** HOLE CARDS ***
Dealt to Mahu2021 [9d Kd]
Mahu2021: raises 40 to 80
semirami2: raises 369 to 449 and is all-in
Mahu2021: calls 369
*** FLOP *** [4s 7h 2h]
*** TURN *** [4s 7h 2h] [5s]
*** RIVER *** [4s 7h 2h 5s] [Ts]
*** SHOW DOWN ***
semirami2: shows [Ad Td] (a pair of Tens)
Mahu2021: shows [9d Kd] (high card King)
semirami2 collected 898 from pot
*** SUMMARY ***
Total pot 898 | Rake 0 
Board [4s 7h 2h 5s Ts]
Seat 2: Mahu2021 (button) (small blind) showed [9d Kd] and lost with high card King
Seat 3: semirami2 (big blind) showed [Ad Td] and won (898) with a pair of Tens



PokerStars Hand #249231941423: Tournament #3724380678, $1.84+$0.16 USD Hold'em No Limit - Level III (20/40) - 2024/03/04 12:54:51 CET [2024/03/04 6:54:51 ET]
Table '3724380678 1' 3-max Seat #3 is the button
Seat 2: Mahu2021 (602 in chips) 
Seat 3: semirami2 (898 in chips) 
semirami2: posts small blind 20
Mahu2021: posts big blind 40
*** HOLE CARDS ***
Dealt to Mahu2021 [Qc Kh]
semirami2: calls 20
Mahu2021: raises 80 to 120
semirami2: calls 80
*** FLOP *** [Jd Td 3d]
Mahu2021: bets 482 and is all-in
semirami2: folds 
Uncalled bet (482) returned to Mahu2021
Mahu2021 collected 240 from pot
Mahu2021: doesn't show hand 
*** SUMMARY ***
Total pot 240 | Rake 0 
Board [Jd Td 3d]
Seat 2: Mahu2021 (big blind) collected (240)
Seat 3: semirami2 (button) (small blind) folded on the Flop



PokerStars Hand #249231943107: Tournament #3724380678, $1.84+$0.16 USD Hold'em No Limit - Level III (20/40) - 2024/03/04 12:55:01 CET [2024/03/04 6:55:01 ET]
Table '3724380678 1' 3-max Seat #2 is the button
Seat 2: Mahu2021 (722 in chips) 
Seat 3: semirami2 (778 in chips) 
Mahu2021: posts small blind 20
semirami2: posts big blind 40
*** HOLE CARDS ***
Dealt to Mahu2021 [7d 8h]
Mahu2021: calls 20
semirami2: raises 80 to 120
Mahu2021: calls 80
*** FLOP *** [3c 6s 6d]
semirami2: bets 98
Mahu2021: folds 
Uncalled bet (98) returned to semirami2
semirami2 collected 240 from pot
semirami2: doesn't show hand 
*** SUMMARY ***
Total pot 240 | Rake 0 
Board [3c 6s 6d]
Seat 2: Mahu2021 (button) (small blind) folded on the Flop
Seat 3: semirami2 (big blind) collected (240)



PokerStars Hand #249231944712: Tournament #3724380678, $1.84+$0.16 USD Hold'em No Limit - Level III (20/40) - 2024/03/04 12:55:13 CET [2024/03/04 6:55:13 ET]
Table '3724380678 1' 3-max Seat #3 is the button
Seat 2: Mahu2021 (602 in chips) 
Seat 3: semirami2 (898 in chips) 
semirami2: posts small blind 20
Mahu2021: posts big blind 40
*** HOLE CARDS ***
Dealt to Mahu2021 [9c 2s]
semirami2: calls 20
Mahu2021: checks 
*** FLOP *** [Jc Kd Ah]
Mahu2021: checks 
semirami2: bets 40
Mahu2021: folds 
Uncalled bet (40) returned to semirami2
semirami2 collected 80 from pot
semirami2: doesn't show hand 
*** SUMMARY ***
Total pot 80 | Rake 0 
Board [Jc Kd Ah]
Seat 2: Mahu2021 (big blind) folded on the Flop
Seat 3: semirami2 (button) (small blind) collected (80)



PokerStars Hand #249231945825: Tournament #3724380678, $1.84+$0.16 USD Hold'em No Limit - Level III (20/40) - 2024/03/04 12:55:22 CET [2024/03/04 6:55:22 ET]
Table '3724380678 1' 3-max Seat #2 is the button
Seat 2: Mahu2021 (562 in chips) 
Seat 3: semirami2 (938 in chips) 
Mahu2021: posts small blind 20
semirami2: posts big blind 40
*** HOLE CARDS ***
Dealt to Mahu2021 [4d Qh]
Mahu2021: calls 20
semirami2: checks 
*** FLOP *** [5h 3d 5s]
semirami2: checks 
Mahu2021: bets 40
semirami2: calls 40
*** TURN *** [5h 3d 5s] [Jh]
semirami2: checks 
Mahu2021: checks 
*** RIVER *** [5h 3d 5s Jh] [3s]
semirami2: bets 66
Mahu2021: folds 
Uncalled bet (66) returned to semirami2
semirami2 collected 160 from pot
semirami2: doesn't show hand 
*** SUMMARY ***
Total pot 160 | Rake 0 
Board [5h 3d 5s Jh 3s]
Seat 2: Mahu2021 (button) (small blind) folded on the River
Seat 3: semirami2 (big blind) collected (160)



PokerStars Hand #249231947506: Tournament #3724380678, $1.84+$0.16 USD Hold'em No Limit - Level III (20/40) - 2024/03/04 12:55:35 CET [2024/03/04 6:55:35 ET]
Table '3724380678 1' 3-max Seat #3 is the button
Seat 2: Mahu2021 (482 in chips) 
Seat 3: semirami2 (1018 in chips) 
semirami2: posts small blind 20
Mahu2021: posts big blind 40
*** HOLE CARDS ***
Dealt to Mahu2021 [6d 6s]
semirami2: calls 20
Mahu2021: raises 442 to 482 and is all-in
semirami2: folds 
Uncalled bet (442) returned to Mahu2021
Mahu2021 collected 80 from pot
Mahu2021: doesn't show hand 
*** SUMMARY ***
Total pot 80 | Rake 0 
Seat 2: Mahu2021 (big blind) collected (80)
Seat 3: semirami2 (button) (small blind) folded before Flop



PokerStars Hand #249231948340: Tournament #3724380678, $1.84+$0.16 USD Hold'em No Limit - Level III (20/40) - 2024/03/04 12:55:42 CET [2024/03/04 6:55:42 ET]
Table '3724380678 1' 3-max Seat #2 is the button
Seat 2: Mahu2021 (522 in chips) 
Seat 3: semirami2 (978 in chips) 
Mahu2021: posts small blind 20
semirami2: posts big blind 40
*** HOLE CARDS ***
Dealt to Mahu2021 [6h 9s]
Mahu2021: folds 
Uncalled bet (20) returned to semirami2
semirami2 collected 40 from pot
semirami2: doesn't show hand 
*** SUMMARY ***
Total pot 40 | Rake 0 
Seat 2: Mahu2021 (button) (small blind) folded before Flop
Seat 3: semirami2 (big blind) collected (40)



PokerStars Hand #249231948935: Tournament #3724380678, $1.84+$0.16 USD Hold'em No Limit - Level III (20/40) - 2024/03/04 12:55:47 CET [2024/03/04 6:55:47 ET]
Table '3724380678 1' 3-max Seat #3 is the button
Seat 2: Mahu2021 (502 in chips) 
Seat 3: semirami2 (998 in chips) 
semirami2: posts small blind 20
Mahu2021: posts big blind 40
*** HOLE CARDS ***
Dealt to Mahu2021 [3c Tc]
semirami2: calls 20
Mahu2021: checks 
*** FLOP *** [7s 2s 3d]
Mahu2021: bets 462 and is all-in
semirami2: folds 
Uncalled bet (462) returned to Mahu2021
Mahu2021 collected 80 from pot
Mahu2021: doesn't show hand 
*** SUMMARY ***
Total pot 80 | Rake 0 
Board [7s 2s 3d]
Seat 2: Mahu2021 (big blind) collected (80)
Seat 3: semirami2 (button) (small blind) folded on the Flop



PokerStars Hand #249231950058: Tournament #3724380678, $1.84+$0.16 USD Hold'em No Limit - Level III (20/40) - 2024/03/04 12:55:56 CET [2024/03/04 6:55:56 ET]
Table '3724380678 1' 3-max Seat #2 is the button
Seat 2: Mahu2021 (542 in chips) 
Seat 3: semirami2 (958 in chips) 
Mahu2021: posts small blind 20
semirami2: posts big blind 40
*** HOLE CARDS ***
Dealt to Mahu2021 [9s 7h]
Mahu2021: calls 20
semirami2: checks 
*** FLOP *** [Qd 5c 9c]
semirami2: checks 
Mahu2021: bets 40
semirami2: folds 
Uncalled bet (40) returned to Mahu2021
Mahu2021 collected 80 from pot
Mahu2021: doesn't show hand 
*** SUMMARY ***
Total pot 80 | Rake 0 
Board [Qd 5c 9c]
Seat 2: Mahu2021 (button) (small blind) collected (80)
Seat 3: semirami2 (big blind) folded on the Flop



PokerStars Hand #249231951118: Tournament #3724380678, $1.84+$0.16 USD Hold'em No Limit - Level III (20/40) - 2024/03/04 12:56:04 CET [2024/03/04 6:56:04 ET]
Table '3724380678 1' 3-max Seat #3 is the button
Seat 2: Mahu2021 (582 in chips) 
Seat 3: semirami2 (918 in chips) 
semirami2: posts small blind 20
Mahu2021: posts big blind 40
*** HOLE CARDS ***
Dealt to Mahu2021 [6c 8c]
semirami2: calls 20
Mahu2021: checks 
*** FLOP *** [3h 4s 8s]
Mahu2021: bets 542 and is all-in
semirami2: folds 
Uncalled bet (542) returned to Mahu2021
Mahu2021 collected 80 from pot
Mahu2021: doesn't show hand 
*** SUMMARY ***
Total pot 80 | Rake 0 
Board [3h 4s 8s]
Seat 2: Mahu2021 (big blind) collected (80)
Seat 3: semirami2 (button) (small blind) folded on the Flop



PokerStars Hand #249231952606: Tournament #3724380678, $1.84+$0.16 USD Hold'em No Limit - Level IV (30/60) - 2024/03/04 12:56:16 CET [2024/03/04 6:56:16 ET]
Table '3724380678 1' 3-max Seat #2 is the button
Seat 2: Mahu2021 (622 in chips) 
Seat 3: semirami2 (878 in chips) 
Mahu2021: posts small blind 30
semirami2: posts big blind 60
*** HOLE CARDS ***
Dealt to Mahu2021 [6c 2s]
Mahu2021: folds 
Uncalled bet (30) returned to semirami2
semirami2 collected 60 from pot
semirami2: doesn't show hand 
*** SUMMARY ***
Total pot 60 | Rake 0 
Seat 2: Mahu2021 (button) (small blind) folded before Flop
Seat 3: semirami2 (big blind) collected (60)



PokerStars Hand #249231953168: Tournament #3724380678, $1.84+$0.16 USD Hold'em No Limit - Level IV (30/60) - 2024/03/04 12:56:20 CET [2024/03/04 6:56:20 ET]
Table '3724380678 1' 3-max Seat #3 is the button
Seat 2: Mahu2021 (592 in chips) 
Seat 3: semirami2 (908 in chips) 
semirami2: posts small blind 30
Mahu2021: posts big blind 60
*** HOLE CARDS ***
Dealt to Mahu2021 [3d Kc]
semirami2: raises 848 to 908 and is all-in
Mahu2021: folds 
Uncalled bet (848) returned to semirami2
semirami2 collected 120 from pot
semirami2: doesn't show hand 
*** SUMMARY ***
Total pot 120 | Rake 0 
Seat 2: Mahu2021 (big blind) folded before Flop
Seat 3: semirami2 (button) (small blind) collected (120)



PokerStars Hand #249231953836: Tournament #3724380678, $1.84+$0.16 USD Hold'em No Limit - Level IV (30/60) - 2024/03/04 12:56:25 CET [2024/03/04 6:56:25 ET]
Table '3724380678 1' 3-max Seat #2 is the button
Seat 2: Mahu2021 (532 in chips) 
Seat 3: semirami2 (968 in chips) 
Mahu2021: posts small blind 30
semirami2: posts big blind 60
*** HOLE CARDS ***
Dealt to Mahu2021 [Kh 5d]
Mahu2021: raises 60 to 120
semirami2: folds 
Uncalled bet (60) returned to Mahu2021
Mahu2021 collected 120 from pot
Mahu2021: doesn't show hand 
*** SUMMARY ***
Total pot 120 | Rake 0 
Seat 2: Mahu2021 (button) (small blind) collected (120)
Seat 3: semirami2 (big blind) folded before Flop



PokerStars Hand #249231954545: Tournament #3724380678, $1.84+$0.16 USD Hold'em No Limit - Level IV (30/60) - 2024/03/04 12:56:31 CET [2024/03/04 6:56:31 ET]
Table '3724380678 1' 3-max Seat #3 is the button
Seat 2: Mahu2021 (592 in chips) 
Seat 3: semirami2 (908 in chips) 
semirami2: posts small blind 30
Mahu2021: posts big blind 60
*** HOLE CARDS ***
Dealt to Mahu2021 [Jc Js]
semirami2: calls 30
Mahu2021: raises 120 to 180
semirami2: folds 
Uncalled bet (120) returned to Mahu2021
Mahu2021 collected 120 from pot
Mahu2021: doesn't show hand 
*** SUMMARY ***
Total pot 120 | Rake 0 
Seat 2: Mahu2021 (big blind) collected (120)
Seat 3: semirami2 (button) (small blind) folded before Flop



PokerStars Hand #249231955433: Tournament #3724380678, $1.84+$0.16 USD Hold'em No Limit - Level IV (30/60) - 2024/03/04 12:56:38 CET [2024/03/04 6:56:38 ET]
Table '3724380678 1' 3-max Seat #2 is the button
Seat 2: Mahu2021 (652 in chips) 
Seat 3: semirami2 (848 in chips) 
Mahu2021: posts small blind 30
semirami2: posts big blind 60
*** HOLE CARDS ***
Dealt to Mahu2021 [7d 9c]
Mahu2021: calls 30
semirami2: checks 
*** FLOP *** [9h Kc Ac]
semirami2: checks 
Mahu2021: bets 60
semirami2: folds 
Uncalled bet (60) returned to Mahu2021
Mahu2021 collected 120 from pot
Mahu2021: doesn't show hand 
*** SUMMARY ***
Total pot 120 | Rake 0 
Board [9h Kc Ac]
Seat 2: Mahu2021 (button) (small blind) collected (120)
Seat 3: semirami2 (big blind) folded on the Flop



PokerStars Hand #249231956562: Tournament #3724380678, $1.84+$0.16 USD Hold'em No Limit - Level IV (30/60) - 2024/03/04 12:56:47 CET [2024/03/04 6:56:47 ET]
Table '3724380678 1' 3-max Seat #3 is the button
Seat 2: Mahu2021 (712 in chips) 
Seat 3: semirami2 (788 in chips) 
semirami2: posts small blind 30
Mahu2021: posts big blind 60
*** HOLE CARDS ***
Dealt to Mahu2021 [Ah 8c]
semirami2: calls 30
Mahu2021: raises 120 to 180
semirami2: folds 
Uncalled bet (120) returned to Mahu2021
Mahu2021 collected 120 from pot
Mahu2021: doesn't show hand 
*** SUMMARY ***
Total pot 120 | Rake 0 
Seat 2: Mahu2021 (big blind) collected (120)
Seat 3: semirami2 (button) (small blind) folded before Flop



PokerStars Hand #249231957395: Tournament #3724380678, $1.84+$0.16 USD Hold'em No Limit - Level IV (30/60) - 2024/03/04 12:56:53 CET [2024/03/04 6:56:53 ET]
Table '3724380678 1' 3-max Seat #2 is the button
Seat 2: Mahu2021 (772 in chips) 
Seat 3: semirami2 (728 in chips) 
Mahu2021: posts small blind 30
semirami2: posts big blind 60
*** HOLE CARDS ***
Dealt to Mahu2021 [Jh Qh]
Mahu2021: raises 60 to 120
semirami2: raises 608 to 728 and is all-in
Mahu2021: calls 608
*** FLOP *** [3h 2h 2s]
*** TURN *** [3h 2h 2s] [Td]
*** RIVER *** [3h 2h 2s Td] [Ts]
*** SHOW DOWN ***
semirami2: shows [As 2d] (a full house, Deuces full of Tens)
Mahu2021: shows [Jh Qh] (two pair, Tens and Deuces)
semirami2 collected 1456 from pot
*** SUMMARY ***
Total pot 1456 | Rake 0 
Board [3h 2h 2s Td Ts]
Seat 2: Mahu2021 (button) (small blind) showed [Jh Qh] and lost with two pair, Tens and Deuces
Seat 3: semirami2 (big blind) showed [As 2d] and won (1456) with a full house, Deuces full of Tens



PokerStars Hand #249231958993: Tournament #3724380678, $1.84+$0.16 USD Hold'em No Limit - Level IV (30/60) - 2024/03/04 12:57:06 CET [2024/03/04 6:57:06 ET]
Table '3724380678 1' 3-max Seat #3 is the button
Seat 2: Mahu2021 (44 in chips) 
Seat 3: semirami2 (1456 in chips) 
semirami2: posts small blind 30
Mahu2021: posts big blind 44 and is all-in
*** HOLE CARDS ***
Dealt to Mahu2021 [4c Ks]
semirami2: calls 14
*** FLOP *** [8c 7d Ac]
*** TURN *** [8c 7d Ac] [7h]
*** RIVER *** [8c 7d Ac 7h] [3s]
*** SHOW DOWN ***
Mahu2021: shows [4c Ks] (a pair of Sevens)
semirami2: shows [6d 5h] (a pair of Sevens - lower kicker)
Mahu2021 collected 88 from pot
*** SUMMARY ***
Total pot 88 | Rake 0 
Board [8c 7d Ac 7h 3s]
Seat 2: Mahu2021 (big blind) showed [4c Ks] and won (88) with a pair of Sevens
Seat 3: semirami2 (button) (small blind) showed [6d 5h] and lost with a pair of Sevens



PokerStars Hand #249231960161: Tournament #3724380678, $1.84+$0.16 USD Hold'em No Limit - Level IV (30/60) - 2024/03/04 12:57:15 CET [2024/03/04 6:57:15 ET]
Table '3724380678 1' 3-max Seat #2 is the button
Seat 2: Mahu2021 (88 in chips) 
Seat 3: semirami2 (1412 in chips) 
Mahu2021: posts small blind 30
semirami2: posts big blind 60
*** HOLE CARDS ***
Dealt to Mahu2021 [2h 4s]
Mahu2021: raises 28 to 88 and is all-in
semirami2: calls 28
*** FLOP *** [5s 7c Th]
*** TURN *** [5s 7c Th] [5c]
*** RIVER *** [5s 7c Th 5c] [Ts]
*** SHOW DOWN ***
semirami2: shows [9h Kh] (two pair, Tens and Fives)
Mahu2021: shows [2h 4s] (two pair, Tens and Fives - lower kicker)
semirami2 collected 176 from pot
Mahu2021 finished the tournament in 2nd place and received $4.00.
semirami2 wins the tournament and receives $16.00 - congratulations!
*** SUMMARY ***
Total pot 176 | Rake 0 
Board [5s 7c Th 5c Ts]
Seat 2: Mahu2021 (button) (small blind) showed [2h 4s] and lost with two pair, Tens and Fives
Seat 3: semirami2 (big blind) showed [9h Kh] and won (176) with two pair, Tens and Fives



