PokerStars Hand #246328946373: Tournament #3653491261, $0.92+$0.08 USD Hold'em No Limit - Level I (10/20) - 2023/10/03 18:41:37 CET [2023/10/03 12:41:37 ET]
Table '3653491261 1' 3-max Seat #1 is the button
Seat 1: Mahu2021 (500 in chips) 
Seat 2: JanSchmidt26 (500 in chips) 
Seat 3: Cs1bor (500 in chips) 
JanSchmidt26: posts small blind 10
Cs1bor: posts big blind 20
*** HOLE CARDS ***
Dealt to Mahu2021 [Qs Jd]
Mahu2021: raises 20 to 40
JanSchmidt26: calls 30
Cs1bor: calls 20
*** FLOP *** [Ts 5d Ks]
JanSchmidt26: checks 
Cs1bor: checks 
Mahu2021: checks 
*** TURN *** [Ts 5d Ks] [Td]
JanSchmidt26: checks 
Cs1bor: bets 60
Mahu2021: calls 60
JanSchmidt26: calls 60
*** RIVER *** [Ts 5d Ks Td] [8h]
JanSchmidt26: bets 40
Cs1bor: folds 
Mahu2021: folds 
Uncalled bet (40) returned to JanSchmidt26
JanSchmidt26 collected 300 from pot
*** SUMMARY ***
Total pot 300 | Rake 0 
Board [Ts 5d Ks Td 8h]
Seat 1: Mahu2021 (button) folded on the River
Seat 2: JanSchmidt26 (small blind) collected (300)
Seat 3: Cs1bor (big blind) folded on the River



PokerStars Hand #246328956251: Tournament #3653491261, $0.92+$0.08 USD Hold'em No Limit - Level I (10/20) - 2023/10/03 18:42:10 CET [2023/10/03 12:42:10 ET]
Table '3653491261 1' 3-max Seat #2 is the button
Seat 1: Mahu2021 (400 in chips) 
Seat 2: JanSchmidt26 (700 in chips) 
Seat 3: Cs1bor (400 in chips) 
Cs1bor: posts small blind 10
Mahu2021: posts big blind 20
*** HOLE CARDS ***
Dealt to Mahu2021 [3c 5s]
JanSchmidt26: folds 
Cs1bor: calls 10
Mahu2021: checks 
*** FLOP *** [6d Qs 7d]
Cs1bor: bets 20
Mahu2021: calls 20
*** TURN *** [6d Qs 7d] [2h]
Cs1bor: bets 20
Mahu2021: calls 20
*** RIVER *** [6d Qs 7d 2h] [2c]
Cs1bor: bets 340 and is all-in
Mahu2021: folds 
Uncalled bet (340) returned to Cs1bor
Cs1bor collected 120 from pot
*** SUMMARY ***
Total pot 120 | Rake 0 
Board [6d Qs 7d 2h 2c]
Seat 1: Mahu2021 (big blind) folded on the River
Seat 2: JanSchmidt26 (button) folded before Flop (didn't bet)
Seat 3: Cs1bor (small blind) collected (120)



PokerStars Hand #246328963711: Tournament #3653491261, $0.92+$0.08 USD Hold'em No Limit - Level I (10/20) - 2023/10/03 18:42:35 CET [2023/10/03 12:42:35 ET]
Table '3653491261 1' 3-max Seat #3 is the button
Seat 1: Mahu2021 (340 in chips) 
Seat 2: JanSchmidt26 (700 in chips) 
Seat 3: Cs1bor (460 in chips) 
Mahu2021: posts small blind 10
JanSchmidt26: posts big blind 20
*** HOLE CARDS ***
Dealt to Mahu2021 [5h 5s]
Cs1bor: folds 
Mahu2021: raises 320 to 340 and is all-in
JanSchmidt26: folds 
Uncalled bet (320) returned to Mahu2021
Mahu2021 collected 40 from pot
Mahu2021: doesn't show hand 
*** SUMMARY ***
Total pot 40 | Rake 0 
Seat 1: Mahu2021 (small blind) collected (40)
Seat 2: JanSchmidt26 (big blind) folded before Flop
Seat 3: Cs1bor (button) folded before Flop (didn't bet)



PokerStars Hand #246328966154: Tournament #3653491261, $0.92+$0.08 USD Hold'em No Limit - Level I (10/20) - 2023/10/03 18:42:43 CET [2023/10/03 12:42:43 ET]
Table '3653491261 1' 3-max Seat #1 is the button
Seat 1: Mahu2021 (360 in chips) 
Seat 2: JanSchmidt26 (680 in chips) 
Seat 3: Cs1bor (460 in chips) 
JanSchmidt26: posts small blind 10
Cs1bor: posts big blind 20
*** HOLE CARDS ***
Dealt to Mahu2021 [3h Js]
Mahu2021: folds 
JanSchmidt26: calls 10
Cs1bor: checks 
*** FLOP *** [7c 2s 5h]
JanSchmidt26: bets 20
Cs1bor: calls 20
*** TURN *** [7c 2s 5h] [Kd]
JanSchmidt26: bets 20
Cs1bor: raises 20 to 40
JanSchmidt26: folds 
Uncalled bet (20) returned to Cs1bor
Cs1bor collected 120 from pot
*** SUMMARY ***
Total pot 120 | Rake 0 
Board [7c 2s 5h Kd]
Seat 1: Mahu2021 (button) folded before Flop (didn't bet)
Seat 2: JanSchmidt26 (small blind) folded on the Turn
Seat 3: Cs1bor (big blind) collected (120)



PokerStars Hand #246328973717: Tournament #3653491261, $0.92+$0.08 USD Hold'em No Limit - Level I (10/20) - 2023/10/03 18:43:08 CET [2023/10/03 12:43:08 ET]
Table '3653491261 1' 3-max Seat #2 is the button
Seat 1: Mahu2021 (360 in chips) 
Seat 2: JanSchmidt26 (620 in chips) 
Seat 3: Cs1bor (520 in chips) 
Cs1bor: posts small blind 10
Mahu2021: posts big blind 20
*** HOLE CARDS ***
Dealt to Mahu2021 [Js 3h]
JanSchmidt26: calls 20
Cs1bor: folds 
Mahu2021: checks 
*** FLOP *** [Kh 8d 8c]
Mahu2021: checks 
JanSchmidt26: checks 
*** TURN *** [Kh 8d 8c] [5s]
Mahu2021: checks 
JanSchmidt26: bets 40
Mahu2021: folds 
Uncalled bet (40) returned to JanSchmidt26
JanSchmidt26 collected 50 from pot
*** SUMMARY ***
Total pot 50 | Rake 0 
Board [Kh 8d 8c 5s]
Seat 1: Mahu2021 (big blind) folded on the Turn
Seat 2: JanSchmidt26 (button) collected (50)
Seat 3: Cs1bor (small blind) folded before Flop



PokerStars Hand #246328979201: Tournament #3653491261, $0.92+$0.08 USD Hold'em No Limit - Level I (10/20) - 2023/10/03 18:43:26 CET [2023/10/03 12:43:26 ET]
Table '3653491261 1' 3-max Seat #3 is the button
Seat 1: Mahu2021 (340 in chips) 
Seat 2: JanSchmidt26 (650 in chips) 
Seat 3: Cs1bor (510 in chips) 
Mahu2021: posts small blind 10
JanSchmidt26: posts big blind 20
*** HOLE CARDS ***
Dealt to Mahu2021 [3d 3s]
Cs1bor: calls 20
Mahu2021: calls 10
JanSchmidt26: raises 20 to 40
Cs1bor: calls 20
Mahu2021: calls 20
*** FLOP *** [Jc 9s 8s]
Mahu2021: checks 
JanSchmidt26: bets 20
Cs1bor: calls 20
Mahu2021: calls 20
*** TURN *** [Jc 9s 8s] [8c]
Mahu2021: checks 
JanSchmidt26: checks 
Cs1bor: checks 
*** RIVER *** [Jc 9s 8s 8c] [2d]
Mahu2021: checks 
JanSchmidt26: checks 
Cs1bor: bets 450 and is all-in
Mahu2021: calls 280 and is all-in
JanSchmidt26: folds 
Uncalled bet (170) returned to Cs1bor
*** SHOW DOWN ***
Cs1bor: shows [7d Th] (a straight, Seven to Jack)
Mahu2021: shows [3d 3s] (two pair, Eights and Threes)
Cs1bor collected 740 from pot
Mahu2021 finished the tournament in 3rd place
*** SUMMARY ***
Total pot 740 | Rake 0 
Board [Jc 9s 8s 8c 2d]
Seat 1: Mahu2021 (small blind) showed [3d 3s] and lost with two pair, Eights and Threes
Seat 2: JanSchmidt26 (big blind) folded on the River
Seat 3: Cs1bor (button) showed [7d Th] and won (740) with a straight, Seven to Jack



