PokerStars Hand #248973573757: Tournament #3717921249, $1.84+$0.16 USD Hold'em No Limit - Level I (10/20) - 2024/02/19 18:34:47 CET [2024/02/19 12:34:47 ET]
Table '3717921249 1' 3-max Seat #1 is the button
Seat 1: Mahu2021 (500 in chips) 
Seat 2: gab_r13 (500 in chips) 
Seat 3: Rzeznik9414 (500 in chips) 
gab_r13: posts small blind 10
Rzeznik9414: posts big blind 20
*** HOLE CARDS ***
Dealt to Mahu2021 [Kh Ks]
Mahu2021: raises 480 to 500 and is all-in
gab_r13: folds 
Rzeznik9414: folds 
Uncalled bet (480) returned to Mahu2021
Mahu2021 collected 50 from pot
Mahu2021: doesn't show hand 
*** SUMMARY ***
Total pot 50 | Rake 0 
Seat 1: Mahu2021 (button) collected (50)
Seat 2: gab_r13 (small blind) folded before Flop
Seat 3: Rzeznik9414 (big blind) folded before Flop



PokerStars Hand #248973577038: Tournament #3717921249, $1.84+$0.16 USD Hold'em No Limit - Level I (10/20) - 2024/02/19 18:34:58 CET [2024/02/19 12:34:58 ET]
Table '3717921249 1' 3-max Seat #2 is the button
Seat 1: Mahu2021 (530 in chips) 
Seat 2: gab_r13 (490 in chips) 
Seat 3: Rzeznik9414 (480 in chips) 
Rzeznik9414: posts small blind 10
Mahu2021: posts big blind 20
*** HOLE CARDS ***
Dealt to Mahu2021 [5c 3c]
gab_r13: raises 20 to 40
Rzeznik9414: folds 
Mahu2021: folds 
Uncalled bet (20) returned to gab_r13
gab_r13 collected 50 from pot
gab_r13: doesn't show hand 
*** SUMMARY ***
Total pot 50 | Rake 0 
Seat 1: Mahu2021 (big blind) folded before Flop
Seat 2: gab_r13 (button) collected (50)
Seat 3: Rzeznik9414 (small blind) folded before Flop



PokerStars Hand #248973580794: Tournament #3717921249, $1.84+$0.16 USD Hold'em No Limit - Level I (10/20) - 2024/02/19 18:35:09 CET [2024/02/19 12:35:09 ET]
Table '3717921249 1' 3-max Seat #3 is the button
Seat 1: Mahu2021 (510 in chips) 
Seat 2: gab_r13 (520 in chips) 
Seat 3: Rzeznik9414 (470 in chips) 
Mahu2021: posts small blind 10
gab_r13: posts big blind 20
*** HOLE CARDS ***
Dealt to Mahu2021 [8h 3s]
Rzeznik9414: raises 20 to 40
Mahu2021: folds 
gab_r13: folds 
Uncalled bet (20) returned to Rzeznik9414
Rzeznik9414 collected 50 from pot
Rzeznik9414: doesn't show hand 
*** SUMMARY ***
Total pot 50 | Rake 0 
Seat 1: Mahu2021 (small blind) folded before Flop
Seat 2: gab_r13 (big blind) folded before Flop
Seat 3: Rzeznik9414 (button) collected (50)



PokerStars Hand #248973585175: Tournament #3717921249, $1.84+$0.16 USD Hold'em No Limit - Level I (10/20) - 2024/02/19 18:35:23 CET [2024/02/19 12:35:23 ET]
Table '3717921249 1' 3-max Seat #1 is the button
Seat 1: Mahu2021 (500 in chips) 
Seat 2: gab_r13 (500 in chips) 
Seat 3: Rzeznik9414 (500 in chips) 
gab_r13: posts small blind 10
Rzeznik9414: posts big blind 20
*** HOLE CARDS ***
Dealt to Mahu2021 [Jd 8s]
Mahu2021: folds 
gab_r13: raises 30 to 50
Rzeznik9414: calls 30
*** FLOP *** [5d Qs 4h]
gab_r13: bets 50
Rzeznik9414: calls 50
*** TURN *** [5d Qs 4h] [3h]
gab_r13: checks 
Rzeznik9414: bets 79
gab_r13: calls 79
*** RIVER *** [5d Qs 4h 3h] [Ad]
gab_r13: checks 
Rzeznik9414: checks 
*** SHOW DOWN ***
gab_r13: shows [Ks Ac] (a pair of Aces)
Rzeznik9414: mucks hand 
gab_r13 collected 358 from pot
*** SUMMARY ***
Total pot 358 | Rake 0 
Board [5d Qs 4h 3h Ad]
Seat 1: Mahu2021 (button) folded before Flop (didn't bet)
Seat 2: gab_r13 (small blind) showed [Ks Ac] and won (358) with a pair of Aces
Seat 3: Rzeznik9414 (big blind) mucked [5h Th]



PokerStars Hand #248973600587: Tournament #3717921249, $1.84+$0.16 USD Hold'em No Limit - Level I (10/20) - 2024/02/19 18:36:13 CET [2024/02/19 12:36:13 ET]
Table '3717921249 1' 3-max Seat #2 is the button
Seat 1: Mahu2021 (500 in chips) 
Seat 2: gab_r13 (679 in chips) 
Seat 3: Rzeznik9414 (321 in chips) 
Rzeznik9414: posts small blind 10
Mahu2021: posts big blind 20
*** HOLE CARDS ***
Dealt to Mahu2021 [7c 7h]
gab_r13: calls 20
Rzeznik9414: raises 36 to 56
Mahu2021: calls 36
gab_r13: calls 36
*** FLOP *** [Tc 7d 9c]
Rzeznik9414: bets 84
Mahu2021: raises 360 to 444 and is all-in
gab_r13: folds 
Rzeznik9414: calls 181 and is all-in
Uncalled bet (179) returned to Mahu2021
*** TURN *** [Tc 7d 9c] [Jc]
*** RIVER *** [Tc 7d 9c Jc] [As]
*** SHOW DOWN ***
Rzeznik9414: shows [Ts Kh] (a pair of Tens)
Mahu2021: shows [7c 7h] (three of a kind, Sevens)
Mahu2021 collected 698 from pot
Rzeznik9414 finished the tournament in 3rd place
*** SUMMARY ***
Total pot 698 | Rake 0 
Board [Tc 7d 9c Jc As]
Seat 1: Mahu2021 (big blind) showed [7c 7h] and won (698) with three of a kind, Sevens
Seat 2: gab_r13 (button) folded on the Flop
Seat 3: Rzeznik9414 (small blind) showed [Ts Kh] and lost with a pair of Tens



PokerStars Hand #248973610364: Tournament #3717921249, $1.84+$0.16 USD Hold'em No Limit - Level I (10/20) - 2024/02/19 18:36:44 CET [2024/02/19 12:36:44 ET]
Table '3717921249 1' 3-max Seat #1 is the button
Seat 1: Mahu2021 (877 in chips) 
Seat 2: gab_r13 (623 in chips) 
Mahu2021: posts small blind 10
gab_r13: posts big blind 20
*** HOLE CARDS ***
Dealt to Mahu2021 [Ac 2h]
Mahu2021: raises 20 to 40
gab_r13: calls 20
*** FLOP *** [Qs Ks 6d]
gab_r13: checks 
Mahu2021: checks 
*** TURN *** [Qs Ks 6d] [8s]
gab_r13: bets 60
Mahu2021: folds 
Uncalled bet (60) returned to gab_r13
gab_r13 collected 80 from pot
gab_r13: doesn't show hand 
*** SUMMARY ***
Total pot 80 | Rake 0 
Board [Qs Ks 6d 8s]
Seat 1: Mahu2021 (button) (small blind) folded on the Turn
Seat 2: gab_r13 (big blind) collected (80)



PokerStars Hand #248973615096: Tournament #3717921249, $1.84+$0.16 USD Hold'em No Limit - Level I (10/20) - 2024/02/19 18:36:59 CET [2024/02/19 12:36:59 ET]
Table '3717921249 1' 3-max Seat #2 is the button
Seat 1: Mahu2021 (837 in chips) 
Seat 2: gab_r13 (663 in chips) 
gab_r13: posts small blind 10
Mahu2021: posts big blind 20
*** HOLE CARDS ***
Dealt to Mahu2021 [Ah Qd]
gab_r13: raises 20 to 40
Mahu2021: raises 60 to 100
gab_r13: calls 60
*** FLOP *** [8h 4d Tc]
Mahu2021: checks 
gab_r13: checks 
*** TURN *** [8h 4d Tc] [Ts]
Mahu2021: checks 
gab_r13: checks 
*** RIVER *** [8h 4d Tc Ts] [Jd]
Mahu2021: checks 
gab_r13: bets 20
Mahu2021: calls 20
*** SHOW DOWN ***
gab_r13: shows [6c Jc] (two pair, Jacks and Tens)
Mahu2021: mucks hand 
gab_r13 collected 240 from pot
*** SUMMARY ***
Total pot 240 | Rake 0 
Board [8h 4d Tc Ts Jd]
Seat 1: Mahu2021 (big blind) mucked [Ah Qd]
Seat 2: gab_r13 (button) (small blind) showed [6c Jc] and won (240) with two pair, Jacks and Tens



PokerStars Hand #248973621855: Tournament #3717921249, $1.84+$0.16 USD Hold'em No Limit - Level I (10/20) - 2024/02/19 18:37:20 CET [2024/02/19 12:37:20 ET]
Table '3717921249 1' 3-max Seat #1 is the button
Seat 1: Mahu2021 (717 in chips) 
Seat 2: gab_r13 (783 in chips) 
Mahu2021: posts small blind 10
gab_r13: posts big blind 20
*** HOLE CARDS ***
Dealt to Mahu2021 [Qc 6d]
Mahu2021: folds 
Uncalled bet (10) returned to gab_r13
gab_r13 collected 20 from pot
gab_r13: doesn't show hand 
*** SUMMARY ***
Total pot 20 | Rake 0 
Seat 1: Mahu2021 (button) (small blind) folded before Flop
Seat 2: gab_r13 (big blind) collected (20)



PokerStars Hand #248973623280: Tournament #3717921249, $1.84+$0.16 USD Hold'em No Limit - Level I (10/20) - 2024/02/19 18:37:24 CET [2024/02/19 12:37:24 ET]
Table '3717921249 1' 3-max Seat #2 is the button
Seat 1: Mahu2021 (707 in chips) 
Seat 2: gab_r13 (793 in chips) 
gab_r13: posts small blind 10
Mahu2021: posts big blind 20
*** HOLE CARDS ***
Dealt to Mahu2021 [Ac Qd]
gab_r13: calls 10
Mahu2021: raises 40 to 60
gab_r13: calls 40
*** FLOP *** [8d 4h 7s]
Mahu2021: checks 
gab_r13: checks 
*** TURN *** [8d 4h 7s] [2s]
Mahu2021: checks 
gab_r13: checks 
*** RIVER *** [8d 4h 7s 2s] [8c]
Mahu2021: bets 60
gab_r13: folds 
Uncalled bet (60) returned to Mahu2021
Mahu2021 collected 120 from pot
Mahu2021: doesn't show hand 
*** SUMMARY ***
Total pot 120 | Rake 0 
Board [8d 4h 7s 2s 8c]
Seat 1: Mahu2021 (big blind) collected (120)
Seat 2: gab_r13 (button) (small blind) folded on the River



PokerStars Hand #248973629195: Tournament #3717921249, $1.84+$0.16 USD Hold'em No Limit - Level I (10/20) - 2024/02/19 18:37:43 CET [2024/02/19 12:37:43 ET]
Table '3717921249 1' 3-max Seat #1 is the button
Seat 1: Mahu2021 (767 in chips) 
Seat 2: gab_r13 (733 in chips) 
Mahu2021: posts small blind 10
gab_r13: posts big blind 20
*** HOLE CARDS ***
Dealt to Mahu2021 [4c 5s]
Mahu2021: calls 10
gab_r13: checks 
*** FLOP *** [9d 4s 2h]
gab_r13: checks 
Mahu2021: bets 20
gab_r13: calls 20
*** TURN *** [9d 4s 2h] [4d]
gab_r13: checks 
Mahu2021: bets 40
gab_r13: calls 40
*** RIVER *** [9d 4s 2h 4d] [5c]
gab_r13: checks 
Mahu2021: bets 80
gab_r13: folds 
Uncalled bet (80) returned to Mahu2021
Mahu2021 collected 160 from pot
Mahu2021: doesn't show hand 
*** SUMMARY ***
Total pot 160 | Rake 0 
Board [9d 4s 2h 4d 5c]
Seat 1: Mahu2021 (button) (small blind) collected (160)
Seat 2: gab_r13 (big blind) folded on the River



PokerStars Hand #248973638695: Tournament #3717921249, $1.84+$0.16 USD Hold'em No Limit - Level II (15/30) - 2024/02/19 18:38:13 CET [2024/02/19 12:38:13 ET]
Table '3717921249 1' 3-max Seat #2 is the button
Seat 1: Mahu2021 (847 in chips) 
Seat 2: gab_r13 (653 in chips) 
gab_r13: posts small blind 15
Mahu2021: posts big blind 30
*** HOLE CARDS ***
Dealt to Mahu2021 [2c 7c]
gab_r13: folds 
Uncalled bet (15) returned to Mahu2021
Mahu2021 collected 30 from pot
Mahu2021: doesn't show hand 
*** SUMMARY ***
Total pot 30 | Rake 0 
Seat 1: Mahu2021 (big blind) collected (30)
Seat 2: gab_r13 (button) (small blind) folded before Flop



PokerStars Hand #248973640062: Tournament #3717921249, $1.84+$0.16 USD Hold'em No Limit - Level II (15/30) - 2024/02/19 18:38:18 CET [2024/02/19 12:38:18 ET]
Table '3717921249 1' 3-max Seat #1 is the button
Seat 1: Mahu2021 (862 in chips) 
Seat 2: gab_r13 (638 in chips) 
Mahu2021: posts small blind 15
gab_r13: posts big blind 30
*** HOLE CARDS ***
Dealt to Mahu2021 [5c 8h]
Mahu2021: folds 
Uncalled bet (15) returned to gab_r13
gab_r13 collected 30 from pot
gab_r13: doesn't show hand 
*** SUMMARY ***
Total pot 30 | Rake 0 
Seat 1: Mahu2021 (button) (small blind) folded before Flop
Seat 2: gab_r13 (big blind) collected (30)



PokerStars Hand #248973641421: Tournament #3717921249, $1.84+$0.16 USD Hold'em No Limit - Level II (15/30) - 2024/02/19 18:38:22 CET [2024/02/19 12:38:22 ET]
Table '3717921249 1' 3-max Seat #2 is the button
Seat 1: Mahu2021 (847 in chips) 
Seat 2: gab_r13 (653 in chips) 
gab_r13: posts small blind 15
Mahu2021: posts big blind 30
*** HOLE CARDS ***
Dealt to Mahu2021 [2c 7h]
gab_r13: raises 60 to 90
Mahu2021: folds 
Uncalled bet (60) returned to gab_r13
gab_r13 collected 60 from pot
gab_r13: doesn't show hand 
*** SUMMARY ***
Total pot 60 | Rake 0 
Seat 1: Mahu2021 (big blind) folded before Flop
Seat 2: gab_r13 (button) (small blind) collected (60)



PokerStars Hand #248973642866: Tournament #3717921249, $1.84+$0.16 USD Hold'em No Limit - Level II (15/30) - 2024/02/19 18:38:27 CET [2024/02/19 12:38:27 ET]
Table '3717921249 1' 3-max Seat #1 is the button
Seat 1: Mahu2021 (817 in chips) 
Seat 2: gab_r13 (683 in chips) 
Mahu2021: posts small blind 15
gab_r13: posts big blind 30
*** HOLE CARDS ***
Dealt to Mahu2021 [7c Ah]
Mahu2021: raises 30 to 60
gab_r13: raises 623 to 683 and is all-in
Mahu2021: folds 
Uncalled bet (623) returned to gab_r13
gab_r13 collected 120 from pot
gab_r13: doesn't show hand 
*** SUMMARY ***
Total pot 120 | Rake 0 
Seat 1: Mahu2021 (button) (small blind) folded before Flop
Seat 2: gab_r13 (big blind) collected (120)



PokerStars Hand #248973645901: Tournament #3717921249, $1.84+$0.16 USD Hold'em No Limit - Level II (15/30) - 2024/02/19 18:38:37 CET [2024/02/19 12:38:37 ET]
Table '3717921249 1' 3-max Seat #2 is the button
Seat 1: Mahu2021 (757 in chips) 
Seat 2: gab_r13 (743 in chips) 
gab_r13: posts small blind 15
Mahu2021: posts big blind 30
*** HOLE CARDS ***
Dealt to Mahu2021 [Js 8c]
gab_r13: raises 60 to 90
Mahu2021: calls 60
*** FLOP *** [4d 3c 6h]
Mahu2021: checks 
gab_r13: checks 
*** TURN *** [4d 3c 6h] [3s]
Mahu2021: checks 
gab_r13: bets 135
Mahu2021: folds 
Uncalled bet (135) returned to gab_r13
gab_r13 collected 180 from pot
gab_r13: doesn't show hand 
*** SUMMARY ***
Total pot 180 | Rake 0 
Board [4d 3c 6h 3s]
Seat 1: Mahu2021 (big blind) folded on the Turn
Seat 2: gab_r13 (button) (small blind) collected (180)



PokerStars Hand #248973650404: Tournament #3717921249, $1.84+$0.16 USD Hold'em No Limit - Level II (15/30) - 2024/02/19 18:38:51 CET [2024/02/19 12:38:51 ET]
Table '3717921249 1' 3-max Seat #1 is the button
Seat 1: Mahu2021 (667 in chips) 
Seat 2: gab_r13 (833 in chips) 
Mahu2021: posts small blind 15
gab_r13: posts big blind 30
*** HOLE CARDS ***
Dealt to Mahu2021 [7s Ts]
Mahu2021: raises 30 to 60
gab_r13: calls 30
*** FLOP *** [7h Kc Qd]
gab_r13: bets 80
Mahu2021: folds 
Uncalled bet (80) returned to gab_r13
gab_r13 collected 120 from pot
gab_r13: doesn't show hand 
*** SUMMARY ***
Total pot 120 | Rake 0 
Board [7h Kc Qd]
Seat 1: Mahu2021 (button) (small blind) folded on the Flop
Seat 2: gab_r13 (big blind) collected (120)



PokerStars Hand #248973654261: Tournament #3717921249, $1.84+$0.16 USD Hold'em No Limit - Level II (15/30) - 2024/02/19 18:39:04 CET [2024/02/19 12:39:04 ET]
Table '3717921249 1' 3-max Seat #2 is the button
Seat 1: Mahu2021 (607 in chips) 
Seat 2: gab_r13 (893 in chips) 
gab_r13: posts small blind 15
Mahu2021: posts big blind 30
*** HOLE CARDS ***
Dealt to Mahu2021 [Kd Qh]
gab_r13: folds 
Uncalled bet (15) returned to Mahu2021
Mahu2021 collected 30 from pot
Mahu2021: doesn't show hand 
*** SUMMARY ***
Total pot 30 | Rake 0 
Seat 1: Mahu2021 (big blind) collected (30)
Seat 2: gab_r13 (button) (small blind) folded before Flop



PokerStars Hand #248973655427: Tournament #3717921249, $1.84+$0.16 USD Hold'em No Limit - Level II (15/30) - 2024/02/19 18:39:08 CET [2024/02/19 12:39:08 ET]
Table '3717921249 1' 3-max Seat #1 is the button
Seat 1: Mahu2021 (622 in chips) 
Seat 2: gab_r13 (878 in chips) 
Mahu2021: posts small blind 15
gab_r13: posts big blind 30
*** HOLE CARDS ***
Dealt to Mahu2021 [Jd 7d]
Mahu2021: raises 30 to 60
gab_r13: folds 
Uncalled bet (30) returned to Mahu2021
Mahu2021 collected 60 from pot
Mahu2021: doesn't show hand 
*** SUMMARY ***
Total pot 60 | Rake 0 
Seat 1: Mahu2021 (button) (small blind) collected (60)
Seat 2: gab_r13 (big blind) folded before Flop



PokerStars Hand #248973657237: Tournament #3717921249, $1.84+$0.16 USD Hold'em No Limit - Level II (15/30) - 2024/02/19 18:39:13 CET [2024/02/19 12:39:13 ET]
Table '3717921249 1' 3-max Seat #2 is the button
Seat 1: Mahu2021 (652 in chips) 
Seat 2: gab_r13 (848 in chips) 
gab_r13: posts small blind 15
Mahu2021: posts big blind 30
*** HOLE CARDS ***
Dealt to Mahu2021 [2h 7d]
gab_r13: raises 30 to 60
Mahu2021: folds 
Uncalled bet (30) returned to gab_r13
gab_r13 collected 60 from pot
gab_r13: doesn't show hand 
*** SUMMARY ***
Total pot 60 | Rake 0 
Seat 1: Mahu2021 (big blind) folded before Flop
Seat 2: gab_r13 (button) (small blind) collected (60)



PokerStars Hand #248973658841: Tournament #3717921249, $1.84+$0.16 USD Hold'em No Limit - Level II (15/30) - 2024/02/19 18:39:18 CET [2024/02/19 12:39:18 ET]
Table '3717921249 1' 3-max Seat #1 is the button
Seat 1: Mahu2021 (622 in chips) 
Seat 2: gab_r13 (878 in chips) 
Mahu2021: posts small blind 15
gab_r13: posts big blind 30
*** HOLE CARDS ***
Dealt to Mahu2021 [7h Qs]
Mahu2021: calls 15
gab_r13: checks 
*** FLOP *** [Qh 5d 8s]
gab_r13: checks 
Mahu2021: bets 30
gab_r13: folds 
Uncalled bet (30) returned to Mahu2021
Mahu2021 collected 60 from pot
Mahu2021: doesn't show hand 
*** SUMMARY ***
Total pot 60 | Rake 0 
Board [Qh 5d 8s]
Seat 1: Mahu2021 (button) (small blind) collected (60)
Seat 2: gab_r13 (big blind) folded on the Flop



PokerStars Hand #248973662342: Tournament #3717921249, $1.84+$0.16 USD Hold'em No Limit - Level II (15/30) - 2024/02/19 18:39:29 CET [2024/02/19 12:39:29 ET]
Table '3717921249 1' 3-max Seat #2 is the button
Seat 1: Mahu2021 (652 in chips) 
Seat 2: gab_r13 (848 in chips) 
gab_r13: posts small blind 15
Mahu2021: posts big blind 30
*** HOLE CARDS ***
Dealt to Mahu2021 [2s Kd]
gab_r13: folds 
Uncalled bet (15) returned to Mahu2021
Mahu2021 collected 30 from pot
Mahu2021: doesn't show hand 
*** SUMMARY ***
Total pot 30 | Rake 0 
Seat 1: Mahu2021 (big blind) collected (30)
Seat 2: gab_r13 (button) (small blind) folded before Flop



PokerStars Hand #248973663477: Tournament #3717921249, $1.84+$0.16 USD Hold'em No Limit - Level II (15/30) - 2024/02/19 18:39:33 CET [2024/02/19 12:39:33 ET]
Table '3717921249 1' 3-max Seat #1 is the button
Seat 1: Mahu2021 (667 in chips) 
Seat 2: gab_r13 (833 in chips) 
Mahu2021: posts small blind 15
gab_r13: posts big blind 30
*** HOLE CARDS ***
Dealt to Mahu2021 [5c 7s]
Mahu2021: folds 
Uncalled bet (15) returned to gab_r13
gab_r13 collected 30 from pot
gab_r13: doesn't show hand 
*** SUMMARY ***
Total pot 30 | Rake 0 
Seat 1: Mahu2021 (button) (small blind) folded before Flop
Seat 2: gab_r13 (big blind) collected (30)



PokerStars Hand #248973664900: Tournament #3717921249, $1.84+$0.16 USD Hold'em No Limit - Level II (15/30) - 2024/02/19 18:39:38 CET [2024/02/19 12:39:38 ET]
Table '3717921249 1' 3-max Seat #2 is the button
Seat 1: Mahu2021 (652 in chips) 
Seat 2: gab_r13 (848 in chips) 
gab_r13: posts small blind 15
Mahu2021: posts big blind 30
*** HOLE CARDS ***
Dealt to Mahu2021 [Ah 8s]
gab_r13: raises 30 to 60
Mahu2021: raises 592 to 652 and is all-in
gab_r13: folds 
Uncalled bet (592) returned to Mahu2021
Mahu2021 collected 120 from pot
Mahu2021: doesn't show hand 
*** SUMMARY ***
Total pot 120 | Rake 0 
Seat 1: Mahu2021 (big blind) collected (120)
Seat 2: gab_r13 (button) (small blind) folded before Flop



PokerStars Hand #248973668335: Tournament #3717921249, $1.84+$0.16 USD Hold'em No Limit - Level II (15/30) - 2024/02/19 18:39:49 CET [2024/02/19 12:39:49 ET]
Table '3717921249 1' 3-max Seat #1 is the button
Seat 1: Mahu2021 (712 in chips) 
Seat 2: gab_r13 (788 in chips) 
Mahu2021: posts small blind 15
gab_r13: posts big blind 30
*** HOLE CARDS ***
Dealt to Mahu2021 [3s Kd]
Mahu2021: calls 15
gab_r13: checks 
*** FLOP *** [8c As 7s]
gab_r13: checks 
Mahu2021: checks 
*** TURN *** [8c As 7s] [Qd]
gab_r13: checks 
Mahu2021: checks 
*** RIVER *** [8c As 7s Qd] [2s]
gab_r13: checks 
Mahu2021: bets 30
gab_r13: folds 
Uncalled bet (30) returned to Mahu2021
Mahu2021 collected 60 from pot
Mahu2021: doesn't show hand 
*** SUMMARY ***
Total pot 60 | Rake 0 
Board [8c As 7s Qd 2s]
Seat 1: Mahu2021 (button) (small blind) collected (60)
Seat 2: gab_r13 (big blind) folded on the River



PokerStars Hand #248973673703: Tournament #3717921249, $1.84+$0.16 USD Hold'em No Limit - Level II (15/30) - 2024/02/19 18:40:06 CET [2024/02/19 12:40:06 ET]
Table '3717921249 1' 3-max Seat #2 is the button
Seat 1: Mahu2021 (742 in chips) 
Seat 2: gab_r13 (758 in chips) 
gab_r13: posts small blind 15
Mahu2021: posts big blind 30
*** HOLE CARDS ***
Dealt to Mahu2021 [Ac 5h]
gab_r13: folds 
Uncalled bet (15) returned to Mahu2021
Mahu2021 collected 30 from pot
Mahu2021: doesn't show hand 
*** SUMMARY ***
Total pot 30 | Rake 0 
Seat 1: Mahu2021 (big blind) collected (30)
Seat 2: gab_r13 (button) (small blind) folded before Flop



PokerStars Hand #248973675107: Tournament #3717921249, $1.84+$0.16 USD Hold'em No Limit - Level II (15/30) - 2024/02/19 18:40:10 CET [2024/02/19 12:40:10 ET]
Table '3717921249 1' 3-max Seat #1 is the button
Seat 1: Mahu2021 (757 in chips) 
Seat 2: gab_r13 (743 in chips) 
Mahu2021: posts small blind 15
gab_r13: posts big blind 30
*** HOLE CARDS ***
Dealt to Mahu2021 [Ad 6d]
Mahu2021: raises 60 to 90
gab_r13: folds 
Uncalled bet (60) returned to Mahu2021
Mahu2021 collected 60 from pot
Mahu2021: doesn't show hand 
*** SUMMARY ***
Total pot 60 | Rake 0 
Seat 1: Mahu2021 (button) (small blind) collected (60)
Seat 2: gab_r13 (big blind) folded before Flop



PokerStars Hand #248973677450: Tournament #3717921249, $1.84+$0.16 USD Hold'em No Limit - Level II (15/30) - 2024/02/19 18:40:18 CET [2024/02/19 12:40:18 ET]
Table '3717921249 1' 3-max Seat #2 is the button
Seat 1: Mahu2021 (787 in chips) 
Seat 2: gab_r13 (713 in chips) 
gab_r13: posts small blind 15
Mahu2021: posts big blind 30
*** HOLE CARDS ***
Dealt to Mahu2021 [8h Jd]
gab_r13: folds 
Uncalled bet (15) returned to Mahu2021
Mahu2021 collected 30 from pot
Mahu2021: doesn't show hand 
*** SUMMARY ***
Total pot 30 | Rake 0 
Seat 1: Mahu2021 (big blind) collected (30)
Seat 2: gab_r13 (button) (small blind) folded before Flop



PokerStars Hand #248973678906: Tournament #3717921249, $1.84+$0.16 USD Hold'em No Limit - Level II (15/30) - 2024/02/19 18:40:23 CET [2024/02/19 12:40:23 ET]
Table '3717921249 1' 3-max Seat #1 is the button
Seat 1: Mahu2021 (802 in chips) 
Seat 2: gab_r13 (698 in chips) 
Mahu2021: posts small blind 15
gab_r13: posts big blind 30
*** HOLE CARDS ***
Dealt to Mahu2021 [Ts Qd]
Mahu2021: raises 30 to 60
gab_r13: calls 30
*** FLOP *** [3d 7c Ad]
gab_r13: checks 
Mahu2021: checks 
*** TURN *** [3d 7c Ad] [8h]
gab_r13: checks 
Mahu2021: checks 
*** RIVER *** [3d 7c Ad 8h] [8d]
gab_r13: checks 
Mahu2021: bets 60
gab_r13: folds 
Uncalled bet (60) returned to Mahu2021
Mahu2021 collected 120 from pot
Mahu2021: doesn't show hand 
*** SUMMARY ***
Total pot 120 | Rake 0 
Board [3d 7c Ad 8h 8d]
Seat 1: Mahu2021 (button) (small blind) collected (120)
Seat 2: gab_r13 (big blind) folded on the River



PokerStars Hand #248973684489: Tournament #3717921249, $1.84+$0.16 USD Hold'em No Limit - Level II (15/30) - 2024/02/19 18:40:41 CET [2024/02/19 12:40:41 ET]
Table '3717921249 1' 3-max Seat #2 is the button
Seat 1: Mahu2021 (862 in chips) 
Seat 2: gab_r13 (638 in chips) 
gab_r13: posts small blind 15
Mahu2021: posts big blind 30
*** HOLE CARDS ***
Dealt to Mahu2021 [2d 5c]
gab_r13: calls 15
Mahu2021: checks 
*** FLOP *** [5h 8d 7h]
Mahu2021: checks 
gab_r13: checks 
*** TURN *** [5h 8d 7h] [6h]
Mahu2021: checks 
gab_r13: bets 30
Mahu2021: folds 
Uncalled bet (30) returned to gab_r13
gab_r13 collected 60 from pot
gab_r13: doesn't show hand 
*** SUMMARY ***
Total pot 60 | Rake 0 
Board [5h 8d 7h 6h]
Seat 1: Mahu2021 (big blind) folded on the Turn
Seat 2: gab_r13 (button) (small blind) collected (60)



PokerStars Hand #248973689322: Tournament #3717921249, $1.84+$0.16 USD Hold'em No Limit - Level III (20/40) - 2024/02/19 18:40:56 CET [2024/02/19 12:40:56 ET]
Table '3717921249 1' 3-max Seat #1 is the button
Seat 1: Mahu2021 (832 in chips) 
Seat 2: gab_r13 (668 in chips) 
Mahu2021: posts small blind 20
gab_r13: posts big blind 40
*** HOLE CARDS ***
Dealt to Mahu2021 [5d 6c]
Mahu2021: raises 40 to 80
gab_r13: calls 40
*** FLOP *** [Ac 4d Jc]
gab_r13: checks 
Mahu2021: checks 
*** TURN *** [Ac 4d Jc] [3h]
gab_r13: bets 40
Mahu2021: calls 40
*** RIVER *** [Ac 4d Jc 3h] [Qd]
gab_r13: checks 
Mahu2021: bets 240
gab_r13: folds 
Uncalled bet (240) returned to Mahu2021
Mahu2021 collected 240 from pot
Mahu2021: doesn't show hand 
*** SUMMARY ***
Total pot 240 | Rake 0 
Board [Ac 4d Jc 3h Qd]
Seat 1: Mahu2021 (button) (small blind) collected (240)
Seat 2: gab_r13 (big blind) folded on the River



PokerStars Hand #248973695698: Tournament #3717921249, $1.84+$0.16 USD Hold'em No Limit - Level III (20/40) - 2024/02/19 18:41:17 CET [2024/02/19 12:41:17 ET]
Table '3717921249 1' 3-max Seat #2 is the button
Seat 1: Mahu2021 (952 in chips) 
Seat 2: gab_r13 (548 in chips) 
gab_r13: posts small blind 20
Mahu2021: posts big blind 40
*** HOLE CARDS ***
Dealt to Mahu2021 [9c Qs]
gab_r13: folds 
Uncalled bet (20) returned to Mahu2021
Mahu2021 collected 40 from pot
Mahu2021: doesn't show hand 
*** SUMMARY ***
Total pot 40 | Rake 0 
Seat 1: Mahu2021 (big blind) collected (40)
Seat 2: gab_r13 (button) (small blind) folded before Flop



PokerStars Hand #248973696958: Tournament #3717921249, $1.84+$0.16 USD Hold'em No Limit - Level III (20/40) - 2024/02/19 18:41:21 CET [2024/02/19 12:41:21 ET]
Table '3717921249 1' 3-max Seat #1 is the button
Seat 1: Mahu2021 (972 in chips) 
Seat 2: gab_r13 (528 in chips) 
Mahu2021: posts small blind 20
gab_r13: posts big blind 40
*** HOLE CARDS ***
Dealt to Mahu2021 [3s 2h]
Mahu2021: folds 
Uncalled bet (20) returned to gab_r13
gab_r13 collected 40 from pot
gab_r13: doesn't show hand 
*** SUMMARY ***
Total pot 40 | Rake 0 
Seat 1: Mahu2021 (button) (small blind) folded before Flop
Seat 2: gab_r13 (big blind) collected (40)



PokerStars Hand #248973698336: Tournament #3717921249, $1.84+$0.16 USD Hold'em No Limit - Level III (20/40) - 2024/02/19 18:41:25 CET [2024/02/19 12:41:25 ET]
Table '3717921249 1' 3-max Seat #2 is the button
Seat 1: Mahu2021 (952 in chips) 
Seat 2: gab_r13 (548 in chips) 
gab_r13: posts small blind 20
Mahu2021: posts big blind 40
*** HOLE CARDS ***
Dealt to Mahu2021 [Kh 3s]
gab_r13: raises 40 to 80
Mahu2021: calls 40
*** FLOP *** [5d 2c 3c]
Mahu2021: checks 
gab_r13: bets 120
Mahu2021: calls 120
*** TURN *** [5d 2c 3c] [Ts]
Mahu2021: checks 
gab_r13: bets 348 and is all-in
Mahu2021: calls 348
*** RIVER *** [5d 2c 3c Ts] [4h]
*** SHOW DOWN ***
Mahu2021: shows [Kh 3s] (a pair of Threes)
gab_r13: shows [5c 3h] (two pair, Fives and Threes)
gab_r13 collected 1096 from pot
*** SUMMARY ***
Total pot 1096 | Rake 0 
Board [5d 2c 3c Ts 4h]
Seat 1: Mahu2021 (big blind) showed [Kh 3s] and lost with a pair of Threes
Seat 2: gab_r13 (button) (small blind) showed [5c 3h] and won (1096) with two pair, Fives and Threes



PokerStars Hand #248973704123: Tournament #3717921249, $1.84+$0.16 USD Hold'em No Limit - Level III (20/40) - 2024/02/19 18:41:43 CET [2024/02/19 12:41:43 ET]
Table '3717921249 1' 3-max Seat #1 is the button
Seat 1: Mahu2021 (404 in chips) 
Seat 2: gab_r13 (1096 in chips) 
Mahu2021: posts small blind 20
gab_r13: posts big blind 40
*** HOLE CARDS ***
Dealt to Mahu2021 [Td 8h]
Mahu2021: calls 20
gab_r13: checks 
*** FLOP *** [Qc 5c Qs]
gab_r13: checks 
Mahu2021: checks 
*** TURN *** [Qc 5c Qs] [4c]
gab_r13: checks 
Mahu2021: checks 
*** RIVER *** [Qc 5c Qs 4c] [3h]
gab_r13: bets 53
Mahu2021: folds 
Uncalled bet (53) returned to gab_r13
gab_r13 collected 80 from pot
gab_r13: doesn't show hand 
*** SUMMARY ***
Total pot 80 | Rake 0 
Board [Qc 5c Qs 4c 3h]
Seat 1: Mahu2021 (button) (small blind) folded on the River
Seat 2: gab_r13 (big blind) collected (80)



PokerStars Hand #248973709019: Tournament #3717921249, $1.84+$0.16 USD Hold'em No Limit - Level III (20/40) - 2024/02/19 18:41:59 CET [2024/02/19 12:41:59 ET]
Table '3717921249 1' 3-max Seat #2 is the button
Seat 1: Mahu2021 (364 in chips) 
Seat 2: gab_r13 (1136 in chips) 
gab_r13: posts small blind 20
Mahu2021: posts big blind 40
*** HOLE CARDS ***
Dealt to Mahu2021 [2h Tc]
gab_r13: folds 
Uncalled bet (20) returned to Mahu2021
Mahu2021 collected 40 from pot
Mahu2021: doesn't show hand 
*** SUMMARY ***
Total pot 40 | Rake 0 
Seat 1: Mahu2021 (big blind) collected (40)
Seat 2: gab_r13 (button) (small blind) folded before Flop



PokerStars Hand #248973710172: Tournament #3717921249, $1.84+$0.16 USD Hold'em No Limit - Level III (20/40) - 2024/02/19 18:42:02 CET [2024/02/19 12:42:02 ET]
Table '3717921249 1' 3-max Seat #1 is the button
Seat 1: Mahu2021 (384 in chips) 
Seat 2: gab_r13 (1116 in chips) 
Mahu2021: posts small blind 20
gab_r13: posts big blind 40
*** HOLE CARDS ***
Dealt to Mahu2021 [8s Ac]
Mahu2021: raises 40 to 80
gab_r13: folds 
Uncalled bet (40) returned to Mahu2021
Mahu2021 collected 80 from pot
Mahu2021: doesn't show hand 
*** SUMMARY ***
Total pot 80 | Rake 0 
Seat 1: Mahu2021 (button) (small blind) collected (80)
Seat 2: gab_r13 (big blind) folded before Flop



PokerStars Hand #248973712385: Tournament #3717921249, $1.84+$0.16 USD Hold'em No Limit - Level III (20/40) - 2024/02/19 18:42:09 CET [2024/02/19 12:42:09 ET]
Table '3717921249 1' 3-max Seat #2 is the button
Seat 1: Mahu2021 (424 in chips) 
Seat 2: gab_r13 (1076 in chips) 
gab_r13: posts small blind 20
Mahu2021: posts big blind 40
*** HOLE CARDS ***
Dealt to Mahu2021 [7d 8c]
gab_r13: raises 40 to 80
Mahu2021: calls 40
*** FLOP *** [2h Qh 4d]
Mahu2021: checks 
gab_r13: checks 
*** TURN *** [2h Qh 4d] [Qs]
Mahu2021: checks 
gab_r13: bets 40
Mahu2021: folds 
Uncalled bet (40) returned to gab_r13
gab_r13 collected 160 from pot
gab_r13: doesn't show hand 
*** SUMMARY ***
Total pot 160 | Rake 0 
Board [2h Qh 4d Qs]
Seat 1: Mahu2021 (big blind) folded on the Turn
Seat 2: gab_r13 (button) (small blind) collected (160)



PokerStars Hand #248973716504: Tournament #3717921249, $1.84+$0.16 USD Hold'em No Limit - Level III (20/40) - 2024/02/19 18:42:22 CET [2024/02/19 12:42:22 ET]
Table '3717921249 1' 3-max Seat #1 is the button
Seat 1: Mahu2021 (344 in chips) 
Seat 2: gab_r13 (1156 in chips) 
Mahu2021: posts small blind 20
gab_r13: posts big blind 40
*** HOLE CARDS ***
Dealt to Mahu2021 [Ks Jh]
Mahu2021: raises 40 to 80
gab_r13: folds 
Uncalled bet (40) returned to Mahu2021
Mahu2021 collected 80 from pot
Mahu2021: doesn't show hand 
*** SUMMARY ***
Total pot 80 | Rake 0 
Seat 1: Mahu2021 (button) (small blind) collected (80)
Seat 2: gab_r13 (big blind) folded before Flop



PokerStars Hand #248973718377: Tournament #3717921249, $1.84+$0.16 USD Hold'em No Limit - Level III (20/40) - 2024/02/19 18:42:28 CET [2024/02/19 12:42:28 ET]
Table '3717921249 1' 3-max Seat #2 is the button
Seat 1: Mahu2021 (384 in chips) 
Seat 2: gab_r13 (1116 in chips) 
gab_r13: posts small blind 20
Mahu2021: posts big blind 40
*** HOLE CARDS ***
Dealt to Mahu2021 [8s Qh]
gab_r13: calls 20
Mahu2021: raises 344 to 384 and is all-in
gab_r13: calls 344
*** FLOP *** [2h 5c 8c]
*** TURN *** [2h 5c 8c] [3c]
*** RIVER *** [2h 5c 8c 3c] [Ac]
*** SHOW DOWN ***
Mahu2021: shows [8s Qh] (a pair of Eights)
gab_r13: shows [Qd 9d] (high card Ace)
Mahu2021 collected 768 from pot
*** SUMMARY ***
Total pot 768 | Rake 0 
Board [2h 5c 8c 3c Ac]
Seat 1: Mahu2021 (big blind) showed [8s Qh] and won (768) with a pair of Eights
Seat 2: gab_r13 (button) (small blind) showed [Qd 9d] and lost with high card Ace



PokerStars Hand #248973722465: Tournament #3717921249, $1.84+$0.16 USD Hold'em No Limit - Level III (20/40) - 2024/02/19 18:42:41 CET [2024/02/19 12:42:41 ET]
Table '3717921249 1' 3-max Seat #1 is the button
Seat 1: Mahu2021 (768 in chips) 
Seat 2: gab_r13 (732 in chips) 
Mahu2021: posts small blind 20
gab_r13: posts big blind 40
*** HOLE CARDS ***
Dealt to Mahu2021 [Jd 9d]
Mahu2021: raises 40 to 80
gab_r13: folds 
Uncalled bet (40) returned to Mahu2021
Mahu2021 collected 80 from pot
Mahu2021: doesn't show hand 
*** SUMMARY ***
Total pot 80 | Rake 0 
Seat 1: Mahu2021 (button) (small blind) collected (80)
Seat 2: gab_r13 (big blind) folded before Flop



PokerStars Hand #248973724457: Tournament #3717921249, $1.84+$0.16 USD Hold'em No Limit - Level III (20/40) - 2024/02/19 18:42:47 CET [2024/02/19 12:42:47 ET]
Table '3717921249 1' 3-max Seat #2 is the button
Seat 1: Mahu2021 (808 in chips) 
Seat 2: gab_r13 (692 in chips) 
gab_r13: posts small blind 20
Mahu2021: posts big blind 40
*** HOLE CARDS ***
Dealt to Mahu2021 [As 6d]
gab_r13: raises 652 to 692 and is all-in
Mahu2021: folds 
Uncalled bet (652) returned to gab_r13
gab_r13 collected 80 from pot
gab_r13: doesn't show hand 
*** SUMMARY ***
Total pot 80 | Rake 0 
Seat 1: Mahu2021 (big blind) folded before Flop
Seat 2: gab_r13 (button) (small blind) collected (80)



PokerStars Hand #248973726397: Tournament #3717921249, $1.84+$0.16 USD Hold'em No Limit - Level III (20/40) - 2024/02/19 18:42:54 CET [2024/02/19 12:42:54 ET]
Table '3717921249 1' 3-max Seat #1 is the button
Seat 1: Mahu2021 (768 in chips) 
Seat 2: gab_r13 (732 in chips) 
Mahu2021: posts small blind 20
gab_r13: posts big blind 40
*** HOLE CARDS ***
Dealt to Mahu2021 [4s Ts]
Mahu2021: folds 
Uncalled bet (20) returned to gab_r13
gab_r13 collected 40 from pot
gab_r13: doesn't show hand 
*** SUMMARY ***
Total pot 40 | Rake 0 
Seat 1: Mahu2021 (button) (small blind) folded before Flop
Seat 2: gab_r13 (big blind) collected (40)



PokerStars Hand #248973727739: Tournament #3717921249, $1.84+$0.16 USD Hold'em No Limit - Level III (20/40) - 2024/02/19 18:42:58 CET [2024/02/19 12:42:58 ET]
Table '3717921249 1' 3-max Seat #2 is the button
Seat 1: Mahu2021 (748 in chips) 
Seat 2: gab_r13 (752 in chips) 
gab_r13: posts small blind 20
Mahu2021: posts big blind 40
*** HOLE CARDS ***
Dealt to Mahu2021 [3s Kd]
gab_r13: folds 
Uncalled bet (20) returned to Mahu2021
Mahu2021 collected 40 from pot
Mahu2021: doesn't show hand 
*** SUMMARY ***
Total pot 40 | Rake 0 
Seat 1: Mahu2021 (big blind) collected (40)
Seat 2: gab_r13 (button) (small blind) folded before Flop



PokerStars Hand #248973729008: Tournament #3717921249, $1.84+$0.16 USD Hold'em No Limit - Level III (20/40) - 2024/02/19 18:43:02 CET [2024/02/19 12:43:02 ET]
Table '3717921249 1' 3-max Seat #1 is the button
Seat 1: Mahu2021 (768 in chips) 
Seat 2: gab_r13 (732 in chips) 
Mahu2021: posts small blind 20
gab_r13: posts big blind 40
*** HOLE CARDS ***
Dealt to Mahu2021 [3d As]
Mahu2021: raises 40 to 80
gab_r13: raises 652 to 732 and is all-in
Mahu2021: folds 
Uncalled bet (652) returned to gab_r13
gab_r13 collected 160 from pot
gab_r13: doesn't show hand 
*** SUMMARY ***
Total pot 160 | Rake 0 
Seat 1: Mahu2021 (button) (small blind) folded before Flop
Seat 2: gab_r13 (big blind) collected (160)



PokerStars Hand #248973731609: Tournament #3717921249, $1.84+$0.16 USD Hold'em No Limit - Level III (20/40) - 2024/02/19 18:43:10 CET [2024/02/19 12:43:10 ET]
Table '3717921249 1' 3-max Seat #2 is the button
Seat 1: Mahu2021 (688 in chips) 
Seat 2: gab_r13 (812 in chips) 
gab_r13: posts small blind 20
Mahu2021: posts big blind 40
*** HOLE CARDS ***
Dealt to Mahu2021 [3c 7c]
gab_r13: raises 80 to 120
Mahu2021: folds 
Uncalled bet (80) returned to gab_r13
gab_r13 collected 80 from pot
gab_r13: doesn't show hand 
*** SUMMARY ***
Total pot 80 | Rake 0 
Seat 1: Mahu2021 (big blind) folded before Flop
Seat 2: gab_r13 (button) (small blind) collected (80)



PokerStars Hand #248973733345: Tournament #3717921249, $1.84+$0.16 USD Hold'em No Limit - Level III (20/40) - 2024/02/19 18:43:16 CET [2024/02/19 12:43:16 ET]
Table '3717921249 1' 3-max Seat #1 is the button
Seat 1: Mahu2021 (648 in chips) 
Seat 2: gab_r13 (852 in chips) 
Mahu2021: posts small blind 20
gab_r13: posts big blind 40
*** HOLE CARDS ***
Dealt to Mahu2021 [Ks 3h]
Mahu2021: calls 20
gab_r13: checks 
*** FLOP *** [8h 5s Qd]
gab_r13: checks 
Mahu2021: checks 
*** TURN *** [8h 5s Qd] [Jh]
gab_r13: checks 
Mahu2021: checks 
*** RIVER *** [8h 5s Qd Jh] [4h]
gab_r13: checks 
Mahu2021: checks 
*** SHOW DOWN ***
gab_r13: shows [7c 2h] (high card Queen)
Mahu2021: shows [Ks 3h] (high card King)
Mahu2021 collected 80 from pot
*** SUMMARY ***
Total pot 80 | Rake 0 
Board [8h 5s Qd Jh 4h]
Seat 1: Mahu2021 (button) (small blind) showed [Ks 3h] and won (80) with high card King
Seat 2: gab_r13 (big blind) showed [7c 2h] and lost with high card Queen



PokerStars Hand #248973737488: Tournament #3717921249, $1.84+$0.16 USD Hold'em No Limit - Level III (20/40) - 2024/02/19 18:43:29 CET [2024/02/19 12:43:29 ET]
Table '3717921249 1' 3-max Seat #2 is the button
Seat 1: Mahu2021 (688 in chips) 
Seat 2: gab_r13 (812 in chips) 
gab_r13: posts small blind 20
Mahu2021: posts big blind 40
*** HOLE CARDS ***
Dealt to Mahu2021 [Jc 5c]
gab_r13: calls 20
Mahu2021: checks 
*** FLOP *** [6s Ah Th]
Mahu2021: checks 
gab_r13: checks 
*** TURN *** [6s Ah Th] [Jd]
Mahu2021: checks 
gab_r13: checks 
*** RIVER *** [6s Ah Th Jd] [Qc]
Mahu2021: checks 
gab_r13: checks 
*** SHOW DOWN ***
Mahu2021: shows [Jc 5c] (a pair of Jacks)
gab_r13: mucks hand 
Mahu2021 collected 80 from pot
*** SUMMARY ***
Total pot 80 | Rake 0 
Board [6s Ah Th Jd Qc]
Seat 1: Mahu2021 (big blind) showed [Jc 5c] and won (80) with a pair of Jacks
Seat 2: gab_r13 (button) (small blind) mucked [8s 7c]



PokerStars Hand #248973742041: Tournament #3717921249, $1.84+$0.16 USD Hold'em No Limit - Level III (20/40) - 2024/02/19 18:43:43 CET [2024/02/19 12:43:43 ET]
Table '3717921249 1' 3-max Seat #1 is the button
Seat 1: Mahu2021 (728 in chips) 
Seat 2: gab_r13 (772 in chips) 
Mahu2021: posts small blind 20
gab_r13: posts big blind 40
*** HOLE CARDS ***
Dealt to Mahu2021 [Ac 5s]
Mahu2021: raises 40 to 80
gab_r13: calls 40
*** FLOP *** [Ad 5h Jc]
gab_r13: checks 
Mahu2021: checks 
*** TURN *** [Ad 5h Jc] [Kc]
gab_r13: bets 80
Mahu2021: calls 80
*** RIVER *** [Ad 5h Jc Kc] [4h]
gab_r13: bets 96
Mahu2021: raises 144 to 240
gab_r13: calls 144
*** SHOW DOWN ***
Mahu2021: shows [Ac 5s] (two pair, Aces and Fives)
gab_r13: mucks hand 
Mahu2021 collected 800 from pot
*** SUMMARY ***
Total pot 800 | Rake 0 
Board [Ad 5h Jc Kc 4h]
Seat 1: Mahu2021 (button) (small blind) showed [Ac 5s] and won (800) with two pair, Aces and Fives
Seat 2: gab_r13 (big blind) mucked [Kd 5d]



PokerStars Hand #248973749275: Tournament #3717921249, $1.84+$0.16 USD Hold'em No Limit - Level IV (30/60) - 2024/02/19 18:44:06 CET [2024/02/19 12:44:06 ET]
Table '3717921249 1' 3-max Seat #2 is the button
Seat 1: Mahu2021 (1128 in chips) 
Seat 2: gab_r13 (372 in chips) 
gab_r13: posts small blind 30
Mahu2021: posts big blind 60
*** HOLE CARDS ***
Dealt to Mahu2021 [6h 7d]
gab_r13: raises 312 to 372 and is all-in
Mahu2021: folds 
Uncalled bet (312) returned to gab_r13
gab_r13 collected 120 from pot
gab_r13: doesn't show hand 
*** SUMMARY ***
Total pot 120 | Rake 0 
Seat 1: Mahu2021 (big blind) folded before Flop
Seat 2: gab_r13 (button) (small blind) collected (120)



PokerStars Hand #248973751134: Tournament #3717921249, $1.84+$0.16 USD Hold'em No Limit - Level IV (30/60) - 2024/02/19 18:44:12 CET [2024/02/19 12:44:12 ET]
Table '3717921249 1' 3-max Seat #1 is the button
Seat 1: Mahu2021 (1068 in chips) 
Seat 2: gab_r13 (432 in chips) 
Mahu2021: posts small blind 30
gab_r13: posts big blind 60
*** HOLE CARDS ***
Dealt to Mahu2021 [Ts 7c]
Mahu2021: folds 
Uncalled bet (30) returned to gab_r13
gab_r13 collected 60 from pot
gab_r13: doesn't show hand 
*** SUMMARY ***
Total pot 60 | Rake 0 
Seat 1: Mahu2021 (button) (small blind) folded before Flop
Seat 2: gab_r13 (big blind) collected (60)



PokerStars Hand #248973752489: Tournament #3717921249, $1.84+$0.16 USD Hold'em No Limit - Level IV (30/60) - 2024/02/19 18:44:16 CET [2024/02/19 12:44:16 ET]
Table '3717921249 1' 3-max Seat #2 is the button
Seat 1: Mahu2021 (1038 in chips) 
Seat 2: gab_r13 (462 in chips) 
gab_r13: posts small blind 30
Mahu2021: posts big blind 60
*** HOLE CARDS ***
Dealt to Mahu2021 [2d 5c]
gab_r13: folds 
Uncalled bet (30) returned to Mahu2021
Mahu2021 collected 60 from pot
Mahu2021: doesn't show hand 
*** SUMMARY ***
Total pot 60 | Rake 0 
Seat 1: Mahu2021 (big blind) collected (60)
Seat 2: gab_r13 (button) (small blind) folded before Flop



PokerStars Hand #248973753783: Tournament #3717921249, $1.84+$0.16 USD Hold'em No Limit - Level IV (30/60) - 2024/02/19 18:44:20 CET [2024/02/19 12:44:20 ET]
Table '3717921249 1' 3-max Seat #1 is the button
Seat 1: Mahu2021 (1068 in chips) 
Seat 2: gab_r13 (432 in chips) 
Mahu2021: posts small blind 30
gab_r13: posts big blind 60
*** HOLE CARDS ***
Dealt to Mahu2021 [3d 6h]
Mahu2021: folds 
Uncalled bet (30) returned to gab_r13
gab_r13 collected 60 from pot
gab_r13: doesn't show hand 
*** SUMMARY ***
Total pot 60 | Rake 0 
Seat 1: Mahu2021 (button) (small blind) folded before Flop
Seat 2: gab_r13 (big blind) collected (60)



PokerStars Hand #248973755077: Tournament #3717921249, $1.84+$0.16 USD Hold'em No Limit - Level IV (30/60) - 2024/02/19 18:44:24 CET [2024/02/19 12:44:24 ET]
Table '3717921249 1' 3-max Seat #2 is the button
Seat 1: Mahu2021 (1038 in chips) 
Seat 2: gab_r13 (462 in chips) 
gab_r13: posts small blind 30
Mahu2021: posts big blind 60
*** HOLE CARDS ***
Dealt to Mahu2021 [Kd 4s]
gab_r13: folds 
Uncalled bet (30) returned to Mahu2021
Mahu2021 collected 60 from pot
Mahu2021: doesn't show hand 
*** SUMMARY ***
Total pot 60 | Rake 0 
Seat 1: Mahu2021 (big blind) collected (60)
Seat 2: gab_r13 (button) (small blind) folded before Flop



PokerStars Hand #248973756312: Tournament #3717921249, $1.84+$0.16 USD Hold'em No Limit - Level IV (30/60) - 2024/02/19 18:44:28 CET [2024/02/19 12:44:28 ET]
Table '3717921249 1' 3-max Seat #1 is the button
Seat 1: Mahu2021 (1068 in chips) 
Seat 2: gab_r13 (432 in chips) 
Mahu2021: posts small blind 30
gab_r13: posts big blind 60
*** HOLE CARDS ***
Dealt to Mahu2021 [5h 3s]
Mahu2021: folds 
Uncalled bet (30) returned to gab_r13
gab_r13 collected 60 from pot
gab_r13: doesn't show hand 
*** SUMMARY ***
Total pot 60 | Rake 0 
Seat 1: Mahu2021 (button) (small blind) folded before Flop
Seat 2: gab_r13 (big blind) collected (60)



PokerStars Hand #248973757765: Tournament #3717921249, $1.84+$0.16 USD Hold'em No Limit - Level IV (30/60) - 2024/02/19 18:44:33 CET [2024/02/19 12:44:33 ET]
Table '3717921249 1' 3-max Seat #2 is the button
Seat 1: Mahu2021 (1038 in chips) 
Seat 2: gab_r13 (462 in chips) 
gab_r13: posts small blind 30
Mahu2021: posts big blind 60
*** HOLE CARDS ***
Dealt to Mahu2021 [Tc 5s]
gab_r13: folds 
Uncalled bet (30) returned to Mahu2021
Mahu2021 collected 60 from pot
Mahu2021: doesn't show hand 
*** SUMMARY ***
Total pot 60 | Rake 0 
Seat 1: Mahu2021 (big blind) collected (60)
Seat 2: gab_r13 (button) (small blind) folded before Flop



PokerStars Hand #248973758986: Tournament #3717921249, $1.84+$0.16 USD Hold'em No Limit - Level IV (30/60) - 2024/02/19 18:44:37 CET [2024/02/19 12:44:37 ET]
Table '3717921249 1' 3-max Seat #1 is the button
Seat 1: Mahu2021 (1068 in chips) 
Seat 2: gab_r13 (432 in chips) 
Mahu2021: posts small blind 30
gab_r13: posts big blind 60
*** HOLE CARDS ***
Dealt to Mahu2021 [Kh Jh]
Mahu2021: raises 120 to 180
gab_r13: folds 
Uncalled bet (120) returned to Mahu2021
Mahu2021 collected 120 from pot
Mahu2021: doesn't show hand 
*** SUMMARY ***
Total pot 120 | Rake 0 
Seat 1: Mahu2021 (button) (small blind) collected (120)
Seat 2: gab_r13 (big blind) folded before Flop



PokerStars Hand #248973761258: Tournament #3717921249, $1.84+$0.16 USD Hold'em No Limit - Level IV (30/60) - 2024/02/19 18:44:43 CET [2024/02/19 12:44:43 ET]
Table '3717921249 1' 3-max Seat #2 is the button
Seat 1: Mahu2021 (1128 in chips) 
Seat 2: gab_r13 (372 in chips) 
gab_r13: posts small blind 30
Mahu2021: posts big blind 60
*** HOLE CARDS ***
Dealt to Mahu2021 [3h 6h]
gab_r13: raises 312 to 372 and is all-in
Mahu2021: folds 
Uncalled bet (312) returned to gab_r13
gab_r13 collected 120 from pot
gab_r13: doesn't show hand 
*** SUMMARY ***
Total pot 120 | Rake 0 
Seat 1: Mahu2021 (big blind) folded before Flop
Seat 2: gab_r13 (button) (small blind) collected (120)



PokerStars Hand #248973762968: Tournament #3717921249, $1.84+$0.16 USD Hold'em No Limit - Level IV (30/60) - 2024/02/19 18:44:49 CET [2024/02/19 12:44:49 ET]
Table '3717921249 1' 3-max Seat #1 is the button
Seat 1: Mahu2021 (1068 in chips) 
Seat 2: gab_r13 (432 in chips) 
Mahu2021: posts small blind 30
gab_r13: posts big blind 60
*** HOLE CARDS ***
Dealt to Mahu2021 [3h 2h]
Mahu2021: calls 30
gab_r13: checks 
*** FLOP *** [7h Ah 3c]
gab_r13: checks 
Mahu2021: bets 60
gab_r13: folds 
Uncalled bet (60) returned to Mahu2021
Mahu2021 collected 120 from pot
Mahu2021: doesn't show hand 
*** SUMMARY ***
Total pot 120 | Rake 0 
Board [7h Ah 3c]
Seat 1: Mahu2021 (button) (small blind) collected (120)
Seat 2: gab_r13 (big blind) folded on the Flop



PokerStars Hand #248973766790: Tournament #3717921249, $1.84+$0.16 USD Hold'em No Limit - Level IV (30/60) - 2024/02/19 18:45:01 CET [2024/02/19 12:45:01 ET]
Table '3717921249 1' 3-max Seat #2 is the button
Seat 1: Mahu2021 (1128 in chips) 
Seat 2: gab_r13 (372 in chips) 
gab_r13: posts small blind 30
Mahu2021: posts big blind 60
*** HOLE CARDS ***
Dealt to Mahu2021 [Jc Qh]
gab_r13: folds 
Uncalled bet (30) returned to Mahu2021
Mahu2021 collected 60 from pot
Mahu2021: doesn't show hand 
*** SUMMARY ***
Total pot 60 | Rake 0 
Seat 1: Mahu2021 (big blind) collected (60)
Seat 2: gab_r13 (button) (small blind) folded before Flop



PokerStars Hand #248973768334: Tournament #3717921249, $1.84+$0.16 USD Hold'em No Limit - Level IV (30/60) - 2024/02/19 18:45:06 CET [2024/02/19 12:45:06 ET]
Table '3717921249 1' 3-max Seat #1 is the button
Seat 1: Mahu2021 (1158 in chips) 
Seat 2: gab_r13 (342 in chips) 
Mahu2021: posts small blind 30
gab_r13: posts big blind 60
*** HOLE CARDS ***
Dealt to Mahu2021 [Ts 3c]
Mahu2021: folds 
Uncalled bet (30) returned to gab_r13
gab_r13 collected 60 from pot
gab_r13: doesn't show hand 
*** SUMMARY ***
Total pot 60 | Rake 0 
Seat 1: Mahu2021 (button) (small blind) folded before Flop
Seat 2: gab_r13 (big blind) collected (60)



PokerStars Hand #248973769737: Tournament #3717921249, $1.84+$0.16 USD Hold'em No Limit - Level IV (30/60) - 2024/02/19 18:45:10 CET [2024/02/19 12:45:10 ET]
Table '3717921249 1' 3-max Seat #2 is the button
Seat 1: Mahu2021 (1128 in chips) 
Seat 2: gab_r13 (372 in chips) 
gab_r13: posts small blind 30
Mahu2021: posts big blind 60
*** HOLE CARDS ***
Dealt to Mahu2021 [2d Qh]
gab_r13: raises 300 to 360
Mahu2021: folds 
Uncalled bet (300) returned to gab_r13
gab_r13 collected 120 from pot
gab_r13: doesn't show hand 
*** SUMMARY ***
Total pot 120 | Rake 0 
Seat 1: Mahu2021 (big blind) folded before Flop
Seat 2: gab_r13 (button) (small blind) collected (120)



PokerStars Hand #248973771847: Tournament #3717921249, $1.84+$0.16 USD Hold'em No Limit - Level IV (30/60) - 2024/02/19 18:45:16 CET [2024/02/19 12:45:16 ET]
Table '3717921249 1' 3-max Seat #1 is the button
Seat 1: Mahu2021 (1068 in chips) 
Seat 2: gab_r13 (432 in chips) 
Mahu2021: posts small blind 30
gab_r13: posts big blind 60
*** HOLE CARDS ***
Dealt to Mahu2021 [7c As]
Mahu2021: raises 120 to 180
gab_r13: raises 252 to 432 and is all-in
Mahu2021: calls 252
*** FLOP *** [Ac 5d 6s]
*** TURN *** [Ac 5d 6s] [Qs]
*** RIVER *** [Ac 5d 6s Qs] [2s]
*** SHOW DOWN ***
gab_r13: shows [4s 4d] (a pair of Fours)
Mahu2021: shows [7c As] (a pair of Aces)
Mahu2021 collected 864 from pot
gab_r13 finished the tournament in 2nd place
Mahu2021 wins the tournament and receives $6.00 - congratulations!
*** SUMMARY ***
Total pot 864 | Rake 0 
Board [Ac 5d 6s Qs 2s]
Seat 1: Mahu2021 (button) (small blind) showed [7c As] and won (864) with a pair of Aces
Seat 2: gab_r13 (big blind) showed [4s 4d] and lost with a pair of Fours



