PokerStars Hand #243264200440: Tournament #3581469855, $0.92+$0.08 USD Hold'em No Limit - Level I (10/20) - 2023/04/23 10:49:21 CET [2023/04/23 4:49:21 ET]
Table '3581469855 1' 3-max Seat #1 is the button
Seat 1: Tr0penhelm (500 in chips) 
Seat 2: KatySmelly (500 in chips) 
Seat 3: Mahu2021 (500 in chips) 
KatySmelly: posts small blind 10
Mahu2021: posts big blind 20
*** HOLE CARDS ***
Dealt to Mahu2021 [6d Qh]
Tr0penhelm: raises 20 to 40
KatySmelly: folds 
Mahu2021: calls 20
*** FLOP *** [Jc Ah 2c]
Mahu2021: checks 
Tr0penhelm: bets 45
Mahu2021: folds 
Uncalled bet (45) returned to Tr0penhelm
Tr0penhelm collected 90 from pot
Tr0penhelm: doesn't show hand 
*** SUMMARY ***
Total pot 90 | Rake 0 
Board [Jc Ah 2c]
Seat 1: Tr0penhelm (button) collected (90)
Seat 2: KatySmelly (small blind) folded before Flop
Seat 3: Mahu2021 (big blind) folded on the Flop



PokerStars Hand #243264203536: Tournament #3581469855, $0.92+$0.08 USD Hold'em No Limit - Level I (10/20) - 2023/04/23 10:49:43 CET [2023/04/23 4:49:43 ET]
Table '3581469855 1' 3-max Seat #2 is the button
Seat 1: Tr0penhelm (550 in chips) 
Seat 2: KatySmelly (490 in chips) 
Seat 3: Mahu2021 (460 in chips) 
Mahu2021: posts small blind 10
Tr0penhelm: posts big blind 20
*** HOLE CARDS ***
Dealt to Mahu2021 [7h 2c]
KatySmelly: folds 
Mahu2021: folds 
Uncalled bet (10) returned to Tr0penhelm
Tr0penhelm collected 20 from pot
Tr0penhelm: doesn't show hand 
*** SUMMARY ***
Total pot 20 | Rake 0 
Seat 1: Tr0penhelm (big blind) collected (20)
Seat 2: KatySmelly (button) folded before Flop (didn't bet)
Seat 3: Mahu2021 (small blind) folded before Flop



PokerStars Hand #243264204334: Tournament #3581469855, $0.92+$0.08 USD Hold'em No Limit - Level I (10/20) - 2023/04/23 10:49:48 CET [2023/04/23 4:49:48 ET]
Table '3581469855 1' 3-max Seat #3 is the button
Seat 1: Tr0penhelm (560 in chips) 
Seat 2: KatySmelly (490 in chips) 
Seat 3: Mahu2021 (450 in chips) 
Tr0penhelm: posts small blind 10
KatySmelly: posts big blind 20
*** HOLE CARDS ***
Dealt to Mahu2021 [Qs 5s]
Mahu2021: folds 
Tr0penhelm: folds 
Uncalled bet (10) returned to KatySmelly
KatySmelly collected 20 from pot
KatySmelly: doesn't show hand 
*** SUMMARY ***
Total pot 20 | Rake 0 
Seat 1: Tr0penhelm (small blind) folded before Flop
Seat 2: KatySmelly (big blind) collected (20)
Seat 3: Mahu2021 (button) folded before Flop (didn't bet)



PokerStars Hand #243264205208: Tournament #3581469855, $0.92+$0.08 USD Hold'em No Limit - Level I (10/20) - 2023/04/23 10:49:54 CET [2023/04/23 4:49:54 ET]
Table '3581469855 1' 3-max Seat #1 is the button
Seat 1: Tr0penhelm (550 in chips) 
Seat 2: KatySmelly (500 in chips) 
Seat 3: Mahu2021 (450 in chips) 
KatySmelly: posts small blind 10
Mahu2021: posts big blind 20
*** HOLE CARDS ***
Dealt to Mahu2021 [7h As]
Tr0penhelm: folds 
KatySmelly: raises 40 to 60
Mahu2021: calls 40
*** FLOP *** [Qs Jh Tc]
KatySmelly: checks 
Mahu2021: checks 
*** TURN *** [Qs Jh Tc] [2c]
KatySmelly: checks 
Mahu2021: bets 60
KatySmelly: calls 60
*** RIVER *** [Qs Jh Tc 2c] [Ad]
KatySmelly: checks 
Mahu2021: checks 
*** SHOW DOWN ***
KatySmelly: shows [6c Jc] (a pair of Jacks)
Mahu2021: shows [7h As] (a pair of Aces)
Mahu2021 collected 240 from pot
*** SUMMARY ***
Total pot 240 | Rake 0 
Board [Qs Jh Tc 2c Ad]
Seat 1: Tr0penhelm (button) folded before Flop (didn't bet)
Seat 2: KatySmelly (small blind) showed [6c Jc] and lost with a pair of Jacks
Seat 3: Mahu2021 (big blind) showed [7h As] and won (240) with a pair of Aces



PokerStars Hand #243264208403: Tournament #3581469855, $0.92+$0.08 USD Hold'em No Limit - Level I (10/20) - 2023/04/23 10:50:17 CET [2023/04/23 4:50:17 ET]
Table '3581469855 1' 3-max Seat #2 is the button
Seat 1: Tr0penhelm (550 in chips) 
Seat 2: KatySmelly (380 in chips) 
Seat 3: Mahu2021 (570 in chips) 
Mahu2021: posts small blind 10
Tr0penhelm: posts big blind 20
*** HOLE CARDS ***
Dealt to Mahu2021 [Js Kd]
KatySmelly: folds 
Mahu2021: calls 10
Tr0penhelm: raises 40 to 60
Mahu2021: calls 40
*** FLOP *** [7h 9d 6c]
Mahu2021: checks 
Tr0penhelm: bets 45
Mahu2021: folds 
Uncalled bet (45) returned to Tr0penhelm
Tr0penhelm collected 120 from pot
Tr0penhelm: doesn't show hand 
*** SUMMARY ***
Total pot 120 | Rake 0 
Board [7h 9d 6c]
Seat 1: Tr0penhelm (big blind) collected (120)
Seat 2: KatySmelly (button) folded before Flop (didn't bet)
Seat 3: Mahu2021 (small blind) folded on the Flop



PokerStars Hand #243264210835: Tournament #3581469855, $0.92+$0.08 USD Hold'em No Limit - Level I (10/20) - 2023/04/23 10:50:34 CET [2023/04/23 4:50:34 ET]
Table '3581469855 1' 3-max Seat #3 is the button
Seat 1: Tr0penhelm (610 in chips) 
Seat 2: KatySmelly (380 in chips) 
Seat 3: Mahu2021 (510 in chips) 
Tr0penhelm: posts small blind 10
KatySmelly: posts big blind 20
*** HOLE CARDS ***
Dealt to Mahu2021 [2d Tc]
Mahu2021: folds 
Tr0penhelm: folds 
Uncalled bet (10) returned to KatySmelly
KatySmelly collected 20 from pot
KatySmelly: doesn't show hand 
*** SUMMARY ***
Total pot 20 | Rake 0 
Seat 1: Tr0penhelm (small blind) folded before Flop
Seat 2: KatySmelly (big blind) collected (20)
Seat 3: Mahu2021 (button) folded before Flop (didn't bet)



PokerStars Hand #243264211628: Tournament #3581469855, $0.92+$0.08 USD Hold'em No Limit - Level I (10/20) - 2023/04/23 10:50:40 CET [2023/04/23 4:50:40 ET]
Table '3581469855 1' 3-max Seat #1 is the button
Seat 1: Tr0penhelm (600 in chips) 
Seat 2: KatySmelly (390 in chips) 
Seat 3: Mahu2021 (510 in chips) 
KatySmelly: posts small blind 10
Mahu2021: posts big blind 20
*** HOLE CARDS ***
Dealt to Mahu2021 [Qh 4s]
Tr0penhelm: raises 30 to 50
KatySmelly: folds 
Mahu2021: folds 
Uncalled bet (30) returned to Tr0penhelm
Tr0penhelm collected 50 from pot
Tr0penhelm: doesn't show hand 
*** SUMMARY ***
Total pot 50 | Rake 0 
Seat 1: Tr0penhelm (button) collected (50)
Seat 2: KatySmelly (small blind) folded before Flop
Seat 3: Mahu2021 (big blind) folded before Flop



PokerStars Hand #243264213002: Tournament #3581469855, $0.92+$0.08 USD Hold'em No Limit - Level I (10/20) - 2023/04/23 10:50:50 CET [2023/04/23 4:50:50 ET]
Table '3581469855 1' 3-max Seat #2 is the button
Seat 1: Tr0penhelm (630 in chips) 
Seat 2: KatySmelly (380 in chips) 
Seat 3: Mahu2021 (490 in chips) 
Mahu2021: posts small blind 10
Tr0penhelm: posts big blind 20
*** HOLE CARDS ***
Dealt to Mahu2021 [5h Qs]
KatySmelly: folds 
Mahu2021: folds 
Uncalled bet (10) returned to Tr0penhelm
Tr0penhelm collected 20 from pot
Tr0penhelm: doesn't show hand 
*** SUMMARY ***
Total pot 20 | Rake 0 
Seat 1: Tr0penhelm (big blind) collected (20)
Seat 2: KatySmelly (button) folded before Flop (didn't bet)
Seat 3: Mahu2021 (small blind) folded before Flop



PokerStars Hand #243264213935: Tournament #3581469855, $0.92+$0.08 USD Hold'em No Limit - Level I (10/20) - 2023/04/23 10:50:56 CET [2023/04/23 4:50:56 ET]
Table '3581469855 1' 3-max Seat #3 is the button
Seat 1: Tr0penhelm (640 in chips) 
Seat 2: KatySmelly (380 in chips) 
Seat 3: Mahu2021 (480 in chips) 
Tr0penhelm: posts small blind 10
KatySmelly: posts big blind 20
*** HOLE CARDS ***
Dealt to Mahu2021 [Th Td]
Mahu2021: raises 40 to 60
Tr0penhelm: folds 
KatySmelly: folds 
Uncalled bet (40) returned to Mahu2021
Mahu2021 collected 50 from pot
Mahu2021: doesn't show hand 
*** SUMMARY ***
Total pot 50 | Rake 0 
Seat 1: Tr0penhelm (small blind) folded before Flop
Seat 2: KatySmelly (big blind) folded before Flop
Seat 3: Mahu2021 (button) collected (50)



PokerStars Hand #243264215209: Tournament #3581469855, $0.92+$0.08 USD Hold'em No Limit - Level I (10/20) - 2023/04/23 10:51:05 CET [2023/04/23 4:51:05 ET]
Table '3581469855 1' 3-max Seat #1 is the button
Seat 1: Tr0penhelm (630 in chips) 
Seat 2: KatySmelly (360 in chips) 
Seat 3: Mahu2021 (510 in chips) 
KatySmelly: posts small blind 10
Mahu2021: posts big blind 20
*** HOLE CARDS ***
Dealt to Mahu2021 [Th 3d]
Tr0penhelm: folds 
KatySmelly: folds 
Uncalled bet (10) returned to Mahu2021
Mahu2021 collected 20 from pot
Mahu2021: doesn't show hand 
*** SUMMARY ***
Total pot 20 | Rake 0 
Seat 1: Tr0penhelm (button) folded before Flop (didn't bet)
Seat 2: KatySmelly (small blind) folded before Flop
Seat 3: Mahu2021 (big blind) collected (20)



PokerStars Hand #243264216218: Tournament #3581469855, $0.92+$0.08 USD Hold'em No Limit - Level I (10/20) - 2023/04/23 10:51:13 CET [2023/04/23 4:51:13 ET]
Table '3581469855 1' 3-max Seat #2 is the button
Seat 1: Tr0penhelm (630 in chips) 
Seat 2: KatySmelly (350 in chips) 
Seat 3: Mahu2021 (520 in chips) 
Mahu2021: posts small blind 10
Tr0penhelm: posts big blind 20
*** HOLE CARDS ***
Dealt to Mahu2021 [6d 2c]
KatySmelly: raises 20 to 40
Mahu2021: folds 
Tr0penhelm: folds 
Uncalled bet (20) returned to KatySmelly
KatySmelly collected 50 from pot
KatySmelly: doesn't show hand 
*** SUMMARY ***
Total pot 50 | Rake 0 
Seat 1: Tr0penhelm (big blind) folded before Flop
Seat 2: KatySmelly (button) collected (50)
Seat 3: Mahu2021 (small blind) folded before Flop



PokerStars Hand #243264217137: Tournament #3581469855, $0.92+$0.08 USD Hold'em No Limit - Level I (10/20) - 2023/04/23 10:51:19 CET [2023/04/23 4:51:19 ET]
Table '3581469855 1' 3-max Seat #3 is the button
Seat 1: Tr0penhelm (610 in chips) 
Seat 2: KatySmelly (380 in chips) 
Seat 3: Mahu2021 (510 in chips) 
Tr0penhelm: posts small blind 10
KatySmelly: posts big blind 20
*** HOLE CARDS ***
Dealt to Mahu2021 [Ac 4s]
Mahu2021: raises 20 to 40
Tr0penhelm: folds 
KatySmelly: folds 
Uncalled bet (20) returned to Mahu2021
Mahu2021 collected 50 from pot
Mahu2021: doesn't show hand 
*** SUMMARY ***
Total pot 50 | Rake 0 
Seat 1: Tr0penhelm (small blind) folded before Flop
Seat 2: KatySmelly (big blind) folded before Flop
Seat 3: Mahu2021 (button) collected (50)



PokerStars Hand #243264218828: Tournament #3581469855, $0.92+$0.08 USD Hold'em No Limit - Level II (15/30) - 2023/04/23 10:51:31 CET [2023/04/23 4:51:31 ET]
Table '3581469855 1' 3-max Seat #1 is the button
Seat 1: Tr0penhelm (600 in chips) 
Seat 2: KatySmelly (360 in chips) 
Seat 3: Mahu2021 (540 in chips) 
KatySmelly: posts small blind 15
Mahu2021: posts big blind 30
*** HOLE CARDS ***
Dealt to Mahu2021 [Th 4c]
Tr0penhelm: raises 30 to 60
KatySmelly: raises 300 to 360 and is all-in
Mahu2021: folds 
Tr0penhelm: folds 
Uncalled bet (300) returned to KatySmelly
KatySmelly collected 150 from pot
KatySmelly: doesn't show hand 
*** SUMMARY ***
Total pot 150 | Rake 0 
Seat 1: Tr0penhelm (button) folded before Flop
Seat 2: KatySmelly (small blind) collected (150)
Seat 3: Mahu2021 (big blind) folded before Flop



PokerStars Hand #243264220593: Tournament #3581469855, $0.92+$0.08 USD Hold'em No Limit - Level II (15/30) - 2023/04/23 10:51:44 CET [2023/04/23 4:51:44 ET]
Table '3581469855 1' 3-max Seat #2 is the button
Seat 1: Tr0penhelm (540 in chips) 
Seat 2: KatySmelly (450 in chips) 
Seat 3: Mahu2021 (510 in chips) 
Mahu2021: posts small blind 15
Tr0penhelm: posts big blind 30
*** HOLE CARDS ***
Dealt to Mahu2021 [8s Th]
KatySmelly: folds 
Mahu2021: folds 
Uncalled bet (15) returned to Tr0penhelm
Tr0penhelm collected 30 from pot
Tr0penhelm: doesn't show hand 
*** SUMMARY ***
Total pot 30 | Rake 0 
Seat 1: Tr0penhelm (big blind) collected (30)
Seat 2: KatySmelly (button) folded before Flop (didn't bet)
Seat 3: Mahu2021 (small blind) folded before Flop



PokerStars Hand #243264221966: Tournament #3581469855, $0.92+$0.08 USD Hold'em No Limit - Level II (15/30) - 2023/04/23 10:51:53 CET [2023/04/23 4:51:53 ET]
Table '3581469855 1' 3-max Seat #3 is the button
Seat 1: Tr0penhelm (555 in chips) 
Seat 2: KatySmelly (450 in chips) 
Seat 3: Mahu2021 (495 in chips) 
Tr0penhelm: posts small blind 15
KatySmelly: posts big blind 30
*** HOLE CARDS ***
Dealt to Mahu2021 [2h 3h]
Mahu2021: calls 30
Tr0penhelm: calls 15
KatySmelly: checks 
*** FLOP *** [Ks 2s Tc]
Tr0penhelm: checks 
KatySmelly: checks 
Mahu2021: bets 90
Tr0penhelm: folds 
KatySmelly: folds 
Uncalled bet (90) returned to Mahu2021
Mahu2021 collected 90 from pot
Mahu2021: doesn't show hand 
*** SUMMARY ***
Total pot 90 | Rake 0 
Board [Ks 2s Tc]
Seat 1: Tr0penhelm (small blind) folded on the Flop
Seat 2: KatySmelly (big blind) folded on the Flop
Seat 3: Mahu2021 (button) collected (90)



PokerStars Hand #243264225839: Tournament #3581469855, $0.92+$0.08 USD Hold'em No Limit - Level II (15/30) - 2023/04/23 10:52:21 CET [2023/04/23 4:52:21 ET]
Table '3581469855 1' 3-max Seat #1 is the button
Seat 1: Tr0penhelm (525 in chips) 
Seat 2: KatySmelly (420 in chips) 
Seat 3: Mahu2021 (555 in chips) 
KatySmelly: posts small blind 15
Mahu2021: posts big blind 30
*** HOLE CARDS ***
Dealt to Mahu2021 [5c 6d]
Tr0penhelm: raises 30 to 60
KatySmelly: raises 360 to 420 and is all-in
Mahu2021: folds 
Tr0penhelm: folds 
Uncalled bet (360) returned to KatySmelly
KatySmelly collected 150 from pot
KatySmelly: doesn't show hand 
*** SUMMARY ***
Total pot 150 | Rake 0 
Seat 1: Tr0penhelm (button) folded before Flop
Seat 2: KatySmelly (small blind) collected (150)
Seat 3: Mahu2021 (big blind) folded before Flop



PokerStars Hand #243264227084: Tournament #3581469855, $0.92+$0.08 USD Hold'em No Limit - Level II (15/30) - 2023/04/23 10:52:30 CET [2023/04/23 4:52:30 ET]
Table '3581469855 1' 3-max Seat #2 is the button
Seat 1: Tr0penhelm (465 in chips) 
Seat 2: KatySmelly (510 in chips) 
Seat 3: Mahu2021 (525 in chips) 
Mahu2021: posts small blind 15
Tr0penhelm: posts big blind 30
*** HOLE CARDS ***
Dealt to Mahu2021 [7h 4s]
KatySmelly: folds 
Mahu2021: folds 
Uncalled bet (15) returned to Tr0penhelm
Tr0penhelm collected 30 from pot
Tr0penhelm: doesn't show hand 
*** SUMMARY ***
Total pot 30 | Rake 0 
Seat 1: Tr0penhelm (big blind) collected (30)
Seat 2: KatySmelly (button) folded before Flop (didn't bet)
Seat 3: Mahu2021 (small blind) folded before Flop



PokerStars Hand #243264227732: Tournament #3581469855, $0.92+$0.08 USD Hold'em No Limit - Level II (15/30) - 2023/04/23 10:52:34 CET [2023/04/23 4:52:34 ET]
Table '3581469855 1' 3-max Seat #3 is the button
Seat 1: Tr0penhelm (480 in chips) 
Seat 2: KatySmelly (510 in chips) 
Seat 3: Mahu2021 (510 in chips) 
Tr0penhelm: posts small blind 15
KatySmelly: posts big blind 30
*** HOLE CARDS ***
Dealt to Mahu2021 [4h Ks]
Mahu2021: folds 
Tr0penhelm: folds 
Uncalled bet (15) returned to KatySmelly
KatySmelly collected 30 from pot
KatySmelly: doesn't show hand 
*** SUMMARY ***
Total pot 30 | Rake 0 
Seat 1: Tr0penhelm (small blind) folded before Flop
Seat 2: KatySmelly (big blind) collected (30)
Seat 3: Mahu2021 (button) folded before Flop (didn't bet)



PokerStars Hand #243264228611: Tournament #3581469855, $0.92+$0.08 USD Hold'em No Limit - Level II (15/30) - 2023/04/23 10:52:40 CET [2023/04/23 4:52:40 ET]
Table '3581469855 1' 3-max Seat #1 is the button
Seat 1: Tr0penhelm (465 in chips) 
Seat 2: KatySmelly (525 in chips) 
Seat 3: Mahu2021 (510 in chips) 
KatySmelly: posts small blind 15
Mahu2021: posts big blind 30
*** HOLE CARDS ***
Dealt to Mahu2021 [Jh Td]
Tr0penhelm: folds 
KatySmelly: raises 495 to 525 and is all-in
Mahu2021: folds 
Uncalled bet (495) returned to KatySmelly
KatySmelly collected 60 from pot
KatySmelly: doesn't show hand 
*** SUMMARY ***
Total pot 60 | Rake 0 
Seat 1: Tr0penhelm (button) folded before Flop (didn't bet)
Seat 2: KatySmelly (small blind) collected (60)
Seat 3: Mahu2021 (big blind) folded before Flop



PokerStars Hand #243264229710: Tournament #3581469855, $0.92+$0.08 USD Hold'em No Limit - Level II (15/30) - 2023/04/23 10:52:48 CET [2023/04/23 4:52:48 ET]
Table '3581469855 1' 3-max Seat #2 is the button
Seat 1: Tr0penhelm (465 in chips) 
Seat 2: KatySmelly (555 in chips) 
Seat 3: Mahu2021 (480 in chips) 
Mahu2021: posts small blind 15
Tr0penhelm: posts big blind 30
*** HOLE CARDS ***
Dealt to Mahu2021 [5c 4d]
KatySmelly: folds 
Mahu2021: calls 15
Tr0penhelm: raises 60 to 90
Mahu2021: folds 
Uncalled bet (60) returned to Tr0penhelm
Tr0penhelm collected 60 from pot
Tr0penhelm: doesn't show hand 
*** SUMMARY ***
Total pot 60 | Rake 0 
Seat 1: Tr0penhelm (big blind) collected (60)
Seat 2: KatySmelly (button) folded before Flop (didn't bet)
Seat 3: Mahu2021 (small blind) folded before Flop



PokerStars Hand #243264231006: Tournament #3581469855, $0.92+$0.08 USD Hold'em No Limit - Level II (15/30) - 2023/04/23 10:52:57 CET [2023/04/23 4:52:57 ET]
Table '3581469855 1' 3-max Seat #3 is the button
Seat 1: Tr0penhelm (495 in chips) 
Seat 2: KatySmelly (555 in chips) 
Seat 3: Mahu2021 (450 in chips) 
Tr0penhelm: posts small blind 15
KatySmelly: posts big blind 30
*** HOLE CARDS ***
Dealt to Mahu2021 [Qd 5h]
Mahu2021: folds 
Tr0penhelm: calls 15
KatySmelly: checks 
*** FLOP *** [8h Kc 4s]
Tr0penhelm: checks 
KatySmelly: checks 
*** TURN *** [8h Kc 4s] [Ks]
Tr0penhelm: bets 30
KatySmelly: folds 
Uncalled bet (30) returned to Tr0penhelm
Tr0penhelm collected 60 from pot
Tr0penhelm: doesn't show hand 
*** SUMMARY ***
Total pot 60 | Rake 0 
Board [8h Kc 4s Ks]
Seat 1: Tr0penhelm (small blind) collected (60)
Seat 2: KatySmelly (big blind) folded on the Turn
Seat 3: Mahu2021 (button) folded before Flop (didn't bet)



PokerStars Hand #243264233336: Tournament #3581469855, $0.92+$0.08 USD Hold'em No Limit - Level II (15/30) - 2023/04/23 10:53:13 CET [2023/04/23 4:53:13 ET]
Table '3581469855 1' 3-max Seat #1 is the button
Seat 1: Tr0penhelm (525 in chips) 
Seat 2: KatySmelly (525 in chips) 
Seat 3: Mahu2021 (450 in chips) 
KatySmelly: posts small blind 15
Mahu2021: posts big blind 30
*** HOLE CARDS ***
Dealt to Mahu2021 [Kh Th]
Tr0penhelm: raises 30 to 60
KatySmelly: folds 
Mahu2021: calls 30
*** FLOP *** [3s 7h 9c]
Mahu2021: checks 
Tr0penhelm: bets 45
Mahu2021: calls 45
*** TURN *** [3s 7h 9c] [8c]
Mahu2021: checks 
Tr0penhelm: checks 
*** RIVER *** [3s 7h 9c 8c] [4s]
Mahu2021: checks 
Tr0penhelm: checks 
*** SHOW DOWN ***
Mahu2021: shows [Kh Th] (high card King)
Tr0penhelm: shows [Tc Ad] (high card Ace)
Tr0penhelm collected 225 from pot
*** SUMMARY ***
Total pot 225 | Rake 0 
Board [3s 7h 9c 8c 4s]
Seat 1: Tr0penhelm (button) showed [Tc Ad] and won (225) with high card Ace
Seat 2: KatySmelly (small blind) folded before Flop
Seat 3: Mahu2021 (big blind) showed [Kh Th] and lost with high card King



PokerStars Hand #243264237324: Tournament #3581469855, $0.92+$0.08 USD Hold'em No Limit - Level III (20/40) - 2023/04/23 10:53:41 CET [2023/04/23 4:53:41 ET]
Table '3581469855 1' 3-max Seat #2 is the button
Seat 1: Tr0penhelm (645 in chips) 
Seat 2: KatySmelly (510 in chips) 
Seat 3: Mahu2021 (345 in chips) 
Mahu2021: posts small blind 20
Tr0penhelm: posts big blind 40
*** HOLE CARDS ***
Dealt to Mahu2021 [9d 8h]
KatySmelly: folds 
Mahu2021: calls 20
Tr0penhelm: raises 40 to 80
Mahu2021: calls 40
*** FLOP *** [Ad 8c 3d]
Mahu2021: checks 
Tr0penhelm: bets 50
Mahu2021: folds 
Uncalled bet (50) returned to Tr0penhelm
Tr0penhelm collected 160 from pot
Tr0penhelm: doesn't show hand 
*** SUMMARY ***
Total pot 160 | Rake 0 
Board [Ad 8c 3d]
Seat 1: Tr0penhelm (big blind) collected (160)
Seat 2: KatySmelly (button) folded before Flop (didn't bet)
Seat 3: Mahu2021 (small blind) folded on the Flop



PokerStars Hand #243264239966: Tournament #3581469855, $0.92+$0.08 USD Hold'em No Limit - Level III (20/40) - 2023/04/23 10:54:00 CET [2023/04/23 4:54:00 ET]
Table '3581469855 1' 3-max Seat #3 is the button
Seat 1: Tr0penhelm (725 in chips) 
Seat 2: KatySmelly (510 in chips) 
Seat 3: Mahu2021 (265 in chips) 
Tr0penhelm: posts small blind 20
KatySmelly: posts big blind 40
*** HOLE CARDS ***
Dealt to Mahu2021 [2s Qd]
Mahu2021: folds 
Tr0penhelm: folds 
Uncalled bet (20) returned to KatySmelly
KatySmelly collected 40 from pot
KatySmelly: doesn't show hand 
*** SUMMARY ***
Total pot 40 | Rake 0 
Seat 1: Tr0penhelm (small blind) folded before Flop
Seat 2: KatySmelly (big blind) collected (40)
Seat 3: Mahu2021 (button) folded before Flop (didn't bet)



PokerStars Hand #243264240813: Tournament #3581469855, $0.92+$0.08 USD Hold'em No Limit - Level III (20/40) - 2023/04/23 10:54:06 CET [2023/04/23 4:54:06 ET]
Table '3581469855 1' 3-max Seat #1 is the button
Seat 1: Tr0penhelm (705 in chips) 
Seat 2: KatySmelly (530 in chips) 
Seat 3: Mahu2021 (265 in chips) 
KatySmelly: posts small blind 20
Mahu2021: posts big blind 40
*** HOLE CARDS ***
Dealt to Mahu2021 [Ts 8c]
Tr0penhelm: raises 40 to 80
KatySmelly: folds 
Mahu2021: folds 
Uncalled bet (40) returned to Tr0penhelm
Tr0penhelm collected 100 from pot
Tr0penhelm: doesn't show hand 
*** SUMMARY ***
Total pot 100 | Rake 0 
Seat 1: Tr0penhelm (button) collected (100)
Seat 2: KatySmelly (small blind) folded before Flop
Seat 3: Mahu2021 (big blind) folded before Flop



PokerStars Hand #243264241939: Tournament #3581469855, $0.92+$0.08 USD Hold'em No Limit - Level III (20/40) - 2023/04/23 10:54:13 CET [2023/04/23 4:54:13 ET]
Table '3581469855 1' 3-max Seat #2 is the button
Seat 1: Tr0penhelm (765 in chips) 
Seat 2: KatySmelly (510 in chips) 
Seat 3: Mahu2021 (225 in chips) 
Mahu2021: posts small blind 20
Tr0penhelm: posts big blind 40
*** HOLE CARDS ***
Dealt to Mahu2021 [Kh Qd]
KatySmelly: folds 
Mahu2021: raises 80 to 120
Tr0penhelm: calls 80
*** FLOP *** [Ac 9s 5d]
Mahu2021: bets 105 and is all-in
Tr0penhelm: folds 
Uncalled bet (105) returned to Mahu2021
Mahu2021 collected 240 from pot
Mahu2021: doesn't show hand 
*** SUMMARY ***
Total pot 240 | Rake 0 
Board [Ac 9s 5d]
Seat 1: Tr0penhelm (big blind) folded on the Flop
Seat 2: KatySmelly (button) folded before Flop (didn't bet)
Seat 3: Mahu2021 (small blind) collected (240)



PokerStars Hand #243264244819: Tournament #3581469855, $0.92+$0.08 USD Hold'em No Limit - Level III (20/40) - 2023/04/23 10:54:34 CET [2023/04/23 4:54:34 ET]
Table '3581469855 1' 3-max Seat #3 is the button
Seat 1: Tr0penhelm (645 in chips) 
Seat 2: KatySmelly (510 in chips) 
Seat 3: Mahu2021 (345 in chips) 
Tr0penhelm: posts small blind 20
KatySmelly: posts big blind 40
*** HOLE CARDS ***
Dealt to Mahu2021 [Th Kh]
Mahu2021: raises 40 to 80
Tr0penhelm: folds 
KatySmelly: calls 40
*** FLOP *** [2c Kd 3d]
KatySmelly: checks 
Mahu2021: bets 180
KatySmelly: folds 
Uncalled bet (180) returned to Mahu2021
Mahu2021 collected 180 from pot
Mahu2021: doesn't show hand 
*** SUMMARY ***
Total pot 180 | Rake 0 
Board [2c Kd 3d]
Seat 1: Tr0penhelm (small blind) folded before Flop
Seat 2: KatySmelly (big blind) folded on the Flop
Seat 3: Mahu2021 (button) collected (180)



PokerStars Hand #243264247855: Tournament #3581469855, $0.92+$0.08 USD Hold'em No Limit - Level III (20/40) - 2023/04/23 10:54:55 CET [2023/04/23 4:54:55 ET]
Table '3581469855 1' 3-max Seat #1 is the button
Seat 1: Tr0penhelm (625 in chips) 
Seat 2: KatySmelly (430 in chips) 
Seat 3: Mahu2021 (445 in chips) 
KatySmelly: posts small blind 20
Mahu2021: posts big blind 40
*** HOLE CARDS ***
Dealt to Mahu2021 [4s 2d]
Tr0penhelm: raises 40 to 80
KatySmelly: folds 
Mahu2021: folds 
Uncalled bet (40) returned to Tr0penhelm
Tr0penhelm collected 100 from pot
Tr0penhelm: doesn't show hand 
*** SUMMARY ***
Total pot 100 | Rake 0 
Seat 1: Tr0penhelm (button) collected (100)
Seat 2: KatySmelly (small blind) folded before Flop
Seat 3: Mahu2021 (big blind) folded before Flop



PokerStars Hand #243264248891: Tournament #3581469855, $0.92+$0.08 USD Hold'em No Limit - Level III (20/40) - 2023/04/23 10:55:02 CET [2023/04/23 4:55:02 ET]
Table '3581469855 1' 3-max Seat #2 is the button
Seat 1: Tr0penhelm (685 in chips) 
Seat 2: KatySmelly (410 in chips) 
Seat 3: Mahu2021 (405 in chips) 
Mahu2021: posts small blind 20
Tr0penhelm: posts big blind 40
*** HOLE CARDS ***
Dealt to Mahu2021 [7c 7d]
KatySmelly: raises 370 to 410 and is all-in
Mahu2021: calls 385 and is all-in
Tr0penhelm: folds 
Uncalled bet (5) returned to KatySmelly
*** FLOP *** [5h Qc 9d]
*** TURN *** [5h Qc 9d] [5d]
*** RIVER *** [5h Qc 9d 5d] [7s]
*** SHOW DOWN ***
Mahu2021: shows [7c 7d] (a full house, Sevens full of Fives)
KatySmelly: shows [Qd Jc] (two pair, Queens and Fives)
Mahu2021 collected 850 from pot
*** SUMMARY ***
Total pot 850 | Rake 0 
Board [5h Qc 9d 5d 7s]
Seat 1: Tr0penhelm (big blind) folded before Flop
Seat 2: KatySmelly (button) showed [Qd Jc] and lost with two pair, Queens and Fives
Seat 3: Mahu2021 (small blind) showed [7c 7d] and won (850) with a full house, Sevens full of Fives



PokerStars Hand #243264250482: Tournament #3581469855, $0.92+$0.08 USD Hold'em No Limit - Level III (20/40) - 2023/04/23 10:55:15 CET [2023/04/23 4:55:15 ET]
Table '3581469855 1' 3-max Seat #3 is the button
Seat 1: Tr0penhelm (645 in chips) 
Seat 2: KatySmelly (5 in chips) 
Seat 3: Mahu2021 (850 in chips) 
Tr0penhelm: posts small blind 20
KatySmelly: posts big blind 5 and is all-in
*** HOLE CARDS ***
Dealt to Mahu2021 [Kh 3c]
Mahu2021: folds 
Uncalled bet (15) returned to Tr0penhelm
*** FLOP *** [Ad 8d 9h]
*** TURN *** [Ad 8d 9h] [Td]
*** RIVER *** [Ad 8d 9h Td] [5d]
*** SHOW DOWN ***
Tr0penhelm: shows [6h 6d] (a flush, Ace high)
KatySmelly: shows [3h 7h] (high card Ace)
Tr0penhelm collected 10 from pot
KatySmelly finished the tournament in 3rd place
*** SUMMARY ***
Total pot 10 | Rake 0 
Board [Ad 8d 9h Td 5d]
Seat 1: Tr0penhelm (small blind) showed [6h 6d] and won (10) with a flush, Ace high
Seat 2: KatySmelly (big blind) showed [3h 7h] and lost with high card Ace
Seat 3: Mahu2021 (button) folded before Flop (didn't bet)



PokerStars Hand #243264252257: Tournament #3581469855, $0.92+$0.08 USD Hold'em No Limit - Level IV (30/60) - 2023/04/23 10:55:29 CET [2023/04/23 4:55:29 ET]
Table '3581469855 1' 3-max Seat #1 is the button
Seat 1: Tr0penhelm (650 in chips) 
Seat 3: Mahu2021 (850 in chips) 
Tr0penhelm: posts small blind 30
Mahu2021: posts big blind 60
*** HOLE CARDS ***
Dealt to Mahu2021 [2d 3h]
Tr0penhelm: raises 60 to 120
Mahu2021: folds 
Uncalled bet (60) returned to Tr0penhelm
Tr0penhelm collected 120 from pot
Tr0penhelm: doesn't show hand 
*** SUMMARY ***
Total pot 120 | Rake 0 
Seat 1: Tr0penhelm (button) (small blind) collected (120)
Seat 3: Mahu2021 (big blind) folded before Flop



PokerStars Hand #243264253262: Tournament #3581469855, $0.92+$0.08 USD Hold'em No Limit - Level IV (30/60) - 2023/04/23 10:55:38 CET [2023/04/23 4:55:38 ET]
Table '3581469855 1' 3-max Seat #3 is the button
Seat 1: Tr0penhelm (710 in chips) 
Seat 3: Mahu2021 (790 in chips) 
Mahu2021: posts small blind 30
Tr0penhelm: posts big blind 60
*** HOLE CARDS ***
Dealt to Mahu2021 [2h 3h]
Mahu2021: calls 30
Tr0penhelm: raises 300 to 360
Mahu2021: folds 
Uncalled bet (300) returned to Tr0penhelm
Tr0penhelm collected 120 from pot
Tr0penhelm: doesn't show hand 
*** SUMMARY ***
Total pot 120 | Rake 0 
Seat 1: Tr0penhelm (big blind) collected (120)
Seat 3: Mahu2021 (button) (small blind) folded before Flop



PokerStars Hand #243264254466: Tournament #3581469855, $0.92+$0.08 USD Hold'em No Limit - Level IV (30/60) - 2023/04/23 10:55:48 CET [2023/04/23 4:55:48 ET]
Table '3581469855 1' 3-max Seat #1 is the button
Seat 1: Tr0penhelm (770 in chips) 
Seat 3: Mahu2021 (730 in chips) 
Tr0penhelm: posts small blind 30
Mahu2021: posts big blind 60
*** HOLE CARDS ***
Dealt to Mahu2021 [6h Qd]
Tr0penhelm: folds 
Uncalled bet (30) returned to Mahu2021
Mahu2021 collected 60 from pot
Mahu2021: doesn't show hand 
*** SUMMARY ***
Total pot 60 | Rake 0 
Seat 1: Tr0penhelm (button) (small blind) folded before Flop
Seat 3: Mahu2021 (big blind) collected (60)



PokerStars Hand #243264255015: Tournament #3581469855, $0.92+$0.08 USD Hold'em No Limit - Level IV (30/60) - 2023/04/23 10:55:53 CET [2023/04/23 4:55:53 ET]
Table '3581469855 1' 3-max Seat #3 is the button
Seat 1: Tr0penhelm (740 in chips) 
Seat 3: Mahu2021 (760 in chips) 
Mahu2021: posts small blind 30
Tr0penhelm: posts big blind 60
*** HOLE CARDS ***
Dealt to Mahu2021 [6c 2c]
Mahu2021: folds 
Uncalled bet (30) returned to Tr0penhelm
Tr0penhelm collected 60 from pot
Tr0penhelm: doesn't show hand 
*** SUMMARY ***
Total pot 60 | Rake 0 
Seat 1: Tr0penhelm (big blind) collected (60)
Seat 3: Mahu2021 (button) (small blind) folded before Flop



PokerStars Hand #243264255540: Tournament #3581469855, $0.92+$0.08 USD Hold'em No Limit - Level IV (30/60) - 2023/04/23 10:55:57 CET [2023/04/23 4:55:57 ET]
Table '3581469855 1' 3-max Seat #1 is the button
Seat 1: Tr0penhelm (770 in chips) 
Seat 3: Mahu2021 (730 in chips) 
Tr0penhelm: posts small blind 30
Mahu2021: posts big blind 60
*** HOLE CARDS ***
Dealt to Mahu2021 [Ks 9h]
Tr0penhelm: raises 60 to 120
Mahu2021: calls 60
*** FLOP *** [Ts Qd Qh]
Mahu2021: checks 
Tr0penhelm: bets 650 and is all-in
Mahu2021: folds 
Uncalled bet (650) returned to Tr0penhelm
Tr0penhelm collected 240 from pot
Tr0penhelm: doesn't show hand 
*** SUMMARY ***
Total pot 240 | Rake 0 
Board [Ts Qd Qh]
Seat 1: Tr0penhelm (button) (small blind) collected (240)
Seat 3: Mahu2021 (big blind) folded on the Flop



PokerStars Hand #243264257151: Tournament #3581469855, $0.92+$0.08 USD Hold'em No Limit - Level IV (30/60) - 2023/04/23 10:56:11 CET [2023/04/23 4:56:11 ET]
Table '3581469855 1' 3-max Seat #3 is the button
Seat 1: Tr0penhelm (890 in chips) 
Seat 3: Mahu2021 (610 in chips) 
Mahu2021: posts small blind 30
Tr0penhelm: posts big blind 60
*** HOLE CARDS ***
Dealt to Mahu2021 [Jc 3d]
Mahu2021: folds 
Uncalled bet (30) returned to Tr0penhelm
Tr0penhelm collected 60 from pot
Tr0penhelm: doesn't show hand 
*** SUMMARY ***
Total pot 60 | Rake 0 
Seat 1: Tr0penhelm (big blind) collected (60)
Seat 3: Mahu2021 (button) (small blind) folded before Flop



PokerStars Hand #243264257737: Tournament #3581469855, $0.92+$0.08 USD Hold'em No Limit - Level IV (30/60) - 2023/04/23 10:56:15 CET [2023/04/23 4:56:15 ET]
Table '3581469855 1' 3-max Seat #1 is the button
Seat 1: Tr0penhelm (920 in chips) 
Seat 3: Mahu2021 (580 in chips) 
Tr0penhelm: posts small blind 30
Mahu2021: posts big blind 60
*** HOLE CARDS ***
Dealt to Mahu2021 [Ac 7h]
Tr0penhelm: raises 60 to 120
Mahu2021: calls 60
*** FLOP *** [6c 3h 3d]
Mahu2021: checks 
Tr0penhelm: checks 
*** TURN *** [6c 3h 3d] [4s]
Mahu2021: bets 460 and is all-in
Tr0penhelm: folds 
Uncalled bet (460) returned to Mahu2021
Mahu2021 collected 240 from pot
Mahu2021: doesn't show hand 
*** SUMMARY ***
Total pot 240 | Rake 0 
Board [6c 3h 3d 4s]
Seat 1: Tr0penhelm (button) (small blind) folded on the Turn
Seat 3: Mahu2021 (big blind) collected (240)



PokerStars Hand #243264259293: Tournament #3581469855, $0.92+$0.08 USD Hold'em No Limit - Level IV (30/60) - 2023/04/23 10:56:28 CET [2023/04/23 4:56:28 ET]
Table '3581469855 1' 3-max Seat #3 is the button
Seat 1: Tr0penhelm (800 in chips) 
Seat 3: Mahu2021 (700 in chips) 
Mahu2021: posts small blind 30
Tr0penhelm: posts big blind 60
*** HOLE CARDS ***
Dealt to Mahu2021 [4h Td]
Mahu2021: folds 
Uncalled bet (30) returned to Tr0penhelm
Tr0penhelm collected 60 from pot
Tr0penhelm: doesn't show hand 
*** SUMMARY ***
Total pot 60 | Rake 0 
Seat 1: Tr0penhelm (big blind) collected (60)
Seat 3: Mahu2021 (button) (small blind) folded before Flop



PokerStars Hand #243264259889: Tournament #3581469855, $0.92+$0.08 USD Hold'em No Limit - Level IV (30/60) - 2023/04/23 10:56:33 CET [2023/04/23 4:56:33 ET]
Table '3581469855 1' 3-max Seat #1 is the button
Seat 1: Tr0penhelm (830 in chips) 
Seat 3: Mahu2021 (670 in chips) 
Tr0penhelm: posts small blind 30
Mahu2021: posts big blind 60
*** HOLE CARDS ***
Dealt to Mahu2021 [Ks Th]
Tr0penhelm: raises 60 to 120
Mahu2021: calls 60
*** FLOP *** [3s Qs Kh]
Mahu2021: bets 240
Tr0penhelm: folds 
Uncalled bet (240) returned to Mahu2021
Mahu2021 collected 240 from pot
Mahu2021: doesn't show hand 
*** SUMMARY ***
Total pot 240 | Rake 0 
Board [3s Qs Kh]
Seat 1: Tr0penhelm (button) (small blind) folded on the Flop
Seat 3: Mahu2021 (big blind) collected (240)



PokerStars Hand #243264261244: Tournament #3581469855, $0.92+$0.08 USD Hold'em No Limit - Level IV (30/60) - 2023/04/23 10:56:44 CET [2023/04/23 4:56:44 ET]
Table '3581469855 1' 3-max Seat #3 is the button
Seat 1: Tr0penhelm (710 in chips) 
Seat 3: Mahu2021 (790 in chips) 
Mahu2021: posts small blind 30
Tr0penhelm: posts big blind 60
*** HOLE CARDS ***
Dealt to Mahu2021 [6h 9c]
Mahu2021: folds 
Uncalled bet (30) returned to Tr0penhelm
Tr0penhelm collected 60 from pot
Tr0penhelm: doesn't show hand 
*** SUMMARY ***
Total pot 60 | Rake 0 
Seat 1: Tr0penhelm (big blind) collected (60)
Seat 3: Mahu2021 (button) (small blind) folded before Flop



PokerStars Hand #243264261779: Tournament #3581469855, $0.92+$0.08 USD Hold'em No Limit - Level IV (30/60) - 2023/04/23 10:56:49 CET [2023/04/23 4:56:49 ET]
Table '3581469855 1' 3-max Seat #1 is the button
Seat 1: Tr0penhelm (740 in chips) 
Seat 3: Mahu2021 (760 in chips) 
Tr0penhelm: posts small blind 30
Mahu2021: posts big blind 60
*** HOLE CARDS ***
Dealt to Mahu2021 [7c Jh]
Tr0penhelm: raises 60 to 120
Mahu2021: calls 60
*** FLOP *** [2c Ts 5c]
Mahu2021: checks 
Tr0penhelm: bets 90
Mahu2021: folds 
Uncalled bet (90) returned to Tr0penhelm
Tr0penhelm collected 240 from pot
Tr0penhelm: doesn't show hand 
*** SUMMARY ***
Total pot 240 | Rake 0 
Board [2c Ts 5c]
Seat 1: Tr0penhelm (button) (small blind) collected (240)
Seat 3: Mahu2021 (big blind) folded on the Flop



PokerStars Hand #243264263397: Tournament #3581469855, $0.92+$0.08 USD Hold'em No Limit - Level IV (30/60) - 2023/04/23 10:57:02 CET [2023/04/23 4:57:02 ET]
Table '3581469855 1' 3-max Seat #3 is the button
Seat 1: Tr0penhelm (860 in chips) 
Seat 3: Mahu2021 (640 in chips) 
Mahu2021: posts small blind 30
Tr0penhelm: posts big blind 60
*** HOLE CARDS ***
Dealt to Mahu2021 [Qc 9h]
Mahu2021: raises 60 to 120
Tr0penhelm: calls 60
*** FLOP *** [Ad 7d 4s]
Tr0penhelm: bets 100
Mahu2021: folds 
Uncalled bet (100) returned to Tr0penhelm
Tr0penhelm collected 240 from pot
Tr0penhelm: doesn't show hand 
*** SUMMARY ***
Total pot 240 | Rake 0 
Board [Ad 7d 4s]
Seat 1: Tr0penhelm (big blind) collected (240)
Seat 3: Mahu2021 (button) (small blind) folded on the Flop



PokerStars Hand #243264265131: Tournament #3581469855, $0.92+$0.08 USD Hold'em No Limit - Level IV (30/60) - 2023/04/23 10:57:16 CET [2023/04/23 4:57:16 ET]
Table '3581469855 1' 3-max Seat #1 is the button
Seat 1: Tr0penhelm (980 in chips) 
Seat 3: Mahu2021 (520 in chips) 
Tr0penhelm: posts small blind 30
Mahu2021: posts big blind 60
*** HOLE CARDS ***
Dealt to Mahu2021 [6c Th]
Tr0penhelm: raises 60 to 120
Mahu2021: folds 
Uncalled bet (60) returned to Tr0penhelm
Tr0penhelm collected 120 from pot
Tr0penhelm: doesn't show hand 
*** SUMMARY ***
Total pot 120 | Rake 0 
Seat 1: Tr0penhelm (button) (small blind) collected (120)
Seat 3: Mahu2021 (big blind) folded before Flop



PokerStars Hand #243264266231: Tournament #3581469855, $0.92+$0.08 USD Hold'em No Limit - Level V (40/80) - 2023/04/23 10:57:25 CET [2023/04/23 4:57:25 ET]
Table '3581469855 1' 3-max Seat #3 is the button
Seat 1: Tr0penhelm (1040 in chips) 
Seat 3: Mahu2021 (460 in chips) 
Mahu2021: posts small blind 40
Tr0penhelm: posts big blind 80
*** HOLE CARDS ***
Dealt to Mahu2021 [Kc 5d]
Mahu2021: raises 380 to 460 and is all-in
Tr0penhelm: folds 
Uncalled bet (380) returned to Mahu2021
Mahu2021 collected 160 from pot
Mahu2021: doesn't show hand 
*** SUMMARY ***
Total pot 160 | Rake 0 
Seat 1: Tr0penhelm (big blind) folded before Flop
Seat 3: Mahu2021 (button) (small blind) collected (160)



PokerStars Hand #243264267259: Tournament #3581469855, $0.92+$0.08 USD Hold'em No Limit - Level V (40/80) - 2023/04/23 10:57:34 CET [2023/04/23 4:57:34 ET]
Table '3581469855 1' 3-max Seat #1 is the button
Seat 1: Tr0penhelm (960 in chips) 
Seat 3: Mahu2021 (540 in chips) 
Tr0penhelm: posts small blind 40
Mahu2021: posts big blind 80
*** HOLE CARDS ***
Dealt to Mahu2021 [Js Ks]
Tr0penhelm: raises 880 to 960 and is all-in
Mahu2021: calls 460 and is all-in
Uncalled bet (420) returned to Tr0penhelm
*** FLOP *** [Tc 4c 7d]
*** TURN *** [Tc 4c 7d] [3c]
*** RIVER *** [Tc 4c 7d 3c] [As]
*** SHOW DOWN ***
Mahu2021: shows [Js Ks] (high card Ace)
Tr0penhelm: shows [2h 2s] (a pair of Deuces)
Tr0penhelm collected 1080 from pot
Mahu2021 finished the tournament in 2nd place
Tr0penhelm wins the tournament and receives $2.00 - congratulations!
*** SUMMARY ***
Total pot 1080 | Rake 0 
Board [Tc 4c 7d 3c As]
Seat 1: Tr0penhelm (button) (small blind) showed [2h 2s] and won (1080) with a pair of Deuces
Seat 3: Mahu2021 (big blind) showed [Js Ks] and lost with high card Ace



