PokerStars Hand #245217398140: Tournament #3627188307, $0.92+$0.08 USD Hold'em No Limit - Level I (10/20) - 2023/08/05 17:12:35 CET [2023/08/05 11:12:35 ET]
Table '3627188307 1' 3-max Seat #1 is the button
Seat 1: Mahu2021 (500 in chips) 
Seat 2: <3 miku (500 in chips) 
Seat 3: patrick7782 (500 in chips) 
<3 miku: posts small blind 10
patrick7782: posts big blind 20
*** HOLE CARDS ***
Dealt to Mahu2021 [9c Kd]
Mahu2021: calls 20
<3 miku: calls 10
patrick7782: checks 
*** FLOP *** [6s 9d Qd]
<3 miku: checks 
patrick7782: bets 20
Mahu2021: calls 20
<3 miku: folds 
*** TURN *** [6s 9d Qd] [Ks]
patrick7782: bets 20
Mahu2021: raises 40 to 60
patrick7782: folds 
Uncalled bet (40) returned to Mahu2021
Mahu2021 collected 140 from pot
Mahu2021: doesn't show hand 
*** SUMMARY ***
Total pot 140 | Rake 0 
Board [6s 9d Qd Ks]
Seat 1: Mahu2021 (button) collected (140)
Seat 2: <3 miku (small blind) folded on the Flop
Seat 3: patrick7782 (big blind) folded on the Turn



PokerStars Hand #245217406325: Tournament #3627188307, $0.92+$0.08 USD Hold'em No Limit - Level I (10/20) - 2023/08/05 17:13:04 CET [2023/08/05 11:13:04 ET]
Table '3627188307 1' 3-max Seat #2 is the button
Seat 1: Mahu2021 (580 in chips) 
Seat 2: <3 miku (480 in chips) 
Seat 3: patrick7782 (440 in chips) 
patrick7782: posts small blind 10
Mahu2021: posts big blind 20
*** HOLE CARDS ***
Dealt to Mahu2021 [As 5d]
<3 miku: folds 
patrick7782: folds 
Uncalled bet (10) returned to Mahu2021
Mahu2021 collected 20 from pot
Mahu2021: doesn't show hand 
*** SUMMARY ***
Total pot 20 | Rake 0 
Seat 1: Mahu2021 (big blind) collected (20)
Seat 2: <3 miku (button) folded before Flop (didn't bet)
Seat 3: patrick7782 (small blind) folded before Flop



PokerStars Hand #245217408497: Tournament #3627188307, $0.92+$0.08 USD Hold'em No Limit - Level I (10/20) - 2023/08/05 17:13:12 CET [2023/08/05 11:13:12 ET]
Table '3627188307 1' 3-max Seat #3 is the button
Seat 1: Mahu2021 (590 in chips) 
Seat 2: <3 miku (480 in chips) 
Seat 3: patrick7782 (430 in chips) 
Mahu2021: posts small blind 10
<3 miku: posts big blind 20
*** HOLE CARDS ***
Dealt to Mahu2021 [Qs 2d]
patrick7782: folds 
Mahu2021: folds 
Uncalled bet (10) returned to <3 miku
<3 miku collected 20 from pot
*** SUMMARY ***
Total pot 20 | Rake 0 
Seat 1: Mahu2021 (small blind) folded before Flop
Seat 2: <3 miku (big blind) collected (20)
Seat 3: patrick7782 (button) folded before Flop (didn't bet)



PokerStars Hand #245217410206: Tournament #3627188307, $0.92+$0.08 USD Hold'em No Limit - Level I (10/20) - 2023/08/05 17:13:18 CET [2023/08/05 11:13:18 ET]
Table '3627188307 1' 3-max Seat #1 is the button
Seat 1: Mahu2021 (580 in chips) 
Seat 2: <3 miku (490 in chips) 
Seat 3: patrick7782 (430 in chips) 
<3 miku: posts small blind 10
patrick7782: posts big blind 20
*** HOLE CARDS ***
Dealt to Mahu2021 [3h 2d]
Mahu2021: folds 
<3 miku: raises 20 to 40
patrick7782: calls 20
*** FLOP *** [Ts 7h 8c]
<3 miku: checks 
patrick7782: bets 40
<3 miku: folds 
Uncalled bet (40) returned to patrick7782
patrick7782 collected 80 from pot
patrick7782: doesn't show hand 
*** SUMMARY ***
Total pot 80 | Rake 0 
Board [Ts 7h 8c]
Seat 1: Mahu2021 (button) folded before Flop (didn't bet)
Seat 2: <3 miku (small blind) folded on the Flop
Seat 3: patrick7782 (big blind) collected (80)



PokerStars Hand #245217415143: Tournament #3627188307, $0.92+$0.08 USD Hold'em No Limit - Level I (10/20) - 2023/08/05 17:13:36 CET [2023/08/05 11:13:36 ET]
Table '3627188307 1' 3-max Seat #2 is the button
Seat 1: Mahu2021 (580 in chips) 
Seat 2: <3 miku (450 in chips) 
Seat 3: patrick7782 (470 in chips) 
patrick7782: posts small blind 10
Mahu2021: posts big blind 20
*** HOLE CARDS ***
Dealt to Mahu2021 [Tc Ad]
<3 miku: folds 
patrick7782: folds 
Uncalled bet (10) returned to Mahu2021
Mahu2021 collected 20 from pot
Mahu2021: doesn't show hand 
*** SUMMARY ***
Total pot 20 | Rake 0 
Seat 1: Mahu2021 (big blind) collected (20)
Seat 2: <3 miku (button) folded before Flop (didn't bet)
Seat 3: patrick7782 (small blind) folded before Flop



PokerStars Hand #245217418451: Tournament #3627188307, $0.92+$0.08 USD Hold'em No Limit - Level I (10/20) - 2023/08/05 17:13:48 CET [2023/08/05 11:13:48 ET]
Table '3627188307 1' 3-max Seat #3 is the button
Seat 1: Mahu2021 (590 in chips) 
Seat 2: <3 miku (450 in chips) 
Seat 3: patrick7782 (460 in chips) 
Mahu2021: posts small blind 10
<3 miku: posts big blind 20
*** HOLE CARDS ***
Dealt to Mahu2021 [4d 3c]
patrick7782: calls 20
Mahu2021: calls 10
<3 miku: checks 
*** FLOP *** [3s 7h 8s]
Mahu2021: checks 
<3 miku: checks 
patrick7782: checks 
*** TURN *** [3s 7h 8s] [8h]
Mahu2021: bets 40
<3 miku: calls 40
patrick7782: calls 40
*** RIVER *** [3s 7h 8s 8h] [Td]
Mahu2021: checks 
<3 miku: bets 100
patrick7782: folds 
Mahu2021: folds 
Uncalled bet (100) returned to <3 miku
<3 miku collected 180 from pot
*** SUMMARY ***
Total pot 180 | Rake 0 
Board [3s 7h 8s 8h Td]
Seat 1: Mahu2021 (small blind) folded on the River
Seat 2: <3 miku (big blind) collected (180)
Seat 3: patrick7782 (button) folded on the River



PokerStars Hand #245217429434: Tournament #3627188307, $0.92+$0.08 USD Hold'em No Limit - Level I (10/20) - 2023/08/05 17:14:27 CET [2023/08/05 11:14:27 ET]
Table '3627188307 1' 3-max Seat #1 is the button
Seat 1: Mahu2021 (530 in chips) 
Seat 2: <3 miku (570 in chips) 
Seat 3: patrick7782 (400 in chips) 
<3 miku: posts small blind 10
patrick7782: posts big blind 20
*** HOLE CARDS ***
Dealt to Mahu2021 [2c 9h]
Mahu2021: folds 
<3 miku: raises 20 to 40
patrick7782: calls 20
*** FLOP *** [Kc 8c 4s]
<3 miku: checks 
patrick7782: checks 
*** TURN *** [Kc 8c 4s] [6c]
<3 miku: bets 20
patrick7782: calls 20
*** RIVER *** [Kc 8c 4s 6c] [9d]
<3 miku: bets 40
patrick7782: folds 
Uncalled bet (40) returned to <3 miku
<3 miku collected 120 from pot
*** SUMMARY ***
Total pot 120 | Rake 0 
Board [Kc 8c 4s 6c 9d]
Seat 1: Mahu2021 (button) folded before Flop (didn't bet)
Seat 2: <3 miku (small blind) collected (120)
Seat 3: patrick7782 (big blind) folded on the River



PokerStars Hand #245217435941: Tournament #3627188307, $0.92+$0.08 USD Hold'em No Limit - Level II (15/30) - 2023/08/05 17:14:50 CET [2023/08/05 11:14:50 ET]
Table '3627188307 1' 3-max Seat #2 is the button
Seat 1: Mahu2021 (530 in chips) 
Seat 2: <3 miku (630 in chips) 
Seat 3: patrick7782 (340 in chips) 
patrick7782: posts small blind 15
Mahu2021: posts big blind 30
*** HOLE CARDS ***
Dealt to Mahu2021 [7c Qd]
<3 miku: raises 30 to 60
patrick7782: calls 45
Mahu2021: calls 30
*** FLOP *** [Td 4d Kc]
patrick7782: bets 120
Mahu2021: folds 
<3 miku: calls 120
*** TURN *** [Td 4d Kc] [8h]
patrick7782: bets 160 and is all-in
<3 miku: calls 160
*** RIVER *** [Td 4d Kc 8h] [Ad]
*** SHOW DOWN ***
patrick7782: shows [9c Jc] (high card Ace)
<3 miku: shows [As 4h] (two pair, Aces and Fours)
<3 miku collected 740 from pot
patrick7782 finished the tournament in 3rd place
*** SUMMARY ***
Total pot 740 | Rake 0 
Board [Td 4d Kc 8h Ad]
Seat 1: Mahu2021 (big blind) folded on the Flop
Seat 2: <3 miku (button) showed [As 4h] and won (740) with two pair, Aces and Fours
Seat 3: patrick7782 (small blind) showed [9c Jc] and lost with high card Ace



PokerStars Hand #245217444159: Tournament #3627188307, $0.92+$0.08 USD Hold'em No Limit - Level II (15/30) - 2023/08/05 17:15:19 CET [2023/08/05 11:15:19 ET]
Table '3627188307 1' 3-max Seat #1 is the button
Seat 1: Mahu2021 (470 in chips) 
Seat 2: <3 miku (1030 in chips) 
Mahu2021: posts small blind 15
<3 miku: posts big blind 30
*** HOLE CARDS ***
Dealt to Mahu2021 [Js Qh]
Mahu2021: raises 30 to 60
<3 miku: calls 30
*** FLOP *** [6h Ah 2c]
<3 miku: checks 
Mahu2021: bets 60
<3 miku: folds 
Uncalled bet (60) returned to Mahu2021
Mahu2021 collected 120 from pot
Mahu2021: doesn't show hand 
*** SUMMARY ***
Total pot 120 | Rake 0 
Board [6h Ah 2c]
Seat 1: Mahu2021 (button) (small blind) collected (120)
Seat 2: <3 miku (big blind) folded on the Flop



PokerStars Hand #245217447304: Tournament #3627188307, $0.92+$0.08 USD Hold'em No Limit - Level II (15/30) - 2023/08/05 17:15:30 CET [2023/08/05 11:15:30 ET]
Table '3627188307 1' 3-max Seat #2 is the button
Seat 1: Mahu2021 (530 in chips) 
Seat 2: <3 miku (970 in chips) 
<3 miku: posts small blind 15
Mahu2021: posts big blind 30
*** HOLE CARDS ***
Dealt to Mahu2021 [Jh 8d]
<3 miku: folds 
Uncalled bet (15) returned to Mahu2021
Mahu2021 collected 30 from pot
Mahu2021: doesn't show hand 
*** SUMMARY ***
Total pot 30 | Rake 0 
Seat 1: Mahu2021 (big blind) collected (30)
Seat 2: <3 miku (button) (small blind) folded before Flop



PokerStars Hand #245217448351: Tournament #3627188307, $0.92+$0.08 USD Hold'em No Limit - Level II (15/30) - 2023/08/05 17:15:34 CET [2023/08/05 11:15:34 ET]
Table '3627188307 1' 3-max Seat #1 is the button
Seat 1: Mahu2021 (545 in chips) 
Seat 2: <3 miku (955 in chips) 
Mahu2021: posts small blind 15
<3 miku: posts big blind 30
*** HOLE CARDS ***
Dealt to Mahu2021 [9h 4c]
Mahu2021: folds 
Uncalled bet (15) returned to <3 miku
<3 miku collected 30 from pot
*** SUMMARY ***
Total pot 30 | Rake 0 
Seat 1: Mahu2021 (button) (small blind) folded before Flop
Seat 2: <3 miku (big blind) collected (30)



PokerStars Hand #245217449825: Tournament #3627188307, $0.92+$0.08 USD Hold'em No Limit - Level II (15/30) - 2023/08/05 17:15:39 CET [2023/08/05 11:15:39 ET]
Table '3627188307 1' 3-max Seat #2 is the button
Seat 1: Mahu2021 (530 in chips) 
Seat 2: <3 miku (970 in chips) 
<3 miku: posts small blind 15
Mahu2021: posts big blind 30
*** HOLE CARDS ***
Dealt to Mahu2021 [9h Js]
<3 miku: raises 60 to 90
Mahu2021: calls 60
*** FLOP *** [2d 4s Qh]
Mahu2021: checks 
<3 miku: bets 60
Mahu2021: folds 
Uncalled bet (60) returned to <3 miku
<3 miku collected 180 from pot
*** SUMMARY ***
Total pot 180 | Rake 0 
Board [2d 4s Qh]
Seat 1: Mahu2021 (big blind) folded on the Flop
Seat 2: <3 miku (button) (small blind) collected (180)



PokerStars Hand #245217452828: Tournament #3627188307, $0.92+$0.08 USD Hold'em No Limit - Level II (15/30) - 2023/08/05 17:15:49 CET [2023/08/05 11:15:49 ET]
Table '3627188307 1' 3-max Seat #1 is the button
Seat 1: Mahu2021 (440 in chips) 
Seat 2: <3 miku (1060 in chips) 
Mahu2021: posts small blind 15
<3 miku: posts big blind 30
*** HOLE CARDS ***
Dealt to Mahu2021 [5d 9c]
Mahu2021: folds 
Uncalled bet (15) returned to <3 miku
<3 miku collected 30 from pot
*** SUMMARY ***
Total pot 30 | Rake 0 
Seat 1: Mahu2021 (button) (small blind) folded before Flop
Seat 2: <3 miku (big blind) collected (30)



PokerStars Hand #245217454151: Tournament #3627188307, $0.92+$0.08 USD Hold'em No Limit - Level II (15/30) - 2023/08/05 17:15:54 CET [2023/08/05 11:15:54 ET]
Table '3627188307 1' 3-max Seat #2 is the button
Seat 1: Mahu2021 (425 in chips) 
Seat 2: <3 miku (1075 in chips) 
<3 miku: posts small blind 15
Mahu2021: posts big blind 30
*** HOLE CARDS ***
Dealt to Mahu2021 [8c Ks]
<3 miku: raises 30 to 60
Mahu2021: calls 30
*** FLOP *** [Tc 4d 9d]
Mahu2021: checks 
<3 miku: bets 60
Mahu2021: calls 60
*** TURN *** [Tc 4d 9d] [2s]
Mahu2021: checks 
<3 miku: bets 60
Mahu2021: raises 245 to 305 and is all-in
<3 miku: folds 
Uncalled bet (245) returned to Mahu2021
Mahu2021 collected 360 from pot
Mahu2021: doesn't show hand 
*** SUMMARY ***
Total pot 360 | Rake 0 
Board [Tc 4d 9d 2s]
Seat 1: Mahu2021 (big blind) collected (360)
Seat 2: <3 miku (button) (small blind) folded on the Turn



PokerStars Hand #245217458449: Tournament #3627188307, $0.92+$0.08 USD Hold'em No Limit - Level II (15/30) - 2023/08/05 17:16:09 CET [2023/08/05 11:16:09 ET]
Table '3627188307 1' 3-max Seat #1 is the button
Seat 1: Mahu2021 (605 in chips) 
Seat 2: <3 miku (895 in chips) 
Mahu2021: posts small blind 15
<3 miku: posts big blind 30
*** HOLE CARDS ***
Dealt to Mahu2021 [2h Th]
Mahu2021: folds 
Uncalled bet (15) returned to <3 miku
<3 miku collected 30 from pot
*** SUMMARY ***
Total pot 30 | Rake 0 
Seat 1: Mahu2021 (button) (small blind) folded before Flop
Seat 2: <3 miku (big blind) collected (30)



PokerStars Hand #245217459776: Tournament #3627188307, $0.92+$0.08 USD Hold'em No Limit - Level II (15/30) - 2023/08/05 17:16:14 CET [2023/08/05 11:16:14 ET]
Table '3627188307 1' 3-max Seat #2 is the button
Seat 1: Mahu2021 (590 in chips) 
Seat 2: <3 miku (910 in chips) 
<3 miku: posts small blind 15
Mahu2021: posts big blind 30
*** HOLE CARDS ***
Dealt to Mahu2021 [2c Kh]
<3 miku: raises 60 to 90
Mahu2021: folds 
Uncalled bet (60) returned to <3 miku
<3 miku collected 60 from pot
*** SUMMARY ***
Total pot 60 | Rake 0 
Seat 1: Mahu2021 (big blind) folded before Flop
Seat 2: <3 miku (button) (small blind) collected (60)



PokerStars Hand #245217461364: Tournament #3627188307, $0.92+$0.08 USD Hold'em No Limit - Level II (15/30) - 2023/08/05 17:16:20 CET [2023/08/05 11:16:20 ET]
Table '3627188307 1' 3-max Seat #1 is the button
Seat 1: Mahu2021 (560 in chips) 
Seat 2: <3 miku (940 in chips) 
Mahu2021: posts small blind 15
<3 miku: posts big blind 30
*** HOLE CARDS ***
Dealt to Mahu2021 [Kd 9d]
Mahu2021: raises 30 to 60
<3 miku: raises 30 to 90
Mahu2021: calls 30
*** FLOP *** [6s 5c Jh]
<3 miku: bets 90
Mahu2021: raises 380 to 470 and is all-in
<3 miku: calls 380
*** TURN *** [6s 5c Jh] [4d]
*** RIVER *** [6s 5c Jh 4d] [6c]
*** SHOW DOWN ***
<3 miku: shows [5h Ah] (two pair, Sixes and Fives)
Mahu2021: shows [Kd 9d] (a pair of Sixes)
<3 miku collected 1120 from pot
Mahu2021 finished the tournament in 2nd place
<3 miku wins the tournament and receives $2.00 - congratulations!
*** SUMMARY ***
Total pot 1120 | Rake 0 
Board [6s 5c Jh 4d 6c]
Seat 1: Mahu2021 (button) (small blind) showed [Kd 9d] and lost with a pair of Sixes
Seat 2: <3 miku (big blind) showed [5h Ah] and won (1120) with two pair, Sixes and Fives



