PokerStars Hand #247560012496: Tournament #3684056169, $1.84+$0.16 USD Hold'em No Limit - Level I (10/20) - 2023/12/09 9:22:52 CET [2023/12/09 3:22:52 ET]
Table '3684056169 1' 3-max Seat #1 is the button
Seat 1: M@DISON537 (500 in chips) 
Seat 2: Mahu2021 (500 in chips) 
Seat 3: UmarovichK (500 in chips) 
Mahu2021: posts small blind 10
UmarovichK: posts big blind 20
*** HOLE CARDS ***
Dealt to Mahu2021 [Qc 7d]
M@DISON537: folds 
Mahu2021: calls 10
UmarovichK: checks 
*** FLOP *** [3d Kd 3c]
Mahu2021: bets 40
UmarovichK: folds 
Uncalled bet (40) returned to Mahu2021
Mahu2021 collected 40 from pot
Mahu2021: doesn't show hand 
*** SUMMARY ***
Total pot 40 | Rake 0 
Board [3d Kd 3c]
Seat 1: M@DISON537 (button) folded before Flop (didn't bet)
Seat 2: Mahu2021 (small blind) collected (40)
Seat 3: UmarovichK (big blind) folded on the Flop



PokerStars Hand #247560014320: Tournament #3684056169, $1.84+$0.16 USD Hold'em No Limit - Level I (10/20) - 2023/12/09 9:23:09 CET [2023/12/09 3:23:09 ET]
Table '3684056169 1' 3-max Seat #2 is the button
Seat 1: M@DISON537 (500 in chips) 
Seat 2: Mahu2021 (520 in chips) 
Seat 3: UmarovichK (480 in chips) 
UmarovichK: posts small blind 10
M@DISON537: posts big blind 20
*** HOLE CARDS ***
Dealt to Mahu2021 [Qh Jh]
Mahu2021: calls 20
UmarovichK: calls 10
M@DISON537: checks 
*** FLOP *** [Ks Qc 5c]
UmarovichK: checks 
M@DISON537: checks 
Mahu2021: checks 
*** TURN *** [Ks Qc 5c] [8h]
UmarovichK: checks 
M@DISON537: checks 
Mahu2021: checks 
*** RIVER *** [Ks Qc 5c 8h] [Jc]
UmarovichK: checks 
M@DISON537: checks 
Mahu2021: bets 60
UmarovichK: folds 
M@DISON537: folds 
Uncalled bet (60) returned to Mahu2021
Mahu2021 collected 60 from pot
Mahu2021: doesn't show hand 
*** SUMMARY ***
Total pot 60 | Rake 0 
Board [Ks Qc 5c 8h Jc]
Seat 1: M@DISON537 (big blind) folded on the River
Seat 2: Mahu2021 (button) collected (60)
Seat 3: UmarovichK (small blind) folded on the River



PokerStars Hand #247560017007: Tournament #3684056169, $1.84+$0.16 USD Hold'em No Limit - Level I (10/20) - 2023/12/09 9:23:34 CET [2023/12/09 3:23:34 ET]
Table '3684056169 1' 3-max Seat #3 is the button
Seat 1: M@DISON537 (480 in chips) 
Seat 2: Mahu2021 (560 in chips) 
Seat 3: UmarovichK (460 in chips) 
M@DISON537: posts small blind 10
Mahu2021: posts big blind 20
*** HOLE CARDS ***
Dealt to Mahu2021 [4c 8s]
UmarovichK: raises 20 to 40
M@DISON537: calls 30
Mahu2021: folds 
*** FLOP *** [Ah 2c 4d]
M@DISON537: bets 74
UmarovichK: folds 
Uncalled bet (74) returned to M@DISON537
M@DISON537 collected 100 from pot
M@DISON537: doesn't show hand 
*** SUMMARY ***
Total pot 100 | Rake 0 
Board [Ah 2c 4d]
Seat 1: M@DISON537 (small blind) collected (100)
Seat 2: Mahu2021 (big blind) folded before Flop
Seat 3: UmarovichK (button) folded on the Flop



PokerStars Hand #247560018340: Tournament #3684056169, $1.84+$0.16 USD Hold'em No Limit - Level I (10/20) - 2023/12/09 9:23:46 CET [2023/12/09 3:23:46 ET]
Table '3684056169 1' 3-max Seat #1 is the button
Seat 1: M@DISON537 (540 in chips) 
Seat 2: Mahu2021 (540 in chips) 
Seat 3: UmarovichK (420 in chips) 
Mahu2021: posts small blind 10
UmarovichK: posts big blind 20
*** HOLE CARDS ***
Dealt to Mahu2021 [Kd 6c]
M@DISON537: folds 
Mahu2021: folds 
Uncalled bet (10) returned to UmarovichK
UmarovichK collected 20 from pot
*** SUMMARY ***
Total pot 20 | Rake 0 
Seat 1: M@DISON537 (button) folded before Flop (didn't bet)
Seat 2: Mahu2021 (small blind) folded before Flop
Seat 3: UmarovichK (big blind) collected (20)



PokerStars Hand #247560018880: Tournament #3684056169, $1.84+$0.16 USD Hold'em No Limit - Level I (10/20) - 2023/12/09 9:23:51 CET [2023/12/09 3:23:51 ET]
Table '3684056169 1' 3-max Seat #2 is the button
Seat 1: M@DISON537 (540 in chips) 
Seat 2: Mahu2021 (530 in chips) 
Seat 3: UmarovichK (430 in chips) 
UmarovichK: posts small blind 10
M@DISON537: posts big blind 20
*** HOLE CARDS ***
Dealt to Mahu2021 [Jc 7h]
Mahu2021: folds 
UmarovichK: raises 20 to 40
M@DISON537: calls 20
*** FLOP *** [Ad Qd 6h]
UmarovichK: checks 
M@DISON537: checks 
*** TURN *** [Ad Qd 6h] [9s]
UmarovichK: checks 
M@DISON537: bets 35
UmarovichK: calls 35
*** RIVER *** [Ad Qd 6h 9s] [7c]
UmarovichK: checks 
M@DISON537: bets 120
UmarovichK: folds 
Uncalled bet (120) returned to M@DISON537
M@DISON537 collected 150 from pot
M@DISON537: doesn't show hand 
*** SUMMARY ***
Total pot 150 | Rake 0 
Board [Ad Qd 6h 9s 7c]
Seat 1: M@DISON537 (big blind) collected (150)
Seat 2: Mahu2021 (button) folded before Flop (didn't bet)
Seat 3: UmarovichK (small blind) folded on the River



PokerStars Hand #247560022088: Tournament #3684056169, $1.84+$0.16 USD Hold'em No Limit - Level I (10/20) - 2023/12/09 9:24:20 CET [2023/12/09 3:24:20 ET]
Table '3684056169 1' 3-max Seat #3 is the button
Seat 1: M@DISON537 (615 in chips) 
Seat 2: Mahu2021 (530 in chips) 
Seat 3: UmarovichK (355 in chips) 
M@DISON537: posts small blind 10
Mahu2021: posts big blind 20
*** HOLE CARDS ***
Dealt to Mahu2021 [8s 9h]
UmarovichK: folds 
M@DISON537: raises 40 to 60
Mahu2021: calls 40
*** FLOP *** [7d 5c 3s]
M@DISON537: checks 
Mahu2021: checks 
*** TURN *** [7d 5c 3s] [9c]
M@DISON537: checks 
Mahu2021: bets 40
M@DISON537: calls 40
*** RIVER *** [7d 5c 3s 9c] [Jh]
M@DISON537: checks 
Mahu2021: checks 
*** SHOW DOWN ***
M@DISON537: shows [Jd Qh] (a pair of Jacks)
Mahu2021: mucks hand 
M@DISON537 collected 200 from pot
*** SUMMARY ***
Total pot 200 | Rake 0 
Board [7d 5c 3s 9c Jh]
Seat 1: M@DISON537 (small blind) showed [Jd Qh] and won (200) with a pair of Jacks
Seat 2: Mahu2021 (big blind) mucked [8s 9h]
Seat 3: UmarovichK (button) folded before Flop (didn't bet)



PokerStars Hand #247560024485: Tournament #3684056169, $1.84+$0.16 USD Hold'em No Limit - Level I (10/20) - 2023/12/09 9:24:42 CET [2023/12/09 3:24:42 ET]
Table '3684056169 1' 3-max Seat #1 is the button
Seat 1: M@DISON537 (715 in chips) 
Seat 2: Mahu2021 (430 in chips) 
Seat 3: UmarovichK (355 in chips) 
Mahu2021: posts small blind 10
UmarovichK: posts big blind 20
*** HOLE CARDS ***
Dealt to Mahu2021 [5h 7d]
M@DISON537: folds 
Mahu2021: folds 
Uncalled bet (10) returned to UmarovichK
UmarovichK collected 20 from pot
*** SUMMARY ***
Total pot 20 | Rake 0 
Seat 1: M@DISON537 (button) folded before Flop (didn't bet)
Seat 2: Mahu2021 (small blind) folded before Flop
Seat 3: UmarovichK (big blind) collected (20)



PokerStars Hand #247560024949: Tournament #3684056169, $1.84+$0.16 USD Hold'em No Limit - Level I (10/20) - 2023/12/09 9:24:47 CET [2023/12/09 3:24:47 ET]
Table '3684056169 1' 3-max Seat #2 is the button
Seat 1: M@DISON537 (715 in chips) 
Seat 2: Mahu2021 (420 in chips) 
Seat 3: UmarovichK (365 in chips) 
UmarovichK: posts small blind 10
M@DISON537: posts big blind 20
*** HOLE CARDS ***
Dealt to Mahu2021 [7h Ac]
Mahu2021: calls 20
UmarovichK: calls 10
M@DISON537: checks 
*** FLOP *** [Jh Kh Qh]
UmarovichK: checks 
M@DISON537: checks 
Mahu2021: bets 20
UmarovichK: calls 20
M@DISON537: folds 
*** TURN *** [Jh Kh Qh] [Kd]
UmarovichK: checks 
Mahu2021: checks 
*** RIVER *** [Jh Kh Qh Kd] [Jc]
UmarovichK: checks 
Mahu2021: checks 
*** SHOW DOWN ***
UmarovichK: shows [Th 8s] (two pair, Kings and Jacks)
Mahu2021: shows [7h Ac] (two pair, Kings and Jacks - Ace kicker)
Mahu2021 collected 100 from pot
*** SUMMARY ***
Total pot 100 | Rake 0 
Board [Jh Kh Qh Kd Jc]
Seat 1: M@DISON537 (big blind) folded on the Flop
Seat 2: Mahu2021 (button) showed [7h Ac] and won (100) with two pair, Kings and Jacks
Seat 3: UmarovichK (small blind) showed [Th 8s] and lost with two pair, Kings and Jacks



PokerStars Hand #247560027572: Tournament #3684056169, $1.84+$0.16 USD Hold'em No Limit - Level I (10/20) - 2023/12/09 9:25:10 CET [2023/12/09 3:25:10 ET]
Table '3684056169 1' 3-max Seat #3 is the button
Seat 1: M@DISON537 (695 in chips) 
Seat 2: Mahu2021 (480 in chips) 
Seat 3: UmarovichK (325 in chips) 
M@DISON537: posts small blind 10
Mahu2021: posts big blind 20
*** HOLE CARDS ***
Dealt to Mahu2021 [Jd Qs]
UmarovichK: folds 
M@DISON537: calls 10
Mahu2021: checks 
*** FLOP *** [9d 6s Td]
M@DISON537: checks 
Mahu2021: bets 40
M@DISON537: folds 
Uncalled bet (40) returned to Mahu2021
Mahu2021 collected 40 from pot
Mahu2021: doesn't show hand 
*** SUMMARY ***
Total pot 40 | Rake 0 
Board [9d 6s Td]
Seat 1: M@DISON537 (small blind) folded on the Flop
Seat 2: Mahu2021 (big blind) collected (40)
Seat 3: UmarovichK (button) folded before Flop (didn't bet)



PokerStars Hand #247560029036: Tournament #3684056169, $1.84+$0.16 USD Hold'em No Limit - Level I (10/20) - 2023/12/09 9:25:24 CET [2023/12/09 3:25:24 ET]
Table '3684056169 1' 3-max Seat #1 is the button
Seat 1: M@DISON537 (675 in chips) 
Seat 2: Mahu2021 (500 in chips) 
Seat 3: UmarovichK (325 in chips) 
Mahu2021: posts small blind 10
UmarovichK: posts big blind 20
*** HOLE CARDS ***
Dealt to Mahu2021 [6s Kd]
M@DISON537: raises 20 to 40
Mahu2021: folds 
UmarovichK: calls 20
*** FLOP *** [3d 5c 6d]
UmarovichK: checks 
M@DISON537: checks 
*** TURN *** [3d 5c 6d] [4c]
UmarovichK: bets 40
M@DISON537: folds 
Uncalled bet (40) returned to UmarovichK
UmarovichK collected 90 from pot
*** SUMMARY ***
Total pot 90 | Rake 0 
Board [3d 5c 6d 4c]
Seat 1: M@DISON537 (button) folded on the Turn
Seat 2: Mahu2021 (small blind) folded before Flop
Seat 3: UmarovichK (big blind) collected (90)



PokerStars Hand #247560031315: Tournament #3684056169, $1.84+$0.16 USD Hold'em No Limit - Level I (10/20) - 2023/12/09 9:25:44 CET [2023/12/09 3:25:44 ET]
Table '3684056169 1' 3-max Seat #2 is the button
Seat 1: M@DISON537 (635 in chips) 
Seat 2: Mahu2021 (490 in chips) 
Seat 3: UmarovichK (375 in chips) 
UmarovichK: posts small blind 10
M@DISON537: posts big blind 20
*** HOLE CARDS ***
Dealt to Mahu2021 [9s Ts]
Mahu2021: raises 20 to 40
UmarovichK: folds 
M@DISON537: folds 
Uncalled bet (20) returned to Mahu2021
Mahu2021 collected 50 from pot
Mahu2021: doesn't show hand 
*** SUMMARY ***
Total pot 50 | Rake 0 
Seat 1: M@DISON537 (big blind) folded before Flop
Seat 2: Mahu2021 (button) collected (50)
Seat 3: UmarovichK (small blind) folded before Flop



PokerStars Hand #247560032110: Tournament #3684056169, $1.84+$0.16 USD Hold'em No Limit - Level I (10/20) - 2023/12/09 9:25:51 CET [2023/12/09 3:25:51 ET]
Table '3684056169 1' 3-max Seat #3 is the button
Seat 1: M@DISON537 (615 in chips) 
Seat 2: Mahu2021 (520 in chips) 
Seat 3: UmarovichK (365 in chips) 
M@DISON537: posts small blind 10
Mahu2021: posts big blind 20
*** HOLE CARDS ***
Dealt to Mahu2021 [7d 3h]
UmarovichK: folds 
M@DISON537: calls 10
Mahu2021: checks 
*** FLOP *** [8c Js Ad]
M@DISON537: checks 
Mahu2021: checks 
*** TURN *** [8c Js Ad] [6c]
M@DISON537: bets 20
Mahu2021: folds 
Uncalled bet (20) returned to M@DISON537
M@DISON537 collected 40 from pot
M@DISON537: doesn't show hand 
*** SUMMARY ***
Total pot 40 | Rake 0 
Board [8c Js Ad 6c]
Seat 1: M@DISON537 (small blind) collected (40)
Seat 2: Mahu2021 (big blind) folded on the Turn
Seat 3: UmarovichK (button) folded before Flop (didn't bet)



PokerStars Hand #247560034012: Tournament #3684056169, $1.84+$0.16 USD Hold'em No Limit - Level II (15/30) - 2023/12/09 9:26:08 CET [2023/12/09 3:26:08 ET]
Table '3684056169 1' 3-max Seat #1 is the button
Seat 1: M@DISON537 (635 in chips) 
Seat 2: Mahu2021 (500 in chips) 
Seat 3: UmarovichK (365 in chips) 
Mahu2021: posts small blind 15
UmarovichK: posts big blind 30
*** HOLE CARDS ***
Dealt to Mahu2021 [3s Kc]
M@DISON537: folds 
Mahu2021: calls 15
UmarovichK: raises 30 to 60
Mahu2021: folds 
Uncalled bet (30) returned to UmarovichK
UmarovichK collected 60 from pot
*** SUMMARY ***
Total pot 60 | Rake 0 
Seat 1: M@DISON537 (button) folded before Flop (didn't bet)
Seat 2: Mahu2021 (small blind) folded before Flop
Seat 3: UmarovichK (big blind) collected (60)



PokerStars Hand #247560034879: Tournament #3684056169, $1.84+$0.16 USD Hold'em No Limit - Level II (15/30) - 2023/12/09 9:26:16 CET [2023/12/09 3:26:16 ET]
Table '3684056169 1' 3-max Seat #2 is the button
Seat 1: M@DISON537 (635 in chips) 
Seat 2: Mahu2021 (470 in chips) 
Seat 3: UmarovichK (395 in chips) 
UmarovichK: posts small blind 15
M@DISON537: posts big blind 30
*** HOLE CARDS ***
Dealt to Mahu2021 [3h Ks]
Mahu2021: folds 
UmarovichK: raises 30 to 60
M@DISON537: calls 30
*** FLOP *** [Qd Tc 2d]
UmarovichK: checks 
M@DISON537: bets 60
UmarovichK: folds 
Uncalled bet (60) returned to M@DISON537
M@DISON537 collected 120 from pot
M@DISON537: doesn't show hand 
*** SUMMARY ***
Total pot 120 | Rake 0 
Board [Qd Tc 2d]
Seat 1: M@DISON537 (big blind) collected (120)
Seat 2: Mahu2021 (button) folded before Flop (didn't bet)
Seat 3: UmarovichK (small blind) folded on the Flop



PokerStars Hand #247560036751: Tournament #3684056169, $1.84+$0.16 USD Hold'em No Limit - Level II (15/30) - 2023/12/09 9:26:33 CET [2023/12/09 3:26:33 ET]
Table '3684056169 1' 3-max Seat #3 is the button
Seat 1: M@DISON537 (695 in chips) 
Seat 2: Mahu2021 (470 in chips) 
Seat 3: UmarovichK (335 in chips) 
M@DISON537: posts small blind 15
Mahu2021: posts big blind 30
*** HOLE CARDS ***
Dealt to Mahu2021 [Jd 3s]
UmarovichK: folds 
M@DISON537: calls 15
Mahu2021: checks 
*** FLOP *** [Td 5s Ks]
M@DISON537: checks 
Mahu2021: checks 
*** TURN *** [Td 5s Ks] [7d]
M@DISON537: checks 
Mahu2021: bets 30
M@DISON537: calls 30
*** RIVER *** [Td 5s Ks 7d] [5d]
M@DISON537: checks 
Mahu2021: bets 150
M@DISON537: folds 
Uncalled bet (150) returned to Mahu2021
Mahu2021 collected 120 from pot
Mahu2021: doesn't show hand 
*** SUMMARY ***
Total pot 120 | Rake 0 
Board [Td 5s Ks 7d 5d]
Seat 1: M@DISON537 (small blind) folded on the River
Seat 2: Mahu2021 (big blind) collected (120)
Seat 3: UmarovichK (button) folded before Flop (didn't bet)



PokerStars Hand #247560039315: Tournament #3684056169, $1.84+$0.16 USD Hold'em No Limit - Level II (15/30) - 2023/12/09 9:26:56 CET [2023/12/09 3:26:56 ET]
Table '3684056169 1' 3-max Seat #1 is the button
Seat 1: M@DISON537 (635 in chips) 
Seat 2: Mahu2021 (530 in chips) 
Seat 3: UmarovichK (335 in chips) 
Mahu2021: posts small blind 15
UmarovichK: posts big blind 30
*** HOLE CARDS ***
Dealt to Mahu2021 [6c 9d]
M@DISON537: raises 30 to 60
Mahu2021: folds 
UmarovichK: folds 
Uncalled bet (30) returned to M@DISON537
M@DISON537 collected 75 from pot
M@DISON537: doesn't show hand 
*** SUMMARY ***
Total pot 75 | Rake 0 
Seat 1: M@DISON537 (button) collected (75)
Seat 2: Mahu2021 (small blind) folded before Flop
Seat 3: UmarovichK (big blind) folded before Flop



PokerStars Hand #247560040096: Tournament #3684056169, $1.84+$0.16 USD Hold'em No Limit - Level II (15/30) - 2023/12/09 9:27:03 CET [2023/12/09 3:27:03 ET]
Table '3684056169 1' 3-max Seat #2 is the button
Seat 1: M@DISON537 (680 in chips) 
Seat 2: Mahu2021 (515 in chips) 
Seat 3: UmarovichK (305 in chips) 
UmarovichK: posts small blind 15
M@DISON537: posts big blind 30
*** HOLE CARDS ***
Dealt to Mahu2021 [4s 5h]
Mahu2021: folds 
UmarovichK: raises 30 to 60
M@DISON537: raises 620 to 680 and is all-in
UmarovichK: folds 
Uncalled bet (620) returned to M@DISON537
M@DISON537 collected 120 from pot
M@DISON537: doesn't show hand 
*** SUMMARY ***
Total pot 120 | Rake 0 
Seat 1: M@DISON537 (big blind) collected (120)
Seat 2: Mahu2021 (button) folded before Flop (didn't bet)
Seat 3: UmarovichK (small blind) folded before Flop



PokerStars Hand #247560041358: Tournament #3684056169, $1.84+$0.16 USD Hold'em No Limit - Level II (15/30) - 2023/12/09 9:27:14 CET [2023/12/09 3:27:14 ET]
Table '3684056169 1' 3-max Seat #3 is the button
Seat 1: M@DISON537 (740 in chips) 
Seat 2: Mahu2021 (515 in chips) 
Seat 3: UmarovichK (245 in chips) 
M@DISON537: posts small blind 15
Mahu2021: posts big blind 30
*** HOLE CARDS ***
Dealt to Mahu2021 [Ks 7d]
UmarovichK: raises 30 to 60
M@DISON537: raises 680 to 740 and is all-in
Mahu2021: folds 
UmarovichK: calls 185 and is all-in
Uncalled bet (495) returned to M@DISON537
*** FLOP *** [Jd 2c Js]
*** TURN *** [Jd 2c Js] [Tc]
*** RIVER *** [Jd 2c Js Tc] [6s]
*** SHOW DOWN ***
M@DISON537: shows [As 9s] (a pair of Jacks)
UmarovichK: shows [Kh Ah] (a pair of Jacks - Ace+King kicker)
UmarovichK collected 520 from pot
*** SUMMARY ***
Total pot 520 | Rake 0 
Board [Jd 2c Js Tc 6s]
Seat 1: M@DISON537 (small blind) showed [As 9s] and lost with a pair of Jacks
Seat 2: Mahu2021 (big blind) folded before Flop
Seat 3: UmarovichK (button) showed [Kh Ah] and won (520) with a pair of Jacks



PokerStars Hand #247560043005: Tournament #3684056169, $1.84+$0.16 USD Hold'em No Limit - Level II (15/30) - 2023/12/09 9:27:30 CET [2023/12/09 3:27:30 ET]
Table '3684056169 1' 3-max Seat #1 is the button
Seat 1: M@DISON537 (495 in chips) 
Seat 2: Mahu2021 (485 in chips) 
Seat 3: UmarovichK (520 in chips) 
Mahu2021: posts small blind 15
UmarovichK: posts big blind 30
*** HOLE CARDS ***
Dealt to Mahu2021 [Kd 7h]
M@DISON537: raises 30 to 60
Mahu2021: folds 
UmarovichK: calls 30
*** FLOP *** [7c Qd 8s]
UmarovichK: checks 
M@DISON537: bets 59
UmarovichK: folds 
Uncalled bet (59) returned to M@DISON537
M@DISON537 collected 135 from pot
M@DISON537: doesn't show hand 
*** SUMMARY ***
Total pot 135 | Rake 0 
Board [7c Qd 8s]
Seat 1: M@DISON537 (button) collected (135)
Seat 2: Mahu2021 (small blind) folded before Flop
Seat 3: UmarovichK (big blind) folded on the Flop



PokerStars Hand #247560044697: Tournament #3684056169, $1.84+$0.16 USD Hold'em No Limit - Level II (15/30) - 2023/12/09 9:27:45 CET [2023/12/09 3:27:45 ET]
Table '3684056169 1' 3-max Seat #2 is the button
Seat 1: M@DISON537 (570 in chips) 
Seat 2: Mahu2021 (470 in chips) 
Seat 3: UmarovichK (460 in chips) 
UmarovichK: posts small blind 15
M@DISON537: posts big blind 30
*** HOLE CARDS ***
Dealt to Mahu2021 [5c 2s]
Mahu2021: folds 
UmarovichK: raises 30 to 60
M@DISON537: raises 510 to 570 and is all-in
UmarovichK: folds 
Uncalled bet (510) returned to M@DISON537
M@DISON537 collected 120 from pot
M@DISON537: doesn't show hand 
*** SUMMARY ***
Total pot 120 | Rake 0 
Seat 1: M@DISON537 (big blind) collected (120)
Seat 2: Mahu2021 (button) folded before Flop (didn't bet)
Seat 3: UmarovichK (small blind) folded before Flop



PokerStars Hand #247560045753: Tournament #3684056169, $1.84+$0.16 USD Hold'em No Limit - Level II (15/30) - 2023/12/09 9:27:54 CET [2023/12/09 3:27:54 ET]
Table '3684056169 1' 3-max Seat #3 is the button
Seat 1: M@DISON537 (630 in chips) 
Seat 2: Mahu2021 (470 in chips) 
Seat 3: UmarovichK (400 in chips) 
M@DISON537: posts small blind 15
Mahu2021: posts big blind 30
*** HOLE CARDS ***
Dealt to Mahu2021 [Kd 5d]
UmarovichK: folds 
M@DISON537: raises 600 to 630 and is all-in
Mahu2021: folds 
Uncalled bet (600) returned to M@DISON537
M@DISON537 collected 60 from pot
M@DISON537: doesn't show hand 
*** SUMMARY ***
Total pot 60 | Rake 0 
Seat 1: M@DISON537 (small blind) collected (60)
Seat 2: Mahu2021 (big blind) folded before Flop
Seat 3: UmarovichK (button) folded before Flop (didn't bet)



PokerStars Hand #247560046618: Tournament #3684056169, $1.84+$0.16 USD Hold'em No Limit - Level II (15/30) - 2023/12/09 9:28:03 CET [2023/12/09 3:28:03 ET]
Table '3684056169 1' 3-max Seat #1 is the button
Seat 1: M@DISON537 (660 in chips) 
Seat 2: Mahu2021 (440 in chips) 
Seat 3: UmarovichK (400 in chips) 
Mahu2021: posts small blind 15
UmarovichK: posts big blind 30
*** HOLE CARDS ***
Dealt to Mahu2021 [8h 3h]
M@DISON537: folds 
Mahu2021: folds 
Uncalled bet (15) returned to UmarovichK
UmarovichK collected 30 from pot
*** SUMMARY ***
Total pot 30 | Rake 0 
Seat 1: M@DISON537 (button) folded before Flop (didn't bet)
Seat 2: Mahu2021 (small blind) folded before Flop
Seat 3: UmarovichK (big blind) collected (30)



PokerStars Hand #247560047073: Tournament #3684056169, $1.84+$0.16 USD Hold'em No Limit - Level II (15/30) - 2023/12/09 9:28:07 CET [2023/12/09 3:28:07 ET]
Table '3684056169 1' 3-max Seat #2 is the button
Seat 1: M@DISON537 (660 in chips) 
Seat 2: Mahu2021 (425 in chips) 
Seat 3: UmarovichK (415 in chips) 
UmarovichK: posts small blind 15
M@DISON537: posts big blind 30
*** HOLE CARDS ***
Dealt to Mahu2021 [Ts Kd]
Mahu2021: calls 30
UmarovichK: folds 
M@DISON537: raises 60 to 90
Mahu2021: calls 60
*** FLOP *** [7c Qd 6h]
M@DISON537: bets 144
Mahu2021: folds 
Uncalled bet (144) returned to M@DISON537
M@DISON537 collected 195 from pot
M@DISON537: doesn't show hand 
*** SUMMARY ***
Total pot 195 | Rake 0 
Board [7c Qd 6h]
Seat 1: M@DISON537 (big blind) collected (195)
Seat 2: Mahu2021 (button) folded on the Flop
Seat 3: UmarovichK (small blind) folded before Flop



PokerStars Hand #247560048443: Tournament #3684056169, $1.84+$0.16 USD Hold'em No Limit - Level II (15/30) - 2023/12/09 9:28:20 CET [2023/12/09 3:28:20 ET]
Table '3684056169 1' 3-max Seat #3 is the button
Seat 1: M@DISON537 (765 in chips) 
Seat 2: Mahu2021 (335 in chips) 
Seat 3: UmarovichK (400 in chips) 
M@DISON537: posts small blind 15
Mahu2021: posts big blind 30
*** HOLE CARDS ***
Dealt to Mahu2021 [7h 4c]
UmarovichK: raises 30 to 60
M@DISON537: folds 
Mahu2021: folds 
Uncalled bet (30) returned to UmarovichK
UmarovichK collected 75 from pot
*** SUMMARY ***
Total pot 75 | Rake 0 
Seat 1: M@DISON537 (small blind) folded before Flop
Seat 2: Mahu2021 (big blind) folded before Flop
Seat 3: UmarovichK (button) collected (75)



PokerStars Hand #247560049034: Tournament #3684056169, $1.84+$0.16 USD Hold'em No Limit - Level II (15/30) - 2023/12/09 9:28:25 CET [2023/12/09 3:28:25 ET]
Table '3684056169 1' 3-max Seat #1 is the button
Seat 1: M@DISON537 (750 in chips) 
Seat 2: Mahu2021 (305 in chips) 
Seat 3: UmarovichK (445 in chips) 
Mahu2021: posts small blind 15
UmarovichK: posts big blind 30
*** HOLE CARDS ***
Dealt to Mahu2021 [6h Qs]
M@DISON537: folds 
Mahu2021: folds 
Uncalled bet (15) returned to UmarovichK
UmarovichK collected 30 from pot
*** SUMMARY ***
Total pot 30 | Rake 0 
Seat 1: M@DISON537 (button) folded before Flop (didn't bet)
Seat 2: Mahu2021 (small blind) folded before Flop
Seat 3: UmarovichK (big blind) collected (30)



PokerStars Hand #247560049537: Tournament #3684056169, $1.84+$0.16 USD Hold'em No Limit - Level II (15/30) - 2023/12/09 9:28:30 CET [2023/12/09 3:28:30 ET]
Table '3684056169 1' 3-max Seat #2 is the button
Seat 1: M@DISON537 (750 in chips) 
Seat 2: Mahu2021 (290 in chips) 
Seat 3: UmarovichK (460 in chips) 
UmarovichK: posts small blind 15
M@DISON537: posts big blind 30
*** HOLE CARDS ***
Dealt to Mahu2021 [9d 7s]
Mahu2021: folds 
UmarovichK: calls 15
M@DISON537: checks 
*** FLOP *** [7d As 2s]
UmarovichK: checks 
M@DISON537: bets 30
UmarovichK: raises 30 to 60
M@DISON537: calls 30
*** TURN *** [7d As 2s] [6c]
UmarovichK: bets 90
M@DISON537: calls 90
*** RIVER *** [7d As 2s 6c] [8c]
UmarovichK: bets 280 and is all-in
M@DISON537: calls 280
*** SHOW DOWN ***
UmarovichK: shows [8d Qs] (a pair of Eights)
M@DISON537: shows [4s 5s] (a straight, Four to Eight)
M@DISON537 collected 920 from pot
UmarovichK finished the tournament in 3rd place
*** SUMMARY ***
Total pot 920 | Rake 0 
Board [7d As 2s 6c 8c]
Seat 1: M@DISON537 (big blind) showed [4s 5s] and won (920) with a straight, Four to Eight
Seat 2: Mahu2021 (button) folded before Flop (didn't bet)
Seat 3: UmarovichK (small blind) showed [8d Qs] and lost with a pair of Eights



PokerStars Hand #247560052693: Tournament #3684056169, $1.84+$0.16 USD Hold'em No Limit - Level III (20/40) - 2023/12/09 9:28:59 CET [2023/12/09 3:28:59 ET]
Table '3684056169 1' 3-max Seat #1 is the button
Seat 1: M@DISON537 (1210 in chips) 
Seat 2: Mahu2021 (290 in chips) 
M@DISON537: posts small blind 20
Mahu2021: posts big blind 40
*** HOLE CARDS ***
Dealt to Mahu2021 [7s 7c]
M@DISON537: raises 1170 to 1210 and is all-in
Mahu2021: calls 250 and is all-in
Uncalled bet (920) returned to M@DISON537
*** FLOP *** [Ks Qs Kc]
*** TURN *** [Ks Qs Kc] [Tc]
*** RIVER *** [Ks Qs Kc Tc] [Qc]
*** SHOW DOWN ***
Mahu2021: shows [7s 7c] (two pair, Kings and Queens)
M@DISON537: shows [Ah 2s] (two pair, Kings and Queens - Ace kicker)
M@DISON537 collected 580 from pot
Mahu2021 finished the tournament in 2nd place
M@DISON537 wins the tournament and receives $6.00 - congratulations!
*** SUMMARY ***
Total pot 580 | Rake 0 
Board [Ks Qs Kc Tc Qc]
Seat 1: M@DISON537 (button) (small blind) showed [Ah 2s] and won (580) with two pair, Kings and Queens
Seat 2: Mahu2021 (big blind) showed [7s 7c] and lost with two pair, Kings and Queens



