PokerStars Hand #243388321234: Tournament #3584311469, $0.92+$0.08 USD Hold'em No Limit - Level I (10/20) - 2023/04/29 18:47:36 CET [2023/04/29 12:47:36 ET]
Table '3584311469 1' 3-max Seat #1 is the button
Seat 1: figas1970 (500 in chips) 
Seat 2: JudFai (500 in chips) 
Seat 3: Mahu2021 (500 in chips) 
JudFai: posts small blind 10
Mahu2021: posts big blind 20
*** HOLE CARDS ***
Dealt to Mahu2021 [6h Jc]
figas1970: folds 
JudFai: calls 10
Mahu2021: checks 
*** FLOP *** [8h 8s 8d]
JudFai: bets 20
Mahu2021: calls 20
*** TURN *** [8h 8s 8d] [Th]
JudFai: bets 24
Mahu2021: calls 24
*** RIVER *** [8h 8s 8d Th] [7d]
JudFai: bets 38
Mahu2021: folds 
Uncalled bet (38) returned to JudFai
JudFai collected 128 from pot
*** SUMMARY ***
Total pot 128 | Rake 0 
Board [8h 8s 8d Th 7d]
Seat 1: figas1970 (button) folded before Flop (didn't bet)
Seat 2: JudFai (small blind) collected (128)
Seat 3: Mahu2021 (big blind) folded on the River



PokerStars Hand #243388327240: Tournament #3584311469, $0.92+$0.08 USD Hold'em No Limit - Level I (10/20) - 2023/04/29 18:47:56 CET [2023/04/29 12:47:56 ET]
Table '3584311469 1' 3-max Seat #2 is the button
Seat 1: figas1970 (500 in chips) 
Seat 2: JudFai (564 in chips) 
Seat 3: Mahu2021 (436 in chips) 
Mahu2021: posts small blind 10
figas1970: posts big blind 20
*** HOLE CARDS ***
Dealt to Mahu2021 [2s As]
JudFai: raises 22 to 42
Mahu2021: calls 32
figas1970: calls 22
*** FLOP *** [2d 5h 3h]
Mahu2021: bets 40
figas1970: calls 40
JudFai: folds 
*** TURN *** [2d 5h 3h] [5s]
Mahu2021: checks 
figas1970: bets 60
Mahu2021: calls 60
*** RIVER *** [2d 5h 3h 5s] [Qs]
Mahu2021: checks 
figas1970: bets 80
Mahu2021: calls 80
*** SHOW DOWN ***
figas1970: shows [Kc 6d] (a pair of Fives)
Mahu2021: shows [2s As] (two pair, Fives and Deuces)
Mahu2021 collected 486 from pot
*** SUMMARY ***
Total pot 486 | Rake 0 
Board [2d 5h 3h 5s Qs]
Seat 1: figas1970 (big blind) showed [Kc 6d] and lost with a pair of Fives
Seat 2: JudFai (button) folded on the Flop
Seat 3: Mahu2021 (small blind) showed [2s As] and won (486) with two pair, Fives and Deuces



PokerStars Hand #243388336076: Tournament #3584311469, $0.92+$0.08 USD Hold'em No Limit - Level I (10/20) - 2023/04/29 18:48:25 CET [2023/04/29 12:48:25 ET]
Table '3584311469 1' 3-max Seat #3 is the button
Seat 1: figas1970 (278 in chips) 
Seat 2: JudFai (522 in chips) 
Seat 3: Mahu2021 (700 in chips) 
figas1970: posts small blind 10
JudFai: posts big blind 20
*** HOLE CARDS ***
Dealt to Mahu2021 [4c Qs]
Mahu2021: folds 
figas1970: calls 10
JudFai: raises 40 to 60
figas1970: calls 40
*** FLOP *** [2c Td Jd]
figas1970: bets 218 and is all-in
JudFai: folds 
Uncalled bet (218) returned to figas1970
figas1970 collected 120 from pot
*** SUMMARY ***
Total pot 120 | Rake 0 
Board [2c Td Jd]
Seat 1: figas1970 (small blind) collected (120)
Seat 2: JudFai (big blind) folded on the Flop
Seat 3: Mahu2021 (button) folded before Flop (didn't bet)



PokerStars Hand #243388342750: Tournament #3584311469, $0.92+$0.08 USD Hold'em No Limit - Level I (10/20) - 2023/04/29 18:48:47 CET [2023/04/29 12:48:47 ET]
Table '3584311469 1' 3-max Seat #1 is the button
Seat 1: figas1970 (338 in chips) 
Seat 2: JudFai (462 in chips) 
Seat 3: Mahu2021 (700 in chips) 
JudFai: posts small blind 10
Mahu2021: posts big blind 20
*** HOLE CARDS ***
Dealt to Mahu2021 [Js 4d]
figas1970: folds 
JudFai: raises 20 to 40
Mahu2021: calls 20
*** FLOP *** [6s 5s Ac]
JudFai: bets 24
Mahu2021: folds 
Uncalled bet (24) returned to JudFai
JudFai collected 80 from pot
*** SUMMARY ***
Total pot 80 | Rake 0 
Board [6s 5s Ac]
Seat 1: figas1970 (button) folded before Flop (didn't bet)
Seat 2: JudFai (small blind) collected (80)
Seat 3: Mahu2021 (big blind) folded on the Flop



PokerStars Hand #243388349182: Tournament #3584311469, $0.92+$0.08 USD Hold'em No Limit - Level I (10/20) - 2023/04/29 18:49:09 CET [2023/04/29 12:49:09 ET]
Table '3584311469 1' 3-max Seat #2 is the button
Seat 1: figas1970 (338 in chips) 
Seat 2: JudFai (502 in chips) 
Seat 3: Mahu2021 (660 in chips) 
Mahu2021: posts small blind 10
figas1970: posts big blind 20
*** HOLE CARDS ***
Dealt to Mahu2021 [2c 4s]
JudFai: folds 
Mahu2021: folds 
Uncalled bet (10) returned to figas1970
figas1970 collected 20 from pot
*** SUMMARY ***
Total pot 20 | Rake 0 
Seat 1: figas1970 (big blind) collected (20)
Seat 2: JudFai (button) folded before Flop (didn't bet)
Seat 3: Mahu2021 (small blind) folded before Flop



PokerStars Hand #243388351048: Tournament #3584311469, $0.92+$0.08 USD Hold'em No Limit - Level I (10/20) - 2023/04/29 18:49:15 CET [2023/04/29 12:49:15 ET]
Table '3584311469 1' 3-max Seat #3 is the button
Seat 1: figas1970 (348 in chips) 
Seat 2: JudFai (502 in chips) 
Seat 3: Mahu2021 (650 in chips) 
figas1970: posts small blind 10
JudFai: posts big blind 20
*** HOLE CARDS ***
Dealt to Mahu2021 [3c Qd]
Mahu2021: folds 
figas1970: calls 10
JudFai: raises 40 to 60
figas1970: calls 40
*** FLOP *** [6d Qc 8s]
figas1970: checks 
JudFai: bets 36
figas1970: folds 
Uncalled bet (36) returned to JudFai
JudFai collected 120 from pot
*** SUMMARY ***
Total pot 120 | Rake 0 
Board [6d Qc 8s]
Seat 1: figas1970 (small blind) folded on the Flop
Seat 2: JudFai (big blind) collected (120)
Seat 3: Mahu2021 (button) folded before Flop (didn't bet)



PokerStars Hand #243388356200: Tournament #3584311469, $0.92+$0.08 USD Hold'em No Limit - Level I (10/20) - 2023/04/29 18:49:31 CET [2023/04/29 12:49:31 ET]
Table '3584311469 1' 3-max Seat #1 is the button
Seat 1: figas1970 (288 in chips) 
Seat 2: JudFai (562 in chips) 
Seat 3: Mahu2021 (650 in chips) 
JudFai: posts small blind 10
Mahu2021: posts big blind 20
*** HOLE CARDS ***
Dealt to Mahu2021 [Kh Jc]
figas1970: calls 20
JudFai: calls 10
Mahu2021: checks 
*** FLOP *** [6h Qc Ts]
JudFai: checks 
Mahu2021: bets 60
figas1970: folds 
JudFai: folds 
Uncalled bet (60) returned to Mahu2021
Mahu2021 collected 60 from pot
Mahu2021: doesn't show hand 
*** SUMMARY ***
Total pot 60 | Rake 0 
Board [6h Qc Ts]
Seat 1: figas1970 (button) folded on the Flop
Seat 2: JudFai (small blind) folded on the Flop
Seat 3: Mahu2021 (big blind) collected (60)



PokerStars Hand #243388364263: Tournament #3584311469, $0.92+$0.08 USD Hold'em No Limit - Level II (15/30) - 2023/04/29 18:49:58 CET [2023/04/29 12:49:58 ET]
Table '3584311469 1' 3-max Seat #2 is the button
Seat 1: figas1970 (268 in chips) 
Seat 2: JudFai (542 in chips) 
Seat 3: Mahu2021 (690 in chips) 
Mahu2021: posts small blind 15
figas1970: posts big blind 30
*** HOLE CARDS ***
Dealt to Mahu2021 [2c Jh]
JudFai: folds 
Mahu2021: folds 
Uncalled bet (15) returned to figas1970
figas1970 collected 30 from pot
*** SUMMARY ***
Total pot 30 | Rake 0 
Seat 1: figas1970 (big blind) collected (30)
Seat 2: JudFai (button) folded before Flop (didn't bet)
Seat 3: Mahu2021 (small blind) folded before Flop



PokerStars Hand #243388365731: Tournament #3584311469, $0.92+$0.08 USD Hold'em No Limit - Level II (15/30) - 2023/04/29 18:50:03 CET [2023/04/29 12:50:03 ET]
Table '3584311469 1' 3-max Seat #3 is the button
Seat 1: figas1970 (283 in chips) 
Seat 2: JudFai (542 in chips) 
Seat 3: Mahu2021 (675 in chips) 
figas1970: posts small blind 15
JudFai: posts big blind 30
*** HOLE CARDS ***
Dealt to Mahu2021 [Jh Jd]
Mahu2021: raises 60 to 90
figas1970: folds 
JudFai: folds 
Uncalled bet (60) returned to Mahu2021
Mahu2021 collected 75 from pot
Mahu2021: doesn't show hand 
*** SUMMARY ***
Total pot 75 | Rake 0 
Seat 1: figas1970 (small blind) folded before Flop
Seat 2: JudFai (big blind) folded before Flop
Seat 3: Mahu2021 (button) collected (75)



PokerStars Hand #243388369080: Tournament #3584311469, $0.92+$0.08 USD Hold'em No Limit - Level II (15/30) - 2023/04/29 18:50:14 CET [2023/04/29 12:50:14 ET]
Table '3584311469 1' 3-max Seat #1 is the button
Seat 1: figas1970 (268 in chips) 
Seat 2: JudFai (512 in chips) 
Seat 3: Mahu2021 (720 in chips) 
JudFai: posts small blind 15
Mahu2021: posts big blind 30
*** HOLE CARDS ***
Dealt to Mahu2021 [3h 9h]
figas1970: calls 30
JudFai: calls 15
Mahu2021: checks 
*** FLOP *** [6d 4c 6s]
JudFai: bets 46
Mahu2021: folds 
figas1970: folds 
Uncalled bet (46) returned to JudFai
JudFai collected 90 from pot
*** SUMMARY ***
Total pot 90 | Rake 0 
Board [6d 4c 6s]
Seat 1: figas1970 (button) folded on the Flop
Seat 2: JudFai (small blind) collected (90)
Seat 3: Mahu2021 (big blind) folded on the Flop



PokerStars Hand #243388375694: Tournament #3584311469, $0.92+$0.08 USD Hold'em No Limit - Level II (15/30) - 2023/04/29 18:50:36 CET [2023/04/29 12:50:36 ET]
Table '3584311469 1' 3-max Seat #2 is the button
Seat 1: figas1970 (238 in chips) 
Seat 2: JudFai (572 in chips) 
Seat 3: Mahu2021 (690 in chips) 
Mahu2021: posts small blind 15
figas1970: posts big blind 30
*** HOLE CARDS ***
Dealt to Mahu2021 [6s 5c]
JudFai: raises 33 to 63
Mahu2021: folds 
figas1970: calls 33
*** FLOP *** [4s 2c 3d]
figas1970: checks 
JudFai: bets 180
figas1970: folds 
Uncalled bet (180) returned to JudFai
JudFai collected 141 from pot
*** SUMMARY ***
Total pot 141 | Rake 0 
Board [4s 2c 3d]
Seat 1: figas1970 (big blind) folded on the Flop
Seat 2: JudFai (button) collected (141)
Seat 3: Mahu2021 (small blind) folded before Flop



PokerStars Hand #243388380810: Tournament #3584311469, $0.92+$0.08 USD Hold'em No Limit - Level II (15/30) - 2023/04/29 18:50:53 CET [2023/04/29 12:50:53 ET]
Table '3584311469 1' 3-max Seat #3 is the button
Seat 1: figas1970 (175 in chips) 
Seat 2: JudFai (650 in chips) 
Seat 3: Mahu2021 (675 in chips) 
figas1970: posts small blind 15
JudFai: posts big blind 30
*** HOLE CARDS ***
Dealt to Mahu2021 [Jc Qd]
Mahu2021: raises 30 to 60
figas1970: folds 
JudFai: folds 
Uncalled bet (30) returned to Mahu2021
Mahu2021 collected 75 from pot
Mahu2021: doesn't show hand 
*** SUMMARY ***
Total pot 75 | Rake 0 
Seat 1: figas1970 (small blind) folded before Flop
Seat 2: JudFai (big blind) folded before Flop
Seat 3: Mahu2021 (button) collected (75)



PokerStars Hand #243388382640: Tournament #3584311469, $0.92+$0.08 USD Hold'em No Limit - Level II (15/30) - 2023/04/29 18:51:00 CET [2023/04/29 12:51:00 ET]
Table '3584311469 1' 3-max Seat #1 is the button
Seat 1: figas1970 (160 in chips) 
Seat 2: JudFai (620 in chips) 
Seat 3: Mahu2021 (720 in chips) 
JudFai: posts small blind 15
Mahu2021: posts big blind 30
*** HOLE CARDS ***
Dealt to Mahu2021 [9d Th]
figas1970: folds 
JudFai: calls 15
Mahu2021: checks 
*** FLOP *** [3c 3d 3h]
JudFai: checks 
Mahu2021: checks 
*** TURN *** [3c 3d 3h] [Ks]
JudFai: checks 
Mahu2021: checks 
*** RIVER *** [3c 3d 3h Ks] [2s]
JudFai: bets 30
Mahu2021: folds 
Uncalled bet (30) returned to JudFai
JudFai collected 60 from pot
*** SUMMARY ***
Total pot 60 | Rake 0 
Board [3c 3d 3h Ks 2s]
Seat 1: figas1970 (button) folded before Flop (didn't bet)
Seat 2: JudFai (small blind) collected (60)
Seat 3: Mahu2021 (big blind) folded on the River



PokerStars Hand #243388388502: Tournament #3584311469, $0.92+$0.08 USD Hold'em No Limit - Level II (15/30) - 2023/04/29 18:51:19 CET [2023/04/29 12:51:19 ET]
Table '3584311469 1' 3-max Seat #2 is the button
Seat 1: figas1970 (160 in chips) 
Seat 2: JudFai (650 in chips) 
Seat 3: Mahu2021 (690 in chips) 
Mahu2021: posts small blind 15
figas1970: posts big blind 30
*** HOLE CARDS ***
Dealt to Mahu2021 [7h 7s]
JudFai: folds 
Mahu2021: raises 60 to 90
figas1970: folds 
Uncalled bet (60) returned to Mahu2021
Mahu2021 collected 60 from pot
Mahu2021: doesn't show hand 
*** SUMMARY ***
Total pot 60 | Rake 0 
Seat 1: figas1970 (big blind) folded before Flop
Seat 2: JudFai (button) folded before Flop (didn't bet)
Seat 3: Mahu2021 (small blind) collected (60)



PokerStars Hand #243388391349: Tournament #3584311469, $0.92+$0.08 USD Hold'em No Limit - Level II (15/30) - 2023/04/29 18:51:29 CET [2023/04/29 12:51:29 ET]
Table '3584311469 1' 3-max Seat #3 is the button
Seat 1: figas1970 (130 in chips) 
Seat 2: JudFai (650 in chips) 
Seat 3: Mahu2021 (720 in chips) 
figas1970: posts small blind 15
JudFai: posts big blind 30
*** HOLE CARDS ***
Dealt to Mahu2021 [Ts 3h]
Mahu2021: folds 
figas1970: calls 15
JudFai: raises 60 to 90
figas1970: raises 40 to 130 and is all-in
JudFai: calls 40
*** FLOP *** [5s 2d 8s]
*** TURN *** [5s 2d 8s] [6c]
*** RIVER *** [5s 2d 8s 6c] [2s]
*** SHOW DOWN ***
figas1970: shows [Kh 3d] (a pair of Deuces)
JudFai: shows [7h As] (a pair of Deuces - Ace kicker)
JudFai collected 260 from pot
figas1970 finished the tournament in 3rd place
*** SUMMARY ***
Total pot 260 | Rake 0 
Board [5s 2d 8s 6c 2s]
Seat 1: figas1970 (small blind) showed [Kh 3d] and lost with a pair of Deuces
Seat 2: JudFai (big blind) showed [7h As] and won (260) with a pair of Deuces
Seat 3: Mahu2021 (button) folded before Flop (didn't bet)



PokerStars Hand #243388398070: Tournament #3584311469, $0.92+$0.08 USD Hold'em No Limit - Level III (20/40) - 2023/04/29 18:51:51 CET [2023/04/29 12:51:51 ET]
Table '3584311469 1' 3-max Seat #2 is the button
Seat 2: JudFai (780 in chips) 
Seat 3: Mahu2021 (720 in chips) 
JudFai: posts small blind 20
Mahu2021: posts big blind 40
*** HOLE CARDS ***
Dealt to Mahu2021 [3h 6h]
JudFai: raises 44 to 84
Mahu2021: calls 44
*** FLOP *** [2d 5s 4s]
Mahu2021: checks 
JudFai: bets 50
Mahu2021: calls 50
*** TURN *** [2d 5s 4s] [4h]
Mahu2021: checks 
JudFai: checks 
*** RIVER *** [2d 5s 4s 4h] [Jh]
Mahu2021: bets 268
JudFai: folds 
Uncalled bet (268) returned to Mahu2021
Mahu2021 collected 268 from pot
Mahu2021: doesn't show hand 
*** SUMMARY ***
Total pot 268 | Rake 0 
Board [2d 5s 4s 4h Jh]
Seat 2: JudFai (button) (small blind) folded on the River
Seat 3: Mahu2021 (big blind) collected (268)



PokerStars Hand #243388407327: Tournament #3584311469, $0.92+$0.08 USD Hold'em No Limit - Level III (20/40) - 2023/04/29 18:52:22 CET [2023/04/29 12:52:22 ET]
Table '3584311469 1' 3-max Seat #3 is the button
Seat 2: JudFai (646 in chips) 
Seat 3: Mahu2021 (854 in chips) 
Mahu2021: posts small blind 20
JudFai: posts big blind 40
*** HOLE CARDS ***
Dealt to Mahu2021 [Ac Kd]
Mahu2021: raises 80 to 120
JudFai: folds 
Uncalled bet (80) returned to Mahu2021
Mahu2021 collected 80 from pot
Mahu2021: doesn't show hand 
*** SUMMARY ***
Total pot 80 | Rake 0 
Seat 2: JudFai (big blind) folded before Flop
Seat 3: Mahu2021 (button) (small blind) collected (80)



PokerStars Hand #243388409154: Tournament #3584311469, $0.92+$0.08 USD Hold'em No Limit - Level III (20/40) - 2023/04/29 18:52:28 CET [2023/04/29 12:52:28 ET]
Table '3584311469 1' 3-max Seat #2 is the button
Seat 2: JudFai (606 in chips) 
Seat 3: Mahu2021 (894 in chips) 
JudFai: posts small blind 20
Mahu2021: posts big blind 40
*** HOLE CARDS ***
Dealt to Mahu2021 [Kd 3h]
JudFai: raises 40 to 80
Mahu2021: calls 40
*** FLOP *** [Ts Kc Jh]
Mahu2021: checks 
JudFai: bets 48
Mahu2021: raises 112 to 160
JudFai: raises 366 to 526 and is all-in
Mahu2021: calls 366
*** TURN *** [Ts Kc Jh] [5c]
*** RIVER *** [Ts Kc Jh 5c] [3c]
*** SHOW DOWN ***
Mahu2021: shows [Kd 3h] (two pair, Kings and Threes)
JudFai: shows [5d Qh] (a pair of Fives)
Mahu2021 collected 1212 from pot
JudFai finished the tournament in 2nd place
Mahu2021 wins the tournament and receives $2.00 - congratulations!
*** SUMMARY ***
Total pot 1212 | Rake 0 
Board [Ts Kc Jh 5c 3c]
Seat 2: JudFai (button) (small blind) showed [5d Qh] and lost with a pair of Fives
Seat 3: Mahu2021 (big blind) showed [Kd 3h] and won (1212) with two pair, Kings and Threes



