PokerStars Hand #252320217301: Tournament #3797455200, $1.84+$0.16 USD Hold'em No Limit - Level I (10/20) - 2024/09/06 21:11:13 CET [2024/09/06 15:11:13 ET]
Table '3797455200 1' 3-max Seat #1 is the button
Seat 1: achodoom (500 in chips) 
Seat 2: Mahu2021 (500 in chips) 
Seat 3: MyliQQ (500 in chips) 
Mahu2021: posts small blind 10
MyliQQ: posts big blind 20
*** HOLE CARDS ***
Dealt to Mahu2021 [8h 7s]
achodoom: folds 
Mahu2021: raises 20 to 40
MyliQQ: raises 460 to 500 and is all-in
Mahu2021: folds 
Uncalled bet (460) returned to MyliQQ
MyliQQ collected 80 from pot
MyliQQ: doesn't show hand 
*** SUMMARY ***
Total pot 80 | Rake 0 
Seat 1: achodoom (button) folded before Flop (didn't bet)
Seat 2: Mahu2021 (small blind) folded before Flop
Seat 3: MyliQQ (big blind) collected (80)



PokerStars Hand #252320219784: Tournament #3797455200, $1.84+$0.16 USD Hold'em No Limit - Level I (10/20) - 2024/09/06 21:11:22 CET [2024/09/06 15:11:22 ET]
Table '3797455200 1' 3-max Seat #2 is the button
Seat 1: achodoom (500 in chips) 
Seat 2: Mahu2021 (460 in chips) 
Seat 3: MyliQQ (540 in chips) 
MyliQQ: posts small blind 10
achodoom: posts big blind 20
*** HOLE CARDS ***
Dealt to Mahu2021 [Qd 7d]
Mahu2021: raises 20 to 40
MyliQQ: folds 
achodoom: folds 
Uncalled bet (20) returned to Mahu2021
Mahu2021 collected 50 from pot
Mahu2021: doesn't show hand 
*** SUMMARY ***
Total pot 50 | Rake 0 
Seat 1: achodoom (big blind) folded before Flop
Seat 2: Mahu2021 (button) collected (50)
Seat 3: MyliQQ (small blind) folded before Flop



PokerStars Hand #252320221902: Tournament #3797455200, $1.84+$0.16 USD Hold'em No Limit - Level I (10/20) - 2024/09/06 21:11:30 CET [2024/09/06 15:11:30 ET]
Table '3797455200 1' 3-max Seat #3 is the button
Seat 1: achodoom (480 in chips) 
Seat 2: Mahu2021 (490 in chips) 
Seat 3: MyliQQ (530 in chips) 
achodoom: posts small blind 10
Mahu2021: posts big blind 20
*** HOLE CARDS ***
Dealt to Mahu2021 [Ts Js]
MyliQQ: folds 
achodoom: folds 
Uncalled bet (10) returned to Mahu2021
Mahu2021 collected 20 from pot
Mahu2021: doesn't show hand 
*** SUMMARY ***
Total pot 20 | Rake 0 
Seat 1: achodoom (small blind) folded before Flop
Seat 2: Mahu2021 (big blind) collected (20)
Seat 3: MyliQQ (button) folded before Flop (didn't bet)



PokerStars Hand #252320223326: Tournament #3797455200, $1.84+$0.16 USD Hold'em No Limit - Level I (10/20) - 2024/09/06 21:11:35 CET [2024/09/06 15:11:35 ET]
Table '3797455200 1' 3-max Seat #1 is the button
Seat 1: achodoom (470 in chips) 
Seat 2: Mahu2021 (500 in chips) 
Seat 3: MyliQQ (530 in chips) 
Mahu2021: posts small blind 10
MyliQQ: posts big blind 20
*** HOLE CARDS ***
Dealt to Mahu2021 [8d 4h]
achodoom: folds 
Mahu2021: folds 
Uncalled bet (10) returned to MyliQQ
MyliQQ collected 20 from pot
MyliQQ: doesn't show hand 
*** SUMMARY ***
Total pot 20 | Rake 0 
Seat 1: achodoom (button) folded before Flop (didn't bet)
Seat 2: Mahu2021 (small blind) folded before Flop
Seat 3: MyliQQ (big blind) collected (20)



PokerStars Hand #252320224755: Tournament #3797455200, $1.84+$0.16 USD Hold'em No Limit - Level I (10/20) - 2024/09/06 21:11:41 CET [2024/09/06 15:11:41 ET]
Table '3797455200 1' 3-max Seat #2 is the button
Seat 1: achodoom (470 in chips) 
Seat 2: Mahu2021 (490 in chips) 
Seat 3: MyliQQ (540 in chips) 
MyliQQ: posts small blind 10
achodoom: posts big blind 20
*** HOLE CARDS ***
Dealt to Mahu2021 [7d 4c]
Mahu2021: folds 
MyliQQ: folds 
Uncalled bet (10) returned to achodoom
achodoom collected 20 from pot
achodoom: doesn't show hand 
*** SUMMARY ***
Total pot 20 | Rake 0 
Seat 1: achodoom (big blind) collected (20)
Seat 2: Mahu2021 (button) folded before Flop (didn't bet)
Seat 3: MyliQQ (small blind) folded before Flop



PokerStars Hand #252320226456: Tournament #3797455200, $1.84+$0.16 USD Hold'em No Limit - Level I (10/20) - 2024/09/06 21:11:47 CET [2024/09/06 15:11:47 ET]
Table '3797455200 1' 3-max Seat #3 is the button
Seat 1: achodoom (480 in chips) 
Seat 2: Mahu2021 (490 in chips) 
Seat 3: MyliQQ (530 in chips) 
achodoom: posts small blind 10
Mahu2021: posts big blind 20
*** HOLE CARDS ***
Dealt to Mahu2021 [9s 8h]
MyliQQ: folds 
achodoom: folds 
Uncalled bet (10) returned to Mahu2021
Mahu2021 collected 20 from pot
Mahu2021: doesn't show hand 
*** SUMMARY ***
Total pot 20 | Rake 0 
Seat 1: achodoom (small blind) folded before Flop
Seat 2: Mahu2021 (big blind) collected (20)
Seat 3: MyliQQ (button) folded before Flop (didn't bet)



PokerStars Hand #252320227938: Tournament #3797455200, $1.84+$0.16 USD Hold'em No Limit - Level I (10/20) - 2024/09/06 21:11:52 CET [2024/09/06 15:11:52 ET]
Table '3797455200 1' 3-max Seat #1 is the button
Seat 1: achodoom (470 in chips) 
Seat 2: Mahu2021 (500 in chips) 
Seat 3: MyliQQ (530 in chips) 
Mahu2021: posts small blind 10
MyliQQ: posts big blind 20
*** HOLE CARDS ***
Dealt to Mahu2021 [5d 2h]
achodoom: folds 
Mahu2021: folds 
Uncalled bet (10) returned to MyliQQ
MyliQQ collected 20 from pot
MyliQQ: doesn't show hand 
*** SUMMARY ***
Total pot 20 | Rake 0 
Seat 1: achodoom (button) folded before Flop (didn't bet)
Seat 2: Mahu2021 (small blind) folded before Flop
Seat 3: MyliQQ (big blind) collected (20)



PokerStars Hand #252320229412: Tournament #3797455200, $1.84+$0.16 USD Hold'em No Limit - Level I (10/20) - 2024/09/06 21:11:58 CET [2024/09/06 15:11:58 ET]
Table '3797455200 1' 3-max Seat #2 is the button
Seat 1: achodoom (470 in chips) 
Seat 2: Mahu2021 (490 in chips) 
Seat 3: MyliQQ (540 in chips) 
MyliQQ: posts small blind 10
achodoom: posts big blind 20
*** HOLE CARDS ***
Dealt to Mahu2021 [Ah Jc]
Mahu2021: raises 20 to 40
MyliQQ: folds 
achodoom: folds 
Uncalled bet (20) returned to Mahu2021
Mahu2021 collected 50 from pot
Mahu2021: doesn't show hand 
*** SUMMARY ***
Total pot 50 | Rake 0 
Seat 1: achodoom (big blind) folded before Flop
Seat 2: Mahu2021 (button) collected (50)
Seat 3: MyliQQ (small blind) folded before Flop



PokerStars Hand #252320231681: Tournament #3797455200, $1.84+$0.16 USD Hold'em No Limit - Level I (10/20) - 2024/09/06 21:12:06 CET [2024/09/06 15:12:06 ET]
Table '3797455200 1' 3-max Seat #3 is the button
Seat 1: achodoom (450 in chips) 
Seat 2: Mahu2021 (520 in chips) 
Seat 3: MyliQQ (530 in chips) 
achodoom: posts small blind 10
Mahu2021: posts big blind 20
*** HOLE CARDS ***
Dealt to Mahu2021 [Ts 4s]
MyliQQ: raises 20 to 40
achodoom: raises 140 to 180
Mahu2021: folds 
MyliQQ: raises 350 to 530 and is all-in
achodoom: calls 270 and is all-in
Uncalled bet (80) returned to MyliQQ
*** FLOP *** [Kc 3s 4d]
*** TURN *** [Kc 3s 4d] [Tc]
*** RIVER *** [Kc 3s 4d Tc] [8d]
*** SHOW DOWN ***
achodoom: shows [Ad Ks] (a pair of Kings)
MyliQQ: shows [Qc Qh] (a pair of Queens)
achodoom collected 920 from pot
*** SUMMARY ***
Total pot 920 | Rake 0 
Board [Kc 3s 4d Tc 8d]
Seat 1: achodoom (small blind) showed [Ad Ks] and won (920) with a pair of Kings
Seat 2: Mahu2021 (big blind) folded before Flop
Seat 3: MyliQQ (button) showed [Qc Qh] and lost with a pair of Queens



PokerStars Hand #252320238004: Tournament #3797455200, $1.84+$0.16 USD Hold'em No Limit - Level I (10/20) - 2024/09/06 21:12:28 CET [2024/09/06 15:12:28 ET]
Table '3797455200 1' 3-max Seat #1 is the button
Seat 1: achodoom (920 in chips) 
Seat 2: Mahu2021 (500 in chips) 
Seat 3: MyliQQ (80 in chips) 
Mahu2021: posts small blind 10
MyliQQ: posts big blind 20
*** HOLE CARDS ***
Dealt to Mahu2021 [7d Qc]
achodoom: folds 
Mahu2021: folds 
Uncalled bet (10) returned to MyliQQ
MyliQQ collected 20 from pot
MyliQQ: doesn't show hand 
*** SUMMARY ***
Total pot 20 | Rake 0 
Seat 1: achodoom (button) folded before Flop (didn't bet)
Seat 2: Mahu2021 (small blind) folded before Flop
Seat 3: MyliQQ (big blind) collected (20)



PokerStars Hand #252320240155: Tournament #3797455200, $1.84+$0.16 USD Hold'em No Limit - Level I (10/20) - 2024/09/06 21:12:36 CET [2024/09/06 15:12:36 ET]
Table '3797455200 1' 3-max Seat #2 is the button
Seat 1: achodoom (920 in chips) 
Seat 2: Mahu2021 (490 in chips) 
Seat 3: MyliQQ (90 in chips) 
MyliQQ: posts small blind 10
achodoom: posts big blind 20
*** HOLE CARDS ***
Dealt to Mahu2021 [Tc Kd]
Mahu2021: calls 20
MyliQQ: raises 70 to 90 and is all-in
achodoom: calls 70
Mahu2021: calls 70
*** FLOP *** [2s Qh 4s]
achodoom: checks 
Mahu2021: checks 
*** TURN *** [2s Qh 4s] [8s]
achodoom: checks 
Mahu2021: checks 
*** RIVER *** [2s Qh 4s 8s] [6d]
achodoom: checks 
Mahu2021: checks 
*** SHOW DOWN ***
MyliQQ: shows [3s 3c] (a pair of Threes)
achodoom: shows [5c 4c] (a pair of Fours)
Mahu2021: mucks hand 
achodoom collected 270 from pot
MyliQQ finished the tournament in 3rd place
*** SUMMARY ***
Total pot 270 | Rake 0 
Board [2s Qh 4s 8s 6d]
Seat 1: achodoom (big blind) showed [5c 4c] and won (270) with a pair of Fours
Seat 2: Mahu2021 (button) mucked [Tc Kd]
Seat 3: MyliQQ (small blind) showed [3s 3c] and lost with a pair of Threes



PokerStars Hand #252320248127: Tournament #3797455200, $1.84+$0.16 USD Hold'em No Limit - Level I (10/20) - 2024/09/06 21:13:05 CET [2024/09/06 15:13:05 ET]
Table '3797455200 1' 3-max Seat #1 is the button
Seat 1: achodoom (1100 in chips) 
Seat 2: Mahu2021 (400 in chips) 
achodoom: posts small blind 10
Mahu2021: posts big blind 20
*** HOLE CARDS ***
Dealt to Mahu2021 [Ad 4d]
achodoom: folds 
Uncalled bet (10) returned to Mahu2021
Mahu2021 collected 20 from pot
Mahu2021: doesn't show hand 
*** SUMMARY ***
Total pot 20 | Rake 0 
Seat 1: achodoom (button) (small blind) folded before Flop
Seat 2: Mahu2021 (big blind) collected (20)



PokerStars Hand #252320249552: Tournament #3797455200, $1.84+$0.16 USD Hold'em No Limit - Level I (10/20) - 2024/09/06 21:13:10 CET [2024/09/06 15:13:10 ET]
Table '3797455200 1' 3-max Seat #2 is the button
Seat 1: achodoom (1090 in chips) 
Seat 2: Mahu2021 (410 in chips) 
Mahu2021: posts small blind 10
achodoom: posts big blind 20
*** HOLE CARDS ***
Dealt to Mahu2021 [Jc 4c]
Mahu2021: raises 20 to 40
achodoom: calls 20
*** FLOP *** [Th 7s Tc]
achodoom: checks 
Mahu2021: checks 
*** TURN *** [Th 7s Tc] [7h]
achodoom: checks 
Mahu2021: checks 
*** RIVER *** [Th 7s Tc 7h] [8h]
achodoom: checks 
Mahu2021: checks 
*** SHOW DOWN ***
achodoom: shows [Kc 3c] (two pair, Tens and Sevens)
Mahu2021: mucks hand 
achodoom collected 80 from pot
*** SUMMARY ***
Total pot 80 | Rake 0 
Board [Th 7s Tc 7h 8h]
Seat 1: achodoom (big blind) showed [Kc 3c] and won (80) with two pair, Tens and Sevens
Seat 2: Mahu2021 (button) (small blind) mucked [Jc 4c]



PokerStars Hand #252320256054: Tournament #3797455200, $1.84+$0.16 USD Hold'em No Limit - Level II (15/30) - 2024/09/06 21:13:34 CET [2024/09/06 15:13:34 ET]
Table '3797455200 1' 3-max Seat #1 is the button
Seat 1: achodoom (1130 in chips) 
Seat 2: Mahu2021 (370 in chips) 
achodoom: posts small blind 15
Mahu2021: posts big blind 30
*** HOLE CARDS ***
Dealt to Mahu2021 [7c 5h]
achodoom: folds 
Uncalled bet (15) returned to Mahu2021
Mahu2021 collected 30 from pot
Mahu2021: doesn't show hand 
*** SUMMARY ***
Total pot 30 | Rake 0 
Seat 1: achodoom (button) (small blind) folded before Flop
Seat 2: Mahu2021 (big blind) collected (30)



PokerStars Hand #252320257509: Tournament #3797455200, $1.84+$0.16 USD Hold'em No Limit - Level II (15/30) - 2024/09/06 21:13:39 CET [2024/09/06 15:13:39 ET]
Table '3797455200 1' 3-max Seat #2 is the button
Seat 1: achodoom (1115 in chips) 
Seat 2: Mahu2021 (385 in chips) 
Mahu2021: posts small blind 15
achodoom: posts big blind 30
*** HOLE CARDS ***
Dealt to Mahu2021 [8d 5h]
Mahu2021: folds 
Uncalled bet (15) returned to achodoom
achodoom collected 30 from pot
achodoom: doesn't show hand 
*** SUMMARY ***
Total pot 30 | Rake 0 
Seat 1: achodoom (big blind) collected (30)
Seat 2: Mahu2021 (button) (small blind) folded before Flop



PokerStars Hand #252320258883: Tournament #3797455200, $1.84+$0.16 USD Hold'em No Limit - Level II (15/30) - 2024/09/06 21:13:44 CET [2024/09/06 15:13:44 ET]
Table '3797455200 1' 3-max Seat #1 is the button
Seat 1: achodoom (1130 in chips) 
Seat 2: Mahu2021 (370 in chips) 
achodoom: posts small blind 15
Mahu2021: posts big blind 30
*** HOLE CARDS ***
Dealt to Mahu2021 [Jh Qd]
achodoom: calls 15
Mahu2021: raises 60 to 90
achodoom: calls 60
*** FLOP *** [Ks 9d 7s]
Mahu2021: checks 
achodoom: bets 1040 and is all-in
Mahu2021: folds 
Uncalled bet (1040) returned to achodoom
achodoom collected 180 from pot
achodoom: doesn't show hand 
*** SUMMARY ***
Total pot 180 | Rake 0 
Board [Ks 9d 7s]
Seat 1: achodoom (button) (small blind) collected (180)
Seat 2: Mahu2021 (big blind) folded on the Flop



PokerStars Hand #252320262888: Tournament #3797455200, $1.84+$0.16 USD Hold'em No Limit - Level II (15/30) - 2024/09/06 21:13:59 CET [2024/09/06 15:13:59 ET]
Table '3797455200 1' 3-max Seat #2 is the button
Seat 1: achodoom (1220 in chips) 
Seat 2: Mahu2021 (280 in chips) 
Mahu2021: posts small blind 15
achodoom: posts big blind 30
*** HOLE CARDS ***
Dealt to Mahu2021 [Jc 2h]
Mahu2021: folds 
Uncalled bet (15) returned to achodoom
achodoom collected 30 from pot
achodoom: doesn't show hand 
*** SUMMARY ***
Total pot 30 | Rake 0 
Seat 1: achodoom (big blind) collected (30)
Seat 2: Mahu2021 (button) (small blind) folded before Flop



PokerStars Hand #252320264088: Tournament #3797455200, $1.84+$0.16 USD Hold'em No Limit - Level II (15/30) - 2024/09/06 21:14:03 CET [2024/09/06 15:14:03 ET]
Table '3797455200 1' 3-max Seat #1 is the button
Seat 1: achodoom (1235 in chips) 
Seat 2: Mahu2021 (265 in chips) 
achodoom: posts small blind 15
Mahu2021: posts big blind 30
*** HOLE CARDS ***
Dealt to Mahu2021 [Ts 4s]
achodoom: calls 15
Mahu2021: checks 
*** FLOP *** [6s 7s Js]
Mahu2021: checks 
achodoom: checks 
*** TURN *** [6s 7s Js] [Jd]
Mahu2021: checks 
achodoom: checks 
*** RIVER *** [6s 7s Js Jd] [5h]
Mahu2021: bets 235 and is all-in
achodoom: folds 
Uncalled bet (235) returned to Mahu2021
Mahu2021 collected 60 from pot
Mahu2021: doesn't show hand 
*** SUMMARY ***
Total pot 60 | Rake 0 
Board [6s 7s Js Jd 5h]
Seat 1: achodoom (button) (small blind) folded on the River
Seat 2: Mahu2021 (big blind) collected (60)



PokerStars Hand #252320268683: Tournament #3797455200, $1.84+$0.16 USD Hold'em No Limit - Level II (15/30) - 2024/09/06 21:14:20 CET [2024/09/06 15:14:20 ET]
Table '3797455200 1' 3-max Seat #2 is the button
Seat 1: achodoom (1205 in chips) 
Seat 2: Mahu2021 (295 in chips) 
Mahu2021: posts small blind 15
achodoom: posts big blind 30
*** HOLE CARDS ***
Dealt to Mahu2021 [Td Qs]
Mahu2021: raises 30 to 60
achodoom: calls 30
*** FLOP *** [Qh 5h 2s]
achodoom: checks 
Mahu2021: bets 60
achodoom: folds 
Uncalled bet (60) returned to Mahu2021
Mahu2021 collected 120 from pot
Mahu2021: doesn't show hand 
*** SUMMARY ***
Total pot 120 | Rake 0 
Board [Qh 5h 2s]
Seat 1: achodoom (big blind) folded on the Flop
Seat 2: Mahu2021 (button) (small blind) collected (120)



PokerStars Hand #252320272667: Tournament #3797455200, $1.84+$0.16 USD Hold'em No Limit - Level II (15/30) - 2024/09/06 21:14:35 CET [2024/09/06 15:14:35 ET]
Table '3797455200 1' 3-max Seat #1 is the button
Seat 1: achodoom (1145 in chips) 
Seat 2: Mahu2021 (355 in chips) 
achodoom: posts small blind 15
Mahu2021: posts big blind 30
*** HOLE CARDS ***
Dealt to Mahu2021 [2c 9s]
achodoom: folds 
Uncalled bet (15) returned to Mahu2021
Mahu2021 collected 30 from pot
Mahu2021: doesn't show hand 
*** SUMMARY ***
Total pot 30 | Rake 0 
Seat 1: achodoom (button) (small blind) folded before Flop
Seat 2: Mahu2021 (big blind) collected (30)



PokerStars Hand #252320274127: Tournament #3797455200, $1.84+$0.16 USD Hold'em No Limit - Level II (15/30) - 2024/09/06 21:14:40 CET [2024/09/06 15:14:40 ET]
Table '3797455200 1' 3-max Seat #2 is the button
Seat 1: achodoom (1130 in chips) 
Seat 2: Mahu2021 (370 in chips) 
Mahu2021: posts small blind 15
achodoom: posts big blind 30
*** HOLE CARDS ***
Dealt to Mahu2021 [9c 8h]
Mahu2021: raises 30 to 60
achodoom: raises 1070 to 1130 and is all-in
Mahu2021: folds 
Uncalled bet (1070) returned to achodoom
achodoom collected 120 from pot
achodoom: doesn't show hand 
*** SUMMARY ***
Total pot 120 | Rake 0 
Seat 1: achodoom (big blind) collected (120)
Seat 2: Mahu2021 (button) (small blind) folded before Flop



PokerStars Hand #252320276389: Tournament #3797455200, $1.84+$0.16 USD Hold'em No Limit - Level II (15/30) - 2024/09/06 21:14:48 CET [2024/09/06 15:14:48 ET]
Table '3797455200 1' 3-max Seat #1 is the button
Seat 1: achodoom (1190 in chips) 
Seat 2: Mahu2021 (310 in chips) 
achodoom: posts small blind 15
Mahu2021: posts big blind 30
*** HOLE CARDS ***
Dealt to Mahu2021 [Ad 4d]
achodoom: raises 1160 to 1190 and is all-in
Mahu2021: calls 280 and is all-in
Uncalled bet (880) returned to achodoom
*** FLOP *** [8c Ac Jc]
*** TURN *** [8c Ac Jc] [7s]
*** RIVER *** [8c Ac Jc 7s] [2h]
*** SHOW DOWN ***
Mahu2021: shows [Ad 4d] (a pair of Aces)
achodoom: shows [As Kc] (a pair of Aces - King kicker)
achodoom collected 620 from pot
Mahu2021 finished the tournament in 2nd place
achodoom wins the tournament and receives $4.00 - congratulations!
*** SUMMARY ***
Total pot 620 | Rake 0 
Board [8c Ac Jc 7s 2h]
Seat 1: achodoom (button) (small blind) showed [As Kc] and won (620) with a pair of Aces
Seat 2: Mahu2021 (big blind) showed [Ad 4d] and lost with a pair of Aces



