PokerStars Hand #252856177212: Tournament #3810279286, $1.84+$0.16 USD Hold'em No Limit - Level I (10/20) - 2024/10/10 12:07:10 CET [2024/10/10 6:07:10 ET]
Table '3810279286 1' 3-max Seat #1 is the button
Seat 1: Edwaarddd (500 in chips) 
Seat 2: Mahu2021 (500 in chips) 
Seat 3: Play555999 (500 in chips) 
Mahu2021: posts small blind 10
Play555999: posts big blind 20
*** HOLE CARDS ***
Dealt to Mahu2021 [Qd Kh]
Edwaarddd: folds 
Mahu2021: raises 20 to 40
Play555999: calls 20
*** FLOP *** [Qh Jh Js]
Mahu2021: bets 40
Play555999: folds 
Uncalled bet (40) returned to Mahu2021
Mahu2021 collected 80 from pot
Mahu2021: doesn't show hand 
*** SUMMARY ***
Total pot 80 | Rake 0 
Board [Qh Jh Js]
Seat 1: Edwaarddd (button) folded before Flop (didn't bet)
Seat 2: Mahu2021 (small blind) collected (80)
Seat 3: Play555999 (big blind) folded on the Flop



PokerStars Hand #252856178642: Tournament #3810279286, $1.84+$0.16 USD Hold'em No Limit - Level I (10/20) - 2024/10/10 12:07:22 CET [2024/10/10 6:07:22 ET]
Table '3810279286 1' 3-max Seat #2 is the button
Seat 1: Edwaarddd (500 in chips) 
Seat 2: Mahu2021 (540 in chips) 
Seat 3: Play555999 (460 in chips) 
Play555999: posts small blind 10
Edwaarddd: posts big blind 20
*** HOLE CARDS ***
Dealt to Mahu2021 [2d 3h]
Mahu2021: folds 
Play555999: folds 
Uncalled bet (10) returned to Edwaarddd
Edwaarddd collected 20 from pot
*** SUMMARY ***
Total pot 20 | Rake 0 
Seat 1: Edwaarddd (big blind) collected (20)
Seat 2: Mahu2021 (button) folded before Flop (didn't bet)
Seat 3: Play555999 (small blind) folded before Flop



PokerStars Hand #252856179403: Tournament #3810279286, $1.84+$0.16 USD Hold'em No Limit - Level I (10/20) - 2024/10/10 12:07:28 CET [2024/10/10 6:07:28 ET]
Table '3810279286 1' 3-max Seat #3 is the button
Seat 1: Edwaarddd (510 in chips) 
Seat 2: Mahu2021 (540 in chips) 
Seat 3: Play555999 (450 in chips) 
Edwaarddd: posts small blind 10
Mahu2021: posts big blind 20
*** HOLE CARDS ***
Dealt to Mahu2021 [9c 3h]
Play555999: folds 
Edwaarddd: folds 
Uncalled bet (10) returned to Mahu2021
Mahu2021 collected 20 from pot
Mahu2021: doesn't show hand 
*** SUMMARY ***
Total pot 20 | Rake 0 
Seat 1: Edwaarddd (small blind) folded before Flop
Seat 2: Mahu2021 (big blind) collected (20)
Seat 3: Play555999 (button) folded before Flop (didn't bet)



PokerStars Hand #252856180058: Tournament #3810279286, $1.84+$0.16 USD Hold'em No Limit - Level I (10/20) - 2024/10/10 12:07:34 CET [2024/10/10 6:07:34 ET]
Table '3810279286 1' 3-max Seat #1 is the button
Seat 1: Edwaarddd (500 in chips) 
Seat 2: Mahu2021 (550 in chips) 
Seat 3: Play555999 (450 in chips) 
Mahu2021: posts small blind 10
Play555999: posts big blind 20
*** HOLE CARDS ***
Dealt to Mahu2021 [2d Kc]
Edwaarddd: raises 20 to 40
Mahu2021: folds 
Play555999: calls 20
*** FLOP *** [5d Qh 5c]
Play555999: bets 90
Edwaarddd: folds 
Uncalled bet (90) returned to Play555999
Play555999 collected 90 from pot
Play555999: doesn't show hand 
*** SUMMARY ***
Total pot 90 | Rake 0 
Board [5d Qh 5c]
Seat 1: Edwaarddd (button) folded on the Flop
Seat 2: Mahu2021 (small blind) folded before Flop
Seat 3: Play555999 (big blind) collected (90)



PokerStars Hand #252856182401: Tournament #3810279286, $1.84+$0.16 USD Hold'em No Limit - Level I (10/20) - 2024/10/10 12:07:54 CET [2024/10/10 6:07:54 ET]
Table '3810279286 1' 3-max Seat #2 is the button
Seat 1: Edwaarddd (460 in chips) 
Seat 2: Mahu2021 (540 in chips) 
Seat 3: Play555999 (500 in chips) 
Play555999: posts small blind 10
Edwaarddd: posts big blind 20
*** HOLE CARDS ***
Dealt to Mahu2021 [Qd 6s]
Mahu2021: folds 
Play555999: calls 10
Edwaarddd: checks 
*** FLOP *** [9c 9s Th]
Play555999: bets 20
Edwaarddd: calls 20
*** TURN *** [9c 9s Th] [4s]
Play555999: bets 40
Edwaarddd: calls 40
*** RIVER *** [9c 9s Th 4s] [6d]
Play555999: checks 
Edwaarddd: checks 
*** SHOW DOWN ***
Play555999: shows [Js Ts] (two pair, Tens and Nines)
Edwaarddd: mucks hand 
Play555999 collected 160 from pot
*** SUMMARY ***
Total pot 160 | Rake 0 
Board [9c 9s Th 4s 6d]
Seat 1: Edwaarddd (big blind) mucked [As 2s]
Seat 2: Mahu2021 (button) folded before Flop (didn't bet)
Seat 3: Play555999 (small blind) showed [Js Ts] and won (160) with two pair, Tens and Nines



PokerStars Hand #252856186627: Tournament #3810279286, $1.84+$0.16 USD Hold'em No Limit - Level I (10/20) - 2024/10/10 12:08:30 CET [2024/10/10 6:08:30 ET]
Table '3810279286 1' 3-max Seat #3 is the button
Seat 1: Edwaarddd (380 in chips) 
Seat 2: Mahu2021 (540 in chips) 
Seat 3: Play555999 (580 in chips) 
Edwaarddd: posts small blind 10
Mahu2021: posts big blind 20
*** HOLE CARDS ***
Dealt to Mahu2021 [Th Qs]
Play555999: folds 
Edwaarddd: folds 
Uncalled bet (10) returned to Mahu2021
Mahu2021 collected 20 from pot
Mahu2021: doesn't show hand 
*** SUMMARY ***
Total pot 20 | Rake 0 
Seat 1: Edwaarddd (small blind) folded before Flop
Seat 2: Mahu2021 (big blind) collected (20)
Seat 3: Play555999 (button) folded before Flop (didn't bet)



PokerStars Hand #252856187931: Tournament #3810279286, $1.84+$0.16 USD Hold'em No Limit - Level I (10/20) - 2024/10/10 12:08:41 CET [2024/10/10 6:08:41 ET]
Table '3810279286 1' 3-max Seat #1 is the button
Seat 1: Edwaarddd (370 in chips) 
Seat 2: Mahu2021 (550 in chips) 
Seat 3: Play555999 (580 in chips) 
Mahu2021: posts small blind 10
Play555999: posts big blind 20
*** HOLE CARDS ***
Dealt to Mahu2021 [2d 8h]
Edwaarddd: folds 
Mahu2021: folds 
Uncalled bet (10) returned to Play555999
Play555999 collected 20 from pot
Play555999: doesn't show hand 
*** SUMMARY ***
Total pot 20 | Rake 0 
Seat 1: Edwaarddd (button) folded before Flop (didn't bet)
Seat 2: Mahu2021 (small blind) folded before Flop
Seat 3: Play555999 (big blind) collected (20)



PokerStars Hand #252856188515: Tournament #3810279286, $1.84+$0.16 USD Hold'em No Limit - Level I (10/20) - 2024/10/10 12:08:46 CET [2024/10/10 6:08:46 ET]
Table '3810279286 1' 3-max Seat #2 is the button
Seat 1: Edwaarddd (370 in chips) 
Seat 2: Mahu2021 (540 in chips) 
Seat 3: Play555999 (590 in chips) 
Play555999: posts small blind 10
Edwaarddd: posts big blind 20
*** HOLE CARDS ***
Dealt to Mahu2021 [Jd 2c]
Mahu2021: folds 
Play555999: folds 
Uncalled bet (10) returned to Edwaarddd
Edwaarddd collected 20 from pot
*** SUMMARY ***
Total pot 20 | Rake 0 
Seat 1: Edwaarddd (big blind) collected (20)
Seat 2: Mahu2021 (button) folded before Flop (didn't bet)
Seat 3: Play555999 (small blind) folded before Flop



PokerStars Hand #252856189459: Tournament #3810279286, $1.84+$0.16 USD Hold'em No Limit - Level I (10/20) - 2024/10/10 12:08:54 CET [2024/10/10 6:08:54 ET]
Table '3810279286 1' 3-max Seat #3 is the button
Seat 1: Edwaarddd (380 in chips) 
Seat 2: Mahu2021 (540 in chips) 
Seat 3: Play555999 (580 in chips) 
Edwaarddd: posts small blind 10
Mahu2021: posts big blind 20
*** HOLE CARDS ***
Dealt to Mahu2021 [Jh 8s]
Play555999: folds 
Edwaarddd: folds 
Uncalled bet (10) returned to Mahu2021
Mahu2021 collected 20 from pot
Mahu2021: doesn't show hand 
*** SUMMARY ***
Total pot 20 | Rake 0 
Seat 1: Edwaarddd (small blind) folded before Flop
Seat 2: Mahu2021 (big blind) collected (20)
Seat 3: Play555999 (button) folded before Flop (didn't bet)



PokerStars Hand #252856190732: Tournament #3810279286, $1.84+$0.16 USD Hold'em No Limit - Level I (10/20) - 2024/10/10 12:09:05 CET [2024/10/10 6:09:05 ET]
Table '3810279286 1' 3-max Seat #1 is the button
Seat 1: Edwaarddd (370 in chips) 
Seat 2: Mahu2021 (550 in chips) 
Seat 3: Play555999 (580 in chips) 
Mahu2021: posts small blind 10
Play555999: posts big blind 20
*** HOLE CARDS ***
Dealt to Mahu2021 [Ac 9s]
Edwaarddd: raises 20 to 40
Mahu2021: calls 30
Play555999: calls 20
*** FLOP *** [Ks 5c As]
Mahu2021: checks 
Play555999: checks 
Edwaarddd: checks 
*** TURN *** [Ks 5c As] [7c]
Mahu2021: bets 40
Play555999: raises 500 to 540 and is all-in
Edwaarddd: folds 
Mahu2021: folds 
Uncalled bet (500) returned to Play555999
Play555999 collected 200 from pot
Play555999: doesn't show hand 
*** SUMMARY ***
Total pot 200 | Rake 0 
Board [Ks 5c As 7c]
Seat 1: Edwaarddd (button) folded on the Turn
Seat 2: Mahu2021 (small blind) folded on the Turn
Seat 3: Play555999 (big blind) collected (200)



PokerStars Hand #252856196468: Tournament #3810279286, $1.84+$0.16 USD Hold'em No Limit - Level I (10/20) - 2024/10/10 12:09:54 CET [2024/10/10 6:09:54 ET]
Table '3810279286 1' 3-max Seat #2 is the button
Seat 1: Edwaarddd (330 in chips) 
Seat 2: Mahu2021 (470 in chips) 
Seat 3: Play555999 (700 in chips) 
Play555999: posts small blind 10
Edwaarddd: posts big blind 20
*** HOLE CARDS ***
Dealt to Mahu2021 [6h 2c]
Mahu2021: folds 
Play555999: calls 10
Edwaarddd: checks 
*** FLOP *** [8s 6s Jh]
Play555999: checks 
Edwaarddd: bets 20
Play555999: folds 
Uncalled bet (20) returned to Edwaarddd
Edwaarddd collected 40 from pot
*** SUMMARY ***
Total pot 40 | Rake 0 
Board [8s 6s Jh]
Seat 1: Edwaarddd (big blind) collected (40)
Seat 2: Mahu2021 (button) folded before Flop (didn't bet)
Seat 3: Play555999 (small blind) folded on the Flop



PokerStars Hand #252856200880: Tournament #3810279286, $1.84+$0.16 USD Hold'em No Limit - Level II (15/30) - 2024/10/10 12:10:31 CET [2024/10/10 6:10:31 ET]
Table '3810279286 1' 3-max Seat #3 is the button
Seat 1: Edwaarddd (350 in chips) 
Seat 2: Mahu2021 (470 in chips) 
Seat 3: Play555999 (680 in chips) 
Edwaarddd: posts small blind 15
Mahu2021: posts big blind 30
*** HOLE CARDS ***
Dealt to Mahu2021 [7s 5d]
Play555999: folds 
Edwaarddd: calls 15
Mahu2021: checks 
*** FLOP *** [Jd Tc 5s]
Edwaarddd: bets 30
Mahu2021: calls 30
*** TURN *** [Jd Tc 5s] [Jh]
Edwaarddd: checks 
Mahu2021: checks 
*** RIVER *** [Jd Tc 5s Jh] [7d]
Edwaarddd: bets 45
Mahu2021: raises 75 to 120
Edwaarddd: calls 75
*** SHOW DOWN ***
Mahu2021: shows [7s 5d] (two pair, Jacks and Sevens)
Edwaarddd: shows [Kh Ks] (two pair, Kings and Jacks)
Edwaarddd collected 360 from pot
*** SUMMARY ***
Total pot 360 | Rake 0 
Board [Jd Tc 5s Jh 7d]
Seat 1: Edwaarddd (small blind) showed [Kh Ks] and won (360) with two pair, Kings and Jacks
Seat 2: Mahu2021 (big blind) showed [7s 5d] and lost with two pair, Jacks and Sevens
Seat 3: Play555999 (button) folded before Flop (didn't bet)



PokerStars Hand #252856205905: Tournament #3810279286, $1.84+$0.16 USD Hold'em No Limit - Level II (15/30) - 2024/10/10 12:11:13 CET [2024/10/10 6:11:13 ET]
Table '3810279286 1' 3-max Seat #1 is the button
Seat 1: Edwaarddd (530 in chips) 
Seat 2: Mahu2021 (290 in chips) 
Seat 3: Play555999 (680 in chips) 
Mahu2021: posts small blind 15
Play555999: posts big blind 30
*** HOLE CARDS ***
Dealt to Mahu2021 [Ad Qs]
Edwaarddd: folds 
Mahu2021: raises 90 to 120
Play555999: folds 
Uncalled bet (90) returned to Mahu2021
Mahu2021 collected 60 from pot
Mahu2021: doesn't show hand 
*** SUMMARY ***
Total pot 60 | Rake 0 
Seat 1: Edwaarddd (button) folded before Flop (didn't bet)
Seat 2: Mahu2021 (small blind) collected (60)
Seat 3: Play555999 (big blind) folded before Flop



PokerStars Hand #252856207200: Tournament #3810279286, $1.84+$0.16 USD Hold'em No Limit - Level II (15/30) - 2024/10/10 12:11:24 CET [2024/10/10 6:11:24 ET]
Table '3810279286 1' 3-max Seat #2 is the button
Seat 1: Edwaarddd (530 in chips) 
Seat 2: Mahu2021 (320 in chips) 
Seat 3: Play555999 (650 in chips) 
Play555999: posts small blind 15
Edwaarddd: posts big blind 30
*** HOLE CARDS ***
Dealt to Mahu2021 [6h 2s]
Mahu2021: folds 
Play555999: folds 
Uncalled bet (15) returned to Edwaarddd
Edwaarddd collected 30 from pot
*** SUMMARY ***
Total pot 30 | Rake 0 
Seat 1: Edwaarddd (big blind) collected (30)
Seat 2: Mahu2021 (button) folded before Flop (didn't bet)
Seat 3: Play555999 (small blind) folded before Flop



PokerStars Hand #252856209124: Tournament #3810279286, $1.84+$0.16 USD Hold'em No Limit - Level II (15/30) - 2024/10/10 12:11:41 CET [2024/10/10 6:11:41 ET]
Table '3810279286 1' 3-max Seat #3 is the button
Seat 1: Edwaarddd (545 in chips) 
Seat 2: Mahu2021 (320 in chips) 
Seat 3: Play555999 (635 in chips) 
Edwaarddd: posts small blind 15
Mahu2021: posts big blind 30
*** HOLE CARDS ***
Dealt to Mahu2021 [7s Kh]
Play555999: folds 
Edwaarddd: raises 515 to 545 and is all-in
Mahu2021: folds 
Uncalled bet (515) returned to Edwaarddd
Edwaarddd collected 60 from pot
*** SUMMARY ***
Total pot 60 | Rake 0 
Seat 1: Edwaarddd (small blind) collected (60)
Seat 2: Mahu2021 (big blind) folded before Flop
Seat 3: Play555999 (button) folded before Flop (didn't bet)



PokerStars Hand #252856210113: Tournament #3810279286, $1.84+$0.16 USD Hold'em No Limit - Level II (15/30) - 2024/10/10 12:11:49 CET [2024/10/10 6:11:49 ET]
Table '3810279286 1' 3-max Seat #1 is the button
Seat 1: Edwaarddd (575 in chips) 
Seat 2: Mahu2021 (290 in chips) 
Seat 3: Play555999 (635 in chips) 
Mahu2021: posts small blind 15
Play555999: posts big blind 30
*** HOLE CARDS ***
Dealt to Mahu2021 [5s 8s]
Edwaarddd: folds 
Mahu2021: calls 15
Play555999: checks 
*** FLOP *** [Td As 3d]
Mahu2021: checks 
Play555999: checks 
*** TURN *** [Td As 3d] [2s]
Mahu2021: bets 30
Play555999: calls 30
*** RIVER *** [Td As 3d 2s] [3h]
Mahu2021: bets 120
Play555999: calls 120
*** SHOW DOWN ***
Mahu2021: shows [5s 8s] (a pair of Threes)
Play555999: shows [2c 7s] (two pair, Threes and Deuces)
Play555999 collected 360 from pot
*** SUMMARY ***
Total pot 360 | Rake 0 
Board [Td As 3d 2s 3h]
Seat 1: Edwaarddd (button) folded before Flop (didn't bet)
Seat 2: Mahu2021 (small blind) showed [5s 8s] and lost with a pair of Threes
Seat 3: Play555999 (big blind) showed [2c 7s] and won (360) with two pair, Threes and Deuces



PokerStars Hand #252856214844: Tournament #3810279286, $1.84+$0.16 USD Hold'em No Limit - Level II (15/30) - 2024/10/10 12:12:28 CET [2024/10/10 6:12:28 ET]
Table '3810279286 1' 3-max Seat #2 is the button
Seat 1: Edwaarddd (575 in chips) 
Seat 2: Mahu2021 (110 in chips) 
Seat 3: Play555999 (815 in chips) 
Play555999: posts small blind 15
Edwaarddd: posts big blind 30
*** HOLE CARDS ***
Dealt to Mahu2021 [5d 7h]
Mahu2021: folds 
Play555999: folds 
Uncalled bet (15) returned to Edwaarddd
Edwaarddd collected 30 from pot
*** SUMMARY ***
Total pot 30 | Rake 0 
Seat 1: Edwaarddd (big blind) collected (30)
Seat 2: Mahu2021 (button) folded before Flop (didn't bet)
Seat 3: Play555999 (small blind) folded before Flop



PokerStars Hand #252856216376: Tournament #3810279286, $1.84+$0.16 USD Hold'em No Limit - Level II (15/30) - 2024/10/10 12:12:41 CET [2024/10/10 6:12:41 ET]
Table '3810279286 1' 3-max Seat #3 is the button
Seat 1: Edwaarddd (590 in chips) 
Seat 2: Mahu2021 (110 in chips) 
Seat 3: Play555999 (800 in chips) 
Edwaarddd: posts small blind 15
Mahu2021: posts big blind 30
*** HOLE CARDS ***
Dealt to Mahu2021 [Kh 8h]
Play555999: folds 
Edwaarddd: folds 
Uncalled bet (15) returned to Mahu2021
Mahu2021 collected 30 from pot
Mahu2021: doesn't show hand 
*** SUMMARY ***
Total pot 30 | Rake 0 
Seat 1: Edwaarddd (small blind) folded before Flop
Seat 2: Mahu2021 (big blind) collected (30)
Seat 3: Play555999 (button) folded before Flop (didn't bet)



PokerStars Hand #252856218144: Tournament #3810279286, $1.84+$0.16 USD Hold'em No Limit - Level II (15/30) - 2024/10/10 12:12:56 CET [2024/10/10 6:12:56 ET]
Table '3810279286 1' 3-max Seat #1 is the button
Seat 1: Edwaarddd (575 in chips) 
Seat 2: Mahu2021 (125 in chips) 
Seat 3: Play555999 (800 in chips) 
Mahu2021: posts small blind 15
Play555999: posts big blind 30
*** HOLE CARDS ***
Dealt to Mahu2021 [2s Js]
Edwaarddd: folds 
Mahu2021: calls 15
Play555999: checks 
*** FLOP *** [8d Tc 3c]
Mahu2021: checks 
Play555999: bets 60
Mahu2021: folds 
Uncalled bet (60) returned to Play555999
Play555999 collected 60 from pot
Play555999: doesn't show hand 
*** SUMMARY ***
Total pot 60 | Rake 0 
Board [8d Tc 3c]
Seat 1: Edwaarddd (button) folded before Flop (didn't bet)
Seat 2: Mahu2021 (small blind) folded on the Flop
Seat 3: Play555999 (big blind) collected (60)



PokerStars Hand #252856219666: Tournament #3810279286, $1.84+$0.16 USD Hold'em No Limit - Level II (15/30) - 2024/10/10 12:13:08 CET [2024/10/10 6:13:08 ET]
Table '3810279286 1' 3-max Seat #2 is the button
Seat 1: Edwaarddd (575 in chips) 
Seat 2: Mahu2021 (95 in chips) 
Seat 3: Play555999 (830 in chips) 
Play555999: posts small blind 15
Edwaarddd: posts big blind 30
*** HOLE CARDS ***
Dealt to Mahu2021 [8s 5c]
Mahu2021: folds 
Play555999: folds 
Uncalled bet (15) returned to Edwaarddd
Edwaarddd collected 30 from pot
*** SUMMARY ***
Total pot 30 | Rake 0 
Seat 1: Edwaarddd (big blind) collected (30)
Seat 2: Mahu2021 (button) folded before Flop (didn't bet)
Seat 3: Play555999 (small blind) folded before Flop



PokerStars Hand #252856221095: Tournament #3810279286, $1.84+$0.16 USD Hold'em No Limit - Level III (20/40) - 2024/10/10 12:13:20 CET [2024/10/10 6:13:20 ET]
Table '3810279286 1' 3-max Seat #3 is the button
Seat 1: Edwaarddd (590 in chips) 
Seat 2: Mahu2021 (95 in chips) 
Seat 3: Play555999 (815 in chips) 
Edwaarddd: posts small blind 20
Mahu2021: posts big blind 40
*** HOLE CARDS ***
Dealt to Mahu2021 [Tc Td]
Play555999: folds 
Edwaarddd: raises 40 to 80
Mahu2021: raises 15 to 95 and is all-in
Edwaarddd: calls 15
*** FLOP *** [2h 2c Jd]
*** TURN *** [2h 2c Jd] [5s]
*** RIVER *** [2h 2c Jd 5s] [7h]
*** SHOW DOWN ***
Edwaarddd: shows [3d Qs] (a pair of Deuces)
Mahu2021: shows [Tc Td] (two pair, Tens and Deuces)
Mahu2021 collected 190 from pot
*** SUMMARY ***
Total pot 190 | Rake 0 
Board [2h 2c Jd 5s 7h]
Seat 1: Edwaarddd (small blind) showed [3d Qs] and lost with a pair of Deuces
Seat 2: Mahu2021 (big blind) showed [Tc Td] and won (190) with two pair, Tens and Deuces
Seat 3: Play555999 (button) folded before Flop (didn't bet)



PokerStars Hand #252856222858: Tournament #3810279286, $1.84+$0.16 USD Hold'em No Limit - Level III (20/40) - 2024/10/10 12:13:34 CET [2024/10/10 6:13:34 ET]
Table '3810279286 1' 3-max Seat #1 is the button
Seat 1: Edwaarddd (495 in chips) 
Seat 2: Mahu2021 (190 in chips) 
Seat 3: Play555999 (815 in chips) 
Mahu2021: posts small blind 20
Play555999: posts big blind 40
*** HOLE CARDS ***
Dealt to Mahu2021 [5c 7s]
Edwaarddd: folds 
Mahu2021: folds 
Uncalled bet (20) returned to Play555999
Play555999 collected 40 from pot
Play555999: doesn't show hand 
*** SUMMARY ***
Total pot 40 | Rake 0 
Seat 1: Edwaarddd (button) folded before Flop (didn't bet)
Seat 2: Mahu2021 (small blind) folded before Flop
Seat 3: Play555999 (big blind) collected (40)



PokerStars Hand #252856223491: Tournament #3810279286, $1.84+$0.16 USD Hold'em No Limit - Level III (20/40) - 2024/10/10 12:13:39 CET [2024/10/10 6:13:39 ET]
Table '3810279286 1' 3-max Seat #2 is the button
Seat 1: Edwaarddd (495 in chips) 
Seat 2: Mahu2021 (170 in chips) 
Seat 3: Play555999 (835 in chips) 
Play555999: posts small blind 20
Edwaarddd: posts big blind 40
*** HOLE CARDS ***
Dealt to Mahu2021 [5d 9s]
Mahu2021: folds 
Play555999: folds 
Uncalled bet (20) returned to Edwaarddd
Edwaarddd collected 40 from pot
*** SUMMARY ***
Total pot 40 | Rake 0 
Seat 1: Edwaarddd (big blind) collected (40)
Seat 2: Mahu2021 (button) folded before Flop (didn't bet)
Seat 3: Play555999 (small blind) folded before Flop



PokerStars Hand #252856224527: Tournament #3810279286, $1.84+$0.16 USD Hold'em No Limit - Level III (20/40) - 2024/10/10 12:13:48 CET [2024/10/10 6:13:48 ET]
Table '3810279286 1' 3-max Seat #3 is the button
Seat 1: Edwaarddd (515 in chips) 
Seat 2: Mahu2021 (170 in chips) 
Seat 3: Play555999 (815 in chips) 
Edwaarddd: posts small blind 20
Mahu2021: posts big blind 40
*** HOLE CARDS ***
Dealt to Mahu2021 [Kd 2s]
Play555999: raises 775 to 815 and is all-in
Edwaarddd: folds 
Mahu2021: folds 
Uncalled bet (775) returned to Play555999
Play555999 collected 100 from pot
Play555999: doesn't show hand 
*** SUMMARY ***
Total pot 100 | Rake 0 
Seat 1: Edwaarddd (small blind) folded before Flop
Seat 2: Mahu2021 (big blind) folded before Flop
Seat 3: Play555999 (button) collected (100)



PokerStars Hand #252856226808: Tournament #3810279286, $1.84+$0.16 USD Hold'em No Limit - Level III (20/40) - 2024/10/10 12:14:06 CET [2024/10/10 6:14:06 ET]
Table '3810279286 1' 3-max Seat #1 is the button
Seat 1: Edwaarddd (495 in chips) 
Seat 2: Mahu2021 (130 in chips) 
Seat 3: Play555999 (875 in chips) 
Mahu2021: posts small blind 20
Play555999: posts big blind 40
*** HOLE CARDS ***
Dealt to Mahu2021 [Js 5s]
Edwaarddd: folds 
Mahu2021: raises 90 to 130 and is all-in
Play555999: calls 90
*** FLOP *** [9s Qs 3c]
*** TURN *** [9s Qs 3c] [2c]
*** RIVER *** [9s Qs 3c 2c] [Jc]
*** SHOW DOWN ***
Mahu2021: shows [Js 5s] (a pair of Jacks)
Play555999: shows [5h Ah] (high card Ace)
Mahu2021 collected 260 from pot
*** SUMMARY ***
Total pot 260 | Rake 0 
Board [9s Qs 3c 2c Jc]
Seat 1: Edwaarddd (button) folded before Flop (didn't bet)
Seat 2: Mahu2021 (small blind) showed [Js 5s] and won (260) with a pair of Jacks
Seat 3: Play555999 (big blind) showed [5h Ah] and lost with high card Ace



PokerStars Hand #252856228471: Tournament #3810279286, $1.84+$0.16 USD Hold'em No Limit - Level III (20/40) - 2024/10/10 12:14:20 CET [2024/10/10 6:14:20 ET]
Table '3810279286 1' 3-max Seat #2 is the button
Seat 1: Edwaarddd (495 in chips) 
Seat 2: Mahu2021 (260 in chips) 
Seat 3: Play555999 (745 in chips) 
Play555999: posts small blind 20
Edwaarddd: posts big blind 40
*** HOLE CARDS ***
Dealt to Mahu2021 [5h Ah]
Mahu2021: raises 220 to 260 and is all-in
Play555999: folds 
Edwaarddd: folds 
Uncalled bet (220) returned to Mahu2021
Mahu2021 collected 100 from pot
Mahu2021: doesn't show hand 
*** SUMMARY ***
Total pot 100 | Rake 0 
Seat 1: Edwaarddd (big blind) folded before Flop
Seat 2: Mahu2021 (button) collected (100)
Seat 3: Play555999 (small blind) folded before Flop



PokerStars Hand #252856229289: Tournament #3810279286, $1.84+$0.16 USD Hold'em No Limit - Level III (20/40) - 2024/10/10 12:14:27 CET [2024/10/10 6:14:27 ET]
Table '3810279286 1' 3-max Seat #3 is the button
Seat 1: Edwaarddd (455 in chips) 
Seat 2: Mahu2021 (320 in chips) 
Seat 3: Play555999 (725 in chips) 
Edwaarddd: posts small blind 20
Mahu2021: posts big blind 40
*** HOLE CARDS ***
Dealt to Mahu2021 [5d 9h]
Play555999: folds 
Edwaarddd: folds 
Uncalled bet (20) returned to Mahu2021
Mahu2021 collected 40 from pot
Mahu2021: doesn't show hand 
*** SUMMARY ***
Total pot 40 | Rake 0 
Seat 1: Edwaarddd (small blind) folded before Flop
Seat 2: Mahu2021 (big blind) collected (40)
Seat 3: Play555999 (button) folded before Flop (didn't bet)



PokerStars Hand #252856230255: Tournament #3810279286, $1.84+$0.16 USD Hold'em No Limit - Level III (20/40) - 2024/10/10 12:14:34 CET [2024/10/10 6:14:34 ET]
Table '3810279286 1' 3-max Seat #1 is the button
Seat 1: Edwaarddd (435 in chips) 
Seat 2: Mahu2021 (340 in chips) 
Seat 3: Play555999 (725 in chips) 
Mahu2021: posts small blind 20
Play555999: posts big blind 40
*** HOLE CARDS ***
Dealt to Mahu2021 [9d 6s]
Edwaarddd: folds 
Mahu2021: folds 
Uncalled bet (20) returned to Play555999
Play555999 collected 40 from pot
Play555999: doesn't show hand 
*** SUMMARY ***
Total pot 40 | Rake 0 
Seat 1: Edwaarddd (button) folded before Flop (didn't bet)
Seat 2: Mahu2021 (small blind) folded before Flop
Seat 3: Play555999 (big blind) collected (40)



PokerStars Hand #252856230776: Tournament #3810279286, $1.84+$0.16 USD Hold'em No Limit - Level III (20/40) - 2024/10/10 12:14:39 CET [2024/10/10 6:14:39 ET]
Table '3810279286 1' 3-max Seat #2 is the button
Seat 1: Edwaarddd (435 in chips) 
Seat 2: Mahu2021 (320 in chips) 
Seat 3: Play555999 (745 in chips) 
Play555999: posts small blind 20
Edwaarddd: posts big blind 40
*** HOLE CARDS ***
Dealt to Mahu2021 [3c 7s]
Mahu2021: folds 
Play555999: calls 20
Edwaarddd: raises 395 to 435 and is all-in
Play555999: folds 
Uncalled bet (395) returned to Edwaarddd
Edwaarddd collected 80 from pot
*** SUMMARY ***
Total pot 80 | Rake 0 
Seat 1: Edwaarddd (big blind) collected (80)
Seat 2: Mahu2021 (button) folded before Flop (didn't bet)
Seat 3: Play555999 (small blind) folded before Flop



PokerStars Hand #252856232928: Tournament #3810279286, $1.84+$0.16 USD Hold'em No Limit - Level III (20/40) - 2024/10/10 12:14:56 CET [2024/10/10 6:14:56 ET]
Table '3810279286 1' 3-max Seat #3 is the button
Seat 1: Edwaarddd (475 in chips) 
Seat 2: Mahu2021 (320 in chips) 
Seat 3: Play555999 (705 in chips) 
Edwaarddd: posts small blind 20
Mahu2021: posts big blind 40
*** HOLE CARDS ***
Dealt to Mahu2021 [5s 7h]
Play555999: calls 40
Edwaarddd: folds 
Mahu2021: checks 
*** FLOP *** [8c 7d 4s]
Mahu2021: bets 280 and is all-in
Play555999: folds 
Uncalled bet (280) returned to Mahu2021
Mahu2021 collected 100 from pot
Mahu2021: doesn't show hand 
*** SUMMARY ***
Total pot 100 | Rake 0 
Board [8c 7d 4s]
Seat 1: Edwaarddd (small blind) folded before Flop
Seat 2: Mahu2021 (big blind) collected (100)
Seat 3: Play555999 (button) folded on the Flop



PokerStars Hand #252856236679: Tournament #3810279286, $1.84+$0.16 USD Hold'em No Limit - Level III (20/40) - 2024/10/10 12:15:27 CET [2024/10/10 6:15:27 ET]
Table '3810279286 1' 3-max Seat #1 is the button
Seat 1: Edwaarddd (455 in chips) 
Seat 2: Mahu2021 (380 in chips) 
Seat 3: Play555999 (665 in chips) 
Mahu2021: posts small blind 20
Play555999: posts big blind 40
*** HOLE CARDS ***
Dealt to Mahu2021 [3c Th]
Edwaarddd: folds 
Mahu2021: folds 
Uncalled bet (20) returned to Play555999
Play555999 collected 40 from pot
Play555999: doesn't show hand 
*** SUMMARY ***
Total pot 40 | Rake 0 
Seat 1: Edwaarddd (button) folded before Flop (didn't bet)
Seat 2: Mahu2021 (small blind) folded before Flop
Seat 3: Play555999 (big blind) collected (40)



PokerStars Hand #252856237222: Tournament #3810279286, $1.84+$0.16 USD Hold'em No Limit - Level III (20/40) - 2024/10/10 12:15:31 CET [2024/10/10 6:15:31 ET]
Table '3810279286 1' 3-max Seat #2 is the button
Seat 1: Edwaarddd (455 in chips) 
Seat 2: Mahu2021 (360 in chips) 
Seat 3: Play555999 (685 in chips) 
Play555999: posts small blind 20
Edwaarddd: posts big blind 40
*** HOLE CARDS ***
Dealt to Mahu2021 [8d Js]
Mahu2021: folds 
Play555999: calls 20
Edwaarddd: checks 
*** FLOP *** [6d 4h Qs]
Play555999: bets 40
Edwaarddd: folds 
Uncalled bet (40) returned to Play555999
Play555999 collected 80 from pot
Play555999: doesn't show hand 
*** SUMMARY ***
Total pot 80 | Rake 0 
Board [6d 4h Qs]
Seat 1: Edwaarddd (big blind) folded on the Flop
Seat 2: Mahu2021 (button) folded before Flop (didn't bet)
Seat 3: Play555999 (small blind) collected (80)



PokerStars Hand #252856238557: Tournament #3810279286, $1.84+$0.16 USD Hold'em No Limit - Level III (20/40) - 2024/10/10 12:15:42 CET [2024/10/10 6:15:42 ET]
Table '3810279286 1' 3-max Seat #3 is the button
Seat 1: Edwaarddd (415 in chips) 
Seat 2: Mahu2021 (360 in chips) 
Seat 3: Play555999 (725 in chips) 
Edwaarddd: posts small blind 20
Mahu2021: posts big blind 40
*** HOLE CARDS ***
Dealt to Mahu2021 [3d 9d]
Play555999: folds 
Edwaarddd: raises 375 to 415 and is all-in
Mahu2021: folds 
Uncalled bet (375) returned to Edwaarddd
Edwaarddd collected 80 from pot
*** SUMMARY ***
Total pot 80 | Rake 0 
Seat 1: Edwaarddd (small blind) collected (80)
Seat 2: Mahu2021 (big blind) folded before Flop
Seat 3: Play555999 (button) folded before Flop (didn't bet)



PokerStars Hand #252856239698: Tournament #3810279286, $1.84+$0.16 USD Hold'em No Limit - Level III (20/40) - 2024/10/10 12:15:52 CET [2024/10/10 6:15:52 ET]
Table '3810279286 1' 3-max Seat #1 is the button
Seat 1: Edwaarddd (455 in chips) 
Seat 2: Mahu2021 (320 in chips) 
Seat 3: Play555999 (725 in chips) 
Mahu2021: posts small blind 20
Play555999: posts big blind 40
*** HOLE CARDS ***
Dealt to Mahu2021 [7h 5s]
Edwaarddd: folds 
Mahu2021: folds 
Uncalled bet (20) returned to Play555999
Play555999 collected 40 from pot
Play555999: doesn't show hand 
*** SUMMARY ***
Total pot 40 | Rake 0 
Seat 1: Edwaarddd (button) folded before Flop (didn't bet)
Seat 2: Mahu2021 (small blind) folded before Flop
Seat 3: Play555999 (big blind) collected (40)



PokerStars Hand #252856240521: Tournament #3810279286, $1.84+$0.16 USD Hold'em No Limit - Level III (20/40) - 2024/10/10 12:15:58 CET [2024/10/10 6:15:58 ET]
Table '3810279286 1' 3-max Seat #2 is the button
Seat 1: Edwaarddd (455 in chips) 
Seat 2: Mahu2021 (300 in chips) 
Seat 3: Play555999 (745 in chips) 
Play555999: posts small blind 20
Edwaarddd: posts big blind 40
*** HOLE CARDS ***
Dealt to Mahu2021 [8s 5c]
Mahu2021: folds 
Play555999: raises 40 to 80
Edwaarddd: folds 
Uncalled bet (40) returned to Play555999
Play555999 collected 80 from pot
Play555999: doesn't show hand 
*** SUMMARY ***
Total pot 80 | Rake 0 
Seat 1: Edwaarddd (big blind) folded before Flop
Seat 2: Mahu2021 (button) folded before Flop (didn't bet)
Seat 3: Play555999 (small blind) collected (80)



PokerStars Hand #252856241494: Tournament #3810279286, $1.84+$0.16 USD Hold'em No Limit - Level III (20/40) - 2024/10/10 12:16:06 CET [2024/10/10 6:16:06 ET]
Table '3810279286 1' 3-max Seat #3 is the button
Seat 1: Edwaarddd (415 in chips) 
Seat 2: Mahu2021 (300 in chips) 
Seat 3: Play555999 (785 in chips) 
Edwaarddd: posts small blind 20
Mahu2021: posts big blind 40
*** HOLE CARDS ***
Dealt to Mahu2021 [7c 2c]
Play555999: folds 
Edwaarddd: raises 375 to 415 and is all-in
Mahu2021: folds 
Uncalled bet (375) returned to Edwaarddd
Edwaarddd collected 80 from pot
*** SUMMARY ***
Total pot 80 | Rake 0 
Seat 1: Edwaarddd (small blind) collected (80)
Seat 2: Mahu2021 (big blind) folded before Flop
Seat 3: Play555999 (button) folded before Flop (didn't bet)



PokerStars Hand #252856243163: Tournament #3810279286, $1.84+$0.16 USD Hold'em No Limit - Level IV (30/60) - 2024/10/10 12:16:19 CET [2024/10/10 6:16:19 ET]
Table '3810279286 1' 3-max Seat #1 is the button
Seat 1: Edwaarddd (455 in chips) 
Seat 2: Mahu2021 (260 in chips) 
Seat 3: Play555999 (785 in chips) 
Mahu2021: posts small blind 30
Play555999: posts big blind 60
*** HOLE CARDS ***
Dealt to Mahu2021 [2s 2c]
Edwaarddd: folds 
Mahu2021: raises 200 to 260 and is all-in
Play555999: folds 
Uncalled bet (200) returned to Mahu2021
Mahu2021 collected 120 from pot
Mahu2021: doesn't show hand 
*** SUMMARY ***
Total pot 120 | Rake 0 
Seat 1: Edwaarddd (button) folded before Flop (didn't bet)
Seat 2: Mahu2021 (small blind) collected (120)
Seat 3: Play555999 (big blind) folded before Flop



PokerStars Hand #252856244382: Tournament #3810279286, $1.84+$0.16 USD Hold'em No Limit - Level IV (30/60) - 2024/10/10 12:16:30 CET [2024/10/10 6:16:30 ET]
Table '3810279286 1' 3-max Seat #2 is the button
Seat 1: Edwaarddd (455 in chips) 
Seat 2: Mahu2021 (320 in chips) 
Seat 3: Play555999 (725 in chips) 
Play555999: posts small blind 30
Edwaarddd: posts big blind 60
*** HOLE CARDS ***
Dealt to Mahu2021 [Qc 9s]
Mahu2021: folds 
Play555999: raises 665 to 725 and is all-in
Edwaarddd: folds 
Uncalled bet (665) returned to Play555999
Play555999 collected 120 from pot
Play555999: doesn't show hand 
*** SUMMARY ***
Total pot 120 | Rake 0 
Seat 1: Edwaarddd (big blind) folded before Flop
Seat 2: Mahu2021 (button) folded before Flop (didn't bet)
Seat 3: Play555999 (small blind) collected (120)



PokerStars Hand #252856245401: Tournament #3810279286, $1.84+$0.16 USD Hold'em No Limit - Level IV (30/60) - 2024/10/10 12:16:38 CET [2024/10/10 6:16:38 ET]
Table '3810279286 1' 3-max Seat #3 is the button
Seat 1: Edwaarddd (395 in chips) 
Seat 2: Mahu2021 (320 in chips) 
Seat 3: Play555999 (785 in chips) 
Edwaarddd: posts small blind 30
Mahu2021: posts big blind 60
*** HOLE CARDS ***
Dealt to Mahu2021 [Qs 9d]
Play555999: folds 
Edwaarddd: raises 335 to 395 and is all-in
Mahu2021: folds 
Uncalled bet (335) returned to Edwaarddd
Edwaarddd collected 120 from pot
*** SUMMARY ***
Total pot 120 | Rake 0 
Seat 1: Edwaarddd (small blind) collected (120)
Seat 2: Mahu2021 (big blind) folded before Flop
Seat 3: Play555999 (button) folded before Flop (didn't bet)



PokerStars Hand #252856246944: Tournament #3810279286, $1.84+$0.16 USD Hold'em No Limit - Level IV (30/60) - 2024/10/10 12:16:51 CET [2024/10/10 6:16:51 ET]
Table '3810279286 1' 3-max Seat #1 is the button
Seat 1: Edwaarddd (455 in chips) 
Seat 2: Mahu2021 (260 in chips) 
Seat 3: Play555999 (785 in chips) 
Mahu2021: posts small blind 30
Play555999: posts big blind 60
*** HOLE CARDS ***
Dealt to Mahu2021 [Th Ac]
Edwaarddd: raises 395 to 455 and is all-in
Mahu2021: calls 230 and is all-in
Play555999: folds 
Uncalled bet (195) returned to Edwaarddd
*** FLOP *** [Jc 5s 7h]
*** TURN *** [Jc 5s 7h] [2c]
*** RIVER *** [Jc 5s 7h 2c] [9d]
*** SHOW DOWN ***
Mahu2021: shows [Th Ac] (high card Ace)
Edwaarddd: shows [Td Kd] (high card King)
Mahu2021 collected 580 from pot
*** SUMMARY ***
Total pot 580 | Rake 0 
Board [Jc 5s 7h 2c 9d]
Seat 1: Edwaarddd (button) showed [Td Kd] and lost with high card King
Seat 2: Mahu2021 (small blind) showed [Th Ac] and won (580) with high card Ace
Seat 3: Play555999 (big blind) folded before Flop



PokerStars Hand #252856249448: Tournament #3810279286, $1.84+$0.16 USD Hold'em No Limit - Level IV (30/60) - 2024/10/10 12:17:12 CET [2024/10/10 6:17:12 ET]
Table '3810279286 1' 3-max Seat #2 is the button
Seat 1: Edwaarddd (195 in chips) 
Seat 2: Mahu2021 (580 in chips) 
Seat 3: Play555999 (725 in chips) 
Play555999: posts small blind 30
Edwaarddd: posts big blind 60
*** HOLE CARDS ***
Dealt to Mahu2021 [8s Qh]
Mahu2021: folds 
Play555999: folds 
Uncalled bet (30) returned to Edwaarddd
Edwaarddd collected 60 from pot
*** SUMMARY ***
Total pot 60 | Rake 0 
Seat 1: Edwaarddd (big blind) collected (60)
Seat 2: Mahu2021 (button) folded before Flop (didn't bet)
Seat 3: Play555999 (small blind) folded before Flop



PokerStars Hand #252856250149: Tournament #3810279286, $1.84+$0.16 USD Hold'em No Limit - Level IV (30/60) - 2024/10/10 12:17:17 CET [2024/10/10 6:17:17 ET]
Table '3810279286 1' 3-max Seat #3 is the button
Seat 1: Edwaarddd (225 in chips) 
Seat 2: Mahu2021 (580 in chips) 
Seat 3: Play555999 (695 in chips) 
Edwaarddd: posts small blind 30
Mahu2021: posts big blind 60
*** HOLE CARDS ***
Dealt to Mahu2021 [Td Ts]
Play555999: folds 
Edwaarddd: raises 165 to 225 and is all-in
Mahu2021: calls 165
*** FLOP *** [Kc 2h 9h]
*** TURN *** [Kc 2h 9h] [3h]
*** RIVER *** [Kc 2h 9h 3h] [As]
*** SHOW DOWN ***
Edwaarddd: shows [Jd Qd] (high card Ace)
Mahu2021: shows [Td Ts] (a pair of Tens)
Mahu2021 collected 450 from pot
Edwaarddd finished the tournament in 3rd place
*** SUMMARY ***
Total pot 450 | Rake 0 
Board [Kc 2h 9h 3h As]
Seat 1: Edwaarddd (small blind) showed [Jd Qd] and lost with high card Ace
Seat 2: Mahu2021 (big blind) showed [Td Ts] and won (450) with a pair of Tens
Seat 3: Play555999 (button) folded before Flop (didn't bet)



PokerStars Hand #252856252096: Tournament #3810279286, $1.84+$0.16 USD Hold'em No Limit - Level IV (30/60) - 2024/10/10 12:17:33 CET [2024/10/10 6:17:33 ET]
Table '3810279286 1' 3-max Seat #2 is the button
Seat 2: Mahu2021 (805 in chips) 
Seat 3: Play555999 (695 in chips) 
Mahu2021: posts small blind 30
Play555999: posts big blind 60
*** HOLE CARDS ***
Dealt to Mahu2021 [7s Qs]
Mahu2021: calls 30
Play555999: raises 120 to 180
Mahu2021: calls 120
*** FLOP *** [6c 9c 2c]
Play555999: checks 
Mahu2021: checks 
*** TURN *** [6c 9c 2c] [Kc]
Play555999: bets 180
Mahu2021: folds 
Uncalled bet (180) returned to Play555999
Play555999 collected 360 from pot
Play555999: doesn't show hand 
*** SUMMARY ***
Total pot 360 | Rake 0 
Board [6c 9c 2c Kc]
Seat 2: Mahu2021 (button) (small blind) folded on the Turn
Seat 3: Play555999 (big blind) collected (360)



PokerStars Hand #252856253789: Tournament #3810279286, $1.84+$0.16 USD Hold'em No Limit - Level IV (30/60) - 2024/10/10 12:17:47 CET [2024/10/10 6:17:47 ET]
Table '3810279286 1' 3-max Seat #3 is the button
Seat 2: Mahu2021 (625 in chips) 
Seat 3: Play555999 (875 in chips) 
Play555999: posts small blind 30
Mahu2021: posts big blind 60
*** HOLE CARDS ***
Dealt to Mahu2021 [Js As]
Play555999: raises 60 to 120
Mahu2021: raises 505 to 625 and is all-in
Play555999: folds 
Uncalled bet (505) returned to Mahu2021
Mahu2021 collected 240 from pot
Mahu2021: doesn't show hand 
*** SUMMARY ***
Total pot 240 | Rake 0 
Seat 2: Mahu2021 (big blind) collected (240)
Seat 3: Play555999 (button) (small blind) folded before Flop



PokerStars Hand #252856254634: Tournament #3810279286, $1.84+$0.16 USD Hold'em No Limit - Level IV (30/60) - 2024/10/10 12:17:54 CET [2024/10/10 6:17:54 ET]
Table '3810279286 1' 3-max Seat #2 is the button
Seat 2: Mahu2021 (745 in chips) 
Seat 3: Play555999 (755 in chips) 
Mahu2021: posts small blind 30
Play555999: posts big blind 60
*** HOLE CARDS ***
Dealt to Mahu2021 [4h 3c]
Mahu2021: calls 30
Play555999: raises 695 to 755 and is all-in
Mahu2021: folds 
Uncalled bet (695) returned to Play555999
Play555999 collected 120 from pot
Play555999: doesn't show hand 
*** SUMMARY ***
Total pot 120 | Rake 0 
Seat 2: Mahu2021 (button) (small blind) folded before Flop
Seat 3: Play555999 (big blind) collected (120)



PokerStars Hand #252856255428: Tournament #3810279286, $1.84+$0.16 USD Hold'em No Limit - Level IV (30/60) - 2024/10/10 12:18:00 CET [2024/10/10 6:18:00 ET]
Table '3810279286 1' 3-max Seat #3 is the button
Seat 2: Mahu2021 (685 in chips) 
Seat 3: Play555999 (815 in chips) 
Play555999: posts small blind 30
Mahu2021: posts big blind 60
*** HOLE CARDS ***
Dealt to Mahu2021 [8c 2s]
Play555999: raises 755 to 815 and is all-in
Mahu2021: folds 
Uncalled bet (755) returned to Play555999
Play555999 collected 120 from pot
Play555999: doesn't show hand 
*** SUMMARY ***
Total pot 120 | Rake 0 
Seat 2: Mahu2021 (big blind) folded before Flop
Seat 3: Play555999 (button) (small blind) collected (120)



PokerStars Hand #252856256041: Tournament #3810279286, $1.84+$0.16 USD Hold'em No Limit - Level IV (30/60) - 2024/10/10 12:18:05 CET [2024/10/10 6:18:05 ET]
Table '3810279286 1' 3-max Seat #2 is the button
Seat 2: Mahu2021 (625 in chips) 
Seat 3: Play555999 (875 in chips) 
Mahu2021: posts small blind 30
Play555999: posts big blind 60
*** HOLE CARDS ***
Dealt to Mahu2021 [Jd 6h]
Mahu2021: calls 30
Play555999: raises 815 to 875 and is all-in
Mahu2021: folds 
Uncalled bet (815) returned to Play555999
Play555999 collected 120 from pot
Play555999: doesn't show hand 
*** SUMMARY ***
Total pot 120 | Rake 0 
Seat 2: Mahu2021 (button) (small blind) folded before Flop
Seat 3: Play555999 (big blind) collected (120)



PokerStars Hand #252856256890: Tournament #3810279286, $1.84+$0.16 USD Hold'em No Limit - Level IV (30/60) - 2024/10/10 12:18:12 CET [2024/10/10 6:18:12 ET]
Table '3810279286 1' 3-max Seat #3 is the button
Seat 2: Mahu2021 (565 in chips) 
Seat 3: Play555999 (935 in chips) 
Play555999: posts small blind 30
Mahu2021: posts big blind 60
*** HOLE CARDS ***
Dealt to Mahu2021 [9c Kd]
Play555999: folds 
Uncalled bet (30) returned to Mahu2021
Mahu2021 collected 60 from pot
Mahu2021: doesn't show hand 
*** SUMMARY ***
Total pot 60 | Rake 0 
Seat 2: Mahu2021 (big blind) collected (60)
Seat 3: Play555999 (button) (small blind) folded before Flop



PokerStars Hand #252856257374: Tournament #3810279286, $1.84+$0.16 USD Hold'em No Limit - Level IV (30/60) - 2024/10/10 12:18:16 CET [2024/10/10 6:18:16 ET]
Table '3810279286 1' 3-max Seat #2 is the button
Seat 2: Mahu2021 (595 in chips) 
Seat 3: Play555999 (905 in chips) 
Mahu2021: posts small blind 30
Play555999: posts big blind 60
*** HOLE CARDS ***
Dealt to Mahu2021 [As 3s]
Mahu2021: calls 30
Play555999: checks 
*** FLOP *** [3d Th Qd]
Play555999: checks 
Mahu2021: bets 60
Play555999: folds 
Uncalled bet (60) returned to Mahu2021
Mahu2021 collected 120 from pot
Mahu2021: doesn't show hand 
*** SUMMARY ***
Total pot 120 | Rake 0 
Board [3d Th Qd]
Seat 2: Mahu2021 (button) (small blind) collected (120)
Seat 3: Play555999 (big blind) folded on the Flop



PokerStars Hand #252856258563: Tournament #3810279286, $1.84+$0.16 USD Hold'em No Limit - Level IV (30/60) - 2024/10/10 12:18:26 CET [2024/10/10 6:18:26 ET]
Table '3810279286 1' 3-max Seat #3 is the button
Seat 2: Mahu2021 (655 in chips) 
Seat 3: Play555999 (845 in chips) 
Play555999: posts small blind 30
Mahu2021: posts big blind 60
*** HOLE CARDS ***
Dealt to Mahu2021 [7d Qh]
Play555999: folds 
Uncalled bet (30) returned to Mahu2021
Mahu2021 collected 60 from pot
Mahu2021: doesn't show hand 
*** SUMMARY ***
Total pot 60 | Rake 0 
Seat 2: Mahu2021 (big blind) collected (60)
Seat 3: Play555999 (button) (small blind) folded before Flop



PokerStars Hand #252856259080: Tournament #3810279286, $1.84+$0.16 USD Hold'em No Limit - Level IV (30/60) - 2024/10/10 12:18:30 CET [2024/10/10 6:18:30 ET]
Table '3810279286 1' 3-max Seat #2 is the button
Seat 2: Mahu2021 (685 in chips) 
Seat 3: Play555999 (815 in chips) 
Mahu2021: posts small blind 30
Play555999: posts big blind 60
*** HOLE CARDS ***
Dealt to Mahu2021 [Td Kc]
Mahu2021: raises 60 to 120
Play555999: calls 60
*** FLOP *** [Ks 5h 2c]
Play555999: checks 
Mahu2021: bets 120
Play555999: folds 
Uncalled bet (120) returned to Mahu2021
Mahu2021 collected 240 from pot
Mahu2021: doesn't show hand 
*** SUMMARY ***
Total pot 240 | Rake 0 
Board [Ks 5h 2c]
Seat 2: Mahu2021 (button) (small blind) collected (240)
Seat 3: Play555999 (big blind) folded on the Flop



PokerStars Hand #252856260298: Tournament #3810279286, $1.84+$0.16 USD Hold'em No Limit - Level IV (30/60) - 2024/10/10 12:18:40 CET [2024/10/10 6:18:40 ET]
Table '3810279286 1' 3-max Seat #3 is the button
Seat 2: Mahu2021 (805 in chips) 
Seat 3: Play555999 (695 in chips) 
Play555999: posts small blind 30
Mahu2021: posts big blind 60
*** HOLE CARDS ***
Dealt to Mahu2021 [Ts Qs]
Play555999: folds 
Uncalled bet (30) returned to Mahu2021
Mahu2021 collected 60 from pot
Mahu2021: doesn't show hand 
*** SUMMARY ***
Total pot 60 | Rake 0 
Seat 2: Mahu2021 (big blind) collected (60)
Seat 3: Play555999 (button) (small blind) folded before Flop



PokerStars Hand #252856260799: Tournament #3810279286, $1.84+$0.16 USD Hold'em No Limit - Level IV (30/60) - 2024/10/10 12:18:44 CET [2024/10/10 6:18:44 ET]
Table '3810279286 1' 3-max Seat #2 is the button
Seat 2: Mahu2021 (835 in chips) 
Seat 3: Play555999 (665 in chips) 
Mahu2021: posts small blind 30
Play555999: posts big blind 60
*** HOLE CARDS ***
Dealt to Mahu2021 [8s 2d]
Mahu2021: folds 
Uncalled bet (30) returned to Play555999
Play555999 collected 60 from pot
Play555999: doesn't show hand 
*** SUMMARY ***
Total pot 60 | Rake 0 
Seat 2: Mahu2021 (button) (small blind) folded before Flop
Seat 3: Play555999 (big blind) collected (60)



PokerStars Hand #252856261332: Tournament #3810279286, $1.84+$0.16 USD Hold'em No Limit - Level IV (30/60) - 2024/10/10 12:18:48 CET [2024/10/10 6:18:48 ET]
Table '3810279286 1' 3-max Seat #3 is the button
Seat 2: Mahu2021 (805 in chips) 
Seat 3: Play555999 (695 in chips) 
Play555999: posts small blind 30
Mahu2021: posts big blind 60
*** HOLE CARDS ***
Dealt to Mahu2021 [2d 8s]
Play555999: raises 60 to 120
Mahu2021: folds 
Uncalled bet (60) returned to Play555999
Play555999 collected 120 from pot
Play555999: doesn't show hand 
*** SUMMARY ***
Total pot 120 | Rake 0 
Seat 2: Mahu2021 (big blind) folded before Flop
Seat 3: Play555999 (button) (small blind) collected (120)



PokerStars Hand #252856261893: Tournament #3810279286, $1.84+$0.16 USD Hold'em No Limit - Level IV (30/60) - 2024/10/10 12:18:52 CET [2024/10/10 6:18:52 ET]
Table '3810279286 1' 3-max Seat #2 is the button
Seat 2: Mahu2021 (745 in chips) 
Seat 3: Play555999 (755 in chips) 
Mahu2021: posts small blind 30
Play555999: posts big blind 60
*** HOLE CARDS ***
Dealt to Mahu2021 [9d 6c]
Mahu2021: folds 
Uncalled bet (30) returned to Play555999
Play555999 collected 60 from pot
Play555999: doesn't show hand 
*** SUMMARY ***
Total pot 60 | Rake 0 
Seat 2: Mahu2021 (button) (small blind) folded before Flop
Seat 3: Play555999 (big blind) collected (60)



PokerStars Hand #252856262402: Tournament #3810279286, $1.84+$0.16 USD Hold'em No Limit - Level IV (30/60) - 2024/10/10 12:18:57 CET [2024/10/10 6:18:57 ET]
Table '3810279286 1' 3-max Seat #3 is the button
Seat 2: Mahu2021 (715 in chips) 
Seat 3: Play555999 (785 in chips) 
Play555999: posts small blind 30
Mahu2021: posts big blind 60
*** HOLE CARDS ***
Dealt to Mahu2021 [7h 6h]
Play555999: raises 725 to 785 and is all-in
Mahu2021: folds 
Uncalled bet (725) returned to Play555999
Play555999 collected 120 from pot
Play555999: doesn't show hand 
*** SUMMARY ***
Total pot 120 | Rake 0 
Seat 2: Mahu2021 (big blind) folded before Flop
Seat 3: Play555999 (button) (small blind) collected (120)



PokerStars Hand #252856263047: Tournament #3810279286, $1.84+$0.16 USD Hold'em No Limit - Level IV (30/60) - 2024/10/10 12:19:02 CET [2024/10/10 6:19:02 ET]
Table '3810279286 1' 3-max Seat #2 is the button
Seat 2: Mahu2021 (655 in chips) 
Seat 3: Play555999 (845 in chips) 
Mahu2021: posts small blind 30
Play555999: posts big blind 60
*** HOLE CARDS ***
Dealt to Mahu2021 [8d 8h]
Mahu2021: raises 595 to 655 and is all-in
Play555999: folds 
Uncalled bet (595) returned to Mahu2021
Mahu2021 collected 120 from pot
Mahu2021: doesn't show hand 
*** SUMMARY ***
Total pot 120 | Rake 0 
Seat 2: Mahu2021 (button) (small blind) collected (120)
Seat 3: Play555999 (big blind) folded before Flop



PokerStars Hand #252856263731: Tournament #3810279286, $1.84+$0.16 USD Hold'em No Limit - Level IV (30/60) - 2024/10/10 12:19:08 CET [2024/10/10 6:19:08 ET]
Table '3810279286 1' 3-max Seat #3 is the button
Seat 2: Mahu2021 (715 in chips) 
Seat 3: Play555999 (785 in chips) 
Play555999: posts small blind 30
Mahu2021: posts big blind 60
*** HOLE CARDS ***
Dealt to Mahu2021 [2c 3d]
Play555999: raises 725 to 785 and is all-in
Mahu2021: folds 
Uncalled bet (725) returned to Play555999
Play555999 collected 120 from pot
Play555999: doesn't show hand 
*** SUMMARY ***
Total pot 120 | Rake 0 
Seat 2: Mahu2021 (big blind) folded before Flop
Seat 3: Play555999 (button) (small blind) collected (120)



PokerStars Hand #252856264726: Tournament #3810279286, $1.84+$0.16 USD Hold'em No Limit - Level V (40/80) - 2024/10/10 12:19:16 CET [2024/10/10 6:19:16 ET]
Table '3810279286 1' 3-max Seat #2 is the button
Seat 2: Mahu2021 (655 in chips) 
Seat 3: Play555999 (845 in chips) 
Mahu2021: posts small blind 40
Play555999: posts big blind 80
*** HOLE CARDS ***
Dealt to Mahu2021 [Qc Jc]
Mahu2021: calls 40
Play555999: checks 
*** FLOP *** [5h Ac 7d]
Play555999: bets 80
Mahu2021: folds 
Uncalled bet (80) returned to Play555999
Play555999 collected 160 from pot
Play555999: doesn't show hand 
*** SUMMARY ***
Total pot 160 | Rake 0 
Board [5h Ac 7d]
Seat 2: Mahu2021 (button) (small blind) folded on the Flop
Seat 3: Play555999 (big blind) collected (160)



PokerStars Hand #252856265840: Tournament #3810279286, $1.84+$0.16 USD Hold'em No Limit - Level V (40/80) - 2024/10/10 12:19:25 CET [2024/10/10 6:19:25 ET]
Table '3810279286 1' 3-max Seat #3 is the button
Seat 2: Mahu2021 (575 in chips) 
Seat 3: Play555999 (925 in chips) 
Play555999: posts small blind 40
Mahu2021: posts big blind 80
*** HOLE CARDS ***
Dealt to Mahu2021 [Ad 2h]
Play555999: raises 80 to 160
Mahu2021: raises 415 to 575 and is all-in
Play555999: folds 
Uncalled bet (415) returned to Mahu2021
Mahu2021 collected 320 from pot
Mahu2021: doesn't show hand 
*** SUMMARY ***
Total pot 320 | Rake 0 
Seat 2: Mahu2021 (big blind) collected (320)
Seat 3: Play555999 (button) (small blind) folded before Flop



PokerStars Hand #252856266681: Tournament #3810279286, $1.84+$0.16 USD Hold'em No Limit - Level V (40/80) - 2024/10/10 12:19:32 CET [2024/10/10 6:19:32 ET]
Table '3810279286 1' 3-max Seat #2 is the button
Seat 2: Mahu2021 (735 in chips) 
Seat 3: Play555999 (765 in chips) 
Mahu2021: posts small blind 40
Play555999: posts big blind 80
*** HOLE CARDS ***
Dealt to Mahu2021 [Kc 4s]
Mahu2021: calls 40
Play555999: checks 
*** FLOP *** [2d 5d 7s]
Play555999: checks 
Mahu2021: checks 
*** TURN *** [2d 5d 7s] [Kh]
Play555999: bets 80
Mahu2021: calls 80
*** RIVER *** [2d 5d 7s Kh] [6s]
Play555999: checks 
Mahu2021: checks 
*** SHOW DOWN ***
Play555999: shows [2c 8c] (a pair of Deuces)
Mahu2021: shows [Kc 4s] (a pair of Kings)
Mahu2021 collected 320 from pot
*** SUMMARY ***
Total pot 320 | Rake 0 
Board [2d 5d 7s Kh 6s]
Seat 2: Mahu2021 (button) (small blind) showed [Kc 4s] and won (320) with a pair of Kings
Seat 3: Play555999 (big blind) showed [2c 8c] and lost with a pair of Deuces



PokerStars Hand #252856268318: Tournament #3810279286, $1.84+$0.16 USD Hold'em No Limit - Level V (40/80) - 2024/10/10 12:19:46 CET [2024/10/10 6:19:46 ET]
Table '3810279286 1' 3-max Seat #3 is the button
Seat 2: Mahu2021 (895 in chips) 
Seat 3: Play555999 (605 in chips) 
Play555999: posts small blind 40
Mahu2021: posts big blind 80
*** HOLE CARDS ***
Dealt to Mahu2021 [4s 7c]
Play555999: raises 525 to 605 and is all-in
Mahu2021: folds 
Uncalled bet (525) returned to Play555999
Play555999 collected 160 from pot
Play555999: doesn't show hand 
*** SUMMARY ***
Total pot 160 | Rake 0 
Seat 2: Mahu2021 (big blind) folded before Flop
Seat 3: Play555999 (button) (small blind) collected (160)



PokerStars Hand #252856268853: Tournament #3810279286, $1.84+$0.16 USD Hold'em No Limit - Level V (40/80) - 2024/10/10 12:19:50 CET [2024/10/10 6:19:50 ET]
Table '3810279286 1' 3-max Seat #2 is the button
Seat 2: Mahu2021 (815 in chips) 
Seat 3: Play555999 (685 in chips) 
Mahu2021: posts small blind 40
Play555999: posts big blind 80
*** HOLE CARDS ***
Dealt to Mahu2021 [5c 3h]
Mahu2021: folds 
Uncalled bet (40) returned to Play555999
Play555999 collected 80 from pot
Play555999: doesn't show hand 
*** SUMMARY ***
Total pot 80 | Rake 0 
Seat 2: Mahu2021 (button) (small blind) folded before Flop
Seat 3: Play555999 (big blind) collected (80)



PokerStars Hand #252856270034: Tournament #3810279286, $1.84+$0.16 USD Hold'em No Limit - Level V (40/80) - 2024/10/10 12:20:00 CET [2024/10/10 6:20:00 ET]
Table '3810279286 1' 3-max Seat #3 is the button
Seat 2: Mahu2021 (775 in chips) 
Seat 3: Play555999 (725 in chips) 
Play555999: posts small blind 40
Mahu2021: posts big blind 80
*** HOLE CARDS ***
Dealt to Mahu2021 [2c 6c]
Play555999: raises 645 to 725 and is all-in
Mahu2021: folds 
Uncalled bet (645) returned to Play555999
Play555999 collected 160 from pot
Play555999: doesn't show hand 
*** SUMMARY ***
Total pot 160 | Rake 0 
Seat 2: Mahu2021 (big blind) folded before Flop
Seat 3: Play555999 (button) (small blind) collected (160)



PokerStars Hand #252856271044: Tournament #3810279286, $1.84+$0.16 USD Hold'em No Limit - Level V (40/80) - 2024/10/10 12:20:08 CET [2024/10/10 6:20:08 ET]
Table '3810279286 1' 3-max Seat #2 is the button
Seat 2: Mahu2021 (695 in chips) 
Seat 3: Play555999 (805 in chips) 
Mahu2021: posts small blind 40
Play555999: posts big blind 80
*** HOLE CARDS ***
Dealt to Mahu2021 [7c Qh]
Mahu2021: calls 40
Play555999: raises 725 to 805 and is all-in
Mahu2021: folds 
Uncalled bet (725) returned to Play555999
Play555999 collected 160 from pot
Play555999: doesn't show hand 
*** SUMMARY ***
Total pot 160 | Rake 0 
Seat 2: Mahu2021 (button) (small blind) folded before Flop
Seat 3: Play555999 (big blind) collected (160)



PokerStars Hand #252856271943: Tournament #3810279286, $1.84+$0.16 USD Hold'em No Limit - Level V (40/80) - 2024/10/10 12:20:15 CET [2024/10/10 6:20:15 ET]
Table '3810279286 1' 3-max Seat #3 is the button
Seat 2: Mahu2021 (615 in chips) 
Seat 3: Play555999 (885 in chips) 
Play555999: posts small blind 40
Mahu2021: posts big blind 80
*** HOLE CARDS ***
Dealt to Mahu2021 [6c 6d]
Play555999: raises 805 to 885 and is all-in
Mahu2021: calls 535 and is all-in
Uncalled bet (270) returned to Play555999
*** FLOP *** [Jd Ad 5h]
*** TURN *** [Jd Ad 5h] [Th]
*** RIVER *** [Jd Ad 5h Th] [Ac]
*** SHOW DOWN ***
Mahu2021: shows [6c 6d] (two pair, Aces and Sixes)
Play555999: shows [As 5s] (a full house, Aces full of Fives)
Play555999 collected 1230 from pot
Mahu2021 finished the tournament in 2nd place
Play555999 wins the tournament and receives $6.00 - congratulations!
*** SUMMARY ***
Total pot 1230 | Rake 0 
Board [Jd Ad 5h Th Ac]
Seat 2: Mahu2021 (big blind) showed [6c 6d] and lost with two pair, Aces and Sixes
Seat 3: Play555999 (button) (small blind) showed [As 5s] and won (1230) with a full house, Aces full of Fives



