PokerStars Hand #248815392935: Tournament #3714251850, $1.84+$0.16 USD Hold'em No Limit - Level I (10/20) - 2024/02/11 12:05:24 CET [2024/02/11 6:05:24 ET]
Table '3714251850 1' 3-max Seat #1 is the button
Seat 1: paul iii bab (500 in chips) 
Seat 2: kispit90 (500 in chips) 
Seat 3: Mahu2021 (500 in chips) 
kispit90: posts small blind 10
Mahu2021: posts big blind 20
*** HOLE CARDS ***
Dealt to Mahu2021 [5s 9d]
paul iii bab: raises 50 to 70
kispit90: folds 
Mahu2021: folds 
Uncalled bet (50) returned to paul iii bab
paul iii bab collected 50 from pot
*** SUMMARY ***
Total pot 50 | Rake 0 
Seat 1: paul iii bab (button) collected (50)
Seat 2: kispit90 (small blind) folded before Flop
Seat 3: Mahu2021 (big blind) folded before Flop



PokerStars Hand #248815394855: Tournament #3714251850, $1.84+$0.16 USD Hold'em No Limit - Level I (10/20) - 2024/02/11 12:05:35 CET [2024/02/11 6:05:35 ET]
Table '3714251850 1' 3-max Seat #2 is the button
Seat 1: paul iii bab (530 in chips) 
Seat 2: kispit90 (490 in chips) 
Seat 3: Mahu2021 (480 in chips) 
Mahu2021: posts small blind 10
paul iii bab: posts big blind 20
*** HOLE CARDS ***
Dealt to Mahu2021 [9d 5d]
kispit90: raises 20 to 40
Mahu2021: folds 
paul iii bab: raises 90 to 130
kispit90: calls 90
*** FLOP *** [Kc 6d 8c]
paul iii bab: bets 270
kispit90: raises 90 to 360 and is all-in
paul iii bab: calls 90
*** TURN *** [Kc 6d 8c] [Qc]
*** RIVER *** [Kc 6d 8c Qc] [4s]
*** SHOW DOWN ***
paul iii bab: shows [Kd Qh] (two pair, Kings and Queens)
kispit90: shows [5c 6c] (a flush, King high)
kispit90 collected 990 from pot
*** SUMMARY ***
Total pot 990 | Rake 0 
Board [Kc 6d 8c Qc 4s]
Seat 1: paul iii bab (big blind) showed [Kd Qh] and lost with two pair, Kings and Queens
Seat 2: kispit90 (button) showed [5c 6c] and won (990) with a flush, King high
Seat 3: Mahu2021 (small blind) folded before Flop



PokerStars Hand #248815398253: Tournament #3714251850, $1.84+$0.16 USD Hold'em No Limit - Level I (10/20) - 2024/02/11 12:05:55 CET [2024/02/11 6:05:55 ET]
Table '3714251850 1' 3-max Seat #3 is the button
Seat 1: paul iii bab (40 in chips) 
Seat 2: kispit90 (990 in chips) 
Seat 3: Mahu2021 (470 in chips) 
paul iii bab: posts small blind 10
kispit90: posts big blind 20
*** HOLE CARDS ***
Dealt to Mahu2021 [8d 3c]
Mahu2021: folds 
paul iii bab: raises 20 to 40 and is all-in
kispit90: calls 20
*** FLOP *** [8h Jd Js]
*** TURN *** [8h Jd Js] [Qc]
*** RIVER *** [8h Jd Js Qc] [7h]
*** SHOW DOWN ***
paul iii bab: shows [Tc Qh] (two pair, Queens and Jacks)
kispit90: shows [9c Kh] (a pair of Jacks)
paul iii bab collected 80 from pot
*** SUMMARY ***
Total pot 80 | Rake 0 
Board [8h Jd Js Qc 7h]
Seat 1: paul iii bab (small blind) showed [Tc Qh] and won (80) with two pair, Queens and Jacks
Seat 2: kispit90 (big blind) showed [9c Kh] and lost with a pair of Jacks
Seat 3: Mahu2021 (button) folded before Flop (didn't bet)



PokerStars Hand #248815400521: Tournament #3714251850, $1.84+$0.16 USD Hold'em No Limit - Level I (10/20) - 2024/02/11 12:06:08 CET [2024/02/11 6:06:08 ET]
Table '3714251850 1' 3-max Seat #1 is the button
Seat 1: paul iii bab (80 in chips) 
Seat 2: kispit90 (950 in chips) 
Seat 3: Mahu2021 (470 in chips) 
kispit90: posts small blind 10
Mahu2021: posts big blind 20
*** HOLE CARDS ***
Dealt to Mahu2021 [Td Ts]
paul iii bab: calls 20
kispit90: raises 20 to 40
Mahu2021: raises 430 to 470 and is all-in
paul iii bab: calls 60 and is all-in
kispit90: folds 
Uncalled bet (390) returned to Mahu2021
*** FLOP *** [5c 8h 3d]
*** TURN *** [5c 8h 3d] [Jd]
*** RIVER *** [5c 8h 3d Jd] [Ac]
*** SHOW DOWN ***
Mahu2021: shows [Td Ts] (a pair of Tens)
paul iii bab: shows [3c Qc] (a pair of Threes)
Mahu2021 collected 200 from pot
paul iii bab finished the tournament in 3rd place
*** SUMMARY ***
Total pot 200 | Rake 0 
Board [5c 8h 3d Jd Ac]
Seat 1: paul iii bab (button) showed [3c Qc] and lost with a pair of Threes
Seat 2: kispit90 (small blind) folded before Flop
Seat 3: Mahu2021 (big blind) showed [Td Ts] and won (200) with a pair of Tens



PokerStars Hand #248815404642: Tournament #3714251850, $1.84+$0.16 USD Hold'em No Limit - Level I (10/20) - 2024/02/11 12:06:32 CET [2024/02/11 6:06:32 ET]
Table '3714251850 1' 3-max Seat #3 is the button
Seat 2: kispit90 (910 in chips) 
Seat 3: Mahu2021 (590 in chips) 
Mahu2021: posts small blind 10
kispit90: posts big blind 20
*** HOLE CARDS ***
Dealt to Mahu2021 [6s 4c]
Mahu2021: folds 
Uncalled bet (10) returned to kispit90
kispit90 collected 20 from pot
kispit90: doesn't show hand 
*** SUMMARY ***
Total pot 20 | Rake 0 
Seat 2: kispit90 (big blind) collected (20)
Seat 3: Mahu2021 (button) (small blind) folded before Flop



PokerStars Hand #248815405473: Tournament #3714251850, $1.84+$0.16 USD Hold'em No Limit - Level I (10/20) - 2024/02/11 12:06:37 CET [2024/02/11 6:06:37 ET]
Table '3714251850 1' 3-max Seat #2 is the button
Seat 2: kispit90 (920 in chips) 
Seat 3: Mahu2021 (580 in chips) 
kispit90: posts small blind 10
Mahu2021: posts big blind 20
*** HOLE CARDS ***
Dealt to Mahu2021 [9s Qd]
kispit90: raises 20 to 40
Mahu2021: calls 20
*** FLOP *** [4s 7c As]
Mahu2021: checks 
kispit90: bets 80
Mahu2021: folds 
Uncalled bet (80) returned to kispit90
kispit90 collected 80 from pot
kispit90: doesn't show hand 
*** SUMMARY ***
Total pot 80 | Rake 0 
Board [4s 7c As]
Seat 2: kispit90 (button) (small blind) collected (80)
Seat 3: Mahu2021 (big blind) folded on the Flop



PokerStars Hand #248815407349: Tournament #3714251850, $1.84+$0.16 USD Hold'em No Limit - Level I (10/20) - 2024/02/11 12:06:49 CET [2024/02/11 6:06:49 ET]
Table '3714251850 1' 3-max Seat #3 is the button
Seat 2: kispit90 (960 in chips) 
Seat 3: Mahu2021 (540 in chips) 
Mahu2021: posts small blind 10
kispit90: posts big blind 20
*** HOLE CARDS ***
Dealt to Mahu2021 [Jh 8h]
Mahu2021: raises 20 to 40
kispit90: calls 20
*** FLOP *** [Jd 4h 6c]
kispit90: checks 
Mahu2021: bets 40
kispit90: calls 40
*** TURN *** [Jd 4h 6c] [Qs]
kispit90: checks 
Mahu2021: bets 40
kispit90: folds 
Uncalled bet (40) returned to Mahu2021
Mahu2021 collected 160 from pot
Mahu2021: doesn't show hand 
*** SUMMARY ***
Total pot 160 | Rake 0 
Board [Jd 4h 6c Qs]
Seat 2: kispit90 (big blind) folded on the Turn
Seat 3: Mahu2021 (button) (small blind) collected (160)



PokerStars Hand #248815409583: Tournament #3714251850, $1.84+$0.16 USD Hold'em No Limit - Level I (10/20) - 2024/02/11 12:07:02 CET [2024/02/11 6:07:02 ET]
Table '3714251850 1' 3-max Seat #2 is the button
Seat 2: kispit90 (880 in chips) 
Seat 3: Mahu2021 (620 in chips) 
kispit90: posts small blind 10
Mahu2021: posts big blind 20
*** HOLE CARDS ***
Dealt to Mahu2021 [9s 9c]
kispit90: raises 20 to 40
Mahu2021: raises 580 to 620 and is all-in
kispit90: calls 580
*** FLOP *** [Jc 4c As]
*** TURN *** [Jc 4c As] [7h]
*** RIVER *** [Jc 4c As 7h] [7d]
*** SHOW DOWN ***
Mahu2021: shows [9s 9c] (two pair, Nines and Sevens)
kispit90: shows [7s Js] (a full house, Sevens full of Jacks)
kispit90 collected 1240 from pot
Mahu2021 finished the tournament in 2nd place
kispit90 wins the tournament and receives $4.00 - congratulations!
*** SUMMARY ***
Total pot 1240 | Rake 0 
Board [Jc 4c As 7h 7d]
Seat 2: kispit90 (button) (small blind) showed [7s Js] and won (1240) with a full house, Sevens full of Jacks
Seat 3: Mahu2021 (big blind) showed [9s 9c] and lost with two pair, Nines and Sevens



