PokerStars Zoom Hand #255044895170:  Hold'em No Limit ($0.05/$0.10) - 2025/02/26 17:58:16 CET [2025/02/26 11:58:16 ET]
Table 'Aludra' 6-max Seat #1 is the button
Seat 1: crytexs123 ($10.15 in chips) 
Seat 2: AdryTwelve ($8.47 in chips) 
Seat 3: Mahu2021 ($10 in chips) 
Seat 4: turquia000 ($11.93 in chips) 
Seat 5: Clima89 ($11.45 in chips) 
Seat 6: Marcco969 ($9.80 in chips) 
AdryTwelve: posts small blind $0.05
Mahu2021: posts big blind $0.10
*** HOLE CARDS ***
Dealt to Mahu2021 [Jc Qs]
turquia000: folds 
Clima89: raises $0.15 to $0.25
Marcco969: folds 
crytexs123: folds 
AdryTwelve: folds 
Mahu2021: calls $0.15
*** FLOP *** [5c 7c 5h]
Mahu2021: checks 
Clima89: bets $0.30
Mahu2021: folds 
Uncalled bet ($0.30) returned to Clima89
Clima89 collected $0.53 from pot
Clima89: doesn't show hand 
*** SUMMARY ***
Total pot $0.55 | Rake $0.02 
Board [5c 7c 5h]
Seat 1: crytexs123 (button) folded before Flop (didn't bet)
Seat 2: AdryTwelve (small blind) folded before Flop
Seat 3: Mahu2021 (big blind) folded on the Flop
Seat 4: turquia000 folded before Flop (didn't bet)
Seat 5: Clima89 collected ($0.53)
Seat 6: Marcco969 folded before Flop (didn't bet)



PokerStars Zoom Hand #255044896658:  Hold'em No Limit ($0.05/$0.10) - 2025/02/26 17:58:40 CET [2025/02/26 11:58:40 ET]
Table 'Aludra' 6-max Seat #1 is the button
Seat 1: Clima89 ($11.91 in chips) 
Seat 2: Mahu2021 ($9.75 in chips) 
Seat 3: VeryBigDan ($14.22 in chips) 
Seat 4: pougia777 ($11.27 in chips) 
Seat 5: AdryTwelve ($8.42 in chips) 
Seat 6: StelioKontos18 ($11.33 in chips) 
Mahu2021: posts small blind $0.05
VeryBigDan: posts big blind $0.10
*** HOLE CARDS ***
Dealt to Mahu2021 [As Kh]
pougia777: folds 
AdryTwelve: folds 
StelioKontos18: folds 
Clima89: raises $0.15 to $0.25
Mahu2021: calls $0.20
VeryBigDan: raises $0.75 to $1
Clima89: folds 
Mahu2021: calls $0.75
*** FLOP *** [Jd 4s 2s]
Mahu2021: checks 
VeryBigDan: bets $1.50
Mahu2021: folds 
Uncalled bet ($1.50) returned to VeryBigDan
VeryBigDan collected $2.15 from pot
VeryBigDan: doesn't show hand 
*** SUMMARY ***
Total pot $2.25 | Rake $0.10 
Board [Jd 4s 2s]
Seat 1: Clima89 (button) folded before Flop
Seat 2: Mahu2021 (small blind) folded on the Flop
Seat 3: VeryBigDan (big blind) collected ($2.15)
Seat 4: pougia777 folded before Flop (didn't bet)
Seat 5: AdryTwelve folded before Flop (didn't bet)
Seat 6: StelioKontos18 folded before Flop (didn't bet)



PokerStars Zoom Hand #255044898472:  Hold'em No Limit ($0.05/$0.10) - 2025/02/26 17:59:07 CET [2025/02/26 11:59:07 ET]
Table 'Aludra' 6-max Seat #1 is the button
Seat 1: Mahu2021 ($8.75 in chips) 
Seat 2: megaloshara ($13 in chips) 
Seat 3: KGralu ($8.47 in chips) 
Seat 4: Garota Infernal ($10.10 in chips) 
Seat 5: VeryBigDan ($15.37 in chips) 
Seat 6: JSDTRP-03 ($7.49 in chips) 
megaloshara: posts small blind $0.05
KGralu: posts big blind $0.10
*** HOLE CARDS ***
Dealt to Mahu2021 [8s Tc]
Garota Infernal: folds 
VeryBigDan: folds 
JSDTRP-03: folds 
Mahu2021: folds 
megaloshara: folds 
Uncalled bet ($0.05) returned to KGralu
KGralu collected $0.10 from pot
KGralu: doesn't show hand 
*** SUMMARY ***
Total pot $0.10 | Rake $0 
Seat 1: Mahu2021 (button) folded before Flop (didn't bet)
Seat 2: megaloshara (small blind) folded before Flop
Seat 3: KGralu (big blind) collected ($0.10)
Seat 4: Garota Infernal folded before Flop (didn't bet)
Seat 5: VeryBigDan folded before Flop (didn't bet)
Seat 6: JSDTRP-03 folded before Flop (didn't bet)



PokerStars Zoom Hand #255044899800:  Hold'em No Limit ($0.05/$0.10) - 2025/02/26 17:59:26 CET [2025/02/26 11:59:26 ET]
Table 'Aludra' 6-max Seat #1 is the button
Seat 1: Luffy V ($10 in chips) 
Seat 2: JSDTRP-03 ($7.39 in chips) 
Seat 3: KrysuSkerdikas ($10 in chips) 
Seat 4: pougia777 ($10 in chips) 
Seat 5: Mahu2021 ($8.75 in chips) 
Seat 6: crytexs123 ($10.40 in chips) 
JSDTRP-03: posts small blind $0.05
KrysuSkerdikas: posts big blind $0.10
*** HOLE CARDS ***
Dealt to Mahu2021 [Qd Qh]
pougia777: folds 
Mahu2021: raises $0.14 to $0.24
crytexs123: folds 
Luffy V: folds 
JSDTRP-03: folds 
KrysuSkerdikas: calls $0.14
*** FLOP *** [5s 7h Ks]
KrysuSkerdikas: bets $0.30
Mahu2021: folds 
Uncalled bet ($0.30) returned to KrysuSkerdikas
KrysuSkerdikas collected $0.51 from pot
KrysuSkerdikas: doesn't show hand 
*** SUMMARY ***
Total pot $0.53 | Rake $0.02 
Board [5s 7h Ks]
Seat 1: Luffy V (button) folded before Flop (didn't bet)
Seat 2: JSDTRP-03 (small blind) folded before Flop
Seat 3: KrysuSkerdikas (big blind) collected ($0.51)
Seat 4: pougia777 folded before Flop (didn't bet)
Seat 5: Mahu2021 folded on the Flop
Seat 6: crytexs123 folded before Flop (didn't bet)



PokerStars Zoom Hand #255044899011:  Hold'em No Limit ($0.05/$0.10) - 2025/02/26 17:59:15 CET [2025/02/26 11:59:15 ET]
Table 'Aludra' 6-max Seat #1 is the button
Seat 1: AdryTwelve ($8.27 in chips) 
Seat 2: eriktnt ($10.30 in chips) 
Seat 3: megaloshara ($12.95 in chips) 
Seat 4: Coops777789 ($10.29 in chips) 
Seat 5: liquidpoker1 ($9.08 in chips) 
Seat 6: Mahu2021 ($8.75 in chips) 
eriktnt: posts small blind $0.05
megaloshara: posts big blind $0.10
*** HOLE CARDS ***
Dealt to Mahu2021 [Qc 3c]
Coops777789: folds 
liquidpoker1: raises $0.13 to $0.23
Mahu2021: folds 
AdryTwelve: raises $0.51 to $0.74
eriktnt: folds 
megaloshara: folds 
liquidpoker1: calls $0.51
*** FLOP *** [9c 8h 5d]
liquidpoker1: checks 
AdryTwelve: bets $0.51
liquidpoker1: calls $0.51
*** TURN *** [9c 8h 5d] [4d]
liquidpoker1: checks 
AdryTwelve: bets $2.13
liquidpoker1: calls $2.13
*** RIVER *** [9c 8h 5d 4d] [Qd]
liquidpoker1: bets $5.70 and is all-in
AdryTwelve: calls $4.89 and is all-in
Uncalled bet ($0.81) returned to liquidpoker1
*** SHOW DOWN ***
liquidpoker1: shows [6d Kd] (a flush, King high)
AdryTwelve: shows [7c 8c] (a pair of Eights)
liquidpoker1 collected $15.94 from pot
*** SUMMARY ***
Total pot $16.69 | Rake $0.75 
Board [9c 8h 5d 4d Qd]
Seat 1: AdryTwelve (button) showed [7c 8c] and lost with a pair of Eights
Seat 2: eriktnt (small blind) folded before Flop
Seat 3: megaloshara (big blind) folded before Flop
Seat 4: Coops777789 folded before Flop (didn't bet)
Seat 5: liquidpoker1 showed [6d Kd] and won ($15.94) with a flush, King high
Seat 6: Mahu2021 folded before Flop (didn't bet)



