PokerStars Hand #243176031721: Tournament #3579437939, $0.92+$0.08 USD Hold'em No Limit - Level I (10/20) - 2023/04/18 22:33:04 CET [2023/04/18 16:33:04 ET]
Table '3579437939 1' 3-max Seat #1 is the button
Seat 1: shiggy91 (500 in chips) 
Seat 2: CbE30 (500 in chips) 
Seat 3: Mahu2021 (500 in chips) 
CbE30: posts small blind 10
Mahu2021: posts big blind 20
*** HOLE CARDS ***
Dealt to Mahu2021 [8d Qc]
shiggy91: calls 20
CbE30: calls 10
Mahu2021: checks 
*** FLOP *** [5d 9s 5s]
CbE30: checks 
Mahu2021: checks 
shiggy91: checks 
*** TURN *** [5d 9s 5s] [9h]
CbE30: checks 
Mahu2021: bets 20
shiggy91: calls 20
CbE30: calls 20
*** RIVER *** [5d 9s 5s 9h] [4h]
CbE30: checks 
Mahu2021: checks 
shiggy91: checks 
*** SHOW DOWN ***
CbE30: shows [8c As] (two pair, Nines and Fives)
Mahu2021: mucks hand 
shiggy91: mucks hand 
CbE30 collected 120 from pot
*** SUMMARY ***
Total pot 120 | Rake 0 
Board [5d 9s 5s 9h 4h]
Seat 1: shiggy91 (button) mucked [4d 8s]
Seat 2: CbE30 (small blind) showed [8c As] and won (120) with two pair, Nines and Fives
Seat 3: Mahu2021 (big blind) mucked [8d Qc]



PokerStars Hand #243176041951: Tournament #3579437939, $0.92+$0.08 USD Hold'em No Limit - Level I (10/20) - 2023/04/18 22:33:32 CET [2023/04/18 16:33:32 ET]
Table '3579437939 1' 3-max Seat #2 is the button
Seat 1: shiggy91 (460 in chips) 
Seat 2: CbE30 (580 in chips) 
Seat 3: Mahu2021 (460 in chips) 
Mahu2021: posts small blind 10
shiggy91: posts big blind 20
*** HOLE CARDS ***
Dealt to Mahu2021 [Js Kh]
CbE30: calls 20
Mahu2021: calls 10
shiggy91: checks 
*** FLOP *** [Qd 7d Ks]
Mahu2021: bets 20
shiggy91: folds 
CbE30: folds 
Uncalled bet (20) returned to Mahu2021
Mahu2021 collected 60 from pot
Mahu2021: doesn't show hand 
*** SUMMARY ***
Total pot 60 | Rake 0 
Board [Qd 7d Ks]
Seat 1: shiggy91 (big blind) folded on the Flop
Seat 2: CbE30 (button) folded on the Flop
Seat 3: Mahu2021 (small blind) collected (60)



PokerStars Hand #243176047669: Tournament #3579437939, $0.92+$0.08 USD Hold'em No Limit - Level I (10/20) - 2023/04/18 22:33:47 CET [2023/04/18 16:33:47 ET]
Table '3579437939 1' 3-max Seat #3 is the button
Seat 1: shiggy91 (440 in chips) 
Seat 2: CbE30 (560 in chips) 
Seat 3: Mahu2021 (500 in chips) 
shiggy91: posts small blind 10
CbE30: posts big blind 20
*** HOLE CARDS ***
Dealt to Mahu2021 [Qh 8c]
Mahu2021: calls 20
shiggy91: folds 
CbE30: checks 
*** FLOP *** [4s Jc 7c]
CbE30: checks 
Mahu2021: checks 
*** TURN *** [4s Jc 7c] [Qc]
CbE30: checks 
Mahu2021: bets 50
CbE30: folds 
Uncalled bet (50) returned to Mahu2021
Mahu2021 collected 50 from pot
Mahu2021: doesn't show hand 
*** SUMMARY ***
Total pot 50 | Rake 0 
Board [4s Jc 7c Qc]
Seat 1: shiggy91 (small blind) folded before Flop
Seat 2: CbE30 (big blind) folded on the Turn
Seat 3: Mahu2021 (button) collected (50)



PokerStars Hand #243176056314: Tournament #3579437939, $0.92+$0.08 USD Hold'em No Limit - Level I (10/20) - 2023/04/18 22:34:11 CET [2023/04/18 16:34:11 ET]
Table '3579437939 1' 3-max Seat #1 is the button
Seat 1: shiggy91 (430 in chips) 
Seat 2: CbE30 (540 in chips) 
Seat 3: Mahu2021 (530 in chips) 
CbE30: posts small blind 10
Mahu2021: posts big blind 20
*** HOLE CARDS ***
Dealt to Mahu2021 [Td 6c]
shiggy91: calls 20
CbE30: raises 40 to 60
Mahu2021: folds 
shiggy91: calls 40
*** FLOP *** [Jc 7h Tc]
CbE30: bets 140
shiggy91: calls 140
*** TURN *** [Jc 7h Tc] [4h]
CbE30: bets 340 and is all-in
shiggy91: calls 230 and is all-in
Uncalled bet (110) returned to CbE30
*** RIVER *** [Jc 7h Tc 4h] [Qd]
*** SHOW DOWN ***
CbE30: shows [Js Kd] (a pair of Jacks)
shiggy91: shows [8h Ts] (a pair of Tens)
CbE30 collected 880 from pot
shiggy91 finished the tournament in 3rd place
*** SUMMARY ***
Total pot 880 | Rake 0 
Board [Jc 7h Tc 4h Qd]
Seat 1: shiggy91 (button) showed [8h Ts] and lost with a pair of Tens
Seat 2: CbE30 (small blind) showed [Js Kd] and won (880) with a pair of Jacks
Seat 3: Mahu2021 (big blind) folded before Flop



PokerStars Hand #243176069707: Tournament #3579437939, $0.92+$0.08 USD Hold'em No Limit - Level I (10/20) - 2023/04/18 22:34:47 CET [2023/04/18 16:34:47 ET]
Table '3579437939 1' 3-max Seat #3 is the button
Seat 2: CbE30 (990 in chips) 
Seat 3: Mahu2021 (510 in chips) 
Mahu2021: posts small blind 10
CbE30: posts big blind 20
*** HOLE CARDS ***
Dealt to Mahu2021 [Ah Jd]
Mahu2021: raises 20 to 40
CbE30: calls 20
*** FLOP *** [As Td Th]
CbE30: checks 
Mahu2021: bets 80
CbE30: folds 
Uncalled bet (80) returned to Mahu2021
Mahu2021 collected 80 from pot
Mahu2021: doesn't show hand 
*** SUMMARY ***
Total pot 80 | Rake 0 
Board [As Td Th]
Seat 2: CbE30 (big blind) folded on the Flop
Seat 3: Mahu2021 (button) (small blind) collected (80)



PokerStars Hand #243176075897: Tournament #3579437939, $0.92+$0.08 USD Hold'em No Limit - Level I (10/20) - 2023/04/18 22:35:04 CET [2023/04/18 16:35:04 ET]
Table '3579437939 1' 3-max Seat #2 is the button
Seat 2: CbE30 (950 in chips) 
Seat 3: Mahu2021 (550 in chips) 
CbE30: posts small blind 10
Mahu2021: posts big blind 20
*** HOLE CARDS ***
Dealt to Mahu2021 [2h 4h]
CbE30: calls 10
Mahu2021: checks 
*** FLOP *** [3s Qs As]
Mahu2021: checks 
CbE30: checks 
*** TURN *** [3s Qs As] [4s]
Mahu2021: bets 20
CbE30: calls 20
*** RIVER *** [3s Qs As 4s] [Kc]
Mahu2021: checks 
CbE30: checks 
*** SHOW DOWN ***
Mahu2021: shows [2h 4h] (a pair of Fours)
CbE30: shows [Qh 5h] (a pair of Queens)
CbE30 collected 80 from pot
*** SUMMARY ***
Total pot 80 | Rake 0 
Board [3s Qs As 4s Kc]
Seat 2: CbE30 (button) (small blind) showed [Qh 5h] and won (80) with a pair of Queens
Seat 3: Mahu2021 (big blind) showed [2h 4h] and lost with a pair of Fours



PokerStars Hand #243176082203: Tournament #3579437939, $0.92+$0.08 USD Hold'em No Limit - Level I (10/20) - 2023/04/18 22:35:21 CET [2023/04/18 16:35:21 ET]
Table '3579437939 1' 3-max Seat #3 is the button
Seat 2: CbE30 (990 in chips) 
Seat 3: Mahu2021 (510 in chips) 
Mahu2021: posts small blind 10
CbE30: posts big blind 20
*** HOLE CARDS ***
Dealt to Mahu2021 [4s Jh]
Mahu2021: calls 10
CbE30: checks 
*** FLOP *** [Kc Tc 7s]
CbE30: bets 40
Mahu2021: folds 
Uncalled bet (40) returned to CbE30
CbE30 collected 40 from pot
*** SUMMARY ***
Total pot 40 | Rake 0 
Board [Kc Tc 7s]
Seat 2: CbE30 (big blind) collected (40)
Seat 3: Mahu2021 (button) (small blind) folded on the Flop



PokerStars Hand #243176086867: Tournament #3579437939, $0.92+$0.08 USD Hold'em No Limit - Level I (10/20) - 2023/04/18 22:35:34 CET [2023/04/18 16:35:34 ET]
Table '3579437939 1' 3-max Seat #2 is the button
Seat 2: CbE30 (1010 in chips) 
Seat 3: Mahu2021 (490 in chips) 
CbE30: posts small blind 10
Mahu2021: posts big blind 20
*** HOLE CARDS ***
Dealt to Mahu2021 [8h Js]
CbE30: folds 
Uncalled bet (10) returned to Mahu2021
Mahu2021 collected 20 from pot
Mahu2021: doesn't show hand 
*** SUMMARY ***
Total pot 20 | Rake 0 
Seat 2: CbE30 (button) (small blind) folded before Flop
Seat 3: Mahu2021 (big blind) collected (20)



PokerStars Hand #243176089386: Tournament #3579437939, $0.92+$0.08 USD Hold'em No Limit - Level I (10/20) - 2023/04/18 22:35:41 CET [2023/04/18 16:35:41 ET]
Table '3579437939 1' 3-max Seat #3 is the button
Seat 2: CbE30 (1000 in chips) 
Seat 3: Mahu2021 (500 in chips) 
Mahu2021: posts small blind 10
CbE30: posts big blind 20
*** HOLE CARDS ***
Dealt to Mahu2021 [Th Qs]
Mahu2021: raises 20 to 40
CbE30: folds 
Uncalled bet (20) returned to Mahu2021
Mahu2021 collected 40 from pot
Mahu2021: doesn't show hand 
*** SUMMARY ***
Total pot 40 | Rake 0 
Seat 2: CbE30 (big blind) folded before Flop
Seat 3: Mahu2021 (button) (small blind) collected (40)



PokerStars Hand #243176092823: Tournament #3579437939, $0.92+$0.08 USD Hold'em No Limit - Level I (10/20) - 2023/04/18 22:35:51 CET [2023/04/18 16:35:51 ET]
Table '3579437939 1' 3-max Seat #2 is the button
Seat 2: CbE30 (980 in chips) 
Seat 3: Mahu2021 (520 in chips) 
CbE30: posts small blind 10
Mahu2021: posts big blind 20
*** HOLE CARDS ***
Dealt to Mahu2021 [Qd Tc]
CbE30: calls 10
Mahu2021: raises 40 to 60
CbE30: calls 40
*** FLOP *** [Kc 3s 4d]
Mahu2021: checks 
CbE30: checks 
*** TURN *** [Kc 3s 4d] [Jc]
Mahu2021: bets 80
CbE30: calls 80
*** RIVER *** [Kc 3s 4d Jc] [8s]
Mahu2021: checks 
CbE30: checks 
*** SHOW DOWN ***
Mahu2021: shows [Qd Tc] (high card King)
CbE30: shows [7c 8c] (a pair of Eights)
CbE30 collected 280 from pot
*** SUMMARY ***
Total pot 280 | Rake 0 
Board [Kc 3s 4d Jc 8s]
Seat 2: CbE30 (button) (small blind) showed [7c 8c] and won (280) with a pair of Eights
Seat 3: Mahu2021 (big blind) showed [Qd Tc] and lost with high card King



PokerStars Hand #243176101972: Tournament #3579437939, $0.92+$0.08 USD Hold'em No Limit - Level II (15/30) - 2023/04/18 22:36:16 CET [2023/04/18 16:36:16 ET]
Table '3579437939 1' 3-max Seat #3 is the button
Seat 2: CbE30 (1120 in chips) 
Seat 3: Mahu2021 (380 in chips) 
Mahu2021: posts small blind 15
CbE30: posts big blind 30
*** HOLE CARDS ***
Dealt to Mahu2021 [2d 4c]
Mahu2021: folds 
Uncalled bet (15) returned to CbE30
CbE30 collected 30 from pot
*** SUMMARY ***
Total pot 30 | Rake 0 
Seat 2: CbE30 (big blind) collected (30)
Seat 3: Mahu2021 (button) (small blind) folded before Flop



PokerStars Hand #243176103509: Tournament #3579437939, $0.92+$0.08 USD Hold'em No Limit - Level II (15/30) - 2023/04/18 22:36:20 CET [2023/04/18 16:36:20 ET]
Table '3579437939 1' 3-max Seat #2 is the button
Seat 2: CbE30 (1135 in chips) 
Seat 3: Mahu2021 (365 in chips) 
CbE30: posts small blind 15
Mahu2021: posts big blind 30
*** HOLE CARDS ***
Dealt to Mahu2021 [8c 7c]
CbE30: calls 15
Mahu2021: checks 
*** FLOP *** [Qh 3s 9h]
Mahu2021: checks 
CbE30: bets 60
Mahu2021: folds 
Uncalled bet (60) returned to CbE30
CbE30 collected 60 from pot
*** SUMMARY ***
Total pot 60 | Rake 0 
Board [Qh 3s 9h]
Seat 2: CbE30 (button) (small blind) collected (60)
Seat 3: Mahu2021 (big blind) folded on the Flop



PokerStars Hand #243176107308: Tournament #3579437939, $0.92+$0.08 USD Hold'em No Limit - Level II (15/30) - 2023/04/18 22:36:31 CET [2023/04/18 16:36:31 ET]
Table '3579437939 1' 3-max Seat #3 is the button
Seat 2: CbE30 (1165 in chips) 
Seat 3: Mahu2021 (335 in chips) 
Mahu2021: posts small blind 15
CbE30: posts big blind 30
*** HOLE CARDS ***
Dealt to Mahu2021 [Js 3c]
Mahu2021: calls 15
CbE30: checks 
*** FLOP *** [6c 7d 3d]
CbE30: checks 
Mahu2021: bets 30
CbE30: calls 30
*** TURN *** [6c 7d 3d] [2c]
CbE30: checks 
Mahu2021: bets 30
CbE30: folds 
Uncalled bet (30) returned to Mahu2021
Mahu2021 collected 120 from pot
Mahu2021: doesn't show hand 
*** SUMMARY ***
Total pot 120 | Rake 0 
Board [6c 7d 3d 2c]
Seat 2: CbE30 (big blind) folded on the Turn
Seat 3: Mahu2021 (button) (small blind) collected (120)



PokerStars Hand #243176113017: Tournament #3579437939, $0.92+$0.08 USD Hold'em No Limit - Level II (15/30) - 2023/04/18 22:36:46 CET [2023/04/18 16:36:46 ET]
Table '3579437939 1' 3-max Seat #2 is the button
Seat 2: CbE30 (1105 in chips) 
Seat 3: Mahu2021 (395 in chips) 
CbE30: posts small blind 15
Mahu2021: posts big blind 30
*** HOLE CARDS ***
Dealt to Mahu2021 [5h 2s]
CbE30: calls 15
Mahu2021: checks 
*** FLOP *** [3s 8s Tc]
Mahu2021: checks 
CbE30: checks 
*** TURN *** [3s 8s Tc] [4h]
Mahu2021: bets 60
CbE30: folds 
Uncalled bet (60) returned to Mahu2021
Mahu2021 collected 60 from pot
Mahu2021: doesn't show hand 
*** SUMMARY ***
Total pot 60 | Rake 0 
Board [3s 8s Tc 4h]
Seat 2: CbE30 (button) (small blind) folded on the Turn
Seat 3: Mahu2021 (big blind) collected (60)



