PokerStars Hand #251252691278: Tournament #3772408057, $1.84+$0.16 USD Hold'em No Limit - Level I (10/20) - 2024/06/29 21:31:24 CET [2024/06/29 15:31:24 ET]
Table '3772408057 1' 3-max Seat #1 is the button
Seat 1: Mahu2021 (500 in chips) 
Seat 2: KinitoxCR (500 in chips) 
Seat 3: Xuquelão (500 in chips) 
KinitoxCR: posts small blind 10
Xuquelão: posts big blind 20
*** HOLE CARDS ***
Dealt to Mahu2021 [6c 4s]
Mahu2021: folds 
KinitoxCR: calls 10
Xuquelão: checks 
*** FLOP *** [Kc Js 2s]
KinitoxCR: checks 
Xuquelão: checks 
*** TURN *** [Kc Js 2s] [7h]
KinitoxCR: checks 
Xuquelão: checks 
*** RIVER *** [Kc Js 2s 7h] [Qc]
KinitoxCR: bets 20
Xuquelão: folds 
Uncalled bet (20) returned to KinitoxCR
KinitoxCR collected 40 from pot
*** SUMMARY ***
Total pot 40 | Rake 0 
Board [Kc Js 2s 7h Qc]
Seat 1: Mahu2021 (button) folded before Flop (didn't bet)
Seat 2: KinitoxCR (small blind) collected (40)
Seat 3: Xuquelão (big blind) folded on the River



PokerStars Hand #251252694849: Tournament #3772408057, $1.84+$0.16 USD Hold'em No Limit - Level I (10/20) - 2024/06/29 21:31:39 CET [2024/06/29 15:31:39 ET]
Table '3772408057 1' 3-max Seat #2 is the button
Seat 1: Mahu2021 (500 in chips) 
Seat 2: KinitoxCR (520 in chips) 
Seat 3: Xuquelão (480 in chips) 
Xuquelão: posts small blind 10
Mahu2021: posts big blind 20
*** HOLE CARDS ***
Dealt to Mahu2021 [4c 4h]
KinitoxCR: folds 
Xuquelão: raises 40 to 60
Mahu2021: calls 40
*** FLOP *** [7s Kh Tc]
Xuquelão: checks 
Mahu2021: checks 
*** TURN *** [7s Kh Tc] [8d]
Xuquelão: bets 40
Mahu2021: calls 40
*** RIVER *** [7s Kh Tc 8d] [Td]
Xuquelão: bets 100
Mahu2021: calls 100
*** SHOW DOWN ***
Xuquelão: shows [Qc As] (a pair of Tens)
Mahu2021: shows [4c 4h] (two pair, Tens and Fours)
Mahu2021 collected 400 from pot
*** SUMMARY ***
Total pot 400 | Rake 0 
Board [7s Kh Tc 8d Td]
Seat 1: Mahu2021 (big blind) showed [4c 4h] and won (400) with two pair, Tens and Fours
Seat 2: KinitoxCR (button) folded before Flop (didn't bet)
Seat 3: Xuquelão (small blind) showed [Qc As] and lost with a pair of Tens



PokerStars Hand #251252698345: Tournament #3772408057, $1.84+$0.16 USD Hold'em No Limit - Level I (10/20) - 2024/06/29 21:31:53 CET [2024/06/29 15:31:53 ET]
Table '3772408057 1' 3-max Seat #3 is the button
Seat 1: Mahu2021 (700 in chips) 
Seat 2: KinitoxCR (520 in chips) 
Seat 3: Xuquelão (280 in chips) 
Mahu2021: posts small blind 10
KinitoxCR: posts big blind 20
*** HOLE CARDS ***
Dealt to Mahu2021 [2s Jd]
Xuquelão: raises 40 to 60
Mahu2021: folds 
KinitoxCR: folds 
Uncalled bet (40) returned to Xuquelão
Xuquelão collected 50 from pot
Xuquelão: doesn't show hand 
*** SUMMARY ***
Total pot 50 | Rake 0 
Seat 1: Mahu2021 (small blind) folded before Flop
Seat 2: KinitoxCR (big blind) folded before Flop
Seat 3: Xuquelão (button) collected (50)



PokerStars Hand #251252700371: Tournament #3772408057, $1.84+$0.16 USD Hold'em No Limit - Level I (10/20) - 2024/06/29 21:32:01 CET [2024/06/29 15:32:01 ET]
Table '3772408057 1' 3-max Seat #1 is the button
Seat 1: Mahu2021 (690 in chips) 
Seat 2: KinitoxCR (500 in chips) 
Seat 3: Xuquelão (310 in chips) 
KinitoxCR: posts small blind 10
Xuquelão: posts big blind 20
*** HOLE CARDS ***
Dealt to Mahu2021 [7h 9d]
Mahu2021: folds 
KinitoxCR: calls 10
Xuquelão: checks 
*** FLOP *** [3d Jd Tc]
KinitoxCR: checks 
Xuquelão: checks 
*** TURN *** [3d Jd Tc] [Ad]
KinitoxCR: bets 20
Xuquelão: raises 60 to 80
KinitoxCR: calls 60
*** RIVER *** [3d Jd Tc Ad] [3h]
KinitoxCR: bets 20
Xuquelão: raises 120 to 140
KinitoxCR: calls 120
*** SHOW DOWN ***
Xuquelão: shows [Qd 7c] (a pair of Threes)
KinitoxCR: shows [Th 8c] (two pair, Tens and Threes)
KinitoxCR collected 480 from pot
*** SUMMARY ***
Total pot 480 | Rake 0 
Board [3d Jd Tc Ad 3h]
Seat 1: Mahu2021 (button) folded before Flop (didn't bet)
Seat 2: KinitoxCR (small blind) showed [Th 8c] and won (480) with two pair, Tens and Threes
Seat 3: Xuquelão (big blind) showed [Qd 7c] and lost with a pair of Threes



PokerStars Hand #251252706327: Tournament #3772408057, $1.84+$0.16 USD Hold'em No Limit - Level I (10/20) - 2024/06/29 21:32:25 CET [2024/06/29 15:32:25 ET]
Table '3772408057 1' 3-max Seat #2 is the button
Seat 1: Mahu2021 (690 in chips) 
Seat 2: KinitoxCR (740 in chips) 
Seat 3: Xuquelão (70 in chips) 
Xuquelão: posts small blind 10
Mahu2021: posts big blind 20
*** HOLE CARDS ***
Dealt to Mahu2021 [9s 3s]
KinitoxCR: folds 
Xuquelão: folds 
Uncalled bet (10) returned to Mahu2021
Mahu2021 collected 20 from pot
Mahu2021: doesn't show hand 
*** SUMMARY ***
Total pot 20 | Rake 0 
Seat 1: Mahu2021 (big blind) collected (20)
Seat 2: KinitoxCR (button) folded before Flop (didn't bet)
Seat 3: Xuquelão (small blind) folded before Flop



PokerStars Hand #251252707629: Tournament #3772408057, $1.84+$0.16 USD Hold'em No Limit - Level I (10/20) - 2024/06/29 21:32:30 CET [2024/06/29 15:32:30 ET]
Table '3772408057 1' 3-max Seat #3 is the button
Seat 1: Mahu2021 (700 in chips) 
Seat 2: KinitoxCR (740 in chips) 
Seat 3: Xuquelão (60 in chips) 
Mahu2021: posts small blind 10
KinitoxCR: posts big blind 20
*** HOLE CARDS ***
Dealt to Mahu2021 [9s 2c]
Xuquelão: folds 
Mahu2021: folds 
Uncalled bet (10) returned to KinitoxCR
KinitoxCR collected 20 from pot
*** SUMMARY ***
Total pot 20 | Rake 0 
Seat 1: Mahu2021 (small blind) folded before Flop
Seat 2: KinitoxCR (big blind) collected (20)
Seat 3: Xuquelão (button) folded before Flop (didn't bet)



PokerStars Hand #251252708803: Tournament #3772408057, $1.84+$0.16 USD Hold'em No Limit - Level I (10/20) - 2024/06/29 21:32:35 CET [2024/06/29 15:32:35 ET]
Table '3772408057 1' 3-max Seat #1 is the button
Seat 1: Mahu2021 (690 in chips) 
Seat 2: KinitoxCR (750 in chips) 
Seat 3: Xuquelão (60 in chips) 
KinitoxCR: posts small blind 10
Xuquelão: posts big blind 20
*** HOLE CARDS ***
Dealt to Mahu2021 [5d As]
Mahu2021: raises 40 to 60
KinitoxCR: folds 
Xuquelão: folds 
Uncalled bet (40) returned to Mahu2021
Mahu2021 collected 50 from pot
Mahu2021: doesn't show hand 
*** SUMMARY ***
Total pot 50 | Rake 0 
Seat 1: Mahu2021 (button) collected (50)
Seat 2: KinitoxCR (small blind) folded before Flop
Seat 3: Xuquelão (big blind) folded before Flop



PokerStars Hand #251252710594: Tournament #3772408057, $1.84+$0.16 USD Hold'em No Limit - Level I (10/20) - 2024/06/29 21:32:42 CET [2024/06/29 15:32:42 ET]
Table '3772408057 1' 3-max Seat #2 is the button
Seat 1: Mahu2021 (720 in chips) 
Seat 2: KinitoxCR (740 in chips) 
Seat 3: Xuquelão (40 in chips) 
Xuquelão: posts small blind 10
Mahu2021: posts big blind 20
*** HOLE CARDS ***
Dealt to Mahu2021 [Qc Ac]
KinitoxCR: calls 20
Xuquelão: raises 20 to 40 and is all-in
Mahu2021: calls 20
KinitoxCR: calls 20
*** FLOP *** [Js 6d 4d]
Mahu2021: checks 
KinitoxCR: checks 
*** TURN *** [Js 6d 4d] [Ks]
Mahu2021: checks 
KinitoxCR: checks 
*** RIVER *** [Js 6d 4d Ks] [Kd]
Mahu2021: checks 
KinitoxCR: bets 20
Mahu2021: folds 
Uncalled bet (20) returned to KinitoxCR
*** SHOW DOWN ***
KinitoxCR: shows [Tc Qh] (a pair of Kings)
Xuquelão: shows [Ah 9c] (a pair of Kings - Ace kicker)
Xuquelão collected 120 from pot
*** SUMMARY ***
Total pot 120 | Rake 0 
Board [Js 6d 4d Ks Kd]
Seat 1: Mahu2021 (big blind) folded on the River
Seat 2: KinitoxCR (button) showed [Tc Qh] and lost with a pair of Kings
Seat 3: Xuquelão (small blind) showed [Ah 9c] and won (120) with a pair of Kings



PokerStars Hand #251252715235: Tournament #3772408057, $1.84+$0.16 USD Hold'em No Limit - Level I (10/20) - 2024/06/29 21:33:00 CET [2024/06/29 15:33:00 ET]
Table '3772408057 1' 3-max Seat #3 is the button
Seat 1: Mahu2021 (680 in chips) 
Seat 2: KinitoxCR (700 in chips) 
Seat 3: Xuquelão (120 in chips) 
Mahu2021: posts small blind 10
KinitoxCR: posts big blind 20
*** HOLE CARDS ***
Dealt to Mahu2021 [6d 5c]
Xuquelão: folds 
Mahu2021: folds 
Uncalled bet (10) returned to KinitoxCR
KinitoxCR collected 20 from pot
*** SUMMARY ***
Total pot 20 | Rake 0 
Seat 1: Mahu2021 (small blind) folded before Flop
Seat 2: KinitoxCR (big blind) collected (20)
Seat 3: Xuquelão (button) folded before Flop (didn't bet)



PokerStars Hand #251252716466: Tournament #3772408057, $1.84+$0.16 USD Hold'em No Limit - Level I (10/20) - 2024/06/29 21:33:06 CET [2024/06/29 15:33:06 ET]
Table '3772408057 1' 3-max Seat #1 is the button
Seat 1: Mahu2021 (670 in chips) 
Seat 2: KinitoxCR (710 in chips) 
Seat 3: Xuquelão (120 in chips) 
KinitoxCR: posts small blind 10
Xuquelão: posts big blind 20
*** HOLE CARDS ***
Dealt to Mahu2021 [3d 8d]
Mahu2021: folds 
KinitoxCR: calls 10
Xuquelão: checks 
*** FLOP *** [Qs 3c 5c]
KinitoxCR: checks 
Xuquelão: bets 100 and is all-in
KinitoxCR: folds 
Uncalled bet (100) returned to Xuquelão
Xuquelão collected 40 from pot
Xuquelão: doesn't show hand 
*** SUMMARY ***
Total pot 40 | Rake 0 
Board [Qs 3c 5c]
Seat 1: Mahu2021 (button) folded before Flop (didn't bet)
Seat 2: KinitoxCR (small blind) folded on the Flop
Seat 3: Xuquelão (big blind) collected (40)



PokerStars Hand #251252719187: Tournament #3772408057, $1.84+$0.16 USD Hold'em No Limit - Level I (10/20) - 2024/06/29 21:33:17 CET [2024/06/29 15:33:17 ET]
Table '3772408057 1' 3-max Seat #2 is the button
Seat 1: Mahu2021 (670 in chips) 
Seat 2: KinitoxCR (690 in chips) 
Seat 3: Xuquelão (140 in chips) 
Xuquelão: posts small blind 10
Mahu2021: posts big blind 20
*** HOLE CARDS ***
Dealt to Mahu2021 [7c 5s]
KinitoxCR: calls 20
Xuquelão: folds 
Mahu2021: checks 
*** FLOP *** [6d 2s Tc]
Mahu2021: checks 
KinitoxCR: checks 
*** TURN *** [6d 2s Tc] [Td]
Mahu2021: checks 
KinitoxCR: bets 20
Mahu2021: folds 
Uncalled bet (20) returned to KinitoxCR
KinitoxCR collected 50 from pot
*** SUMMARY ***
Total pot 50 | Rake 0 
Board [6d 2s Tc Td]
Seat 1: Mahu2021 (big blind) folded on the Turn
Seat 2: KinitoxCR (button) collected (50)
Seat 3: Xuquelão (small blind) folded before Flop



PokerStars Hand #251252722264: Tournament #3772408057, $1.84+$0.16 USD Hold'em No Limit - Level I (10/20) - 2024/06/29 21:33:29 CET [2024/06/29 15:33:29 ET]
Table '3772408057 1' 3-max Seat #3 is the button
Seat 1: Mahu2021 (650 in chips) 
Seat 2: KinitoxCR (720 in chips) 
Seat 3: Xuquelão (130 in chips) 
Mahu2021: posts small blind 10
KinitoxCR: posts big blind 20
*** HOLE CARDS ***
Dealt to Mahu2021 [Jh Th]
Xuquelão: folds 
Mahu2021: raises 20 to 40
KinitoxCR: calls 20
*** FLOP *** [4c Qh 4s]
Mahu2021: checks 
KinitoxCR: checks 
*** TURN *** [4c Qh 4s] [8s]
Mahu2021: checks 
KinitoxCR: bets 20
Mahu2021: calls 20
*** RIVER *** [4c Qh 4s 8s] [6s]
Mahu2021: checks 
KinitoxCR: bets 20
Mahu2021: folds 
Uncalled bet (20) returned to KinitoxCR
KinitoxCR collected 120 from pot
*** SUMMARY ***
Total pot 120 | Rake 0 
Board [4c Qh 4s 8s 6s]
Seat 1: Mahu2021 (small blind) folded on the River
Seat 2: KinitoxCR (big blind) collected (120)
Seat 3: Xuquelão (button) folded before Flop (didn't bet)



PokerStars Hand #251252726645: Tournament #3772408057, $1.84+$0.16 USD Hold'em No Limit - Level I (10/20) - 2024/06/29 21:33:47 CET [2024/06/29 15:33:47 ET]
Table '3772408057 1' 3-max Seat #1 is the button
Seat 1: Mahu2021 (590 in chips) 
Seat 2: KinitoxCR (780 in chips) 
Seat 3: Xuquelão (130 in chips) 
KinitoxCR: posts small blind 10
Xuquelão: posts big blind 20
*** HOLE CARDS ***
Dealt to Mahu2021 [2h Qc]
Mahu2021: folds 
KinitoxCR: calls 10
Xuquelão: checks 
*** FLOP *** [Qh Jh 6d]
KinitoxCR: checks 
Xuquelão: checks 
*** TURN *** [Qh Jh 6d] [4c]
KinitoxCR: checks 
Xuquelão: checks 
*** RIVER *** [Qh Jh 6d 4c] [4d]
KinitoxCR: bets 40
Xuquelão: folds 
Uncalled bet (40) returned to KinitoxCR
KinitoxCR collected 40 from pot
*** SUMMARY ***
Total pot 40 | Rake 0 
Board [Qh Jh 6d 4c 4d]
Seat 1: Mahu2021 (button) folded before Flop (didn't bet)
Seat 2: KinitoxCR (small blind) collected (40)
Seat 3: Xuquelão (big blind) folded on the River



PokerStars Hand #251252731153: Tournament #3772408057, $1.84+$0.16 USD Hold'em No Limit - Level I (10/20) - 2024/06/29 21:34:05 CET [2024/06/29 15:34:05 ET]
Table '3772408057 1' 3-max Seat #2 is the button
Seat 1: Mahu2021 (590 in chips) 
Seat 2: KinitoxCR (800 in chips) 
Seat 3: Xuquelão (110 in chips) 
Xuquelão: posts small blind 10
Mahu2021: posts big blind 20
*** HOLE CARDS ***
Dealt to Mahu2021 [2c Qd]
KinitoxCR: folds 
Xuquelão: raises 40 to 60
Mahu2021: folds 
Uncalled bet (40) returned to Xuquelão
Xuquelão collected 40 from pot
Xuquelão: doesn't show hand 
*** SUMMARY ***
Total pot 40 | Rake 0 
Seat 1: Mahu2021 (big blind) folded before Flop
Seat 2: KinitoxCR (button) folded before Flop (didn't bet)
Seat 3: Xuquelão (small blind) collected (40)



PokerStars Hand #251252732970: Tournament #3772408057, $1.84+$0.16 USD Hold'em No Limit - Level I (10/20) - 2024/06/29 21:34:12 CET [2024/06/29 15:34:12 ET]
Table '3772408057 1' 3-max Seat #3 is the button
Seat 1: Mahu2021 (570 in chips) 
Seat 2: KinitoxCR (800 in chips) 
Seat 3: Xuquelão (130 in chips) 
Mahu2021: posts small blind 10
KinitoxCR: posts big blind 20
*** HOLE CARDS ***
Dealt to Mahu2021 [2c 2h]
Xuquelão: folds 
Mahu2021: calls 10
KinitoxCR: checks 
*** FLOP *** [Kh 9c 8h]
Mahu2021: checks 
KinitoxCR: checks 
*** TURN *** [Kh 9c 8h] [9d]
Mahu2021: checks 
KinitoxCR: checks 
*** RIVER *** [Kh 9c 8h 9d] [8d]
Mahu2021: checks 
KinitoxCR: checks 
*** SHOW DOWN ***
Mahu2021: shows [2c 2h] (two pair, Nines and Eights)
KinitoxCR: shows [6d Jc] (two pair, Nines and Eights)
Mahu2021 collected 20 from pot
KinitoxCR collected 20 from pot
*** SUMMARY ***
Total pot 40 | Rake 0 
Board [Kh 9c 8h 9d 8d]
Seat 1: Mahu2021 (small blind) showed [2c 2h] and won (20) with two pair, Nines and Eights
Seat 2: KinitoxCR (big blind) showed [6d Jc] and won (20) with two pair, Nines and Eights
Seat 3: Xuquelão (button) folded before Flop (didn't bet)



PokerStars Hand #251252737561: Tournament #3772408057, $1.84+$0.16 USD Hold'em No Limit - Level II (15/30) - 2024/06/29 21:34:31 CET [2024/06/29 15:34:31 ET]
Table '3772408057 1' 3-max Seat #1 is the button
Seat 1: Mahu2021 (570 in chips) 
Seat 2: KinitoxCR (800 in chips) 
Seat 3: Xuquelão (130 in chips) 
KinitoxCR: posts small blind 15
Xuquelão: posts big blind 30
*** HOLE CARDS ***
Dealt to Mahu2021 [3h 6h]
Mahu2021: folds 
KinitoxCR: calls 15
Xuquelão: checks 
*** FLOP *** [Qc 2h 9s]
KinitoxCR: bets 30
Xuquelão: folds 
Uncalled bet (30) returned to KinitoxCR
KinitoxCR collected 60 from pot
*** SUMMARY ***
Total pot 60 | Rake 0 
Board [Qc 2h 9s]
Seat 1: Mahu2021 (button) folded before Flop (didn't bet)
Seat 2: KinitoxCR (small blind) collected (60)
Seat 3: Xuquelão (big blind) folded on the Flop



PokerStars Hand #251252740335: Tournament #3772408057, $1.84+$0.16 USD Hold'em No Limit - Level II (15/30) - 2024/06/29 21:34:42 CET [2024/06/29 15:34:42 ET]
Table '3772408057 1' 3-max Seat #2 is the button
Seat 1: Mahu2021 (570 in chips) 
Seat 2: KinitoxCR (830 in chips) 
Seat 3: Xuquelão (100 in chips) 
Xuquelão: posts small blind 15
Mahu2021: posts big blind 30
*** HOLE CARDS ***
Dealt to Mahu2021 [Ks Kd]
KinitoxCR: folds 
Xuquelão: folds 
Uncalled bet (15) returned to Mahu2021
Mahu2021 collected 30 from pot
Mahu2021: doesn't show hand 
*** SUMMARY ***
Total pot 30 | Rake 0 
Seat 1: Mahu2021 (big blind) collected (30)
Seat 2: KinitoxCR (button) folded before Flop (didn't bet)
Seat 3: Xuquelão (small blind) folded before Flop



PokerStars Hand #251252741577: Tournament #3772408057, $1.84+$0.16 USD Hold'em No Limit - Level II (15/30) - 2024/06/29 21:34:47 CET [2024/06/29 15:34:47 ET]
Table '3772408057 1' 3-max Seat #3 is the button
Seat 1: Mahu2021 (585 in chips) 
Seat 2: KinitoxCR (830 in chips) 
Seat 3: Xuquelão (85 in chips) 
Mahu2021: posts small blind 15
KinitoxCR: posts big blind 30
*** HOLE CARDS ***
Dealt to Mahu2021 [Jc 3c]
Xuquelão: folds 
Mahu2021: calls 15
KinitoxCR: checks 
*** FLOP *** [4c 9c 3h]
Mahu2021: bets 30
KinitoxCR: calls 30
*** TURN *** [4c 9c 3h] [7s]
Mahu2021: bets 30
KinitoxCR: calls 30
*** RIVER *** [4c 9c 3h 7s] [8d]
Mahu2021: bets 30
KinitoxCR: folds 
Uncalled bet (30) returned to Mahu2021
Mahu2021 collected 180 from pot
Mahu2021: doesn't show hand 
*** SUMMARY ***
Total pot 180 | Rake 0 
Board [4c 9c 3h 7s 8d]
Seat 1: Mahu2021 (small blind) collected (180)
Seat 2: KinitoxCR (big blind) folded on the River
Seat 3: Xuquelão (button) folded before Flop (didn't bet)



PokerStars Hand #251252745967: Tournament #3772408057, $1.84+$0.16 USD Hold'em No Limit - Level II (15/30) - 2024/06/29 21:35:05 CET [2024/06/29 15:35:05 ET]
Table '3772408057 1' 3-max Seat #1 is the button
Seat 1: Mahu2021 (675 in chips) 
Seat 2: KinitoxCR (740 in chips) 
Seat 3: Xuquelão (85 in chips) 
KinitoxCR: posts small blind 15
Xuquelão: posts big blind 30
*** HOLE CARDS ***
Dealt to Mahu2021 [Ac 6s]
Mahu2021: raises 60 to 90
KinitoxCR: folds 
Xuquelão: calls 55 and is all-in
Uncalled bet (5) returned to Mahu2021
*** FLOP *** [Qs Ts Td]
*** TURN *** [Qs Ts Td] [9c]
*** RIVER *** [Qs Ts Td 9c] [Jh]
*** SHOW DOWN ***
Xuquelão: shows [Jd 2d] (two pair, Jacks and Tens)
Mahu2021: shows [Ac 6s] (a pair of Tens)
Xuquelão collected 185 from pot
*** SUMMARY ***
Total pot 185 | Rake 0 
Board [Qs Ts Td 9c Jh]
Seat 1: Mahu2021 (button) showed [Ac 6s] and lost with a pair of Tens
Seat 2: KinitoxCR (small blind) folded before Flop
Seat 3: Xuquelão (big blind) showed [Jd 2d] and won (185) with two pair, Jacks and Tens



PokerStars Hand #251252749783: Tournament #3772408057, $1.84+$0.16 USD Hold'em No Limit - Level II (15/30) - 2024/06/29 21:35:20 CET [2024/06/29 15:35:20 ET]
Table '3772408057 1' 3-max Seat #2 is the button
Seat 1: Mahu2021 (590 in chips) 
Seat 2: KinitoxCR (725 in chips) 
Seat 3: Xuquelão (185 in chips) 
Xuquelão: posts small blind 15
Mahu2021: posts big blind 30
*** HOLE CARDS ***
Dealt to Mahu2021 [Th 3d]
KinitoxCR: raises 30 to 60
Xuquelão: folds 
Mahu2021: folds 
Uncalled bet (30) returned to KinitoxCR
KinitoxCR collected 75 from pot
*** SUMMARY ***
Total pot 75 | Rake 0 
Seat 1: Mahu2021 (big blind) folded before Flop
Seat 2: KinitoxCR (button) collected (75)
Seat 3: Xuquelão (small blind) folded before Flop



PokerStars Hand #251252751539: Tournament #3772408057, $1.84+$0.16 USD Hold'em No Limit - Level II (15/30) - 2024/06/29 21:35:28 CET [2024/06/29 15:35:28 ET]
Table '3772408057 1' 3-max Seat #3 is the button
Seat 1: Mahu2021 (560 in chips) 
Seat 2: KinitoxCR (770 in chips) 
Seat 3: Xuquelão (170 in chips) 
Mahu2021: posts small blind 15
KinitoxCR: posts big blind 30
*** HOLE CARDS ***
Dealt to Mahu2021 [6d 8s]
Xuquelão: raises 60 to 90
Mahu2021: folds 
KinitoxCR: calls 60
*** FLOP *** [Jc 9c 7d]
KinitoxCR: bets 30
Xuquelão: raises 50 to 80 and is all-in
KinitoxCR: calls 50
*** TURN *** [Jc 9c 7d] [6c]
*** RIVER *** [Jc 9c 7d 6c] [Qs]
*** SHOW DOWN ***
KinitoxCR: shows [Ad 2d] (high card Ace)
Xuquelão: shows [Tc Js] (a pair of Jacks)
Xuquelão collected 355 from pot
*** SUMMARY ***
Total pot 355 | Rake 0 
Board [Jc 9c 7d 6c Qs]
Seat 1: Mahu2021 (small blind) folded before Flop
Seat 2: KinitoxCR (big blind) showed [Ad 2d] and lost with high card Ace
Seat 3: Xuquelão (button) showed [Tc Js] and won (355) with a pair of Jacks



PokerStars Hand #251252755906: Tournament #3772408057, $1.84+$0.16 USD Hold'em No Limit - Level II (15/30) - 2024/06/29 21:35:46 CET [2024/06/29 15:35:46 ET]
Table '3772408057 1' 3-max Seat #1 is the button
Seat 1: Mahu2021 (545 in chips) 
Seat 2: KinitoxCR (600 in chips) 
Seat 3: Xuquelão (355 in chips) 
KinitoxCR: posts small blind 15
Xuquelão: posts big blind 30
*** HOLE CARDS ***
Dealt to Mahu2021 [Ac Ts]
Mahu2021: raises 30 to 60
KinitoxCR: calls 45
Xuquelão: raises 295 to 355 and is all-in
Mahu2021: folds 
KinitoxCR: calls 295
*** FLOP *** [Th 8h 4s]
*** TURN *** [Th 8h 4s] [Kd]
*** RIVER *** [Th 8h 4s Kd] [8s]
*** SHOW DOWN ***
KinitoxCR: shows [Qs Qc] (two pair, Queens and Eights)
Xuquelão: shows [Ad As] (two pair, Aces and Eights)
Xuquelão collected 770 from pot
*** SUMMARY ***
Total pot 770 | Rake 0 
Board [Th 8h 4s Kd 8s]
Seat 1: Mahu2021 (button) folded before Flop
Seat 2: KinitoxCR (small blind) showed [Qs Qc] and lost with two pair, Queens and Eights
Seat 3: Xuquelão (big blind) showed [Ad As] and won (770) with two pair, Aces and Eights



PokerStars Hand #251252762980: Tournament #3772408057, $1.84+$0.16 USD Hold'em No Limit - Level II (15/30) - 2024/06/29 21:36:14 CET [2024/06/29 15:36:14 ET]
Table '3772408057 1' 3-max Seat #2 is the button
Seat 1: Mahu2021 (485 in chips) 
Seat 2: KinitoxCR (245 in chips) 
Seat 3: Xuquelão (770 in chips) 
Xuquelão: posts small blind 15
Mahu2021: posts big blind 30
*** HOLE CARDS ***
Dealt to Mahu2021 [Jd Ts]
KinitoxCR: raises 30 to 60
Xuquelão: folds 
Mahu2021: calls 30
*** FLOP *** [Jh 4d 3c]
Mahu2021: checks 
KinitoxCR: bets 60
Mahu2021: raises 365 to 425 and is all-in
KinitoxCR: calls 125 and is all-in
Uncalled bet (240) returned to Mahu2021
*** TURN *** [Jh 4d 3c] [Js]
*** RIVER *** [Jh 4d 3c Js] [8s]
*** SHOW DOWN ***
Mahu2021: shows [Jd Ts] (three of a kind, Jacks)
KinitoxCR: shows [Ks 4c] (two pair, Jacks and Fours)
Mahu2021 collected 505 from pot
KinitoxCR finished the tournament in 3rd place
*** SUMMARY ***
Total pot 505 | Rake 0 
Board [Jh 4d 3c Js 8s]
Seat 1: Mahu2021 (big blind) showed [Jd Ts] and won (505) with three of a kind, Jacks
Seat 2: KinitoxCR (button) showed [Ks 4c] and lost with two pair, Jacks and Fours
Seat 3: Xuquelão (small blind) folded before Flop



PokerStars Hand #251252768931: Tournament #3772408057, $1.84+$0.16 USD Hold'em No Limit - Level II (15/30) - 2024/06/29 21:36:39 CET [2024/06/29 15:36:39 ET]
Table '3772408057 1' 3-max Seat #1 is the button
Seat 1: Mahu2021 (745 in chips) 
Seat 3: Xuquelão (755 in chips) 
Mahu2021: posts small blind 15
Xuquelão: posts big blind 30
*** HOLE CARDS ***
Dealt to Mahu2021 [9s 7s]
Mahu2021: calls 15
Xuquelão: checks 
*** FLOP *** [4s 6h Js]
Xuquelão: checks 
Mahu2021: bets 30
Xuquelão: folds 
Uncalled bet (30) returned to Mahu2021
Mahu2021 collected 60 from pot
Mahu2021: doesn't show hand 
*** SUMMARY ***
Total pot 60 | Rake 0 
Board [4s 6h Js]
Seat 1: Mahu2021 (button) (small blind) collected (60)
Seat 3: Xuquelão (big blind) folded on the Flop



PokerStars Hand #251252771474: Tournament #3772408057, $1.84+$0.16 USD Hold'em No Limit - Level II (15/30) - 2024/06/29 21:36:49 CET [2024/06/29 15:36:49 ET]
Table '3772408057 1' 3-max Seat #3 is the button
Seat 1: Mahu2021 (775 in chips) 
Seat 3: Xuquelão (725 in chips) 
Xuquelão: posts small blind 15
Mahu2021: posts big blind 30
*** HOLE CARDS ***
Dealt to Mahu2021 [5h 3h]
Xuquelão: raises 30 to 60
Mahu2021: calls 30
*** FLOP *** [8d 9c Kc]
Mahu2021: checks 
Xuquelão: bets 60
Mahu2021: folds 
Uncalled bet (60) returned to Xuquelão
Xuquelão collected 120 from pot
Xuquelão: doesn't show hand 
*** SUMMARY ***
Total pot 120 | Rake 0 
Board [8d 9c Kc]
Seat 1: Mahu2021 (big blind) folded on the Flop
Seat 3: Xuquelão (button) (small blind) collected (120)



PokerStars Hand #251252773804: Tournament #3772408057, $1.84+$0.16 USD Hold'em No Limit - Level II (15/30) - 2024/06/29 21:36:58 CET [2024/06/29 15:36:58 ET]
Table '3772408057 1' 3-max Seat #1 is the button
Seat 1: Mahu2021 (715 in chips) 
Seat 3: Xuquelão (785 in chips) 
Mahu2021: posts small blind 15
Xuquelão: posts big blind 30
*** HOLE CARDS ***
Dealt to Mahu2021 [Qd Jd]
Mahu2021: raises 30 to 60
Xuquelão: folds 
Uncalled bet (30) returned to Mahu2021
Mahu2021 collected 60 from pot
Mahu2021: doesn't show hand 
*** SUMMARY ***
Total pot 60 | Rake 0 
Seat 1: Mahu2021 (button) (small blind) collected (60)
Seat 3: Xuquelão (big blind) folded before Flop



PokerStars Hand #251252775419: Tournament #3772408057, $1.84+$0.16 USD Hold'em No Limit - Level II (15/30) - 2024/06/29 21:37:05 CET [2024/06/29 15:37:05 ET]
Table '3772408057 1' 3-max Seat #3 is the button
Seat 1: Mahu2021 (745 in chips) 
Seat 3: Xuquelão (755 in chips) 
Xuquelão: posts small blind 15
Mahu2021: posts big blind 30
*** HOLE CARDS ***
Dealt to Mahu2021 [4d Qc]
Xuquelão: raises 30 to 60
Mahu2021: calls 30
*** FLOP *** [2h Qh 8c]
Mahu2021: checks 
Xuquelão: checks 
*** TURN *** [2h Qh 8c] [4h]
Mahu2021: checks 
Xuquelão: bets 30
Mahu2021: raises 90 to 120
Xuquelão: calls 90
*** RIVER *** [2h Qh 8c 4h] [As]
Mahu2021: bets 360
Xuquelão: folds 
Uncalled bet (360) returned to Mahu2021
Mahu2021 collected 360 from pot
Mahu2021: doesn't show hand 
*** SUMMARY ***
Total pot 360 | Rake 0 
Board [2h Qh 8c 4h As]
Seat 1: Mahu2021 (big blind) collected (360)
Seat 3: Xuquelão (button) (small blind) folded on the River



PokerStars Hand #251252780446: Tournament #3772408057, $1.84+$0.16 USD Hold'em No Limit - Level II (15/30) - 2024/06/29 21:37:25 CET [2024/06/29 15:37:25 ET]
Table '3772408057 1' 3-max Seat #1 is the button
Seat 1: Mahu2021 (925 in chips) 
Seat 3: Xuquelão (575 in chips) 
Mahu2021: posts small blind 15
Xuquelão: posts big blind 30
*** HOLE CARDS ***
Dealt to Mahu2021 [7d Ah]
Mahu2021: raises 30 to 60
Xuquelão: calls 30
*** FLOP *** [Jh 8s 2c]
Xuquelão: checks 
Mahu2021: checks 
*** TURN *** [Jh 8s 2c] [4s]
Xuquelão: checks 
Mahu2021: checks 
*** RIVER *** [Jh 8s 2c 4s] [4c]
Xuquelão: bets 60
Mahu2021: calls 60
*** SHOW DOWN ***
Xuquelão: shows [2h Td] (two pair, Fours and Deuces)
Mahu2021: mucks hand 
Xuquelão collected 240 from pot
*** SUMMARY ***
Total pot 240 | Rake 0 
Board [Jh 8s 2c 4s 4c]
Seat 1: Mahu2021 (button) (small blind) mucked [7d Ah]
Seat 3: Xuquelão (big blind) showed [2h Td] and won (240) with two pair, Fours and Deuces



PokerStars Hand #251252784515: Tournament #3772408057, $1.84+$0.16 USD Hold'em No Limit - Level III (20/40) - 2024/06/29 21:37:41 CET [2024/06/29 15:37:41 ET]
Table '3772408057 1' 3-max Seat #3 is the button
Seat 1: Mahu2021 (805 in chips) 
Seat 3: Xuquelão (695 in chips) 
Xuquelão: posts small blind 20
Mahu2021: posts big blind 40
*** HOLE CARDS ***
Dealt to Mahu2021 [7s Js]
Xuquelão: folds 
Uncalled bet (20) returned to Mahu2021
Mahu2021 collected 40 from pot
Mahu2021: doesn't show hand 
*** SUMMARY ***
Total pot 40 | Rake 0 
Seat 1: Mahu2021 (big blind) collected (40)
Seat 3: Xuquelão (button) (small blind) folded before Flop



PokerStars Hand #251252785370: Tournament #3772408057, $1.84+$0.16 USD Hold'em No Limit - Level III (20/40) - 2024/06/29 21:37:44 CET [2024/06/29 15:37:44 ET]
Table '3772408057 1' 3-max Seat #1 is the button
Seat 1: Mahu2021 (825 in chips) 
Seat 3: Xuquelão (675 in chips) 
Mahu2021: posts small blind 20
Xuquelão: posts big blind 40
*** HOLE CARDS ***
Dealt to Mahu2021 [Qd 9s]
Mahu2021: raises 40 to 80
Xuquelão: calls 40
*** FLOP *** [3h 5h 9h]
Xuquelão: checks 
Mahu2021: bets 80
Xuquelão: folds 
Uncalled bet (80) returned to Mahu2021
Mahu2021 collected 160 from pot
Mahu2021: doesn't show hand 
*** SUMMARY ***
Total pot 160 | Rake 0 
Board [3h 5h 9h]
Seat 1: Mahu2021 (button) (small blind) collected (160)
Seat 3: Xuquelão (big blind) folded on the Flop



PokerStars Hand #251252788218: Tournament #3772408057, $1.84+$0.16 USD Hold'em No Limit - Level III (20/40) - 2024/06/29 21:37:56 CET [2024/06/29 15:37:56 ET]
Table '3772408057 1' 3-max Seat #3 is the button
Seat 1: Mahu2021 (905 in chips) 
Seat 3: Xuquelão (595 in chips) 
Xuquelão: posts small blind 20
Mahu2021: posts big blind 40
*** HOLE CARDS ***
Dealt to Mahu2021 [Qh 4s]
Xuquelão: raises 40 to 80
Mahu2021: calls 40
*** FLOP *** [Ts Ks 4d]
Mahu2021: checks 
Xuquelão: checks 
*** TURN *** [Ts Ks 4d] [5s]
Mahu2021: checks 
Xuquelão: bets 80
Mahu2021: calls 80
*** RIVER *** [Ts Ks 4d 5s] [9s]
Mahu2021: bets 745 and is all-in
Xuquelão: calls 435 and is all-in
Uncalled bet (310) returned to Mahu2021
*** SHOW DOWN ***
Mahu2021: shows [Qh 4s] (a flush, King high)
Xuquelão: shows [Js 5h] (a flush, King high - Jack higher)
Xuquelão collected 1190 from pot
*** SUMMARY ***
Total pot 1190 | Rake 0 
Board [Ts Ks 4d 5s 9s]
Seat 1: Mahu2021 (big blind) showed [Qh 4s] and lost with a flush, King high
Seat 3: Xuquelão (button) (small blind) showed [Js 5h] and won (1190) with a flush, King high



PokerStars Hand #251252792401: Tournament #3772408057, $1.84+$0.16 USD Hold'em No Limit - Level III (20/40) - 2024/06/29 21:38:13 CET [2024/06/29 15:38:13 ET]
Table '3772408057 1' 3-max Seat #1 is the button
Seat 1: Mahu2021 (310 in chips) 
Seat 3: Xuquelão (1190 in chips) 
Mahu2021: posts small blind 20
Xuquelão: posts big blind 40
*** HOLE CARDS ***
Dealt to Mahu2021 [7c Ad]
Mahu2021: raises 270 to 310 and is all-in
Xuquelão: folds 
Uncalled bet (270) returned to Mahu2021
Mahu2021 collected 80 from pot
Mahu2021: doesn't show hand 
*** SUMMARY ***
Total pot 80 | Rake 0 
Seat 1: Mahu2021 (button) (small blind) collected (80)
Seat 3: Xuquelão (big blind) folded before Flop



PokerStars Hand #251252793735: Tournament #3772408057, $1.84+$0.16 USD Hold'em No Limit - Level III (20/40) - 2024/06/29 21:38:18 CET [2024/06/29 15:38:18 ET]
Table '3772408057 1' 3-max Seat #3 is the button
Seat 1: Mahu2021 (350 in chips) 
Seat 3: Xuquelão (1150 in chips) 
Xuquelão: posts small blind 20
Mahu2021: posts big blind 40
*** HOLE CARDS ***
Dealt to Mahu2021 [4c 3h]
Xuquelão: folds 
Uncalled bet (20) returned to Mahu2021
Mahu2021 collected 40 from pot
Mahu2021: doesn't show hand 
*** SUMMARY ***
Total pot 40 | Rake 0 
Seat 1: Mahu2021 (big blind) collected (40)
Seat 3: Xuquelão (button) (small blind) folded before Flop



PokerStars Hand #251252794848: Tournament #3772408057, $1.84+$0.16 USD Hold'em No Limit - Level III (20/40) - 2024/06/29 21:38:22 CET [2024/06/29 15:38:22 ET]
Table '3772408057 1' 3-max Seat #1 is the button
Seat 1: Mahu2021 (370 in chips) 
Seat 3: Xuquelão (1130 in chips) 
Mahu2021: posts small blind 20
Xuquelão: posts big blind 40
*** HOLE CARDS ***
Dealt to Mahu2021 [2s Ah]
Mahu2021: raises 330 to 370 and is all-in
Xuquelão: folds 
Uncalled bet (330) returned to Mahu2021
Mahu2021 collected 80 from pot
Mahu2021: doesn't show hand 
*** SUMMARY ***
Total pot 80 | Rake 0 
Seat 1: Mahu2021 (button) (small blind) collected (80)
Seat 3: Xuquelão (big blind) folded before Flop



PokerStars Hand #251252796328: Tournament #3772408057, $1.84+$0.16 USD Hold'em No Limit - Level III (20/40) - 2024/06/29 21:38:28 CET [2024/06/29 15:38:28 ET]
Table '3772408057 1' 3-max Seat #3 is the button
Seat 1: Mahu2021 (410 in chips) 
Seat 3: Xuquelão (1090 in chips) 
Xuquelão: posts small blind 20
Mahu2021: posts big blind 40
*** HOLE CARDS ***
Dealt to Mahu2021 [9c 6d]
Xuquelão: folds 
Uncalled bet (20) returned to Mahu2021
Mahu2021 collected 40 from pot
Mahu2021: doesn't show hand 
*** SUMMARY ***
Total pot 40 | Rake 0 
Seat 1: Mahu2021 (big blind) collected (40)
Seat 3: Xuquelão (button) (small blind) folded before Flop



PokerStars Hand #251252797131: Tournament #3772408057, $1.84+$0.16 USD Hold'em No Limit - Level III (20/40) - 2024/06/29 21:38:32 CET [2024/06/29 15:38:32 ET]
Table '3772408057 1' 3-max Seat #1 is the button
Seat 1: Mahu2021 (430 in chips) 
Seat 3: Xuquelão (1070 in chips) 
Mahu2021: posts small blind 20
Xuquelão: posts big blind 40
*** HOLE CARDS ***
Dealt to Mahu2021 [8s 3h]
Mahu2021: folds 
Uncalled bet (20) returned to Xuquelão
Xuquelão collected 40 from pot
Xuquelão: doesn't show hand 
*** SUMMARY ***
Total pot 40 | Rake 0 
Seat 1: Mahu2021 (button) (small blind) folded before Flop
Seat 3: Xuquelão (big blind) collected (40)



PokerStars Hand #251252798249: Tournament #3772408057, $1.84+$0.16 USD Hold'em No Limit - Level III (20/40) - 2024/06/29 21:38:36 CET [2024/06/29 15:38:36 ET]
Table '3772408057 1' 3-max Seat #3 is the button
Seat 1: Mahu2021 (410 in chips) 
Seat 3: Xuquelão (1090 in chips) 
Xuquelão: posts small blind 20
Mahu2021: posts big blind 40
*** HOLE CARDS ***
Dealt to Mahu2021 [5d 9s]
Xuquelão: folds 
Uncalled bet (20) returned to Mahu2021
Mahu2021 collected 40 from pot
Mahu2021: doesn't show hand 
*** SUMMARY ***
Total pot 40 | Rake 0 
Seat 1: Mahu2021 (big blind) collected (40)
Seat 3: Xuquelão (button) (small blind) folded before Flop



PokerStars Hand #251252799186: Tournament #3772408057, $1.84+$0.16 USD Hold'em No Limit - Level III (20/40) - 2024/06/29 21:38:40 CET [2024/06/29 15:38:40 ET]
Table '3772408057 1' 3-max Seat #1 is the button
Seat 1: Mahu2021 (430 in chips) 
Seat 3: Xuquelão (1070 in chips) 
Mahu2021: posts small blind 20
Xuquelão: posts big blind 40
*** HOLE CARDS ***
Dealt to Mahu2021 [3s 3c]
Mahu2021: raises 390 to 430 and is all-in
Xuquelão: folds 
Uncalled bet (390) returned to Mahu2021
Mahu2021 collected 80 from pot
Mahu2021: doesn't show hand 
*** SUMMARY ***
Total pot 80 | Rake 0 
Seat 1: Mahu2021 (button) (small blind) collected (80)
Seat 3: Xuquelão (big blind) folded before Flop



PokerStars Hand #251252800595: Tournament #3772408057, $1.84+$0.16 USD Hold'em No Limit - Level III (20/40) - 2024/06/29 21:38:46 CET [2024/06/29 15:38:46 ET]
Table '3772408057 1' 3-max Seat #3 is the button
Seat 1: Mahu2021 (470 in chips) 
Seat 3: Xuquelão (1030 in chips) 
Xuquelão: posts small blind 20
Mahu2021: posts big blind 40
*** HOLE CARDS ***
Dealt to Mahu2021 [7s Js]
Xuquelão: raises 40 to 80
Mahu2021: calls 40
*** FLOP *** [6d 6s 4h]
Mahu2021: checks 
Xuquelão: checks 
*** TURN *** [6d 6s 4h] [Ks]
Mahu2021: bets 80
Xuquelão: calls 80
*** RIVER *** [6d 6s 4h Ks] [Ts]
Mahu2021: bets 80
Xuquelão: raises 320 to 400
Mahu2021: calls 230 and is all-in
Uncalled bet (90) returned to Xuquelão
*** SHOW DOWN ***
Xuquelão: shows [As 5c] (a pair of Sixes)
Mahu2021: shows [7s Js] (a flush, King high)
Mahu2021 collected 940 from pot
*** SUMMARY ***
Total pot 940 | Rake 0 
Board [6d 6s 4h Ks Ts]
Seat 1: Mahu2021 (big blind) showed [7s Js] and won (940) with a flush, King high
Seat 3: Xuquelão (button) (small blind) showed [As 5c] and lost with a pair of Sixes



PokerStars Hand #251252805915: Tournament #3772408057, $1.84+$0.16 USD Hold'em No Limit - Level III (20/40) - 2024/06/29 21:39:07 CET [2024/06/29 15:39:07 ET]
Table '3772408057 1' 3-max Seat #1 is the button
Seat 1: Mahu2021 (940 in chips) 
Seat 3: Xuquelão (560 in chips) 
Mahu2021: posts small blind 20
Xuquelão: posts big blind 40
*** HOLE CARDS ***
Dealt to Mahu2021 [Td 3s]
Mahu2021: folds 
Uncalled bet (20) returned to Xuquelão
Xuquelão collected 40 from pot
Xuquelão: doesn't show hand 
*** SUMMARY ***
Total pot 40 | Rake 0 
Seat 1: Mahu2021 (button) (small blind) folded before Flop
Seat 3: Xuquelão (big blind) collected (40)



PokerStars Hand #251252807288: Tournament #3772408057, $1.84+$0.16 USD Hold'em No Limit - Level III (20/40) - 2024/06/29 21:39:13 CET [2024/06/29 15:39:13 ET]
Table '3772408057 1' 3-max Seat #3 is the button
Seat 1: Mahu2021 (920 in chips) 
Seat 3: Xuquelão (580 in chips) 
Xuquelão: posts small blind 20
Mahu2021: posts big blind 40
*** HOLE CARDS ***
Dealt to Mahu2021 [Ac Qd]
Xuquelão: raises 80 to 120
Mahu2021: raises 800 to 920 and is all-in
Xuquelão: calls 460 and is all-in
Uncalled bet (340) returned to Mahu2021
*** FLOP *** [Td 9s 7d]
*** TURN *** [Td 9s 7d] [Kh]
*** RIVER *** [Td 9s 7d Kh] [8d]
*** SHOW DOWN ***
Mahu2021: shows [Ac Qd] (high card Ace)
Xuquelão: shows [Kd 6s] (a straight, Six to Ten)
Xuquelão collected 1160 from pot
*** SUMMARY ***
Total pot 1160 | Rake 0 
Board [Td 9s 7d Kh 8d]
Seat 1: Mahu2021 (big blind) showed [Ac Qd] and lost with high card Ace
Seat 3: Xuquelão (button) (small blind) showed [Kd 6s] and won (1160) with a straight, Six to Ten



PokerStars Hand #251252810598: Tournament #3772408057, $1.84+$0.16 USD Hold'em No Limit - Level III (20/40) - 2024/06/29 21:39:26 CET [2024/06/29 15:39:26 ET]
Table '3772408057 1' 3-max Seat #1 is the button
Seat 1: Mahu2021 (340 in chips) 
Seat 3: Xuquelão (1160 in chips) 
Mahu2021: posts small blind 20
Xuquelão: posts big blind 40
*** HOLE CARDS ***
Dealt to Mahu2021 [8s Qd]
Mahu2021: raises 300 to 340 and is all-in
Xuquelão: folds 
Uncalled bet (300) returned to Mahu2021
Mahu2021 collected 80 from pot
Mahu2021: doesn't show hand 
*** SUMMARY ***
Total pot 80 | Rake 0 
Seat 1: Mahu2021 (button) (small blind) collected (80)
Seat 3: Xuquelão (big blind) folded before Flop



PokerStars Hand #251252812049: Tournament #3772408057, $1.84+$0.16 USD Hold'em No Limit - Level III (20/40) - 2024/06/29 21:39:32 CET [2024/06/29 15:39:32 ET]
Table '3772408057 1' 3-max Seat #3 is the button
Seat 1: Mahu2021 (380 in chips) 
Seat 3: Xuquelão (1120 in chips) 
Xuquelão: posts small blind 20
Mahu2021: posts big blind 40
*** HOLE CARDS ***
Dealt to Mahu2021 [6s 3h]
Xuquelão: folds 
Uncalled bet (20) returned to Mahu2021
Mahu2021 collected 40 from pot
Mahu2021: doesn't show hand 
*** SUMMARY ***
Total pot 40 | Rake 0 
Seat 1: Mahu2021 (big blind) collected (40)
Seat 3: Xuquelão (button) (small blind) folded before Flop



PokerStars Hand #251252812834: Tournament #3772408057, $1.84+$0.16 USD Hold'em No Limit - Level III (20/40) - 2024/06/29 21:39:35 CET [2024/06/29 15:39:35 ET]
Table '3772408057 1' 3-max Seat #1 is the button
Seat 1: Mahu2021 (400 in chips) 
Seat 3: Xuquelão (1100 in chips) 
Mahu2021: posts small blind 20
Xuquelão: posts big blind 40
*** HOLE CARDS ***
Dealt to Mahu2021 [Jh 7s]
Mahu2021: calls 20
Xuquelão: checks 
*** FLOP *** [9s Jd Kd]
Xuquelão: checks 
Mahu2021: bets 40
Xuquelão: folds 
Uncalled bet (40) returned to Mahu2021
Mahu2021 collected 80 from pot
Mahu2021: doesn't show hand 
*** SUMMARY ***
Total pot 80 | Rake 0 
Board [9s Jd Kd]
Seat 1: Mahu2021 (button) (small blind) collected (80)
Seat 3: Xuquelão (big blind) folded on the Flop



PokerStars Hand #251252815285: Tournament #3772408057, $1.84+$0.16 USD Hold'em No Limit - Level III (20/40) - 2024/06/29 21:39:45 CET [2024/06/29 15:39:45 ET]
Table '3772408057 1' 3-max Seat #3 is the button
Seat 1: Mahu2021 (440 in chips) 
Seat 3: Xuquelão (1060 in chips) 
Xuquelão: posts small blind 20
Mahu2021: posts big blind 40
*** HOLE CARDS ***
Dealt to Mahu2021 [3s 9h]
Xuquelão: calls 20
Mahu2021: checks 
*** FLOP *** [Ts Qc 8h]
Mahu2021: checks 
Xuquelão: checks 
*** TURN *** [Ts Qc 8h] [5h]
Mahu2021: checks 
Xuquelão: checks 
*** RIVER *** [Ts Qc 8h 5h] [3h]
Mahu2021: bets 40
Xuquelão: calls 40
*** SHOW DOWN ***
Mahu2021: shows [3s 9h] (a pair of Threes)
Xuquelão: shows [2h 8c] (a pair of Eights)
Xuquelão collected 160 from pot
*** SUMMARY ***
Total pot 160 | Rake 0 
Board [Ts Qc 8h 5h 3h]
Seat 1: Mahu2021 (big blind) showed [3s 9h] and lost with a pair of Threes
Seat 3: Xuquelão (button) (small blind) showed [2h 8c] and won (160) with a pair of Eights



PokerStars Hand #251252818411: Tournament #3772408057, $1.84+$0.16 USD Hold'em No Limit - Level III (20/40) - 2024/06/29 21:39:57 CET [2024/06/29 15:39:57 ET]
Table '3772408057 1' 3-max Seat #1 is the button
Seat 1: Mahu2021 (360 in chips) 
Seat 3: Xuquelão (1140 in chips) 
Mahu2021: posts small blind 20
Xuquelão: posts big blind 40
*** HOLE CARDS ***
Dealt to Mahu2021 [9c 6s]
Mahu2021: folds 
Uncalled bet (20) returned to Xuquelão
Xuquelão collected 40 from pot
Xuquelão: doesn't show hand 
*** SUMMARY ***
Total pot 40 | Rake 0 
Seat 1: Mahu2021 (button) (small blind) folded before Flop
Seat 3: Xuquelão (big blind) collected (40)



PokerStars Hand #251252819601: Tournament #3772408057, $1.84+$0.16 USD Hold'em No Limit - Level III (20/40) - 2024/06/29 21:40:02 CET [2024/06/29 15:40:02 ET]
Table '3772408057 1' 3-max Seat #3 is the button
Seat 1: Mahu2021 (340 in chips) 
Seat 3: Xuquelão (1160 in chips) 
Xuquelão: posts small blind 20
Mahu2021: posts big blind 40
*** HOLE CARDS ***
Dealt to Mahu2021 [7h 9c]
Xuquelão: calls 20
Mahu2021: checks 
*** FLOP *** [Jd 3d 6h]
Mahu2021: checks 
Xuquelão: checks 
*** TURN *** [Jd 3d 6h] [2s]
Mahu2021: checks 
Xuquelão: checks 
*** RIVER *** [Jd 3d 6h 2s] [8h]
Mahu2021: checks 
Xuquelão: bets 40
Mahu2021: folds 
Uncalled bet (40) returned to Xuquelão
Xuquelão collected 80 from pot
Xuquelão: doesn't show hand 
*** SUMMARY ***
Total pot 80 | Rake 0 
Board [Jd 3d 6h 2s 8h]
Seat 1: Mahu2021 (big blind) folded on the River
Seat 3: Xuquelão (button) (small blind) collected (80)



PokerStars Hand #251252822796: Tournament #3772408057, $1.84+$0.16 USD Hold'em No Limit - Level III (20/40) - 2024/06/29 21:40:15 CET [2024/06/29 15:40:15 ET]
Table '3772408057 1' 3-max Seat #1 is the button
Seat 1: Mahu2021 (300 in chips) 
Seat 3: Xuquelão (1200 in chips) 
Mahu2021: posts small blind 20
Xuquelão: posts big blind 40
*** HOLE CARDS ***
Dealt to Mahu2021 [Qc 7c]
Mahu2021: raises 40 to 80
Xuquelão: folds 
Uncalled bet (40) returned to Mahu2021
Mahu2021 collected 80 from pot
Mahu2021: doesn't show hand 
*** SUMMARY ***
Total pot 80 | Rake 0 
Seat 1: Mahu2021 (button) (small blind) collected (80)
Seat 3: Xuquelão (big blind) folded before Flop



PokerStars Hand #251252824022: Tournament #3772408057, $1.84+$0.16 USD Hold'em No Limit - Level III (20/40) - 2024/06/29 21:40:19 CET [2024/06/29 15:40:19 ET]
Table '3772408057 1' 3-max Seat #3 is the button
Seat 1: Mahu2021 (340 in chips) 
Seat 3: Xuquelão (1160 in chips) 
Xuquelão: posts small blind 20
Mahu2021: posts big blind 40
*** HOLE CARDS ***
Dealt to Mahu2021 [5h 8c]
Xuquelão: calls 20
Mahu2021: checks 
*** FLOP *** [Ks Js 4s]
Mahu2021: checks 
Xuquelão: bets 40
Mahu2021: folds 
Uncalled bet (40) returned to Xuquelão
Xuquelão collected 80 from pot
Xuquelão: doesn't show hand 
*** SUMMARY ***
Total pot 80 | Rake 0 
Board [Ks Js 4s]
Seat 1: Mahu2021 (big blind) folded on the Flop
Seat 3: Xuquelão (button) (small blind) collected (80)



PokerStars Hand #251252826799: Tournament #3772408057, $1.84+$0.16 USD Hold'em No Limit - Level IV (30/60) - 2024/06/29 21:40:31 CET [2024/06/29 15:40:31 ET]
Table '3772408057 1' 3-max Seat #1 is the button
Seat 1: Mahu2021 (300 in chips) 
Seat 3: Xuquelão (1200 in chips) 
Mahu2021: posts small blind 30
Xuquelão: posts big blind 60
*** HOLE CARDS ***
Dealt to Mahu2021 [7c Kh]
Mahu2021: raises 240 to 300 and is all-in
Xuquelão: folds 
Uncalled bet (240) returned to Mahu2021
Mahu2021 collected 120 from pot
Mahu2021: doesn't show hand 
*** SUMMARY ***
Total pot 120 | Rake 0 
Seat 1: Mahu2021 (button) (small blind) collected (120)
Seat 3: Xuquelão (big blind) folded before Flop



PokerStars Hand #251252828148: Tournament #3772408057, $1.84+$0.16 USD Hold'em No Limit - Level IV (30/60) - 2024/06/29 21:40:36 CET [2024/06/29 15:40:36 ET]
Table '3772408057 1' 3-max Seat #3 is the button
Seat 1: Mahu2021 (360 in chips) 
Seat 3: Xuquelão (1140 in chips) 
Xuquelão: posts small blind 30
Mahu2021: posts big blind 60
*** HOLE CARDS ***
Dealt to Mahu2021 [9s 2d]
Xuquelão: raises 120 to 180
Mahu2021: folds 
Uncalled bet (120) returned to Xuquelão
Xuquelão collected 120 from pot
Xuquelão: doesn't show hand 
*** SUMMARY ***
Total pot 120 | Rake 0 
Seat 1: Mahu2021 (big blind) folded before Flop
Seat 3: Xuquelão (button) (small blind) collected (120)



PokerStars Hand #251252829457: Tournament #3772408057, $1.84+$0.16 USD Hold'em No Limit - Level IV (30/60) - 2024/06/29 21:40:41 CET [2024/06/29 15:40:41 ET]
Table '3772408057 1' 3-max Seat #1 is the button
Seat 1: Mahu2021 (300 in chips) 
Seat 3: Xuquelão (1200 in chips) 
Mahu2021: posts small blind 30
Xuquelão: posts big blind 60
*** HOLE CARDS ***
Dealt to Mahu2021 [Jd Jc]
Mahu2021: raises 60 to 120
Xuquelão: folds 
Uncalled bet (60) returned to Mahu2021
Mahu2021 collected 120 from pot
Mahu2021: doesn't show hand 
*** SUMMARY ***
Total pot 120 | Rake 0 
Seat 1: Mahu2021 (button) (small blind) collected (120)
Seat 3: Xuquelão (big blind) folded before Flop



PokerStars Hand #251252831249: Tournament #3772408057, $1.84+$0.16 USD Hold'em No Limit - Level IV (30/60) - 2024/06/29 21:40:48 CET [2024/06/29 15:40:48 ET]
Table '3772408057 1' 3-max Seat #3 is the button
Seat 1: Mahu2021 (360 in chips) 
Seat 3: Xuquelão (1140 in chips) 
Xuquelão: posts small blind 30
Mahu2021: posts big blind 60
*** HOLE CARDS ***
Dealt to Mahu2021 [3c 6c]
Xuquelão: raises 120 to 180
Mahu2021: folds 
Uncalled bet (120) returned to Xuquelão
Xuquelão collected 120 from pot
Xuquelão: doesn't show hand 
*** SUMMARY ***
Total pot 120 | Rake 0 
Seat 1: Mahu2021 (big blind) folded before Flop
Seat 3: Xuquelão (button) (small blind) collected (120)



PokerStars Hand #251252832765: Tournament #3772408057, $1.84+$0.16 USD Hold'em No Limit - Level IV (30/60) - 2024/06/29 21:40:54 CET [2024/06/29 15:40:54 ET]
Table '3772408057 1' 3-max Seat #1 is the button
Seat 1: Mahu2021 (300 in chips) 
Seat 3: Xuquelão (1200 in chips) 
Mahu2021: posts small blind 30
Xuquelão: posts big blind 60
*** HOLE CARDS ***
Dealt to Mahu2021 [Jc 2s]
Mahu2021: calls 30
Xuquelão: checks 
*** FLOP *** [Jd As 9h]
Xuquelão: checks 
Mahu2021: bets 60
Xuquelão: folds 
Uncalled bet (60) returned to Mahu2021
Mahu2021 collected 120 from pot
Mahu2021: doesn't show hand 
*** SUMMARY ***
Total pot 120 | Rake 0 
Board [Jd As 9h]
Seat 1: Mahu2021 (button) (small blind) collected (120)
Seat 3: Xuquelão (big blind) folded on the Flop



PokerStars Hand #251252835266: Tournament #3772408057, $1.84+$0.16 USD Hold'em No Limit - Level IV (30/60) - 2024/06/29 21:41:04 CET [2024/06/29 15:41:04 ET]
Table '3772408057 1' 3-max Seat #3 is the button
Seat 1: Mahu2021 (360 in chips) 
Seat 3: Xuquelão (1140 in chips) 
Xuquelão: posts small blind 30
Mahu2021: posts big blind 60
*** HOLE CARDS ***
Dealt to Mahu2021 [4h 7d]
Xuquelão: folds 
Uncalled bet (30) returned to Mahu2021
Mahu2021 collected 60 from pot
Mahu2021: doesn't show hand 
*** SUMMARY ***
Total pot 60 | Rake 0 
Seat 1: Mahu2021 (big blind) collected (60)
Seat 3: Xuquelão (button) (small blind) folded before Flop



PokerStars Hand #251252836167: Tournament #3772408057, $1.84+$0.16 USD Hold'em No Limit - Level IV (30/60) - 2024/06/29 21:41:08 CET [2024/06/29 15:41:08 ET]
Table '3772408057 1' 3-max Seat #1 is the button
Seat 1: Mahu2021 (390 in chips) 
Seat 3: Xuquelão (1110 in chips) 
Mahu2021: posts small blind 30
Xuquelão: posts big blind 60
*** HOLE CARDS ***
Dealt to Mahu2021 [2s 3c]
Mahu2021: folds 
Uncalled bet (30) returned to Xuquelão
Xuquelão collected 60 from pot
*** SUMMARY ***
Total pot 60 | Rake 0 
Seat 1: Mahu2021 (button) (small blind) folded before Flop
Seat 3: Xuquelão (big blind) collected (60)



PokerStars Hand #251252837265: Tournament #3772408057, $1.84+$0.16 USD Hold'em No Limit - Level IV (30/60) - 2024/06/29 21:41:12 CET [2024/06/29 15:41:12 ET]
Table '3772408057 1' 3-max Seat #3 is the button
Seat 1: Mahu2021 (360 in chips) 
Seat 3: Xuquelão (1140 in chips) 
Xuquelão: posts small blind 30
Mahu2021: posts big blind 60
*** HOLE CARDS ***
Dealt to Mahu2021 [7d 2h]
Xuquelão: raises 60 to 120
Mahu2021: folds 
Uncalled bet (60) returned to Xuquelão
Xuquelão collected 120 from pot
*** SUMMARY ***
Total pot 120 | Rake 0 
Seat 1: Mahu2021 (big blind) folded before Flop
Seat 3: Xuquelão (button) (small blind) collected (120)



PokerStars Hand #251252838536: Tournament #3772408057, $1.84+$0.16 USD Hold'em No Limit - Level IV (30/60) - 2024/06/29 21:41:17 CET [2024/06/29 15:41:17 ET]
Table '3772408057 1' 3-max Seat #1 is the button
Seat 1: Mahu2021 (300 in chips) 
Seat 3: Xuquelão (1200 in chips) 
Mahu2021: posts small blind 30
Xuquelão: posts big blind 60
*** HOLE CARDS ***
Dealt to Mahu2021 [Ad 4c]
Mahu2021: raises 60 to 120
Xuquelão: folds 
Uncalled bet (60) returned to Mahu2021
Mahu2021 collected 120 from pot
Mahu2021: doesn't show hand 
*** SUMMARY ***
Total pot 120 | Rake 0 
Seat 1: Mahu2021 (button) (small blind) collected (120)
Seat 3: Xuquelão (big blind) folded before Flop



PokerStars Hand #251252840003: Tournament #3772408057, $1.84+$0.16 USD Hold'em No Limit - Level IV (30/60) - 2024/06/29 21:41:23 CET [2024/06/29 15:41:23 ET]
Table '3772408057 1' 3-max Seat #3 is the button
Seat 1: Mahu2021 (360 in chips) 
Seat 3: Xuquelão (1140 in chips) 
Xuquelão: posts small blind 30
Mahu2021: posts big blind 60
*** HOLE CARDS ***
Dealt to Mahu2021 [Ks 9s]
Xuquelão: folds 
Uncalled bet (30) returned to Mahu2021
Mahu2021 collected 60 from pot
Mahu2021: doesn't show hand 
*** SUMMARY ***
Total pot 60 | Rake 0 
Seat 1: Mahu2021 (big blind) collected (60)
Seat 3: Xuquelão (button) (small blind) folded before Flop



PokerStars Hand #251252840887: Tournament #3772408057, $1.84+$0.16 USD Hold'em No Limit - Level IV (30/60) - 2024/06/29 21:41:27 CET [2024/06/29 15:41:27 ET]
Table '3772408057 1' 3-max Seat #1 is the button
Seat 1: Mahu2021 (390 in chips) 
Seat 3: Xuquelão (1110 in chips) 
Mahu2021: posts small blind 30
Xuquelão: posts big blind 60
*** HOLE CARDS ***
Dealt to Mahu2021 [4s 7h]
Mahu2021: calls 30
Xuquelão: raises 120 to 180
Mahu2021: folds 
Uncalled bet (120) returned to Xuquelão
Xuquelão collected 120 from pot
Xuquelão: doesn't show hand 
*** SUMMARY ***
Total pot 120 | Rake 0 
Seat 1: Mahu2021 (button) (small blind) folded before Flop
Seat 3: Xuquelão (big blind) collected (120)



PokerStars Hand #251252842742: Tournament #3772408057, $1.84+$0.16 USD Hold'em No Limit - Level IV (30/60) - 2024/06/29 21:41:34 CET [2024/06/29 15:41:34 ET]
Table '3772408057 1' 3-max Seat #3 is the button
Seat 1: Mahu2021 (330 in chips) 
Seat 3: Xuquelão (1170 in chips) 
Xuquelão: posts small blind 30
Mahu2021: posts big blind 60
*** HOLE CARDS ***
Dealt to Mahu2021 [2d As]
Xuquelão: raises 60 to 120
Mahu2021: raises 210 to 330 and is all-in
Xuquelão: calls 210
*** FLOP *** [3d 2c Qd]
*** TURN *** [3d 2c Qd] [3c]
*** RIVER *** [3d 2c Qd 3c] [9d]
*** SHOW DOWN ***
Mahu2021: shows [2d As] (two pair, Threes and Deuces)
Xuquelão: shows [Kd Ah] (a pair of Threes)
Mahu2021 collected 660 from pot
*** SUMMARY ***
Total pot 660 | Rake 0 
Board [3d 2c Qd 3c 9d]
Seat 1: Mahu2021 (big blind) showed [2d As] and won (660) with two pair, Threes and Deuces
Seat 3: Xuquelão (button) (small blind) showed [Kd Ah] and lost with a pair of Threes



PokerStars Hand #251252845849: Tournament #3772408057, $1.84+$0.16 USD Hold'em No Limit - Level IV (30/60) - 2024/06/29 21:41:47 CET [2024/06/29 15:41:47 ET]
Table '3772408057 1' 3-max Seat #1 is the button
Seat 1: Mahu2021 (660 in chips) 
Seat 3: Xuquelão (840 in chips) 
Mahu2021: posts small blind 30
Xuquelão: posts big blind 60
*** HOLE CARDS ***
Dealt to Mahu2021 [Ts 9h]
Mahu2021: calls 30
Xuquelão: raises 60 to 120
Mahu2021: calls 60
*** FLOP *** [6c Ah Jh]
Xuquelão: checks 
Mahu2021: checks 
*** TURN *** [6c Ah Jh] [Js]
Xuquelão: bets 120
Mahu2021: folds 
Uncalled bet (120) returned to Xuquelão
Xuquelão collected 240 from pot
Xuquelão: doesn't show hand 
*** SUMMARY ***
Total pot 240 | Rake 0 
Board [6c Ah Jh Js]
Seat 1: Mahu2021 (button) (small blind) folded on the Turn
Seat 3: Xuquelão (big blind) collected (240)



PokerStars Hand #251252848890: Tournament #3772408057, $1.84+$0.16 USD Hold'em No Limit - Level IV (30/60) - 2024/06/29 21:41:59 CET [2024/06/29 15:41:59 ET]
Table '3772408057 1' 3-max Seat #3 is the button
Seat 1: Mahu2021 (540 in chips) 
Seat 3: Xuquelão (960 in chips) 
Xuquelão: posts small blind 30
Mahu2021: posts big blind 60
*** HOLE CARDS ***
Dealt to Mahu2021 [Ks Kc]
Xuquelão: folds 
Uncalled bet (30) returned to Mahu2021
Mahu2021 collected 60 from pot
Mahu2021: doesn't show hand 
*** SUMMARY ***
Total pot 60 | Rake 0 
Seat 1: Mahu2021 (big blind) collected (60)
Seat 3: Xuquelão (button) (small blind) folded before Flop



PokerStars Hand #251252849678: Tournament #3772408057, $1.84+$0.16 USD Hold'em No Limit - Level IV (30/60) - 2024/06/29 21:42:02 CET [2024/06/29 15:42:02 ET]
Table '3772408057 1' 3-max Seat #1 is the button
Seat 1: Mahu2021 (570 in chips) 
Seat 3: Xuquelão (930 in chips) 
Mahu2021: posts small blind 30
Xuquelão: posts big blind 60
*** HOLE CARDS ***
Dealt to Mahu2021 [6h 8d]
Mahu2021: calls 30
Xuquelão: checks 
*** FLOP *** [Ah Qd 8c]
Xuquelão: checks 
Mahu2021: bets 60
Xuquelão: folds 
Uncalled bet (60) returned to Mahu2021
Mahu2021 collected 120 from pot
Mahu2021: doesn't show hand 
*** SUMMARY ***
Total pot 120 | Rake 0 
Board [Ah Qd 8c]
Seat 1: Mahu2021 (button) (small blind) collected (120)
Seat 3: Xuquelão (big blind) folded on the Flop



PokerStars Hand #251252852384: Tournament #3772408057, $1.84+$0.16 USD Hold'em No Limit - Level IV (30/60) - 2024/06/29 21:42:13 CET [2024/06/29 15:42:13 ET]
Table '3772408057 1' 3-max Seat #3 is the button
Seat 1: Mahu2021 (630 in chips) 
Seat 3: Xuquelão (870 in chips) 
Xuquelão: posts small blind 30
Mahu2021: posts big blind 60
*** HOLE CARDS ***
Dealt to Mahu2021 [Ah 3s]
Xuquelão: raises 60 to 120
Mahu2021: calls 60
*** FLOP *** [Kc Ks 2c]
Mahu2021: checks 
Xuquelão: bets 120
Mahu2021: folds 
Uncalled bet (120) returned to Xuquelão
Xuquelão collected 240 from pot
Xuquelão: doesn't show hand 
*** SUMMARY ***
Total pot 240 | Rake 0 
Board [Kc Ks 2c]
Seat 1: Mahu2021 (big blind) folded on the Flop
Seat 3: Xuquelão (button) (small blind) collected (240)



PokerStars Hand #251252855209: Tournament #3772408057, $1.84+$0.16 USD Hold'em No Limit - Level IV (30/60) - 2024/06/29 21:42:24 CET [2024/06/29 15:42:24 ET]
Table '3772408057 1' 3-max Seat #1 is the button
Seat 1: Mahu2021 (510 in chips) 
Seat 3: Xuquelão (990 in chips) 
Mahu2021: posts small blind 30
Xuquelão: posts big blind 60
*** HOLE CARDS ***
Dealt to Mahu2021 [7h Qd]
Mahu2021: calls 30
Xuquelão: checks 
*** FLOP *** [Jh 7s 2c]
Xuquelão: checks 
Mahu2021: bets 120
Xuquelão: folds 
Uncalled bet (120) returned to Mahu2021
Mahu2021 collected 120 from pot
Mahu2021: doesn't show hand 
*** SUMMARY ***
Total pot 120 | Rake 0 
Board [Jh 7s 2c]
Seat 1: Mahu2021 (button) (small blind) collected (120)
Seat 3: Xuquelão (big blind) folded on the Flop



PokerStars Hand #251252857662: Tournament #3772408057, $1.84+$0.16 USD Hold'em No Limit - Level IV (30/60) - 2024/06/29 21:42:34 CET [2024/06/29 15:42:34 ET]
Table '3772408057 1' 3-max Seat #3 is the button
Seat 1: Mahu2021 (570 in chips) 
Seat 3: Xuquelão (930 in chips) 
Xuquelão: posts small blind 30
Mahu2021: posts big blind 60
*** HOLE CARDS ***
Dealt to Mahu2021 [6h 2h]
Xuquelão: calls 30
Mahu2021: checks 
*** FLOP *** [4c 4s 4h]
Mahu2021: checks 
Xuquelão: checks 
*** TURN *** [4c 4s 4h] [Kd]
Mahu2021: checks 
Xuquelão: checks 
*** RIVER *** [4c 4s 4h Kd] [7c]
Mahu2021: bets 60
Xuquelão: raises 60 to 120
Mahu2021: folds 
Uncalled bet (60) returned to Xuquelão
Xuquelão collected 240 from pot
*** SUMMARY ***
Total pot 240 | Rake 0 
Board [4c 4s 4h Kd 7c]
Seat 1: Mahu2021 (big blind) folded on the River
Seat 3: Xuquelão (button) (small blind) collected (240)



PokerStars Hand #251252862373: Tournament #3772408057, $1.84+$0.16 USD Hold'em No Limit - Level IV (30/60) - 2024/06/29 21:42:53 CET [2024/06/29 15:42:53 ET]
Table '3772408057 1' 3-max Seat #1 is the button
Seat 1: Mahu2021 (450 in chips) 
Seat 3: Xuquelão (1050 in chips) 
Mahu2021: posts small blind 30
Xuquelão: posts big blind 60
*** HOLE CARDS ***
Dealt to Mahu2021 [5d Jh]
Mahu2021: folds 
Uncalled bet (30) returned to Xuquelão
Xuquelão collected 60 from pot
Xuquelão: doesn't show hand 
*** SUMMARY ***
Total pot 60 | Rake 0 
Seat 1: Mahu2021 (button) (small blind) folded before Flop
Seat 3: Xuquelão (big blind) collected (60)



PokerStars Hand #251252863636: Tournament #3772408057, $1.84+$0.16 USD Hold'em No Limit - Level IV (30/60) - 2024/06/29 21:42:58 CET [2024/06/29 15:42:58 ET]
Table '3772408057 1' 3-max Seat #3 is the button
Seat 1: Mahu2021 (420 in chips) 
Seat 3: Xuquelão (1080 in chips) 
Xuquelão: posts small blind 30
Mahu2021: posts big blind 60
*** HOLE CARDS ***
Dealt to Mahu2021 [Kd 5s]
Xuquelão: folds 
Uncalled bet (30) returned to Mahu2021
Mahu2021 collected 60 from pot
Mahu2021: doesn't show hand 
*** SUMMARY ***
Total pot 60 | Rake 0 
Seat 1: Mahu2021 (big blind) collected (60)
Seat 3: Xuquelão (button) (small blind) folded before Flop



PokerStars Hand #251252864506: Tournament #3772408057, $1.84+$0.16 USD Hold'em No Limit - Level IV (30/60) - 2024/06/29 21:43:02 CET [2024/06/29 15:43:02 ET]
Table '3772408057 1' 3-max Seat #1 is the button
Seat 1: Mahu2021 (450 in chips) 
Seat 3: Xuquelão (1050 in chips) 
Mahu2021: posts small blind 30
Xuquelão: posts big blind 60
*** HOLE CARDS ***
Dealt to Mahu2021 [2c 6h]
Mahu2021: folds 
Uncalled bet (30) returned to Xuquelão
Xuquelão collected 60 from pot
Xuquelão: doesn't show hand 
*** SUMMARY ***
Total pot 60 | Rake 0 
Seat 1: Mahu2021 (button) (small blind) folded before Flop
Seat 3: Xuquelão (big blind) collected (60)



PokerStars Hand #251252865522: Tournament #3772408057, $1.84+$0.16 USD Hold'em No Limit - Level IV (30/60) - 2024/06/29 21:43:06 CET [2024/06/29 15:43:06 ET]
Table '3772408057 1' 3-max Seat #3 is the button
Seat 1: Mahu2021 (420 in chips) 
Seat 3: Xuquelão (1080 in chips) 
Xuquelão: posts small blind 30
Mahu2021: posts big blind 60
*** HOLE CARDS ***
Dealt to Mahu2021 [6d 7s]
Xuquelão: folds 
Uncalled bet (30) returned to Mahu2021
Mahu2021 collected 60 from pot
Mahu2021: doesn't show hand 
*** SUMMARY ***
Total pot 60 | Rake 0 
Seat 1: Mahu2021 (big blind) collected (60)
Seat 3: Xuquelão (button) (small blind) folded before Flop



PokerStars Hand #251252866317: Tournament #3772408057, $1.84+$0.16 USD Hold'em No Limit - Level IV (30/60) - 2024/06/29 21:43:09 CET [2024/06/29 15:43:09 ET]
Table '3772408057 1' 3-max Seat #1 is the button
Seat 1: Mahu2021 (450 in chips) 
Seat 3: Xuquelão (1050 in chips) 
Mahu2021: posts small blind 30
Xuquelão: posts big blind 60
*** HOLE CARDS ***
Dealt to Mahu2021 [5h 6s]
Mahu2021: calls 30
Xuquelão: checks 
*** FLOP *** [Ks Qc Td]
Xuquelão: checks 
Mahu2021: bets 60
Xuquelão: folds 
Uncalled bet (60) returned to Mahu2021
Mahu2021 collected 120 from pot
Mahu2021: doesn't show hand 
*** SUMMARY ***
Total pot 120 | Rake 0 
Board [Ks Qc Td]
Seat 1: Mahu2021 (button) (small blind) collected (120)
Seat 3: Xuquelão (big blind) folded on the Flop



PokerStars Hand #251252868902: Tournament #3772408057, $1.84+$0.16 USD Hold'em No Limit - Level IV (30/60) - 2024/06/29 21:43:20 CET [2024/06/29 15:43:20 ET]
Table '3772408057 1' 3-max Seat #3 is the button
Seat 1: Mahu2021 (510 in chips) 
Seat 3: Xuquelão (990 in chips) 
Xuquelão: posts small blind 30
Mahu2021: posts big blind 60
*** HOLE CARDS ***
Dealt to Mahu2021 [9c 5h]
Xuquelão: raises 60 to 120
Mahu2021: folds 
Uncalled bet (60) returned to Xuquelão
Xuquelão collected 120 from pot
Xuquelão: doesn't show hand 
*** SUMMARY ***
Total pot 120 | Rake 0 
Seat 1: Mahu2021 (big blind) folded before Flop
Seat 3: Xuquelão (button) (small blind) collected (120)



PokerStars Hand #251252870288: Tournament #3772408057, $1.84+$0.16 USD Hold'em No Limit - Level IV (30/60) - 2024/06/29 21:43:25 CET [2024/06/29 15:43:25 ET]
Table '3772408057 1' 3-max Seat #1 is the button
Seat 1: Mahu2021 (450 in chips) 
Seat 3: Xuquelão (1050 in chips) 
Mahu2021: posts small blind 30
Xuquelão: posts big blind 60
*** HOLE CARDS ***
Dealt to Mahu2021 [2s Ad]
Mahu2021: raises 390 to 450 and is all-in
Xuquelão: folds 
Uncalled bet (390) returned to Mahu2021
Mahu2021 collected 120 from pot
Mahu2021: doesn't show hand 
*** SUMMARY ***
Total pot 120 | Rake 0 
Seat 1: Mahu2021 (button) (small blind) collected (120)
Seat 3: Xuquelão (big blind) folded before Flop



PokerStars Hand #251252872646: Tournament #3772408057, $1.84+$0.16 USD Hold'em No Limit - Level V (40/80) - 2024/06/29 21:43:34 CET [2024/06/29 15:43:34 ET]
Table '3772408057 1' 3-max Seat #3 is the button
Seat 1: Mahu2021 (510 in chips) 
Seat 3: Xuquelão (990 in chips) 
Xuquelão: posts small blind 40
Mahu2021: posts big blind 80
*** HOLE CARDS ***
Dealt to Mahu2021 [Tc 8c]
Xuquelão: calls 40
Mahu2021: checks 
*** FLOP *** [7d 3d Jc]
Mahu2021: checks 
Xuquelão: checks 
*** TURN *** [7d 3d Jc] [2s]
Mahu2021: checks 
Xuquelão: checks 
*** RIVER *** [7d 3d Jc 2s] [Qd]
Mahu2021: checks 
Xuquelão: bets 80
Mahu2021: folds 
Uncalled bet (80) returned to Xuquelão
Xuquelão collected 160 from pot
Xuquelão: doesn't show hand 
*** SUMMARY ***
Total pot 160 | Rake 0 
Board [7d 3d Jc 2s Qd]
Seat 1: Mahu2021 (big blind) folded on the River
Seat 3: Xuquelão (button) (small blind) collected (160)



PokerStars Hand #251252876345: Tournament #3772408057, $1.84+$0.16 USD Hold'em No Limit - Level V (40/80) - 2024/06/29 21:43:48 CET [2024/06/29 15:43:48 ET]
Table '3772408057 1' 3-max Seat #1 is the button
Seat 1: Mahu2021 (430 in chips) 
Seat 3: Xuquelão (1070 in chips) 
Mahu2021: posts small blind 40
Xuquelão: posts big blind 80
*** HOLE CARDS ***
Dealt to Mahu2021 [Kc Js]
Mahu2021: raises 80 to 160
Xuquelão: folds 
Uncalled bet (80) returned to Mahu2021
Mahu2021 collected 160 from pot
Mahu2021: doesn't show hand 
*** SUMMARY ***
Total pot 160 | Rake 0 
Seat 1: Mahu2021 (button) (small blind) collected (160)
Seat 3: Xuquelão (big blind) folded before Flop



PokerStars Hand #251252877812: Tournament #3772408057, $1.84+$0.16 USD Hold'em No Limit - Level V (40/80) - 2024/06/29 21:43:54 CET [2024/06/29 15:43:54 ET]
Table '3772408057 1' 3-max Seat #3 is the button
Seat 1: Mahu2021 (510 in chips) 
Seat 3: Xuquelão (990 in chips) 
Xuquelão: posts small blind 40
Mahu2021: posts big blind 80
*** HOLE CARDS ***
Dealt to Mahu2021 [Ts 5d]
Xuquelão: raises 80 to 160
Mahu2021: folds 
Uncalled bet (80) returned to Xuquelão
Xuquelão collected 160 from pot
Xuquelão: doesn't show hand 
*** SUMMARY ***
Total pot 160 | Rake 0 
Seat 1: Mahu2021 (big blind) folded before Flop
Seat 3: Xuquelão (button) (small blind) collected (160)



PokerStars Hand #251252879102: Tournament #3772408057, $1.84+$0.16 USD Hold'em No Limit - Level V (40/80) - 2024/06/29 21:43:59 CET [2024/06/29 15:43:59 ET]
Table '3772408057 1' 3-max Seat #1 is the button
Seat 1: Mahu2021 (430 in chips) 
Seat 3: Xuquelão (1070 in chips) 
Mahu2021: posts small blind 40
Xuquelão: posts big blind 80
*** HOLE CARDS ***
Dealt to Mahu2021 [Qh 7s]
Mahu2021: raises 80 to 160
Xuquelão: folds 
Uncalled bet (80) returned to Mahu2021
Mahu2021 collected 160 from pot
Mahu2021: doesn't show hand 
*** SUMMARY ***
Total pot 160 | Rake 0 
Seat 1: Mahu2021 (button) (small blind) collected (160)
Seat 3: Xuquelão (big blind) folded before Flop



PokerStars Hand #251252880678: Tournament #3772408057, $1.84+$0.16 USD Hold'em No Limit - Level V (40/80) - 2024/06/29 21:44:05 CET [2024/06/29 15:44:05 ET]
Table '3772408057 1' 3-max Seat #3 is the button
Seat 1: Mahu2021 (510 in chips) 
Seat 3: Xuquelão (990 in chips) 
Xuquelão: posts small blind 40
Mahu2021: posts big blind 80
*** HOLE CARDS ***
Dealt to Mahu2021 [Th 3h]
Xuquelão: folds 
Uncalled bet (40) returned to Mahu2021
Mahu2021 collected 80 from pot
Mahu2021: doesn't show hand 
*** SUMMARY ***
Total pot 80 | Rake 0 
Seat 1: Mahu2021 (big blind) collected (80)
Seat 3: Xuquelão (button) (small blind) folded before Flop



PokerStars Hand #251252881440: Tournament #3772408057, $1.84+$0.16 USD Hold'em No Limit - Level V (40/80) - 2024/06/29 21:44:09 CET [2024/06/29 15:44:09 ET]
Table '3772408057 1' 3-max Seat #1 is the button
Seat 1: Mahu2021 (550 in chips) 
Seat 3: Xuquelão (950 in chips) 
Mahu2021: posts small blind 40
Xuquelão: posts big blind 80
*** HOLE CARDS ***
Dealt to Mahu2021 [5s Tc]
Mahu2021: folds 
Uncalled bet (40) returned to Xuquelão
Xuquelão collected 80 from pot
Xuquelão: doesn't show hand 
*** SUMMARY ***
Total pot 80 | Rake 0 
Seat 1: Mahu2021 (button) (small blind) folded before Flop
Seat 3: Xuquelão (big blind) collected (80)



PokerStars Hand #251252882548: Tournament #3772408057, $1.84+$0.16 USD Hold'em No Limit - Level V (40/80) - 2024/06/29 21:44:13 CET [2024/06/29 15:44:13 ET]
Table '3772408057 1' 3-max Seat #3 is the button
Seat 1: Mahu2021 (510 in chips) 
Seat 3: Xuquelão (990 in chips) 
Xuquelão: posts small blind 40
Mahu2021: posts big blind 80
*** HOLE CARDS ***
Dealt to Mahu2021 [3c 2s]
Xuquelão: raises 80 to 160
Mahu2021: folds 
Uncalled bet (80) returned to Xuquelão
Xuquelão collected 160 from pot
Xuquelão: doesn't show hand 
*** SUMMARY ***
Total pot 160 | Rake 0 
Seat 1: Mahu2021 (big blind) folded before Flop
Seat 3: Xuquelão (button) (small blind) collected (160)



PokerStars Hand #251252883944: Tournament #3772408057, $1.84+$0.16 USD Hold'em No Limit - Level V (40/80) - 2024/06/29 21:44:18 CET [2024/06/29 15:44:18 ET]
Table '3772408057 1' 3-max Seat #1 is the button
Seat 1: Mahu2021 (430 in chips) 
Seat 3: Xuquelão (1070 in chips) 
Mahu2021: posts small blind 40
Xuquelão: posts big blind 80
*** HOLE CARDS ***
Dealt to Mahu2021 [7h 4d]
Mahu2021: folds 
Uncalled bet (40) returned to Xuquelão
Xuquelão collected 80 from pot
Xuquelão: doesn't show hand 
*** SUMMARY ***
Total pot 80 | Rake 0 
Seat 1: Mahu2021 (button) (small blind) folded before Flop
Seat 3: Xuquelão (big blind) collected (80)



PokerStars Hand #251252884963: Tournament #3772408057, $1.84+$0.16 USD Hold'em No Limit - Level V (40/80) - 2024/06/29 21:44:23 CET [2024/06/29 15:44:23 ET]
Table '3772408057 1' 3-max Seat #3 is the button
Seat 1: Mahu2021 (390 in chips) 
Seat 3: Xuquelão (1110 in chips) 
Xuquelão: posts small blind 40
Mahu2021: posts big blind 80
*** HOLE CARDS ***
Dealt to Mahu2021 [Ts 7d]
Xuquelão: folds 
Uncalled bet (40) returned to Mahu2021
Mahu2021 collected 80 from pot
Mahu2021: doesn't show hand 
*** SUMMARY ***
Total pot 80 | Rake 0 
Seat 1: Mahu2021 (big blind) collected (80)
Seat 3: Xuquelão (button) (small blind) folded before Flop



PokerStars Hand #251252885883: Tournament #3772408057, $1.84+$0.16 USD Hold'em No Limit - Level V (40/80) - 2024/06/29 21:44:26 CET [2024/06/29 15:44:26 ET]
Table '3772408057 1' 3-max Seat #1 is the button
Seat 1: Mahu2021 (430 in chips) 
Seat 3: Xuquelão (1070 in chips) 
Mahu2021: posts small blind 40
Xuquelão: posts big blind 80
*** HOLE CARDS ***
Dealt to Mahu2021 [4s 8c]
Mahu2021: folds 
Uncalled bet (40) returned to Xuquelão
Xuquelão collected 80 from pot
*** SUMMARY ***
Total pot 80 | Rake 0 
Seat 1: Mahu2021 (button) (small blind) folded before Flop
Seat 3: Xuquelão (big blind) collected (80)



PokerStars Hand #251252887060: Tournament #3772408057, $1.84+$0.16 USD Hold'em No Limit - Level V (40/80) - 2024/06/29 21:44:31 CET [2024/06/29 15:44:31 ET]
Table '3772408057 1' 3-max Seat #3 is the button
Seat 1: Mahu2021 (390 in chips) 
Seat 3: Xuquelão (1110 in chips) 
Xuquelão: posts small blind 40
Mahu2021: posts big blind 80
*** HOLE CARDS ***
Dealt to Mahu2021 [Th Js]
Xuquelão: calls 40
Mahu2021: checks 
*** FLOP *** [Qh 7c Jh]
Mahu2021: bets 80
Xuquelão: calls 80
*** TURN *** [Qh 7c Jh] [Kc]
Mahu2021: bets 230 and is all-in
Xuquelão: calls 230
*** RIVER *** [Qh 7c Jh Kc] [5c]
*** SHOW DOWN ***
Mahu2021: shows [Th Js] (a pair of Jacks)
Xuquelão: shows [Qd 6h] (a pair of Queens)
Xuquelão collected 780 from pot
Mahu2021 finished the tournament in 2nd place
Xuquelão wins the tournament and receives $6.00 - congratulations!
*** SUMMARY ***
Total pot 780 | Rake 0 
Board [Qh 7c Jh Kc 5c]
Seat 1: Mahu2021 (big blind) showed [Th Js] and lost with a pair of Jacks
Seat 3: Xuquelão (button) (small blind) showed [Qd 6h] and won (780) with a pair of Queens



