PokerStars Hand #252843079323: Tournament #3809982177, $1.84+$0.16 USD Hold'em No Limit - Level I (10/20) - 2024/10/09 17:09:15 CET [2024/10/09 11:09:15 ET]
Table '3809982177 1' 3-max Seat #1 is the button
Seat 1: LexusMD121 (500 in chips) 
Seat 2: Mahu2021 (500 in chips) 
Seat 3: nerkaus3 (500 in chips) 
Mahu2021: posts small blind 10
nerkaus3: posts big blind 20
*** HOLE CARDS ***
Dealt to Mahu2021 [4c 2c]
LexusMD121: raises 60 to 80
Mahu2021: folds 
nerkaus3: folds 
Uncalled bet (60) returned to LexusMD121
LexusMD121 collected 50 from pot
LexusMD121: doesn't show hand 
*** SUMMARY ***
Total pot 50 | Rake 0 
Seat 1: LexusMD121 (button) collected (50)
Seat 2: Mahu2021 (small blind) folded before Flop
Seat 3: nerkaus3 (big blind) folded before Flop



PokerStars Hand #252843081237: Tournament #3809982177, $1.84+$0.16 USD Hold'em No Limit - Level I (10/20) - 2024/10/09 17:09:24 CET [2024/10/09 11:09:24 ET]
Table '3809982177 1' 3-max Seat #2 is the button
Seat 1: LexusMD121 (530 in chips) 
Seat 2: Mahu2021 (490 in chips) 
Seat 3: nerkaus3 (480 in chips) 
nerkaus3: posts small blind 10
LexusMD121: posts big blind 20
*** HOLE CARDS ***
Dealt to Mahu2021 [9d 7d]
Mahu2021: calls 20
nerkaus3: calls 10
LexusMD121: checks 
*** FLOP *** [Ah Kd Ac]
nerkaus3: checks 
LexusMD121: checks 
Mahu2021: checks 
*** TURN *** [Ah Kd Ac] [7c]
nerkaus3: bets 30
LexusMD121: folds 
Mahu2021: calls 30
*** RIVER *** [Ah Kd Ac 7c] [Kh]
nerkaus3: checks 
Mahu2021: checks 
*** SHOW DOWN ***
nerkaus3: shows [Kc 7h] (a full house, Kings full of Aces)
Mahu2021: mucks hand 
nerkaus3 collected 120 from pot
*** SUMMARY ***
Total pot 120 | Rake 0 
Board [Ah Kd Ac 7c Kh]
Seat 1: LexusMD121 (big blind) folded on the Turn
Seat 2: Mahu2021 (button) mucked [9d 7d]
Seat 3: nerkaus3 (small blind) showed [Kc 7h] and won (120) with a full house, Kings full of Aces



PokerStars Hand #252843086188: Tournament #3809982177, $1.84+$0.16 USD Hold'em No Limit - Level I (10/20) - 2024/10/09 17:09:48 CET [2024/10/09 11:09:48 ET]
Table '3809982177 1' 3-max Seat #3 is the button
Seat 1: LexusMD121 (510 in chips) 
Seat 2: Mahu2021 (440 in chips) 
Seat 3: nerkaus3 (550 in chips) 
LexusMD121: posts small blind 10
Mahu2021: posts big blind 20
*** HOLE CARDS ***
Dealt to Mahu2021 [7s Ah]
nerkaus3: raises 20 to 40
LexusMD121: folds 
Mahu2021: calls 20
*** FLOP *** [Qc 9s Jh]
Mahu2021: checks 
nerkaus3: bets 60
Mahu2021: folds 
Uncalled bet (60) returned to nerkaus3
nerkaus3 collected 90 from pot
nerkaus3: doesn't show hand 
*** SUMMARY ***
Total pot 90 | Rake 0 
Board [Qc 9s Jh]
Seat 1: LexusMD121 (small blind) folded before Flop
Seat 2: Mahu2021 (big blind) folded on the Flop
Seat 3: nerkaus3 (button) collected (90)



PokerStars Hand #252843091480: Tournament #3809982177, $1.84+$0.16 USD Hold'em No Limit - Level I (10/20) - 2024/10/09 17:10:12 CET [2024/10/09 11:10:12 ET]
Table '3809982177 1' 3-max Seat #1 is the button
Seat 1: LexusMD121 (500 in chips) 
Seat 2: Mahu2021 (400 in chips) 
Seat 3: nerkaus3 (600 in chips) 
Mahu2021: posts small blind 10
nerkaus3: posts big blind 20
*** HOLE CARDS ***
Dealt to Mahu2021 [8s 3c]
LexusMD121: folds 
Mahu2021: folds 
Uncalled bet (10) returned to nerkaus3
nerkaus3 collected 20 from pot
nerkaus3: doesn't show hand 
*** SUMMARY ***
Total pot 20 | Rake 0 
Seat 1: LexusMD121 (button) folded before Flop (didn't bet)
Seat 2: Mahu2021 (small blind) folded before Flop
Seat 3: nerkaus3 (big blind) collected (20)



PokerStars Hand #252843092426: Tournament #3809982177, $1.84+$0.16 USD Hold'em No Limit - Level I (10/20) - 2024/10/09 17:10:17 CET [2024/10/09 11:10:17 ET]
Table '3809982177 1' 3-max Seat #2 is the button
Seat 1: LexusMD121 (500 in chips) 
Seat 2: Mahu2021 (390 in chips) 
Seat 3: nerkaus3 (610 in chips) 
nerkaus3: posts small blind 10
LexusMD121: posts big blind 20
*** HOLE CARDS ***
Dealt to Mahu2021 [7c 8s]
Mahu2021: folds 
nerkaus3: calls 10
LexusMD121: checks 
*** FLOP *** [Qh 3d Ac]
nerkaus3: checks 
LexusMD121: bets 20
nerkaus3: calls 20
*** TURN *** [Qh 3d Ac] [5h]
nerkaus3: checks 
LexusMD121: checks 
*** RIVER *** [Qh 3d Ac 5h] [5s]
nerkaus3: bets 40
LexusMD121: calls 40
*** SHOW DOWN ***
nerkaus3: shows [Qd 6h] (two pair, Queens and Fives)
LexusMD121: mucks hand 
nerkaus3 collected 160 from pot
*** SUMMARY ***
Total pot 160 | Rake 0 
Board [Qh 3d Ac 5h 5s]
Seat 1: LexusMD121 (big blind) mucked [3c Jc]
Seat 2: Mahu2021 (button) folded before Flop (didn't bet)
Seat 3: nerkaus3 (small blind) showed [Qd 6h] and won (160) with two pair, Queens and Fives



PokerStars Hand #252843098760: Tournament #3809982177, $1.84+$0.16 USD Hold'em No Limit - Level I (10/20) - 2024/10/09 17:10:47 CET [2024/10/09 11:10:47 ET]
Table '3809982177 1' 3-max Seat #3 is the button
Seat 1: LexusMD121 (420 in chips) 
Seat 2: Mahu2021 (390 in chips) 
Seat 3: nerkaus3 (690 in chips) 
LexusMD121: posts small blind 10
Mahu2021: posts big blind 20
*** HOLE CARDS ***
Dealt to Mahu2021 [4d 8h]
nerkaus3: folds 
LexusMD121: calls 10
Mahu2021: checks 
*** FLOP *** [Ts Qh Jh]
LexusMD121: checks 
Mahu2021: checks 
*** TURN *** [Ts Qh Jh] [3s]
LexusMD121: checks 
Mahu2021: checks 
*** RIVER *** [Ts Qh Jh 3s] [2h]
LexusMD121: bets 80
Mahu2021: folds 
Uncalled bet (80) returned to LexusMD121
LexusMD121 collected 40 from pot
LexusMD121: doesn't show hand 
*** SUMMARY ***
Total pot 40 | Rake 0 
Board [Ts Qh Jh 3s 2h]
Seat 1: LexusMD121 (small blind) collected (40)
Seat 2: Mahu2021 (big blind) folded on the River
Seat 3: nerkaus3 (button) folded before Flop (didn't bet)



PokerStars Hand #252843103342: Tournament #3809982177, $1.84+$0.16 USD Hold'em No Limit - Level I (10/20) - 2024/10/09 17:11:08 CET [2024/10/09 11:11:08 ET]
Table '3809982177 1' 3-max Seat #1 is the button
Seat 1: LexusMD121 (440 in chips) 
Seat 2: Mahu2021 (370 in chips) 
Seat 3: nerkaus3 (690 in chips) 
Mahu2021: posts small blind 10
nerkaus3: posts big blind 20
*** HOLE CARDS ***
Dealt to Mahu2021 [8h 7d]
LexusMD121: raises 40 to 60
Mahu2021: folds 
nerkaus3: folds 
Uncalled bet (40) returned to LexusMD121
LexusMD121 collected 50 from pot
LexusMD121: doesn't show hand 
*** SUMMARY ***
Total pot 50 | Rake 0 
Seat 1: LexusMD121 (button) collected (50)
Seat 2: Mahu2021 (small blind) folded before Flop
Seat 3: nerkaus3 (big blind) folded before Flop



PokerStars Hand #252843106115: Tournament #3809982177, $1.84+$0.16 USD Hold'em No Limit - Level II (15/30) - 2024/10/09 17:11:22 CET [2024/10/09 11:11:22 ET]
Table '3809982177 1' 3-max Seat #2 is the button
Seat 1: LexusMD121 (470 in chips) 
Seat 2: Mahu2021 (360 in chips) 
Seat 3: nerkaus3 (670 in chips) 
nerkaus3: posts small blind 15
LexusMD121: posts big blind 30
*** HOLE CARDS ***
Dealt to Mahu2021 [6s 7s]
Mahu2021: calls 30
nerkaus3: calls 15
LexusMD121: checks 
*** FLOP *** [As 5d 4h]
nerkaus3: checks 
LexusMD121: checks 
Mahu2021: bets 90
nerkaus3: folds 
LexusMD121: folds 
Uncalled bet (90) returned to Mahu2021
Mahu2021 collected 90 from pot
Mahu2021: doesn't show hand 
*** SUMMARY ***
Total pot 90 | Rake 0 
Board [As 5d 4h]
Seat 1: LexusMD121 (big blind) folded on the Flop
Seat 2: Mahu2021 (button) collected (90)
Seat 3: nerkaus3 (small blind) folded on the Flop



PokerStars Hand #252843110478: Tournament #3809982177, $1.84+$0.16 USD Hold'em No Limit - Level II (15/30) - 2024/10/09 17:11:42 CET [2024/10/09 11:11:42 ET]
Table '3809982177 1' 3-max Seat #3 is the button
Seat 1: LexusMD121 (440 in chips) 
Seat 2: Mahu2021 (420 in chips) 
Seat 3: nerkaus3 (640 in chips) 
LexusMD121: posts small blind 15
Mahu2021: posts big blind 30
*** HOLE CARDS ***
Dealt to Mahu2021 [2d Kc]
nerkaus3: folds 
LexusMD121: calls 15
Mahu2021: checks 
*** FLOP *** [3h Ts 9d]
LexusMD121: checks 
Mahu2021: checks 
*** TURN *** [3h Ts 9d] [3d]
LexusMD121: checks 
Mahu2021: checks 
*** RIVER *** [3h Ts 9d 3d] [9c]
LexusMD121: bets 30
Mahu2021: folds 
Uncalled bet (30) returned to LexusMD121
LexusMD121 collected 60 from pot
LexusMD121: doesn't show hand 
*** SUMMARY ***
Total pot 60 | Rake 0 
Board [3h Ts 9d 3d 9c]
Seat 1: LexusMD121 (small blind) collected (60)
Seat 2: Mahu2021 (big blind) folded on the River
Seat 3: nerkaus3 (button) folded before Flop (didn't bet)



PokerStars Hand #252843114109: Tournament #3809982177, $1.84+$0.16 USD Hold'em No Limit - Level II (15/30) - 2024/10/09 17:11:59 CET [2024/10/09 11:11:59 ET]
Table '3809982177 1' 3-max Seat #1 is the button
Seat 1: LexusMD121 (470 in chips) 
Seat 2: Mahu2021 (390 in chips) 
Seat 3: nerkaus3 (640 in chips) 
Mahu2021: posts small blind 15
nerkaus3: posts big blind 30
*** HOLE CARDS ***
Dealt to Mahu2021 [5d Qd]
LexusMD121: calls 30
Mahu2021: calls 15
nerkaus3: checks 
*** FLOP *** [8d 4d 8c]
Mahu2021: checks 
nerkaus3: checks 
LexusMD121: checks 
*** TURN *** [8d 4d 8c] [6d]
Mahu2021: checks 
nerkaus3: checks 
LexusMD121: checks 
*** RIVER *** [8d 4d 8c 6d] [9d]
Mahu2021: bets 90
nerkaus3: folds 
LexusMD121: folds 
Uncalled bet (90) returned to Mahu2021
Mahu2021 collected 90 from pot
Mahu2021: doesn't show hand 
*** SUMMARY ***
Total pot 90 | Rake 0 
Board [8d 4d 8c 6d 9d]
Seat 1: LexusMD121 (button) folded on the River
Seat 2: Mahu2021 (small blind) collected (90)
Seat 3: nerkaus3 (big blind) folded on the River



PokerStars Hand #252843123766: Tournament #3809982177, $1.84+$0.16 USD Hold'em No Limit - Level II (15/30) - 2024/10/09 17:12:44 CET [2024/10/09 11:12:44 ET]
Table '3809982177 1' 3-max Seat #2 is the button
Seat 1: LexusMD121 (440 in chips) 
Seat 2: Mahu2021 (450 in chips) 
Seat 3: nerkaus3 (610 in chips) 
nerkaus3: posts small blind 15
LexusMD121: posts big blind 30
*** HOLE CARDS ***
Dealt to Mahu2021 [6h 5d]
Mahu2021: folds 
nerkaus3: calls 15
LexusMD121: checks 
*** FLOP *** [Ts Tc 9d]
nerkaus3: bets 30
LexusMD121: folds 
Uncalled bet (30) returned to nerkaus3
nerkaus3 collected 60 from pot
nerkaus3: doesn't show hand 
*** SUMMARY ***
Total pot 60 | Rake 0 
Board [Ts Tc 9d]
Seat 1: LexusMD121 (big blind) folded on the Flop
Seat 2: Mahu2021 (button) folded before Flop (didn't bet)
Seat 3: nerkaus3 (small blind) collected (60)



PokerStars Hand #252843128075: Tournament #3809982177, $1.84+$0.16 USD Hold'em No Limit - Level II (15/30) - 2024/10/09 17:13:04 CET [2024/10/09 11:13:04 ET]
Table '3809982177 1' 3-max Seat #3 is the button
Seat 1: LexusMD121 (410 in chips) 
Seat 2: Mahu2021 (450 in chips) 
Seat 3: nerkaus3 (640 in chips) 
LexusMD121: posts small blind 15
Mahu2021: posts big blind 30
*** HOLE CARDS ***
Dealt to Mahu2021 [5h Qh]
nerkaus3: raises 30 to 60
LexusMD121: calls 45
Mahu2021: calls 30
*** FLOP *** [2d 9c 3d]
LexusMD121: checks 
Mahu2021: checks 
nerkaus3: bets 60
LexusMD121: calls 60
Mahu2021: folds 
*** TURN *** [2d 9c 3d] [Th]
LexusMD121: bets 290 and is all-in
nerkaus3: folds 
Uncalled bet (290) returned to LexusMD121
LexusMD121 collected 300 from pot
LexusMD121: doesn't show hand 
*** SUMMARY ***
Total pot 300 | Rake 0 
Board [2d 9c 3d Th]
Seat 1: LexusMD121 (small blind) collected (300)
Seat 2: Mahu2021 (big blind) folded on the Flop
Seat 3: nerkaus3 (button) folded on the Turn



PokerStars Hand #252843136046: Tournament #3809982177, $1.84+$0.16 USD Hold'em No Limit - Level III (20/40) - 2024/10/09 17:13:41 CET [2024/10/09 11:13:41 ET]
Table '3809982177 1' 3-max Seat #1 is the button
Seat 1: LexusMD121 (590 in chips) 
Seat 2: Mahu2021 (390 in chips) 
Seat 3: nerkaus3 (520 in chips) 
Mahu2021: posts small blind 20
nerkaus3: posts big blind 40
*** HOLE CARDS ***
Dealt to Mahu2021 [As 2c]
LexusMD121: folds 
Mahu2021: calls 20
nerkaus3: checks 
*** FLOP *** [Tc 9d 8s]
Mahu2021: checks 
nerkaus3: checks 
*** TURN *** [Tc 9d 8s] [6d]
Mahu2021: checks 
nerkaus3: bets 60
Mahu2021: folds 
Uncalled bet (60) returned to nerkaus3
nerkaus3 collected 80 from pot
nerkaus3: doesn't show hand 
*** SUMMARY ***
Total pot 80 | Rake 0 
Board [Tc 9d 8s 6d]
Seat 1: LexusMD121 (button) folded before Flop (didn't bet)
Seat 2: Mahu2021 (small blind) folded on the Turn
Seat 3: nerkaus3 (big blind) collected (80)



PokerStars Hand #252843140527: Tournament #3809982177, $1.84+$0.16 USD Hold'em No Limit - Level III (20/40) - 2024/10/09 17:14:02 CET [2024/10/09 11:14:02 ET]
Table '3809982177 1' 3-max Seat #2 is the button
Seat 1: LexusMD121 (590 in chips) 
Seat 2: Mahu2021 (350 in chips) 
Seat 3: nerkaus3 (560 in chips) 
nerkaus3: posts small blind 20
LexusMD121: posts big blind 40
*** HOLE CARDS ***
Dealt to Mahu2021 [2h 9c]
Mahu2021: folds 
nerkaus3: calls 20
LexusMD121: checks 
*** FLOP *** [Ad 4d 9h]
nerkaus3: bets 40
LexusMD121: calls 40
*** TURN *** [Ad 4d 9h] [Qh]
nerkaus3: bets 100
LexusMD121: folds 
Uncalled bet (100) returned to nerkaus3
nerkaus3 collected 160 from pot
nerkaus3: doesn't show hand 
*** SUMMARY ***
Total pot 160 | Rake 0 
Board [Ad 4d 9h Qh]
Seat 1: LexusMD121 (big blind) folded on the Turn
Seat 2: Mahu2021 (button) folded before Flop (didn't bet)
Seat 3: nerkaus3 (small blind) collected (160)



PokerStars Hand #252843144472: Tournament #3809982177, $1.84+$0.16 USD Hold'em No Limit - Level III (20/40) - 2024/10/09 17:14:20 CET [2024/10/09 11:14:20 ET]
Table '3809982177 1' 3-max Seat #3 is the button
Seat 1: LexusMD121 (510 in chips) 
Seat 2: Mahu2021 (350 in chips) 
Seat 3: nerkaus3 (640 in chips) 
LexusMD121: posts small blind 20
Mahu2021: posts big blind 40
*** HOLE CARDS ***
Dealt to Mahu2021 [Js Ts]
nerkaus3: folds 
LexusMD121: calls 20
Mahu2021: raises 310 to 350 and is all-in
LexusMD121: folds 
Uncalled bet (310) returned to Mahu2021
Mahu2021 collected 80 from pot
Mahu2021: doesn't show hand 
*** SUMMARY ***
Total pot 80 | Rake 0 
Seat 1: LexusMD121 (small blind) folded before Flop
Seat 2: Mahu2021 (big blind) collected (80)
Seat 3: nerkaus3 (button) folded before Flop (didn't bet)



PokerStars Hand #252843146005: Tournament #3809982177, $1.84+$0.16 USD Hold'em No Limit - Level III (20/40) - 2024/10/09 17:14:28 CET [2024/10/09 11:14:28 ET]
Table '3809982177 1' 3-max Seat #1 is the button
Seat 1: LexusMD121 (470 in chips) 
Seat 2: Mahu2021 (390 in chips) 
Seat 3: nerkaus3 (640 in chips) 
Mahu2021: posts small blind 20
nerkaus3: posts big blind 40
*** HOLE CARDS ***
Dealt to Mahu2021 [3c Ad]
LexusMD121: calls 40
Mahu2021: calls 20
nerkaus3: raises 600 to 640 and is all-in
LexusMD121: folds 
Mahu2021: folds 
Uncalled bet (600) returned to nerkaus3
nerkaus3 collected 120 from pot
nerkaus3: doesn't show hand 
*** SUMMARY ***
Total pot 120 | Rake 0 
Seat 1: LexusMD121 (button) folded before Flop
Seat 2: Mahu2021 (small blind) folded before Flop
Seat 3: nerkaus3 (big blind) collected (120)



PokerStars Hand #252843148649: Tournament #3809982177, $1.84+$0.16 USD Hold'em No Limit - Level III (20/40) - 2024/10/09 17:14:39 CET [2024/10/09 11:14:39 ET]
Table '3809982177 1' 3-max Seat #2 is the button
Seat 1: LexusMD121 (430 in chips) 
Seat 2: Mahu2021 (350 in chips) 
Seat 3: nerkaus3 (720 in chips) 
nerkaus3: posts small blind 20
LexusMD121: posts big blind 40
*** HOLE CARDS ***
Dealt to Mahu2021 [Qc Ah]
Mahu2021: raises 40 to 80
nerkaus3: raises 640 to 720 and is all-in
LexusMD121: folds 
Mahu2021: calls 270 and is all-in
Uncalled bet (370) returned to nerkaus3
*** FLOP *** [9c 5d As]
*** TURN *** [9c 5d As] [Kc]
*** RIVER *** [9c 5d As Kc] [4s]
*** SHOW DOWN ***
nerkaus3: shows [9d Ac] (two pair, Aces and Nines)
Mahu2021: shows [Qc Ah] (a pair of Aces)
nerkaus3 collected 740 from pot
Mahu2021 finished the tournament in 3rd place
*** SUMMARY ***
Total pot 740 | Rake 0 
Board [9c 5d As Kc 4s]
Seat 1: LexusMD121 (big blind) folded before Flop
Seat 2: Mahu2021 (button) showed [Qc Ah] and lost with a pair of Aces
Seat 3: nerkaus3 (small blind) showed [9d Ac] and won (740) with two pair, Aces and Nines



