PokerStars Hand #251548544540: Tournament #3779226498, $1.84+$0.16 USD Hold'em No Limit - Level I (10/20) - 2024/07/18 17:43:35 CET [2024/07/18 11:43:35 ET]
Table '3779226498 1' 3-max Seat #1 is the button
Seat 1: kiszer23 (500 in chips) 
Seat 2: Mahu2021 (500 in chips) 
Seat 3: pedromig (500 in chips) 
Mahu2021: posts small blind 10
pedromig: posts big blind 20
*** HOLE CARDS ***
Dealt to Mahu2021 [6c Ts]
kiszer23: folds 
Mahu2021: folds 
Uncalled bet (10) returned to pedromig
pedromig collected 20 from pot
pedromig: doesn't show hand 
*** SUMMARY ***
Total pot 20 | Rake 0 
Seat 1: kiszer23 (button) folded before Flop (didn't bet)
Seat 2: Mahu2021 (small blind) folded before Flop
Seat 3: pedromig (big blind) collected (20)



PokerStars Hand #251548545635: Tournament #3779226498, $1.84+$0.16 USD Hold'em No Limit - Level I (10/20) - 2024/07/18 17:43:40 CET [2024/07/18 11:43:40 ET]
Table '3779226498 1' 3-max Seat #2 is the button
Seat 1: kiszer23 (500 in chips) 
Seat 2: Mahu2021 (490 in chips) 
Seat 3: pedromig (510 in chips) 
pedromig: posts small blind 10
kiszer23: posts big blind 20
*** HOLE CARDS ***
Dealt to Mahu2021 [Qd 3h]
Mahu2021: folds 
pedromig: calls 10
kiszer23: checks 
*** FLOP *** [8c 7c 8d]
pedromig: checks 
kiszer23: checks 
*** TURN *** [8c 7c 8d] [7h]
pedromig: checks 
kiszer23: bets 20
pedromig: calls 20
*** RIVER *** [8c 7c 8d 7h] [2s]
pedromig: checks 
kiszer23: checks 
*** SHOW DOWN ***
pedromig: shows [Qh Jc] (two pair, Eights and Sevens)
kiszer23: shows [Ad 6s] (two pair, Eights and Sevens - Ace kicker)
kiszer23 collected 80 from pot
*** SUMMARY ***
Total pot 80 | Rake 0 
Board [8c 7c 8d 7h 2s]
Seat 1: kiszer23 (big blind) showed [Ad 6s] and won (80) with two pair, Eights and Sevens
Seat 2: Mahu2021 (button) folded before Flop (didn't bet)
Seat 3: pedromig (small blind) showed [Qh Jc] and lost with two pair, Eights and Sevens



PokerStars Hand #251548550955: Tournament #3779226498, $1.84+$0.16 USD Hold'em No Limit - Level I (10/20) - 2024/07/18 17:44:04 CET [2024/07/18 11:44:04 ET]
Table '3779226498 1' 3-max Seat #3 is the button
Seat 1: kiszer23 (540 in chips) 
Seat 2: Mahu2021 (490 in chips) 
Seat 3: pedromig (470 in chips) 
kiszer23: posts small blind 10
Mahu2021: posts big blind 20
*** HOLE CARDS ***
Dealt to Mahu2021 [5c 6h]
pedromig: folds 
kiszer23: folds 
Uncalled bet (10) returned to Mahu2021
Mahu2021 collected 20 from pot
Mahu2021: doesn't show hand 
*** SUMMARY ***
Total pot 20 | Rake 0 
Seat 1: kiszer23 (small blind) folded before Flop
Seat 2: Mahu2021 (big blind) collected (20)
Seat 3: pedromig (button) folded before Flop (didn't bet)



PokerStars Hand #251548552718: Tournament #3779226498, $1.84+$0.16 USD Hold'em No Limit - Level I (10/20) - 2024/07/18 17:44:12 CET [2024/07/18 11:44:12 ET]
Table '3779226498 1' 3-max Seat #1 is the button
Seat 1: kiszer23 (530 in chips) 
Seat 2: Mahu2021 (500 in chips) 
Seat 3: pedromig (470 in chips) 
Mahu2021: posts small blind 10
pedromig: posts big blind 20
*** HOLE CARDS ***
Dealt to Mahu2021 [5h 7h]
kiszer23: raises 20 to 40
Mahu2021: calls 30
pedromig: calls 20
*** FLOP *** [5s 2s Qd]
Mahu2021: checks 
pedromig: checks 
kiszer23: bets 66
Mahu2021: folds 
pedromig: folds 
Uncalled bet (66) returned to kiszer23
kiszer23 collected 120 from pot
kiszer23: doesn't show hand 
*** SUMMARY ***
Total pot 120 | Rake 0 
Board [5s 2s Qd]
Seat 1: kiszer23 (button) collected (120)
Seat 2: Mahu2021 (small blind) folded on the Flop
Seat 3: pedromig (big blind) folded on the Flop



PokerStars Hand #251548556183: Tournament #3779226498, $1.84+$0.16 USD Hold'em No Limit - Level I (10/20) - 2024/07/18 17:44:29 CET [2024/07/18 11:44:29 ET]
Table '3779226498 1' 3-max Seat #2 is the button
Seat 1: kiszer23 (610 in chips) 
Seat 2: Mahu2021 (460 in chips) 
Seat 3: pedromig (430 in chips) 
pedromig: posts small blind 10
kiszer23: posts big blind 20
*** HOLE CARDS ***
Dealt to Mahu2021 [8c Kh]
Mahu2021: calls 20
pedromig: calls 10
kiszer23: raises 590 to 610 and is all-in
Mahu2021: folds 
pedromig: folds 
Uncalled bet (590) returned to kiszer23
kiszer23 collected 60 from pot
kiszer23: doesn't show hand 
*** SUMMARY ***
Total pot 60 | Rake 0 
Seat 1: kiszer23 (big blind) collected (60)
Seat 2: Mahu2021 (button) folded before Flop
Seat 3: pedromig (small blind) folded before Flop



PokerStars Hand #251548559323: Tournament #3779226498, $1.84+$0.16 USD Hold'em No Limit - Level I (10/20) - 2024/07/18 17:44:43 CET [2024/07/18 11:44:43 ET]
Table '3779226498 1' 3-max Seat #3 is the button
Seat 1: kiszer23 (650 in chips) 
Seat 2: Mahu2021 (440 in chips) 
Seat 3: pedromig (410 in chips) 
kiszer23: posts small blind 10
Mahu2021: posts big blind 20
*** HOLE CARDS ***
Dealt to Mahu2021 [4c Ad]
pedromig: folds 
kiszer23: folds 
Uncalled bet (10) returned to Mahu2021
Mahu2021 collected 20 from pot
Mahu2021: doesn't show hand 
*** SUMMARY ***
Total pot 20 | Rake 0 
Seat 1: kiszer23 (small blind) folded before Flop
Seat 2: Mahu2021 (big blind) collected (20)
Seat 3: pedromig (button) folded before Flop (didn't bet)



PokerStars Hand #251548560536: Tournament #3779226498, $1.84+$0.16 USD Hold'em No Limit - Level I (10/20) - 2024/07/18 17:44:49 CET [2024/07/18 11:44:49 ET]
Table '3779226498 1' 3-max Seat #1 is the button
Seat 1: kiszer23 (640 in chips) 
Seat 2: Mahu2021 (450 in chips) 
Seat 3: pedromig (410 in chips) 
Mahu2021: posts small blind 10
pedromig: posts big blind 20
*** HOLE CARDS ***
Dealt to Mahu2021 [3h 8d]
kiszer23: raises 20 to 40
Mahu2021: folds 
pedromig: raises 90 to 130
kiszer23: raises 510 to 640 and is all-in
pedromig: calls 280 and is all-in
Uncalled bet (230) returned to kiszer23
*** FLOP *** [6c 8s 7h]
*** TURN *** [6c 8s 7h] [Kd]
*** RIVER *** [6c 8s 7h Kd] [4h]
*** SHOW DOWN ***
pedromig: shows [Ts Td] (a pair of Tens)
kiszer23: shows [Ah Kc] (a pair of Kings)
kiszer23 collected 830 from pot
pedromig finished the tournament in 3rd place
*** SUMMARY ***
Total pot 830 | Rake 0 
Board [6c 8s 7h Kd 4h]
Seat 1: kiszer23 (button) showed [Ah Kc] and won (830) with a pair of Kings
Seat 2: Mahu2021 (small blind) folded before Flop
Seat 3: pedromig (big blind) showed [Ts Td] and lost with a pair of Tens



PokerStars Hand #251548565113: Tournament #3779226498, $1.84+$0.16 USD Hold'em No Limit - Level I (10/20) - 2024/07/18 17:45:10 CET [2024/07/18 11:45:10 ET]
Table '3779226498 1' 3-max Seat #2 is the button
Seat 1: kiszer23 (1060 in chips) 
Seat 2: Mahu2021 (440 in chips) 
Mahu2021: posts small blind 10
kiszer23: posts big blind 20
*** HOLE CARDS ***
Dealt to Mahu2021 [5d 4s]
Mahu2021: calls 10
kiszer23: checks 
*** FLOP *** [2c Js Th]
kiszer23: checks 
Mahu2021: checks 
*** TURN *** [2c Js Th] [3c]
kiszer23: bets 20
Mahu2021: calls 20
*** RIVER *** [2c Js Th 3c] [Td]
kiszer23: bets 40
Mahu2021: folds 
Uncalled bet (40) returned to kiszer23
kiszer23 collected 80 from pot
kiszer23: doesn't show hand 
*** SUMMARY ***
Total pot 80 | Rake 0 
Board [2c Js Th 3c Td]
Seat 1: kiszer23 (big blind) collected (80)
Seat 2: Mahu2021 (button) (small blind) folded on the River



PokerStars Hand #251548568168: Tournament #3779226498, $1.84+$0.16 USD Hold'em No Limit - Level I (10/20) - 2024/07/18 17:45:24 CET [2024/07/18 11:45:24 ET]
Table '3779226498 1' 3-max Seat #1 is the button
Seat 1: kiszer23 (1100 in chips) 
Seat 2: Mahu2021 (400 in chips) 
kiszer23: posts small blind 10
Mahu2021: posts big blind 20
*** HOLE CARDS ***
Dealt to Mahu2021 [Ks 4d]
kiszer23: calls 10
Mahu2021: checks 
*** FLOP *** [Jd 9d 2s]
Mahu2021: checks 
kiszer23: bets 20
Mahu2021: folds 
Uncalled bet (20) returned to kiszer23
kiszer23 collected 40 from pot
kiszer23: doesn't show hand 
*** SUMMARY ***
Total pot 40 | Rake 0 
Board [Jd 9d 2s]
Seat 1: kiszer23 (button) (small blind) collected (40)
Seat 2: Mahu2021 (big blind) folded on the Flop



PokerStars Hand #251548570168: Tournament #3779226498, $1.84+$0.16 USD Hold'em No Limit - Level I (10/20) - 2024/07/18 17:45:33 CET [2024/07/18 11:45:33 ET]
Table '3779226498 1' 3-max Seat #2 is the button
Seat 1: kiszer23 (1120 in chips) 
Seat 2: Mahu2021 (380 in chips) 
Mahu2021: posts small blind 10
kiszer23: posts big blind 20
*** HOLE CARDS ***
Dealt to Mahu2021 [3h As]
Mahu2021: calls 10
kiszer23: checks 
*** FLOP *** [3c 9h 8h]
kiszer23: checks 
Mahu2021: bets 20
kiszer23: calls 20
*** TURN *** [3c 9h 8h] [7d]
kiszer23: checks 
Mahu2021: bets 20
kiszer23: calls 20
*** RIVER *** [3c 9h 8h 7d] [2c]
kiszer23: checks 
Mahu2021: checks 
*** SHOW DOWN ***
kiszer23: shows [Ks 8c] (a pair of Eights)
Mahu2021: mucks hand 
kiszer23 collected 120 from pot
*** SUMMARY ***
Total pot 120 | Rake 0 
Board [3c 9h 8h 7d 2c]
Seat 1: kiszer23 (big blind) showed [Ks 8c] and won (120) with a pair of Eights
Seat 2: Mahu2021 (button) (small blind) mucked [3h As]



PokerStars Hand #251548573324: Tournament #3779226498, $1.84+$0.16 USD Hold'em No Limit - Level I (10/20) - 2024/07/18 17:45:48 CET [2024/07/18 11:45:48 ET]
Table '3779226498 1' 3-max Seat #1 is the button
Seat 1: kiszer23 (1180 in chips) 
Seat 2: Mahu2021 (320 in chips) 
kiszer23: posts small blind 10
Mahu2021: posts big blind 20
*** HOLE CARDS ***
Dealt to Mahu2021 [Jh 6d]
kiszer23: calls 10
Mahu2021: checks 
*** FLOP *** [8h As 5h]
Mahu2021: checks 
kiszer23: bets 20
Mahu2021: folds 
Uncalled bet (20) returned to kiszer23
kiszer23 collected 40 from pot
kiszer23: doesn't show hand 
*** SUMMARY ***
Total pot 40 | Rake 0 
Board [8h As 5h]
Seat 1: kiszer23 (button) (small blind) collected (40)
Seat 2: Mahu2021 (big blind) folded on the Flop



PokerStars Hand #251548575235: Tournament #3779226498, $1.84+$0.16 USD Hold'em No Limit - Level I (10/20) - 2024/07/18 17:45:57 CET [2024/07/18 11:45:57 ET]
Table '3779226498 1' 3-max Seat #2 is the button
Seat 1: kiszer23 (1200 in chips) 
Seat 2: Mahu2021 (300 in chips) 
Mahu2021: posts small blind 10
kiszer23: posts big blind 20
*** HOLE CARDS ***
Dealt to Mahu2021 [2h 3h]
Mahu2021: calls 10
kiszer23: checks 
*** FLOP *** [7h Ks Jh]
kiszer23: checks 
Mahu2021: bets 20
kiszer23: folds 
Uncalled bet (20) returned to Mahu2021
Mahu2021 collected 40 from pot
Mahu2021: doesn't show hand 
*** SUMMARY ***
Total pot 40 | Rake 0 
Board [7h Ks Jh]
Seat 1: kiszer23 (big blind) folded on the Flop
Seat 2: Mahu2021 (button) (small blind) collected (40)



PokerStars Hand #251548577574: Tournament #3779226498, $1.84+$0.16 USD Hold'em No Limit - Level I (10/20) - 2024/07/18 17:46:08 CET [2024/07/18 11:46:08 ET]
Table '3779226498 1' 3-max Seat #1 is the button
Seat 1: kiszer23 (1180 in chips) 
Seat 2: Mahu2021 (320 in chips) 
kiszer23: posts small blind 10
Mahu2021: posts big blind 20
*** HOLE CARDS ***
Dealt to Mahu2021 [8s 3s]
kiszer23: raises 20 to 40
Mahu2021: calls 20
*** FLOP *** [5h Qh Ks]
Mahu2021: checks 
kiszer23: bets 20
Mahu2021: folds 
Uncalled bet (20) returned to kiszer23
kiszer23 collected 80 from pot
kiszer23: doesn't show hand 
*** SUMMARY ***
Total pot 80 | Rake 0 
Board [5h Qh Ks]
Seat 1: kiszer23 (button) (small blind) collected (80)
Seat 2: Mahu2021 (big blind) folded on the Flop



PokerStars Hand #251548579661: Tournament #3779226498, $1.84+$0.16 USD Hold'em No Limit - Level I (10/20) - 2024/07/18 17:46:17 CET [2024/07/18 11:46:17 ET]
Table '3779226498 1' 3-max Seat #2 is the button
Seat 1: kiszer23 (1220 in chips) 
Seat 2: Mahu2021 (280 in chips) 
Mahu2021: posts small blind 10
kiszer23: posts big blind 20
*** HOLE CARDS ***
Dealt to Mahu2021 [Ts 7d]
Mahu2021: calls 10
kiszer23: checks 
*** FLOP *** [5h Kc 4s]
kiszer23: checks 
Mahu2021: checks 
*** TURN *** [5h Kc 4s] [8c]
kiszer23: bets 20
Mahu2021: calls 20
*** RIVER *** [5h Kc 4s 8c] [5d]
kiszer23: checks 
Mahu2021: bets 240 and is all-in
kiszer23: folds 
Uncalled bet (240) returned to Mahu2021
Mahu2021 collected 80 from pot
Mahu2021: doesn't show hand 
*** SUMMARY ***
Total pot 80 | Rake 0 
Board [5h Kc 4s 8c 5d]
Seat 1: kiszer23 (big blind) folded on the River
Seat 2: Mahu2021 (button) (small blind) collected (80)



PokerStars Hand #251548582708: Tournament #3779226498, $1.84+$0.16 USD Hold'em No Limit - Level I (10/20) - 2024/07/18 17:46:32 CET [2024/07/18 11:46:32 ET]
Table '3779226498 1' 3-max Seat #1 is the button
Seat 1: kiszer23 (1180 in chips) 
Seat 2: Mahu2021 (320 in chips) 
kiszer23: posts small blind 10
Mahu2021: posts big blind 20
*** HOLE CARDS ***
Dealt to Mahu2021 [Ts Qc]
kiszer23: calls 10
Mahu2021: checks 
*** FLOP *** [Jd 8d Jh]
Mahu2021: checks 
kiszer23: checks 
*** TURN *** [Jd 8d Jh] [Ad]
Mahu2021: checks 
kiszer23: bets 20
Mahu2021: calls 20
*** RIVER *** [Jd 8d Jh Ad] [Qh]
Mahu2021: checks 
kiszer23: bets 70
Mahu2021: calls 70
*** SHOW DOWN ***
kiszer23: shows [Th 9d] (a straight, Eight to Queen)
Mahu2021: mucks hand 
kiszer23 collected 220 from pot
*** SUMMARY ***
Total pot 220 | Rake 0 
Board [Jd 8d Jh Ad Qh]
Seat 1: kiszer23 (button) (small blind) showed [Th 9d] and won (220) with a straight, Eight to Queen
Seat 2: Mahu2021 (big blind) mucked [Ts Qc]



PokerStars Hand #251548587379: Tournament #3779226498, $1.84+$0.16 USD Hold'em No Limit - Level II (15/30) - 2024/07/18 17:46:54 CET [2024/07/18 11:46:54 ET]
Table '3779226498 1' 3-max Seat #2 is the button
Seat 1: kiszer23 (1290 in chips) 
Seat 2: Mahu2021 (210 in chips) 
Mahu2021: posts small blind 15
kiszer23: posts big blind 30
*** HOLE CARDS ***
Dealt to Mahu2021 [Qh 9s]
Mahu2021: raises 30 to 60
kiszer23: raises 1230 to 1290 and is all-in
Mahu2021: calls 150 and is all-in
Uncalled bet (1080) returned to kiszer23
*** FLOP *** [Td 9d 7c]
*** TURN *** [Td 9d 7c] [Kd]
*** RIVER *** [Td 9d 7c Kd] [6d]
*** SHOW DOWN ***
kiszer23: shows [Js Qc] (a straight, Nine to King)
Mahu2021: shows [Qh 9s] (a pair of Nines)
kiszer23 collected 420 from pot
Mahu2021 finished the tournament in 2nd place
kiszer23 wins the tournament and receives $6.00 - congratulations!
*** SUMMARY ***
Total pot 420 | Rake 0 
Board [Td 9d 7c Kd 6d]
Seat 1: kiszer23 (big blind) showed [Js Qc] and won (420) with a straight, Nine to King
Seat 2: Mahu2021 (button) (small blind) showed [Qh 9s] and lost with a pair of Nines



