PokerStars Hand #253092838720: Tournament #3816272424, $1.84+$0.16 USD Hold'em No Limit - Level I (10/20) - 2024/10/25 13:01:42 CET [2024/10/25 7:01:42 ET]
Table '3816272424 1' 3-max Seat #1 is the button
Seat 1: vanesssa1914 (500 in chips) 
Seat 2: chixx197 (500 in chips) 
Seat 3: Mahu2021 (500 in chips) 
chixx197: posts small blind 10
Mahu2021: posts big blind 20
*** HOLE CARDS ***
Dealt to Mahu2021 [7d Ac]
vanesssa1914: raises 50 to 70
chixx197: folds 
Mahu2021: folds 
Uncalled bet (50) returned to vanesssa1914
vanesssa1914 collected 50 from pot
*** SUMMARY ***
Total pot 50 | Rake 0 
Seat 1: vanesssa1914 (button) collected (50)
Seat 2: chixx197 (small blind) folded before Flop
Seat 3: Mahu2021 (big blind) folded before Flop



PokerStars Hand #253092839897: Tournament #3816272424, $1.84+$0.16 USD Hold'em No Limit - Level I (10/20) - 2024/10/25 13:01:51 CET [2024/10/25 7:01:51 ET]
Table '3816272424 1' 3-max Seat #2 is the button
Seat 1: vanesssa1914 (530 in chips) 
Seat 2: chixx197 (490 in chips) 
Seat 3: Mahu2021 (480 in chips) 
Mahu2021: posts small blind 10
vanesssa1914: posts big blind 20
*** HOLE CARDS ***
Dealt to Mahu2021 [7c 9h]
chixx197: folds 
Mahu2021: folds 
Uncalled bet (10) returned to vanesssa1914
vanesssa1914 collected 20 from pot
*** SUMMARY ***
Total pot 20 | Rake 0 
Seat 1: vanesssa1914 (big blind) collected (20)
Seat 2: chixx197 (button) folded before Flop (didn't bet)
Seat 3: Mahu2021 (small blind) folded before Flop



PokerStars Hand #253092840585: Tournament #3816272424, $1.84+$0.16 USD Hold'em No Limit - Level I (10/20) - 2024/10/25 13:01:57 CET [2024/10/25 7:01:57 ET]
Table '3816272424 1' 3-max Seat #3 is the button
Seat 1: vanesssa1914 (540 in chips) 
Seat 2: chixx197 (490 in chips) 
Seat 3: Mahu2021 (470 in chips) 
vanesssa1914: posts small blind 10
chixx197: posts big blind 20
*** HOLE CARDS ***
Dealt to Mahu2021 [Jd 6d]
Mahu2021: raises 20 to 40
vanesssa1914: calls 30
chixx197: folds 
*** FLOP *** [4s Jc 9c]
vanesssa1914: bets 20
Mahu2021: raises 60 to 80
vanesssa1914: calls 60
*** TURN *** [4s Jc 9c] [3s]
vanesssa1914: checks 
Mahu2021: checks 
*** RIVER *** [4s Jc 9c 3s] [9d]
vanesssa1914: bets 260
Mahu2021: folds 
Uncalled bet (260) returned to vanesssa1914
vanesssa1914 collected 260 from pot
*** SUMMARY ***
Total pot 260 | Rake 0 
Board [4s Jc 9c 3s 9d]
Seat 1: vanesssa1914 (small blind) collected (260)
Seat 2: chixx197 (big blind) folded before Flop
Seat 3: Mahu2021 (button) folded on the River



PokerStars Hand #253092847064: Tournament #3816272424, $1.84+$0.16 USD Hold'em No Limit - Level I (10/20) - 2024/10/25 13:02:48 CET [2024/10/25 7:02:48 ET]
Table '3816272424 1' 3-max Seat #1 is the button
Seat 1: vanesssa1914 (680 in chips) 
Seat 2: chixx197 (470 in chips) 
Seat 3: Mahu2021 (350 in chips) 
chixx197: posts small blind 10
Mahu2021: posts big blind 20
*** HOLE CARDS ***
Dealt to Mahu2021 [Th Kc]
vanesssa1914: folds 
chixx197: folds 
Uncalled bet (10) returned to Mahu2021
Mahu2021 collected 20 from pot
Mahu2021: doesn't show hand 
*** SUMMARY ***
Total pot 20 | Rake 0 
Seat 1: vanesssa1914 (button) folded before Flop (didn't bet)
Seat 2: chixx197 (small blind) folded before Flop
Seat 3: Mahu2021 (big blind) collected (20)



PokerStars Hand #253092848375: Tournament #3816272424, $1.84+$0.16 USD Hold'em No Limit - Level I (10/20) - 2024/10/25 13:02:58 CET [2024/10/25 7:02:58 ET]
Table '3816272424 1' 3-max Seat #2 is the button
Seat 1: vanesssa1914 (680 in chips) 
Seat 2: chixx197 (460 in chips) 
Seat 3: Mahu2021 (360 in chips) 
Mahu2021: posts small blind 10
vanesssa1914: posts big blind 20
*** HOLE CARDS ***
Dealt to Mahu2021 [9h 6c]
chixx197: calls 20
Mahu2021: folds 
vanesssa1914: raises 50 to 70
chixx197: calls 50
*** FLOP *** [Kc 4h 9d]
vanesssa1914: checks 
chixx197: checks 
*** TURN *** [Kc 4h 9d] [3c]
vanesssa1914: checks 
chixx197: checks 
*** RIVER *** [Kc 4h 9d 3c] [Kd]
vanesssa1914: bets 150
chixx197: folds 
Uncalled bet (150) returned to vanesssa1914
vanesssa1914 collected 150 from pot
*** SUMMARY ***
Total pot 150 | Rake 0 
Board [Kc 4h 9d 3c Kd]
Seat 1: vanesssa1914 (big blind) collected (150)
Seat 2: chixx197 (button) folded on the River
Seat 3: Mahu2021 (small blind) folded before Flop



PokerStars Hand #253092852554: Tournament #3816272424, $1.84+$0.16 USD Hold'em No Limit - Level I (10/20) - 2024/10/25 13:03:31 CET [2024/10/25 7:03:31 ET]
Table '3816272424 1' 3-max Seat #3 is the button
Seat 1: vanesssa1914 (760 in chips) 
Seat 2: chixx197 (390 in chips) 
Seat 3: Mahu2021 (350 in chips) 
vanesssa1914: posts small blind 10
chixx197: posts big blind 20
*** HOLE CARDS ***
Dealt to Mahu2021 [Qs Td]
Mahu2021: raises 20 to 40
vanesssa1914: raises 720 to 760 and is all-in
chixx197: folds 
Mahu2021: folds 
Uncalled bet (720) returned to vanesssa1914
vanesssa1914 collected 100 from pot
*** SUMMARY ***
Total pot 100 | Rake 0 
Seat 1: vanesssa1914 (small blind) collected (100)
Seat 2: chixx197 (big blind) folded before Flop
Seat 3: Mahu2021 (button) folded before Flop



PokerStars Hand #253092853731: Tournament #3816272424, $1.84+$0.16 USD Hold'em No Limit - Level I (10/20) - 2024/10/25 13:03:41 CET [2024/10/25 7:03:41 ET]
Table '3816272424 1' 3-max Seat #1 is the button
Seat 1: vanesssa1914 (820 in chips) 
Seat 2: chixx197 (370 in chips) 
Seat 3: Mahu2021 (310 in chips) 
chixx197: posts small blind 10
Mahu2021: posts big blind 20
*** HOLE CARDS ***
Dealt to Mahu2021 [Kh 8c]
vanesssa1914: raises 20 to 40
chixx197: folds 
Mahu2021: calls 20
*** FLOP *** [Jh 9h Qs]
Mahu2021: checks 
vanesssa1914: checks 
*** TURN *** [Jh 9h Qs] [4s]
Mahu2021: checks 
vanesssa1914: checks 
*** RIVER *** [Jh 9h Qs 4s] [Qc]
Mahu2021: checks 
vanesssa1914: checks 
*** SHOW DOWN ***
Mahu2021: shows [Kh 8c] (a pair of Queens)
vanesssa1914: shows [Ks Ac] (a pair of Queens - Ace kicker)
vanesssa1914 collected 90 from pot
*** SUMMARY ***
Total pot 90 | Rake 0 
Board [Jh 9h Qs 4s Qc]
Seat 1: vanesssa1914 (button) showed [Ks Ac] and won (90) with a pair of Queens
Seat 2: chixx197 (small blind) folded before Flop
Seat 3: Mahu2021 (big blind) showed [Kh 8c] and lost with a pair of Queens



PokerStars Hand #253092857604: Tournament #3816272424, $1.84+$0.16 USD Hold'em No Limit - Level I (10/20) - 2024/10/25 13:04:11 CET [2024/10/25 7:04:11 ET]
Table '3816272424 1' 3-max Seat #2 is the button
Seat 1: vanesssa1914 (870 in chips) 
Seat 2: chixx197 (360 in chips) 
Seat 3: Mahu2021 (270 in chips) 
Mahu2021: posts small blind 10
vanesssa1914: posts big blind 20
*** HOLE CARDS ***
Dealt to Mahu2021 [Ks 7s]
chixx197: calls 20
Mahu2021: calls 10
vanesssa1914: checks 
*** FLOP *** [Jd 5d Th]
Mahu2021: checks 
vanesssa1914: bets 20
chixx197: folds 
Mahu2021: folds 
Uncalled bet (20) returned to vanesssa1914
vanesssa1914 collected 60 from pot
*** SUMMARY ***
Total pot 60 | Rake 0 
Board [Jd 5d Th]
Seat 1: vanesssa1914 (big blind) collected (60)
Seat 2: chixx197 (button) folded on the Flop
Seat 3: Mahu2021 (small blind) folded on the Flop



PokerStars Hand #253092859815: Tournament #3816272424, $1.84+$0.16 USD Hold'em No Limit - Level I (10/20) - 2024/10/25 13:04:28 CET [2024/10/25 7:04:28 ET]
Table '3816272424 1' 3-max Seat #3 is the button
Seat 1: vanesssa1914 (910 in chips) 
Seat 2: chixx197 (340 in chips) 
Seat 3: Mahu2021 (250 in chips) 
vanesssa1914: posts small blind 10
chixx197: posts big blind 20
*** HOLE CARDS ***
Dealt to Mahu2021 [Ks 7c]
Mahu2021: raises 20 to 40
vanesssa1914: folds 
chixx197: folds 
Uncalled bet (20) returned to Mahu2021
Mahu2021 collected 50 from pot
Mahu2021: doesn't show hand 
*** SUMMARY ***
Total pot 50 | Rake 0 
Seat 1: vanesssa1914 (small blind) folded before Flop
Seat 2: chixx197 (big blind) folded before Flop
Seat 3: Mahu2021 (button) collected (50)



PokerStars Hand #253092861323: Tournament #3816272424, $1.84+$0.16 USD Hold'em No Limit - Level I (10/20) - 2024/10/25 13:04:40 CET [2024/10/25 7:04:40 ET]
Table '3816272424 1' 3-max Seat #1 is the button
Seat 1: vanesssa1914 (900 in chips) 
Seat 2: chixx197 (320 in chips) 
Seat 3: Mahu2021 (280 in chips) 
chixx197: posts small blind 10
Mahu2021: posts big blind 20
*** HOLE CARDS ***
Dealt to Mahu2021 [Kd 9s]
vanesssa1914: folds 
chixx197: calls 10
Mahu2021: checks 
*** FLOP *** [5s Qh 3c]
chixx197: checks 
Mahu2021: checks 
*** TURN *** [5s Qh 3c] [5d]
chixx197: checks 
Mahu2021: bets 20
chixx197: folds 
Uncalled bet (20) returned to Mahu2021
Mahu2021 collected 40 from pot
Mahu2021: doesn't show hand 
*** SUMMARY ***
Total pot 40 | Rake 0 
Board [5s Qh 3c 5d]
Seat 1: vanesssa1914 (button) folded before Flop (didn't bet)
Seat 2: chixx197 (small blind) folded on the Turn
Seat 3: Mahu2021 (big blind) collected (40)



PokerStars Hand #253092865880: Tournament #3816272424, $1.84+$0.16 USD Hold'em No Limit - Level II (15/30) - 2024/10/25 13:05:15 CET [2024/10/25 7:05:15 ET]
Table '3816272424 1' 3-max Seat #2 is the button
Seat 1: vanesssa1914 (900 in chips) 
Seat 2: chixx197 (300 in chips) 
Seat 3: Mahu2021 (300 in chips) 
Mahu2021: posts small blind 15
vanesssa1914: posts big blind 30
*** HOLE CARDS ***
Dealt to Mahu2021 [4d Td]
chixx197: folds 
Mahu2021: calls 15
vanesssa1914: checks 
*** FLOP *** [7s Ks 6s]
Mahu2021: checks 
vanesssa1914: bets 30
Mahu2021: folds 
Uncalled bet (30) returned to vanesssa1914
vanesssa1914 collected 60 from pot
*** SUMMARY ***
Total pot 60 | Rake 0 
Board [7s Ks 6s]
Seat 1: vanesssa1914 (big blind) collected (60)
Seat 2: chixx197 (button) folded before Flop (didn't bet)
Seat 3: Mahu2021 (small blind) folded on the Flop



PokerStars Hand #253092867714: Tournament #3816272424, $1.84+$0.16 USD Hold'em No Limit - Level II (15/30) - 2024/10/25 13:05:29 CET [2024/10/25 7:05:29 ET]
Table '3816272424 1' 3-max Seat #3 is the button
Seat 1: vanesssa1914 (930 in chips) 
Seat 2: chixx197 (300 in chips) 
Seat 3: Mahu2021 (270 in chips) 
vanesssa1914: posts small blind 15
chixx197: posts big blind 30
*** HOLE CARDS ***
Dealt to Mahu2021 [8d 4c]
Mahu2021: folds 
vanesssa1914: raises 900 to 930 and is all-in
chixx197: folds 
Uncalled bet (900) returned to vanesssa1914
vanesssa1914 collected 60 from pot
*** SUMMARY ***
Total pot 60 | Rake 0 
Seat 1: vanesssa1914 (small blind) collected (60)
Seat 2: chixx197 (big blind) folded before Flop
Seat 3: Mahu2021 (button) folded before Flop (didn't bet)



PokerStars Hand #253092868784: Tournament #3816272424, $1.84+$0.16 USD Hold'em No Limit - Level II (15/30) - 2024/10/25 13:05:38 CET [2024/10/25 7:05:38 ET]
Table '3816272424 1' 3-max Seat #1 is the button
Seat 1: vanesssa1914 (960 in chips) 
Seat 2: chixx197 (270 in chips) 
Seat 3: Mahu2021 (270 in chips) 
chixx197: posts small blind 15
Mahu2021: posts big blind 30
*** HOLE CARDS ***
Dealt to Mahu2021 [Ah 4s]
vanesssa1914: folds 
chixx197: calls 15
Mahu2021: raises 240 to 270 and is all-in
chixx197: calls 240 and is all-in
*** FLOP *** [8s 5h 5s]
*** TURN *** [8s 5h 5s] [9h]
*** RIVER *** [8s 5h 5s 9h] [4c]
*** SHOW DOWN ***
chixx197: shows [6s As] (a pair of Fives)
Mahu2021: shows [Ah 4s] (two pair, Fives and Fours)
Mahu2021 collected 540 from pot
chixx197 finished the tournament in 3rd place
*** SUMMARY ***
Total pot 540 | Rake 0 
Board [8s 5h 5s 9h 4c]
Seat 1: vanesssa1914 (button) folded before Flop (didn't bet)
Seat 2: chixx197 (small blind) showed [6s As] and lost with a pair of Fives
Seat 3: Mahu2021 (big blind) showed [Ah 4s] and won (540) with two pair, Fives and Fours



PokerStars Hand #253092872041: Tournament #3816272424, $1.84+$0.16 USD Hold'em No Limit - Level II (15/30) - 2024/10/25 13:06:02 CET [2024/10/25 7:06:02 ET]
Table '3816272424 1' 3-max Seat #3 is the button
Seat 1: vanesssa1914 (960 in chips) 
Seat 3: Mahu2021 (540 in chips) 
Mahu2021: posts small blind 15
vanesssa1914: posts big blind 30
*** HOLE CARDS ***
Dealt to Mahu2021 [Jh Th]
Mahu2021: raises 30 to 60
vanesssa1914: raises 30 to 90
Mahu2021: calls 30
*** FLOP *** [Jc Qs Ks]
vanesssa1914: bets 30
Mahu2021: calls 30
*** TURN *** [Jc Qs Ks] [2d]
vanesssa1914: bets 60
Mahu2021: calls 60
*** RIVER *** [Jc Qs Ks 2d] [3s]
vanesssa1914: bets 30
Mahu2021: raises 330 to 360 and is all-in
vanesssa1914: calls 330
*** SHOW DOWN ***
Mahu2021: shows [Jh Th] (a pair of Jacks)
vanesssa1914: shows [Ah Qc] (a pair of Queens)
vanesssa1914 collected 1080 from pot
Mahu2021 finished the tournament in 2nd place
vanesssa1914 wins the tournament and receives $6.00 - congratulations!
*** SUMMARY ***
Total pot 1080 | Rake 0 
Board [Jc Qs Ks 2d 3s]
Seat 1: vanesssa1914 (big blind) showed [Ah Qc] and won (1080) with a pair of Queens
Seat 3: Mahu2021 (button) (small blind) showed [Jh Th] and lost with a pair of Jacks



