PokerStars Hand #252316359513: Tournament #3797362871, $1.84+$0.16 USD Hold'em No Limit - Level I (10/20) - 2024/09/06 16:24:53 CET [2024/09/06 10:24:53 ET]
Table '3797362871 1' 3-max Seat #1 is the button
Seat 1: Mahu2021 (500 in chips) 
Seat 2: DonBosko52 (500 in chips) 
Seat 3: Alefcalou10 (500 in chips) 
DonBosko52: posts small blind 10
Alefcalou10: posts big blind 20
*** HOLE CARDS ***
Dealt to Mahu2021 [5d Ks]
Mahu2021: folds 
DonBosko52: calls 10
Alefcalou10: raises 40 to 60
DonBosko52: calls 40
*** FLOP *** [2s 5c 8d]
DonBosko52: checks 
Alefcalou10: checks 
*** TURN *** [2s 5c 8d] [Ad]
DonBosko52: checks 
Alefcalou10: bets 120
DonBosko52: folds 
Uncalled bet (120) returned to Alefcalou10
Alefcalou10 collected 120 from pot
*** SUMMARY ***
Total pot 120 | Rake 0 
Board [2s 5c 8d Ad]
Seat 1: Mahu2021 (button) folded before Flop (didn't bet)
Seat 2: DonBosko52 (small blind) folded on the Turn
Seat 3: Alefcalou10 (big blind) collected (120)



PokerStars Hand #252316362749: Tournament #3797362871, $1.84+$0.16 USD Hold'em No Limit - Level I (10/20) - 2024/09/06 16:25:09 CET [2024/09/06 10:25:09 ET]
Table '3797362871 1' 3-max Seat #2 is the button
Seat 1: Mahu2021 (500 in chips) 
Seat 2: DonBosko52 (440 in chips) 
Seat 3: Alefcalou10 (560 in chips) 
Alefcalou10: posts small blind 10
Mahu2021: posts big blind 20
*** HOLE CARDS ***
Dealt to Mahu2021 [Jc 7s]
DonBosko52: calls 20
Alefcalou10: raises 60 to 80
Mahu2021: folds 
DonBosko52: calls 60
*** FLOP *** [3h 4d 5c]
Alefcalou10: checks 
DonBosko52: checks 
*** TURN *** [3h 4d 5c] [Kh]
Alefcalou10: bets 180
DonBosko52: calls 180
*** RIVER *** [3h 4d 5c Kh] [7h]
Alefcalou10: checks 
DonBosko52: bets 180 and is all-in
Alefcalou10: folds 
Uncalled bet (180) returned to DonBosko52
DonBosko52 collected 540 from pot
DonBosko52: doesn't show hand 
*** SUMMARY ***
Total pot 540 | Rake 0 
Board [3h 4d 5c Kh 7h]
Seat 1: Mahu2021 (big blind) folded before Flop
Seat 2: DonBosko52 (button) collected (540)
Seat 3: Alefcalou10 (small blind) folded on the River



PokerStars Hand #252316366816: Tournament #3797362871, $1.84+$0.16 USD Hold'em No Limit - Level I (10/20) - 2024/09/06 16:25:29 CET [2024/09/06 10:25:29 ET]
Table '3797362871 1' 3-max Seat #3 is the button
Seat 1: Mahu2021 (480 in chips) 
Seat 2: DonBosko52 (720 in chips) 
Seat 3: Alefcalou10 (300 in chips) 
Mahu2021: posts small blind 10
DonBosko52: posts big blind 20
*** HOLE CARDS ***
Dealt to Mahu2021 [8s 2s]
Alefcalou10: raises 90 to 110
Mahu2021: folds 
DonBosko52: calls 90
*** FLOP *** [Qs Ts 3d]
DonBosko52: bets 610 and is all-in
Alefcalou10: calls 190 and is all-in
Uncalled bet (420) returned to DonBosko52
*** TURN *** [Qs Ts 3d] [Ad]
*** RIVER *** [Qs Ts 3d Ad] [Ac]
*** SHOW DOWN ***
DonBosko52: shows [Jh Qh] (two pair, Aces and Queens)
Alefcalou10: shows [Kd As] (three of a kind, Aces)
Alefcalou10 collected 610 from pot
*** SUMMARY ***
Total pot 610 | Rake 0 
Board [Qs Ts 3d Ad Ac]
Seat 1: Mahu2021 (small blind) folded before Flop
Seat 2: DonBosko52 (big blind) showed [Jh Qh] and lost with two pair, Aces and Queens
Seat 3: Alefcalou10 (button) showed [Kd As] and won (610) with three of a kind, Aces



PokerStars Hand #252316370844: Tournament #3797362871, $1.84+$0.16 USD Hold'em No Limit - Level I (10/20) - 2024/09/06 16:25:49 CET [2024/09/06 10:25:49 ET]
Table '3797362871 1' 3-max Seat #1 is the button
Seat 1: Mahu2021 (470 in chips) 
Seat 2: DonBosko52 (420 in chips) 
Seat 3: Alefcalou10 (610 in chips) 
DonBosko52: posts small blind 10
Alefcalou10: posts big blind 20
*** HOLE CARDS ***
Dealt to Mahu2021 [Kd 6s]
Mahu2021: folds 
DonBosko52: raises 400 to 420 and is all-in
Alefcalou10: folds 
Uncalled bet (400) returned to DonBosko52
DonBosko52 collected 40 from pot
DonBosko52: doesn't show hand 
*** SUMMARY ***
Total pot 40 | Rake 0 
Seat 1: Mahu2021 (button) folded before Flop (didn't bet)
Seat 2: DonBosko52 (small blind) collected (40)
Seat 3: Alefcalou10 (big blind) folded before Flop



PokerStars Hand #252316372568: Tournament #3797362871, $1.84+$0.16 USD Hold'em No Limit - Level I (10/20) - 2024/09/06 16:25:58 CET [2024/09/06 10:25:58 ET]
Table '3797362871 1' 3-max Seat #2 is the button
Seat 1: Mahu2021 (470 in chips) 
Seat 2: DonBosko52 (440 in chips) 
Seat 3: Alefcalou10 (590 in chips) 
Alefcalou10: posts small blind 10
Mahu2021: posts big blind 20
*** HOLE CARDS ***
Dealt to Mahu2021 [Qs 5c]
DonBosko52: raises 420 to 440 and is all-in
Alefcalou10: raises 150 to 590 and is all-in
Mahu2021: folds 
Uncalled bet (150) returned to Alefcalou10
*** FLOP *** [9h Ah Th]
*** TURN *** [9h Ah Th] [4c]
*** RIVER *** [9h Ah Th 4c] [6c]
*** SHOW DOWN ***
Alefcalou10: shows [Qc Qd] (a pair of Queens)
DonBosko52: shows [9d As] (two pair, Aces and Nines)
DonBosko52 collected 900 from pot
*** SUMMARY ***
Total pot 900 | Rake 0 
Board [9h Ah Th 4c 6c]
Seat 1: Mahu2021 (big blind) folded before Flop
Seat 2: DonBosko52 (button) showed [9d As] and won (900) with two pair, Aces and Nines
Seat 3: Alefcalou10 (small blind) showed [Qc Qd] and lost with a pair of Queens



PokerStars Hand #252316375260: Tournament #3797362871, $1.84+$0.16 USD Hold'em No Limit - Level I (10/20) - 2024/09/06 16:26:11 CET [2024/09/06 10:26:11 ET]
Table '3797362871 1' 3-max Seat #3 is the button
Seat 1: Mahu2021 (450 in chips) 
Seat 2: DonBosko52 (900 in chips) 
Seat 3: Alefcalou10 (150 in chips) 
Mahu2021: posts small blind 10
DonBosko52: posts big blind 20
*** HOLE CARDS ***
Dealt to Mahu2021 [Kc 4h]
Alefcalou10: raises 130 to 150 and is all-in
Mahu2021: folds 
DonBosko52: folds 
Uncalled bet (130) returned to Alefcalou10
Alefcalou10 collected 50 from pot
*** SUMMARY ***
Total pot 50 | Rake 0 
Seat 1: Mahu2021 (small blind) folded before Flop
Seat 2: DonBosko52 (big blind) folded before Flop
Seat 3: Alefcalou10 (button) collected (50)



PokerStars Hand #252316377105: Tournament #3797362871, $1.84+$0.16 USD Hold'em No Limit - Level I (10/20) - 2024/09/06 16:26:20 CET [2024/09/06 10:26:20 ET]
Table '3797362871 1' 3-max Seat #1 is the button
Seat 1: Mahu2021 (440 in chips) 
Seat 2: DonBosko52 (880 in chips) 
Seat 3: Alefcalou10 (180 in chips) 
DonBosko52: posts small blind 10
Alefcalou10: posts big blind 20
*** HOLE CARDS ***
Dealt to Mahu2021 [Kc 6c]
Mahu2021: folds 
DonBosko52: calls 10
Alefcalou10: raises 160 to 180 and is all-in
DonBosko52: calls 160
*** FLOP *** [Js 4c 9d]
*** TURN *** [Js 4c 9d] [7h]
*** RIVER *** [Js 4c 9d 7h] [Kh]
*** SHOW DOWN ***
DonBosko52: shows [3c Ah] (high card Ace)
Alefcalou10: shows [8s 9s] (a pair of Nines)
Alefcalou10 collected 360 from pot
*** SUMMARY ***
Total pot 360 | Rake 0 
Board [Js 4c 9d 7h Kh]
Seat 1: Mahu2021 (button) folded before Flop (didn't bet)
Seat 2: DonBosko52 (small blind) showed [3c Ah] and lost with high card Ace
Seat 3: Alefcalou10 (big blind) showed [8s 9s] and won (360) with a pair of Nines



PokerStars Hand #252316380174: Tournament #3797362871, $1.84+$0.16 USD Hold'em No Limit - Level I (10/20) - 2024/09/06 16:26:35 CET [2024/09/06 10:26:35 ET]
Table '3797362871 1' 3-max Seat #2 is the button
Seat 1: Mahu2021 (440 in chips) 
Seat 2: DonBosko52 (700 in chips) 
Seat 3: Alefcalou10 (360 in chips) 
Alefcalou10: posts small blind 10
Mahu2021: posts big blind 20
*** HOLE CARDS ***
Dealt to Mahu2021 [4d 2s]
DonBosko52: folds 
Alefcalou10: raises 80 to 100
Mahu2021: folds 
Uncalled bet (80) returned to Alefcalou10
Alefcalou10 collected 40 from pot
*** SUMMARY ***
Total pot 40 | Rake 0 
Seat 1: Mahu2021 (big blind) folded before Flop
Seat 2: DonBosko52 (button) folded before Flop (didn't bet)
Seat 3: Alefcalou10 (small blind) collected (40)



PokerStars Hand #252316381694: Tournament #3797362871, $1.84+$0.16 USD Hold'em No Limit - Level I (10/20) - 2024/09/06 16:26:43 CET [2024/09/06 10:26:43 ET]
Table '3797362871 1' 3-max Seat #3 is the button
Seat 1: Mahu2021 (420 in chips) 
Seat 2: DonBosko52 (700 in chips) 
Seat 3: Alefcalou10 (380 in chips) 
Mahu2021: posts small blind 10
DonBosko52: posts big blind 20
*** HOLE CARDS ***
Dealt to Mahu2021 [Ts 8c]
Alefcalou10: folds 
Mahu2021: calls 10
DonBosko52: checks 
*** FLOP *** [Qd 5d Kc]
Mahu2021: checks 
DonBosko52: checks 
*** TURN *** [Qd 5d Kc] [5c]
Mahu2021: checks 
DonBosko52: checks 
*** RIVER *** [Qd 5d Kc 5c] [Ah]
Mahu2021: checks 
DonBosko52: checks 
*** SHOW DOWN ***
Mahu2021: shows [Ts 8c] (a pair of Fives)
DonBosko52: shows [4c Js] (a pair of Fives)
Mahu2021 collected 20 from pot
DonBosko52 collected 20 from pot
*** SUMMARY ***
Total pot 40 | Rake 0 
Board [Qd 5d Kc 5c Ah]
Seat 1: Mahu2021 (small blind) showed [Ts 8c] and won (20) with a pair of Fives
Seat 2: DonBosko52 (big blind) showed [4c Js] and won (20) with a pair of Fives
Seat 3: Alefcalou10 (button) folded before Flop (didn't bet)



PokerStars Hand #252316385123: Tournament #3797362871, $1.84+$0.16 USD Hold'em No Limit - Level II (15/30) - 2024/09/06 16:27:00 CET [2024/09/06 10:27:00 ET]
Table '3797362871 1' 3-max Seat #1 is the button
Seat 1: Mahu2021 (420 in chips) 
Seat 2: DonBosko52 (700 in chips) 
Seat 3: Alefcalou10 (380 in chips) 
DonBosko52: posts small blind 15
Alefcalou10: posts big blind 30
*** HOLE CARDS ***
Dealt to Mahu2021 [5s Qh]
Mahu2021: folds 
DonBosko52: calls 15
Alefcalou10: checks 
*** FLOP *** [Qc Ad 4s]
DonBosko52: checks 
Alefcalou10: bets 90
DonBosko52: folds 
Uncalled bet (90) returned to Alefcalou10
Alefcalou10 collected 60 from pot
*** SUMMARY ***
Total pot 60 | Rake 0 
Board [Qc Ad 4s]
Seat 1: Mahu2021 (button) folded before Flop (didn't bet)
Seat 2: DonBosko52 (small blind) folded on the Flop
Seat 3: Alefcalou10 (big blind) collected (60)



PokerStars Hand #252316387619: Tournament #3797362871, $1.84+$0.16 USD Hold'em No Limit - Level II (15/30) - 2024/09/06 16:27:13 CET [2024/09/06 10:27:13 ET]
Table '3797362871 1' 3-max Seat #2 is the button
Seat 1: Mahu2021 (420 in chips) 
Seat 2: DonBosko52 (670 in chips) 
Seat 3: Alefcalou10 (410 in chips) 
Alefcalou10: posts small blind 15
Mahu2021: posts big blind 30
*** HOLE CARDS ***
Dealt to Mahu2021 [5s Kd]
DonBosko52: raises 640 to 670 and is all-in
Alefcalou10: calls 395 and is all-in
Mahu2021: folds 
Uncalled bet (260) returned to DonBosko52
*** FLOP *** [Ts 7d 9s]
*** TURN *** [Ts 7d 9s] [Qh]
*** RIVER *** [Ts 7d 9s Qh] [5c]
*** SHOW DOWN ***
Alefcalou10: shows [As 4s] (high card Ace)
DonBosko52: shows [Qd Ad] (a pair of Queens)
DonBosko52 collected 850 from pot
Alefcalou10 finished the tournament in 3rd place
*** SUMMARY ***
Total pot 850 | Rake 0 
Board [Ts 7d 9s Qh 5c]
Seat 1: Mahu2021 (big blind) folded before Flop
Seat 2: DonBosko52 (button) showed [Qd Ad] and won (850) with a pair of Queens
Seat 3: Alefcalou10 (small blind) showed [As 4s] and lost with high card Ace



PokerStars Hand #252316391054: Tournament #3797362871, $1.84+$0.16 USD Hold'em No Limit - Level II (15/30) - 2024/09/06 16:27:30 CET [2024/09/06 10:27:30 ET]
Table '3797362871 1' 3-max Seat #1 is the button
Seat 1: Mahu2021 (390 in chips) 
Seat 2: DonBosko52 (1110 in chips) 
Mahu2021: posts small blind 15
DonBosko52: posts big blind 30
*** HOLE CARDS ***
Dealt to Mahu2021 [6c Ks]
Mahu2021: calls 15
DonBosko52: raises 1080 to 1110 and is all-in
Mahu2021: folds 
Uncalled bet (1080) returned to DonBosko52
DonBosko52 collected 60 from pot
DonBosko52: doesn't show hand 
*** SUMMARY ***
Total pot 60 | Rake 0 
Seat 1: Mahu2021 (button) (small blind) folded before Flop
Seat 2: DonBosko52 (big blind) collected (60)



PokerStars Hand #252316392857: Tournament #3797362871, $1.84+$0.16 USD Hold'em No Limit - Level II (15/30) - 2024/09/06 16:27:38 CET [2024/09/06 10:27:38 ET]
Table '3797362871 1' 3-max Seat #2 is the button
Seat 1: Mahu2021 (360 in chips) 
Seat 2: DonBosko52 (1140 in chips) 
DonBosko52: posts small blind 15
Mahu2021: posts big blind 30
*** HOLE CARDS ***
Dealt to Mahu2021 [8c Ts]
DonBosko52: raises 1110 to 1140 and is all-in
Mahu2021: folds 
Uncalled bet (1110) returned to DonBosko52
DonBosko52 collected 60 from pot
DonBosko52: doesn't show hand 
*** SUMMARY ***
Total pot 60 | Rake 0 
Seat 1: Mahu2021 (big blind) folded before Flop
Seat 2: DonBosko52 (button) (small blind) collected (60)



PokerStars Hand #252316394134: Tournament #3797362871, $1.84+$0.16 USD Hold'em No Limit - Level II (15/30) - 2024/09/06 16:27:45 CET [2024/09/06 10:27:45 ET]
Table '3797362871 1' 3-max Seat #1 is the button
Seat 1: Mahu2021 (330 in chips) 
Seat 2: DonBosko52 (1170 in chips) 
Mahu2021: posts small blind 15
DonBosko52: posts big blind 30
*** HOLE CARDS ***
Dealt to Mahu2021 [Kh 4d]
Mahu2021: raises 300 to 330 and is all-in
DonBosko52: folds 
Uncalled bet (300) returned to Mahu2021
Mahu2021 collected 60 from pot
Mahu2021: doesn't show hand 
*** SUMMARY ***
Total pot 60 | Rake 0 
Seat 1: Mahu2021 (button) (small blind) collected (60)
Seat 2: DonBosko52 (big blind) folded before Flop



PokerStars Hand #252316395460: Tournament #3797362871, $1.84+$0.16 USD Hold'em No Limit - Level II (15/30) - 2024/09/06 16:27:51 CET [2024/09/06 10:27:51 ET]
Table '3797362871 1' 3-max Seat #2 is the button
Seat 1: Mahu2021 (360 in chips) 
Seat 2: DonBosko52 (1140 in chips) 
DonBosko52: posts small blind 15
Mahu2021: posts big blind 30
*** HOLE CARDS ***
Dealt to Mahu2021 [5d Td]
DonBosko52: calls 15
Mahu2021: checks 
*** FLOP *** [3h 7h Jd]
Mahu2021: checks 
DonBosko52: bets 60
Mahu2021: folds 
Uncalled bet (60) returned to DonBosko52
DonBosko52 collected 60 from pot
DonBosko52: doesn't show hand 
*** SUMMARY ***
Total pot 60 | Rake 0 
Board [3h 7h Jd]
Seat 1: Mahu2021 (big blind) folded on the Flop
Seat 2: DonBosko52 (button) (small blind) collected (60)



PokerStars Hand #252316397557: Tournament #3797362871, $1.84+$0.16 USD Hold'em No Limit - Level II (15/30) - 2024/09/06 16:28:02 CET [2024/09/06 10:28:02 ET]
Table '3797362871 1' 3-max Seat #1 is the button
Seat 1: Mahu2021 (330 in chips) 
Seat 2: DonBosko52 (1170 in chips) 
Mahu2021: posts small blind 15
DonBosko52: posts big blind 30
*** HOLE CARDS ***
Dealt to Mahu2021 [3s 5c]
Mahu2021: folds 
Uncalled bet (15) returned to DonBosko52
DonBosko52 collected 30 from pot
DonBosko52: doesn't show hand 
*** SUMMARY ***
Total pot 30 | Rake 0 
Seat 1: Mahu2021 (button) (small blind) folded before Flop
Seat 2: DonBosko52 (big blind) collected (30)



PokerStars Hand #252316398434: Tournament #3797362871, $1.84+$0.16 USD Hold'em No Limit - Level II (15/30) - 2024/09/06 16:28:06 CET [2024/09/06 10:28:06 ET]
Table '3797362871 1' 3-max Seat #2 is the button
Seat 1: Mahu2021 (315 in chips) 
Seat 2: DonBosko52 (1185 in chips) 
DonBosko52: posts small blind 15
Mahu2021: posts big blind 30
*** HOLE CARDS ***
Dealt to Mahu2021 [8d 2c]
DonBosko52: raises 1155 to 1185 and is all-in
Mahu2021: folds 
Uncalled bet (1155) returned to DonBosko52
DonBosko52 collected 60 from pot
DonBosko52: doesn't show hand 
*** SUMMARY ***
Total pot 60 | Rake 0 
Seat 1: Mahu2021 (big blind) folded before Flop
Seat 2: DonBosko52 (button) (small blind) collected (60)



PokerStars Hand #252316399610: Tournament #3797362871, $1.84+$0.16 USD Hold'em No Limit - Level II (15/30) - 2024/09/06 16:28:11 CET [2024/09/06 10:28:11 ET]
Table '3797362871 1' 3-max Seat #1 is the button
Seat 1: Mahu2021 (285 in chips) 
Seat 2: DonBosko52 (1215 in chips) 
Mahu2021: posts small blind 15
DonBosko52: posts big blind 30
*** HOLE CARDS ***
Dealt to Mahu2021 [7c 3c]
Mahu2021: folds 
Uncalled bet (15) returned to DonBosko52
DonBosko52 collected 30 from pot
DonBosko52: doesn't show hand 
*** SUMMARY ***
Total pot 30 | Rake 0 
Seat 1: Mahu2021 (button) (small blind) folded before Flop
Seat 2: DonBosko52 (big blind) collected (30)



PokerStars Hand #252316400484: Tournament #3797362871, $1.84+$0.16 USD Hold'em No Limit - Level II (15/30) - 2024/09/06 16:28:16 CET [2024/09/06 10:28:16 ET]
Table '3797362871 1' 3-max Seat #2 is the button
Seat 1: Mahu2021 (270 in chips) 
Seat 2: DonBosko52 (1230 in chips) 
DonBosko52: posts small blind 15
Mahu2021: posts big blind 30
*** HOLE CARDS ***
Dealt to Mahu2021 [3h Jc]
DonBosko52: raises 1200 to 1230 and is all-in
Mahu2021: folds 
Uncalled bet (1200) returned to DonBosko52
DonBosko52 collected 60 from pot
DonBosko52: doesn't show hand 
*** SUMMARY ***
Total pot 60 | Rake 0 
Seat 1: Mahu2021 (big blind) folded before Flop
Seat 2: DonBosko52 (button) (small blind) collected (60)



PokerStars Hand #252316401772: Tournament #3797362871, $1.84+$0.16 USD Hold'em No Limit - Level II (15/30) - 2024/09/06 16:28:22 CET [2024/09/06 10:28:22 ET]
Table '3797362871 1' 3-max Seat #1 is the button
Seat 1: Mahu2021 (240 in chips) 
Seat 2: DonBosko52 (1260 in chips) 
Mahu2021: posts small blind 15
DonBosko52: posts big blind 30
*** HOLE CARDS ***
Dealt to Mahu2021 [7d 4c]
Mahu2021: folds 
Uncalled bet (15) returned to DonBosko52
DonBosko52 collected 30 from pot
DonBosko52: doesn't show hand 
*** SUMMARY ***
Total pot 30 | Rake 0 
Seat 1: Mahu2021 (button) (small blind) folded before Flop
Seat 2: DonBosko52 (big blind) collected (30)



PokerStars Hand #252316402704: Tournament #3797362871, $1.84+$0.16 USD Hold'em No Limit - Level II (15/30) - 2024/09/06 16:28:27 CET [2024/09/06 10:28:27 ET]
Table '3797362871 1' 3-max Seat #2 is the button
Seat 1: Mahu2021 (225 in chips) 
Seat 2: DonBosko52 (1275 in chips) 
DonBosko52: posts small blind 15
Mahu2021: posts big blind 30
*** HOLE CARDS ***
Dealt to Mahu2021 [8d 7d]
DonBosko52: folds 
Uncalled bet (15) returned to Mahu2021
Mahu2021 collected 30 from pot
Mahu2021: doesn't show hand 
*** SUMMARY ***
Total pot 30 | Rake 0 
Seat 1: Mahu2021 (big blind) collected (30)
Seat 2: DonBosko52 (button) (small blind) folded before Flop



PokerStars Hand #252316403560: Tournament #3797362871, $1.84+$0.16 USD Hold'em No Limit - Level II (15/30) - 2024/09/06 16:28:31 CET [2024/09/06 10:28:31 ET]
Table '3797362871 1' 3-max Seat #1 is the button
Seat 1: Mahu2021 (240 in chips) 
Seat 2: DonBosko52 (1260 in chips) 
Mahu2021: posts small blind 15
DonBosko52: posts big blind 30
*** HOLE CARDS ***
Dealt to Mahu2021 [2d 5c]
Mahu2021: folds 
Uncalled bet (15) returned to DonBosko52
DonBosko52 collected 30 from pot
DonBosko52: doesn't show hand 
*** SUMMARY ***
Total pot 30 | Rake 0 
Seat 1: Mahu2021 (button) (small blind) folded before Flop
Seat 2: DonBosko52 (big blind) collected (30)



PokerStars Hand #252316404459: Tournament #3797362871, $1.84+$0.16 USD Hold'em No Limit - Level II (15/30) - 2024/09/06 16:28:36 CET [2024/09/06 10:28:36 ET]
Table '3797362871 1' 3-max Seat #2 is the button
Seat 1: Mahu2021 (225 in chips) 
Seat 2: DonBosko52 (1275 in chips) 
DonBosko52: posts small blind 15
Mahu2021: posts big blind 30
*** HOLE CARDS ***
Dealt to Mahu2021 [5s 7s]
DonBosko52: calls 15
Mahu2021: checks 
*** FLOP *** [7d Kd As]
Mahu2021: checks 
DonBosko52: checks 
*** TURN *** [7d Kd As] [2s]
Mahu2021: bets 60
DonBosko52: calls 60
*** RIVER *** [7d Kd As 2s] [Tc]
Mahu2021: checks 
DonBosko52: bets 180
Mahu2021: folds 
Uncalled bet (180) returned to DonBosko52
DonBosko52 collected 180 from pot
DonBosko52: doesn't show hand 
*** SUMMARY ***
Total pot 180 | Rake 0 
Board [7d Kd As 2s Tc]
Seat 1: Mahu2021 (big blind) folded on the River
Seat 2: DonBosko52 (button) (small blind) collected (180)



PokerStars Hand #252316409533: Tournament #3797362871, $1.84+$0.16 USD Hold'em No Limit - Level III (20/40) - 2024/09/06 16:29:00 CET [2024/09/06 10:29:00 ET]
Table '3797362871 1' 3-max Seat #1 is the button
Seat 1: Mahu2021 (135 in chips) 
Seat 2: DonBosko52 (1365 in chips) 
Mahu2021: posts small blind 20
DonBosko52: posts big blind 40
*** HOLE CARDS ***
Dealt to Mahu2021 [2s Qh]
Mahu2021: raises 95 to 135 and is all-in
DonBosko52: calls 95
*** FLOP *** [Qd 8h Jh]
*** TURN *** [Qd 8h Jh] [8s]
*** RIVER *** [Qd 8h Jh 8s] [3h]
*** SHOW DOWN ***
DonBosko52: shows [Js 8d] (a full house, Eights full of Jacks)
Mahu2021: shows [2s Qh] (two pair, Queens and Eights)
DonBosko52 collected 270 from pot
Mahu2021 finished the tournament in 2nd place
DonBosko52 wins the tournament and receives $4.00 - congratulations!
*** SUMMARY ***
Total pot 270 | Rake 0 
Board [Qd 8h Jh 8s 3h]
Seat 1: Mahu2021 (button) (small blind) showed [2s Qh] and lost with two pair, Queens and Eights
Seat 2: DonBosko52 (big blind) showed [Js 8d] and won (270) with a full house, Eights full of Jacks



