PokerStars Hand #252843163478: Tournament #3809984115, $1.84+$0.16 USD Hold'em No Limit - Level I (10/20) - 2024/10/09 17:15:47 CET [2024/10/09 11:15:47 ET]
Table '3809984115 1' 3-max Seat #1 is the button
Seat 1: Azni1 (500 in chips) 
Seat 2: Mahu2021 (500 in chips) 
Seat 3: nickni1994 (500 in chips) 
Mahu2021: posts small blind 10
nickni1994: posts big blind 20
*** HOLE CARDS ***
Dealt to Mahu2021 [5d Td]
Azni1: calls 20
Mahu2021: calls 10
nickni1994: checks 
*** FLOP *** [3h Qc 7c]
Mahu2021: checks 
nickni1994: checks 
Azni1: checks 
*** TURN *** [3h Qc 7c] [2c]
Mahu2021: checks 
nickni1994: bets 20
Azni1: raises 20 to 40
Mahu2021: folds 
nickni1994: calls 20
*** RIVER *** [3h Qc 7c 2c] [9c]
nickni1994: bets 100
Azni1: raises 340 to 440 and is all-in
nickni1994: calls 340 and is all-in
*** SHOW DOWN ***
Azni1: shows [3c 2s] (a flush, Queen high)
nickni1994: shows [9h 5s] (a pair of Nines)
Azni1 collected 1020 from pot
nickni1994 finished the tournament in 3rd place
*** SUMMARY ***
Total pot 1020 | Rake 0 
Board [3h Qc 7c 2c 9c]
Seat 1: Azni1 (button) showed [3c 2s] and won (1020) with a flush, Queen high
Seat 2: Mahu2021 (small blind) folded on the Turn
Seat 3: nickni1994 (big blind) showed [9h 5s] and lost with a pair of Nines



PokerStars Hand #252843171842: Tournament #3809984115, $1.84+$0.16 USD Hold'em No Limit - Level I (10/20) - 2024/10/09 17:16:26 CET [2024/10/09 11:16:26 ET]
Table '3809984115 1' 3-max Seat #2 is the button
Seat 1: Azni1 (1020 in chips) 
Seat 2: Mahu2021 (480 in chips) 
Mahu2021: posts small blind 10
Azni1: posts big blind 20
*** HOLE CARDS ***
Dealt to Mahu2021 [Td Ac]
Mahu2021: raises 20 to 40
Azni1: calls 20
*** FLOP *** [9d Ts 5s]
Azni1: checks 
Mahu2021: bets 80
Azni1: folds 
Uncalled bet (80) returned to Mahu2021
Mahu2021 collected 80 from pot
Mahu2021: doesn't show hand 
*** SUMMARY ***
Total pot 80 | Rake 0 
Board [9d Ts 5s]
Seat 1: Azni1 (big blind) folded on the Flop
Seat 2: Mahu2021 (button) (small blind) collected (80)



PokerStars Hand #252843174637: Tournament #3809984115, $1.84+$0.16 USD Hold'em No Limit - Level I (10/20) - 2024/10/09 17:16:39 CET [2024/10/09 11:16:39 ET]
Table '3809984115 1' 3-max Seat #1 is the button
Seat 1: Azni1 (980 in chips) 
Seat 2: Mahu2021 (520 in chips) 
Azni1: posts small blind 10
Mahu2021: posts big blind 20
*** HOLE CARDS ***
Dealt to Mahu2021 [5s 6s]
Azni1: calls 10
Mahu2021: checks 
*** FLOP *** [3h 2d Ks]
Mahu2021: checks 
Azni1: checks 
*** TURN *** [3h 2d Ks] [Kd]
Mahu2021: checks 
Azni1: bets 40
Mahu2021: calls 40
*** RIVER *** [3h 2d Ks Kd] [Jc]
Mahu2021: checks 
Azni1: bets 260
Mahu2021: folds 
Uncalled bet (260) returned to Azni1
Azni1 collected 120 from pot
Azni1: doesn't show hand 
*** SUMMARY ***
Total pot 120 | Rake 0 
Board [3h 2d Ks Kd Jc]
Seat 1: Azni1 (button) (small blind) collected (120)
Seat 2: Mahu2021 (big blind) folded on the River



PokerStars Hand #252843178432: Tournament #3809984115, $1.84+$0.16 USD Hold'em No Limit - Level I (10/20) - 2024/10/09 17:16:57 CET [2024/10/09 11:16:57 ET]
Table '3809984115 1' 3-max Seat #2 is the button
Seat 1: Azni1 (1040 in chips) 
Seat 2: Mahu2021 (460 in chips) 
Mahu2021: posts small blind 10
Azni1: posts big blind 20
*** HOLE CARDS ***
Dealt to Mahu2021 [Ad 2s]
Mahu2021: calls 10
Azni1: checks 
*** FLOP *** [4d Qs Qh]
Azni1: checks 
Mahu2021: bets 20
Azni1: raises 20 to 40
Mahu2021: calls 20
*** TURN *** [4d Qs Qh] [2h]
Azni1: checks 
Mahu2021: bets 40
Azni1: calls 40
*** RIVER *** [4d Qs Qh 2h] [5c]
Azni1: bets 20
Mahu2021: calls 20
*** SHOW DOWN ***
Azni1: shows [Kd 3s] (a pair of Queens)
Mahu2021: shows [Ad 2s] (two pair, Queens and Deuces)
Mahu2021 collected 240 from pot
*** SUMMARY ***
Total pot 240 | Rake 0 
Board [4d Qs Qh 2h 5c]
Seat 1: Azni1 (big blind) showed [Kd 3s] and lost with a pair of Queens
Seat 2: Mahu2021 (button) (small blind) showed [Ad 2s] and won (240) with two pair, Queens and Deuces



PokerStars Hand #252843183914: Tournament #3809984115, $1.84+$0.16 USD Hold'em No Limit - Level I (10/20) - 2024/10/09 17:17:22 CET [2024/10/09 11:17:22 ET]
Table '3809984115 1' 3-max Seat #1 is the button
Seat 1: Azni1 (920 in chips) 
Seat 2: Mahu2021 (580 in chips) 
Azni1: posts small blind 10
Mahu2021: posts big blind 20
*** HOLE CARDS ***
Dealt to Mahu2021 [3h 4s]
Azni1: calls 10
Mahu2021: checks 
*** FLOP *** [Jc 4h 6s]
Mahu2021: checks 
Azni1: checks 
*** TURN *** [Jc 4h 6s] [2c]
Mahu2021: checks 
Azni1: checks 
*** RIVER *** [Jc 4h 6s 2c] [Ks]
Mahu2021: checks 
Azni1: bets 140
Mahu2021: folds 
Uncalled bet (140) returned to Azni1
Azni1 collected 40 from pot
Azni1: doesn't show hand 
*** SUMMARY ***
Total pot 40 | Rake 0 
Board [Jc 4h 6s 2c Ks]
Seat 1: Azni1 (button) (small blind) collected (40)
Seat 2: Mahu2021 (big blind) folded on the River



PokerStars Hand #252843187634: Tournament #3809984115, $1.84+$0.16 USD Hold'em No Limit - Level I (10/20) - 2024/10/09 17:17:39 CET [2024/10/09 11:17:39 ET]
Table '3809984115 1' 3-max Seat #2 is the button
Seat 1: Azni1 (940 in chips) 
Seat 2: Mahu2021 (560 in chips) 
Mahu2021: posts small blind 10
Azni1: posts big blind 20
*** HOLE CARDS ***
Dealt to Mahu2021 [Qs Jh]
Mahu2021: raises 20 to 40
Azni1: calls 20
*** FLOP *** [Jd 9d 9c]
Azni1: bets 80
Mahu2021: calls 80
*** TURN *** [Jd 9d 9c] [3d]
Azni1: bets 120
Mahu2021: calls 120
*** RIVER *** [Jd 9d 9c 3d] [7c]
Azni1: checks 
Mahu2021: checks 
*** SHOW DOWN ***
Azni1: shows [Tc Qc] (a pair of Nines)
Mahu2021: shows [Qs Jh] (two pair, Jacks and Nines)
Mahu2021 collected 480 from pot
*** SUMMARY ***
Total pot 480 | Rake 0 
Board [Jd 9d 9c 3d 7c]
Seat 1: Azni1 (big blind) showed [Tc Qc] and lost with a pair of Nines
Seat 2: Mahu2021 (button) (small blind) showed [Qs Jh] and won (480) with two pair, Jacks and Nines



PokerStars Hand #252843191686: Tournament #3809984115, $1.84+$0.16 USD Hold'em No Limit - Level I (10/20) - 2024/10/09 17:17:58 CET [2024/10/09 11:17:58 ET]
Table '3809984115 1' 3-max Seat #1 is the button
Seat 1: Azni1 (700 in chips) 
Seat 2: Mahu2021 (800 in chips) 
Azni1: posts small blind 10
Mahu2021: posts big blind 20
*** HOLE CARDS ***
Dealt to Mahu2021 [Td Ad]
Azni1: raises 20 to 40
Mahu2021: raises 760 to 800 and is all-in
Azni1: calls 660 and is all-in
Uncalled bet (100) returned to Mahu2021
*** FLOP *** [9h 2s Jh]
*** TURN *** [9h 2s Jh] [4d]
*** RIVER *** [9h 2s Jh 4d] [2c]
*** SHOW DOWN ***
Mahu2021: shows [Td Ad] (a pair of Deuces)
Azni1: shows [Qc Kh] (a pair of Deuces - lower kicker)
Mahu2021 collected 1400 from pot
Azni1 finished the tournament in 2nd place
Mahu2021 wins the tournament and receives $6.00 - congratulations!
*** SUMMARY ***
Total pot 1400 | Rake 0 
Board [9h 2s Jh 4d 2c]
Seat 1: Azni1 (button) (small blind) showed [Qc Kh] and lost with a pair of Deuces
Seat 2: Mahu2021 (big blind) showed [Td Ad] and won (1400) with a pair of Deuces



