PokerStars Hand #246563389991: Tournament #3659653003, $0.92+$0.08 USD Hold'em No Limit - Level I (10/20) - 2023/10/16 10:58:21 CET [2023/10/16 4:58:21 ET]
Table '3659653003 1' 3-max Seat #1 is the button
Seat 1: edystt (500 in chips) 
Seat 2: Mahu2021 (500 in chips) 
Seat 3: ediewald (500 in chips) 
Mahu2021: posts small blind 10
ediewald: posts big blind 20
*** HOLE CARDS ***
Dealt to Mahu2021 [Kd 7d]
edystt: calls 20
Mahu2021: calls 10
ediewald: checks 
*** FLOP *** [9h 4h 7c]
Mahu2021: bets 20
ediewald: calls 20
edystt: raises 20 to 40
Mahu2021: calls 20
ediewald: calls 20
*** TURN *** [9h 4h 7c] [3h]
Mahu2021: checks 
ediewald: checks 
edystt: bets 110
Mahu2021: folds 
ediewald: folds 
Uncalled bet (110) returned to edystt
edystt collected 180 from pot
*** SUMMARY ***
Total pot 180 | Rake 0 
Board [9h 4h 7c 3h]
Seat 1: edystt (button) collected (180)
Seat 2: Mahu2021 (small blind) folded on the Turn
Seat 3: ediewald (big blind) folded on the Turn



PokerStars Hand #246563392697: Tournament #3659653003, $0.92+$0.08 USD Hold'em No Limit - Level I (10/20) - 2023/10/16 10:58:47 CET [2023/10/16 4:58:47 ET]
Table '3659653003 1' 3-max Seat #2 is the button
Seat 1: edystt (620 in chips) 
Seat 2: Mahu2021 (440 in chips) 
Seat 3: ediewald (440 in chips) 
ediewald: posts small blind 10
edystt: posts big blind 20
*** HOLE CARDS ***
Dealt to Mahu2021 [4s 4d]
Mahu2021: raises 20 to 40
ediewald: calls 30
edystt: folds 
*** FLOP *** [3s 7h 8c]
ediewald: checks 
Mahu2021: bets 100
ediewald: folds 
Uncalled bet (100) returned to Mahu2021
Mahu2021 collected 100 from pot
Mahu2021: doesn't show hand 
*** SUMMARY ***
Total pot 100 | Rake 0 
Board [3s 7h 8c]
Seat 1: edystt (big blind) folded before Flop
Seat 2: Mahu2021 (button) collected (100)
Seat 3: ediewald (small blind) folded on the Flop



PokerStars Hand #246563394458: Tournament #3659653003, $0.92+$0.08 USD Hold'em No Limit - Level I (10/20) - 2023/10/16 10:59:05 CET [2023/10/16 4:59:05 ET]
Table '3659653003 1' 3-max Seat #3 is the button
Seat 1: edystt (600 in chips) 
Seat 2: Mahu2021 (500 in chips) 
Seat 3: ediewald (400 in chips) 
edystt: posts small blind 10
Mahu2021: posts big blind 20
*** HOLE CARDS ***
Dealt to Mahu2021 [8d 4s]
ediewald: folds 
edystt: raises 20 to 40
Mahu2021: folds 
Uncalled bet (20) returned to edystt
edystt collected 40 from pot
*** SUMMARY ***
Total pot 40 | Rake 0 
Seat 1: edystt (small blind) collected (40)
Seat 2: Mahu2021 (big blind) folded before Flop
Seat 3: ediewald (button) folded before Flop (didn't bet)



PokerStars Hand #246563395257: Tournament #3659653003, $0.92+$0.08 USD Hold'em No Limit - Level I (10/20) - 2023/10/16 10:59:12 CET [2023/10/16 4:59:12 ET]
Table '3659653003 1' 3-max Seat #1 is the button
Seat 1: edystt (620 in chips) 
Seat 2: Mahu2021 (480 in chips) 
Seat 3: ediewald (400 in chips) 
Mahu2021: posts small blind 10
ediewald: posts big blind 20
*** HOLE CARDS ***
Dealt to Mahu2021 [7d 5s]
edystt: calls 20
Mahu2021: folds 
ediewald: checks 
*** FLOP *** [5h 8d Ks]
ediewald: checks 
edystt: bets 20
ediewald: folds 
Uncalled bet (20) returned to edystt
edystt collected 50 from pot
*** SUMMARY ***
Total pot 50 | Rake 0 
Board [5h 8d Ks]
Seat 1: edystt (button) collected (50)
Seat 2: Mahu2021 (small blind) folded before Flop
Seat 3: ediewald (big blind) folded on the Flop



PokerStars Hand #246563396676: Tournament #3659653003, $0.92+$0.08 USD Hold'em No Limit - Level I (10/20) - 2023/10/16 10:59:26 CET [2023/10/16 4:59:26 ET]
Table '3659653003 1' 3-max Seat #2 is the button
Seat 1: edystt (650 in chips) 
Seat 2: Mahu2021 (470 in chips) 
Seat 3: ediewald (380 in chips) 
ediewald: posts small blind 10
edystt: posts big blind 20
*** HOLE CARDS ***
Dealt to Mahu2021 [5s Js]
Mahu2021: calls 20
ediewald: calls 10
edystt: checks 
*** FLOP *** [Td 8h 6s]
ediewald: checks 
edystt: bets 20
Mahu2021: calls 20
ediewald: calls 20
*** TURN *** [Td 8h 6s] [2d]
ediewald: checks 
edystt: bets 20
Mahu2021: folds 
ediewald: calls 20
*** RIVER *** [Td 8h 6s 2d] [7c]
ediewald: checks 
edystt: bets 20
ediewald: calls 20
*** SHOW DOWN ***
edystt: shows [Jc 6h] (a pair of Sixes)
ediewald: shows [Qc 6d] (a pair of Sixes - Queen kicker)
ediewald collected 200 from pot
*** SUMMARY ***
Total pot 200 | Rake 0 
Board [Td 8h 6s 2d 7c]
Seat 1: edystt (big blind) showed [Jc 6h] and lost with a pair of Sixes
Seat 2: Mahu2021 (button) folded on the Turn
Seat 3: ediewald (small blind) showed [Qc 6d] and won (200) with a pair of Sixes



PokerStars Hand #246563399461: Tournament #3659653003, $0.92+$0.08 USD Hold'em No Limit - Level I (10/20) - 2023/10/16 10:59:54 CET [2023/10/16 4:59:54 ET]
Table '3659653003 1' 3-max Seat #3 is the button
Seat 1: edystt (570 in chips) 
Seat 2: Mahu2021 (430 in chips) 
Seat 3: ediewald (500 in chips) 
edystt: posts small blind 10
Mahu2021: posts big blind 20
*** HOLE CARDS ***
Dealt to Mahu2021 [7d Jc]
ediewald: calls 20
edystt: raises 550 to 570 and is all-in
Mahu2021: folds 
ediewald: folds 
Uncalled bet (550) returned to edystt
edystt collected 60 from pot
*** SUMMARY ***
Total pot 60 | Rake 0 
Seat 1: edystt (small blind) collected (60)
Seat 2: Mahu2021 (big blind) folded before Flop
Seat 3: ediewald (button) folded before Flop



PokerStars Hand #246563400791: Tournament #3659653003, $0.92+$0.08 USD Hold'em No Limit - Level I (10/20) - 2023/10/16 11:00:07 CET [2023/10/16 5:00:07 ET]
Table '3659653003 1' 3-max Seat #1 is the button
Seat 1: edystt (610 in chips) 
Seat 2: Mahu2021 (410 in chips) 
Seat 3: ediewald (480 in chips) 
Mahu2021: posts small blind 10
ediewald: posts big blind 20
*** HOLE CARDS ***
Dealt to Mahu2021 [Kd 5h]
edystt: raises 40 to 60
Mahu2021: folds 
ediewald: calls 40
*** FLOP *** [6h Th 2d]
ediewald: checks 
edystt: bets 65
ediewald: calls 65
*** TURN *** [6h Th 2d] [6d]
ediewald: checks 
edystt: bets 20
ediewald: raises 80 to 100
edystt: folds 
Uncalled bet (80) returned to ediewald
ediewald collected 300 from pot
*** SUMMARY ***
Total pot 300 | Rake 0 
Board [6h Th 2d 6d]
Seat 1: edystt (button) folded on the Turn
Seat 2: Mahu2021 (small blind) folded before Flop
Seat 3: ediewald (big blind) collected (300)



PokerStars Hand #246563404075: Tournament #3659653003, $0.92+$0.08 USD Hold'em No Limit - Level I (10/20) - 2023/10/16 11:00:39 CET [2023/10/16 5:00:39 ET]
Table '3659653003 1' 3-max Seat #2 is the button
Seat 1: edystt (465 in chips) 
Seat 2: Mahu2021 (400 in chips) 
Seat 3: ediewald (635 in chips) 
ediewald: posts small blind 10
edystt: posts big blind 20
*** HOLE CARDS ***
Dealt to Mahu2021 [Td Kc]
Mahu2021: raises 20 to 40
ediewald: calls 30
edystt: raises 80 to 120
Mahu2021: folds 
ediewald: raises 515 to 635 and is all-in
edystt: calls 345 and is all-in
Uncalled bet (170) returned to ediewald
*** FLOP *** [5c 4s Ac]
*** TURN *** [5c 4s Ac] [Kd]
*** RIVER *** [5c 4s Ac Kd] [Ts]
*** SHOW DOWN ***
ediewald: shows [9c 9d] (a pair of Nines)
edystt: shows [5s Qc] (a pair of Fives)
ediewald collected 970 from pot
edystt finished the tournament in 3rd place
*** SUMMARY ***
Total pot 970 | Rake 0 
Board [5c 4s Ac Kd Ts]
Seat 1: edystt (big blind) showed [5s Qc] and lost with a pair of Fives
Seat 2: Mahu2021 (button) folded before Flop
Seat 3: ediewald (small blind) showed [9c 9d] and won (970) with a pair of Nines



PokerStars Hand #246563407024: Tournament #3659653003, $0.92+$0.08 USD Hold'em No Limit - Level I (10/20) - 2023/10/16 11:01:05 CET [2023/10/16 5:01:05 ET]
Table '3659653003 1' 3-max Seat #3 is the button
Seat 2: Mahu2021 (360 in chips) 
Seat 3: ediewald (1140 in chips) 
ediewald: posts small blind 10
Mahu2021: posts big blind 20
*** HOLE CARDS ***
Dealt to Mahu2021 [Qh 3h]
ediewald: calls 10
Mahu2021: checks 
*** FLOP *** [4d Ac Js]
Mahu2021: checks 
ediewald: checks 
*** TURN *** [4d Ac Js] [As]
Mahu2021: bets 20
ediewald: folds 
Uncalled bet (20) returned to Mahu2021
Mahu2021 collected 40 from pot
Mahu2021: doesn't show hand 
*** SUMMARY ***
Total pot 40 | Rake 0 
Board [4d Ac Js As]
Seat 2: Mahu2021 (big blind) collected (40)
Seat 3: ediewald (button) (small blind) folded on the Turn



PokerStars Hand #246563408473: Tournament #3659653003, $0.92+$0.08 USD Hold'em No Limit - Level I (10/20) - 2023/10/16 11:01:18 CET [2023/10/16 5:01:18 ET]
Table '3659653003 1' 3-max Seat #2 is the button
Seat 2: Mahu2021 (380 in chips) 
Seat 3: ediewald (1120 in chips) 
Mahu2021: posts small blind 10
ediewald: posts big blind 20
*** HOLE CARDS ***
Dealt to Mahu2021 [6h Qs]
Mahu2021: calls 10
ediewald: checks 
*** FLOP *** [Kd 8s 5s]
ediewald: checks 
Mahu2021: checks 
*** TURN *** [Kd 8s 5s] [Qh]
ediewald: checks 
Mahu2021: checks 
*** RIVER *** [Kd 8s 5s Qh] [Kh]
ediewald: checks 
Mahu2021: bets 40
ediewald: folds 
Uncalled bet (40) returned to Mahu2021
Mahu2021 collected 40 from pot
Mahu2021: doesn't show hand 
*** SUMMARY ***
Total pot 40 | Rake 0 
Board [Kd 8s 5s Qh Kh]
Seat 2: Mahu2021 (button) (small blind) collected (40)
Seat 3: ediewald (big blind) folded on the River



PokerStars Hand #246563410939: Tournament #3659653003, $0.92+$0.08 USD Hold'em No Limit - Level II (15/30) - 2023/10/16 11:01:39 CET [2023/10/16 5:01:39 ET]
Table '3659653003 1' 3-max Seat #3 is the button
Seat 2: Mahu2021 (400 in chips) 
Seat 3: ediewald (1100 in chips) 
ediewald: posts small blind 15
Mahu2021: posts big blind 30
*** HOLE CARDS ***
Dealt to Mahu2021 [Kd 3s]
ediewald: calls 15
Mahu2021: checks 
*** FLOP *** [2h 7h 5c]
Mahu2021: checks 
ediewald: bets 30
Mahu2021: folds 
Uncalled bet (30) returned to ediewald
ediewald collected 60 from pot
*** SUMMARY ***
Total pot 60 | Rake 0 
Board [2h 7h 5c]
Seat 2: Mahu2021 (big blind) folded on the Flop
Seat 3: ediewald (button) (small blind) collected (60)



PokerStars Hand #246563412285: Tournament #3659653003, $0.92+$0.08 USD Hold'em No Limit - Level II (15/30) - 2023/10/16 11:01:51 CET [2023/10/16 5:01:51 ET]
Table '3659653003 1' 3-max Seat #2 is the button
Seat 2: Mahu2021 (370 in chips) 
Seat 3: ediewald (1130 in chips) 
Mahu2021: posts small blind 15
ediewald: posts big blind 30
*** HOLE CARDS ***
Dealt to Mahu2021 [Js 9h]
Mahu2021: raises 30 to 60
ediewald: folds 
Uncalled bet (30) returned to Mahu2021
Mahu2021 collected 60 from pot
Mahu2021: doesn't show hand 
*** SUMMARY ***
Total pot 60 | Rake 0 
Seat 2: Mahu2021 (button) (small blind) collected (60)
Seat 3: ediewald (big blind) folded before Flop



PokerStars Hand #246563413022: Tournament #3659653003, $0.92+$0.08 USD Hold'em No Limit - Level II (15/30) - 2023/10/16 11:01:58 CET [2023/10/16 5:01:58 ET]
Table '3659653003 1' 3-max Seat #3 is the button
Seat 2: Mahu2021 (400 in chips) 
Seat 3: ediewald (1100 in chips) 
ediewald: posts small blind 15
Mahu2021: posts big blind 30
*** HOLE CARDS ***
Dealt to Mahu2021 [Js 3c]
ediewald: calls 15
Mahu2021: checks 
*** FLOP *** [Qh 2d 4c]
Mahu2021: checks 
ediewald: checks 
*** TURN *** [Qh 2d 4c] [5d]
Mahu2021: checks 
ediewald: checks 
*** RIVER *** [Qh 2d 4c 5d] [9h]
Mahu2021: bets 30
ediewald: folds 
Uncalled bet (30) returned to Mahu2021
Mahu2021 collected 60 from pot
Mahu2021: doesn't show hand 
*** SUMMARY ***
Total pot 60 | Rake 0 
Board [Qh 2d 4c 5d 9h]
Seat 2: Mahu2021 (big blind) collected (60)
Seat 3: ediewald (button) (small blind) folded on the River



PokerStars Hand #246563415000: Tournament #3659653003, $0.92+$0.08 USD Hold'em No Limit - Level II (15/30) - 2023/10/16 11:02:15 CET [2023/10/16 5:02:15 ET]
Table '3659653003 1' 3-max Seat #2 is the button
Seat 2: Mahu2021 (430 in chips) 
Seat 3: ediewald (1070 in chips) 
Mahu2021: posts small blind 15
ediewald: posts big blind 30
*** HOLE CARDS ***
Dealt to Mahu2021 [6h 8d]
Mahu2021: folds 
Uncalled bet (15) returned to ediewald
ediewald collected 30 from pot
*** SUMMARY ***
Total pot 30 | Rake 0 
Seat 2: Mahu2021 (button) (small blind) folded before Flop
Seat 3: ediewald (big blind) collected (30)



PokerStars Hand #246563415610: Tournament #3659653003, $0.92+$0.08 USD Hold'em No Limit - Level II (15/30) - 2023/10/16 11:02:20 CET [2023/10/16 5:02:20 ET]
Table '3659653003 1' 3-max Seat #3 is the button
Seat 2: Mahu2021 (415 in chips) 
Seat 3: ediewald (1085 in chips) 
ediewald: posts small blind 15
Mahu2021: posts big blind 30
*** HOLE CARDS ***
Dealt to Mahu2021 [4c 6d]
ediewald: raises 30 to 60
Mahu2021: calls 30
*** FLOP *** [Jc 8s Ac]
Mahu2021: checks 
ediewald: bets 60
Mahu2021: folds 
Uncalled bet (60) returned to ediewald
ediewald collected 120 from pot
*** SUMMARY ***
Total pot 120 | Rake 0 
Board [Jc 8s Ac]
Seat 2: Mahu2021 (big blind) folded on the Flop
Seat 3: ediewald (button) (small blind) collected (120)



PokerStars Hand #246563417052: Tournament #3659653003, $0.92+$0.08 USD Hold'em No Limit - Level II (15/30) - 2023/10/16 11:02:32 CET [2023/10/16 5:02:32 ET]
Table '3659653003 1' 3-max Seat #2 is the button
Seat 2: Mahu2021 (355 in chips) 
Seat 3: ediewald (1145 in chips) 
Mahu2021: posts small blind 15
ediewald: posts big blind 30
*** HOLE CARDS ***
Dealt to Mahu2021 [6c 5c]
Mahu2021: raises 30 to 60
ediewald: calls 30
*** FLOP *** [7s Jc Qs]
ediewald: checks 
Mahu2021: checks 
*** TURN *** [7s Jc Qs] [4s]
ediewald: bets 60
Mahu2021: raises 235 to 295 and is all-in
ediewald: calls 235
*** RIVER *** [7s Jc Qs 4s] [8s]
*** SHOW DOWN ***
ediewald: shows [4c 7c] (two pair, Sevens and Fours)
Mahu2021: shows [6c 5c] (a straight, Four to Eight)
Mahu2021 collected 710 from pot
*** SUMMARY ***
Total pot 710 | Rake 0 
Board [7s Jc Qs 4s 8s]
Seat 2: Mahu2021 (button) (small blind) showed [6c 5c] and won (710) with a straight, Four to Eight
Seat 3: ediewald (big blind) showed [4c 7c] and lost with two pair, Sevens and Fours



PokerStars Hand #246563419290: Tournament #3659653003, $0.92+$0.08 USD Hold'em No Limit - Level II (15/30) - 2023/10/16 11:02:51 CET [2023/10/16 5:02:51 ET]
Table '3659653003 1' 3-max Seat #3 is the button
Seat 2: Mahu2021 (710 in chips) 
Seat 3: ediewald (790 in chips) 
ediewald: posts small blind 15
Mahu2021: posts big blind 30
*** HOLE CARDS ***
Dealt to Mahu2021 [2h 8h]
ediewald: calls 15
Mahu2021: checks 
*** FLOP *** [Qs 3s 5s]
Mahu2021: checks 
ediewald: checks 
*** TURN *** [Qs 3s 5s] [Jd]
Mahu2021: checks 
ediewald: checks 
*** RIVER *** [Qs 3s 5s Jd] [3c]
Mahu2021: checks 
ediewald: checks 
*** SHOW DOWN ***
Mahu2021: shows [2h 8h] (a pair of Threes)
ediewald: shows [6h Kh] (a pair of Threes - King kicker)
ediewald collected 60 from pot
*** SUMMARY ***
Total pot 60 | Rake 0 
Board [Qs 3s 5s Jd 3c]
Seat 2: Mahu2021 (big blind) showed [2h 8h] and lost with a pair of Threes
Seat 3: ediewald (button) (small blind) showed [6h Kh] and won (60) with a pair of Threes



PokerStars Hand #246563421043: Tournament #3659653003, $0.92+$0.08 USD Hold'em No Limit - Level II (15/30) - 2023/10/16 11:03:07 CET [2023/10/16 5:03:07 ET]
Table '3659653003 1' 3-max Seat #2 is the button
Seat 2: Mahu2021 (680 in chips) 
Seat 3: ediewald (820 in chips) 
Mahu2021: posts small blind 15
ediewald: posts big blind 30
*** HOLE CARDS ***
Dealt to Mahu2021 [9c 2c]
Mahu2021: folds 
Uncalled bet (15) returned to ediewald
ediewald collected 30 from pot
*** SUMMARY ***
Total pot 30 | Rake 0 
Seat 2: Mahu2021 (button) (small blind) folded before Flop
Seat 3: ediewald (big blind) collected (30)



PokerStars Hand #246563421682: Tournament #3659653003, $0.92+$0.08 USD Hold'em No Limit - Level II (15/30) - 2023/10/16 11:03:12 CET [2023/10/16 5:03:12 ET]
Table '3659653003 1' 3-max Seat #3 is the button
Seat 2: Mahu2021 (665 in chips) 
Seat 3: ediewald (835 in chips) 
ediewald: posts small blind 15
Mahu2021: posts big blind 30
*** HOLE CARDS ***
Dealt to Mahu2021 [4c 9c]
ediewald: raises 30 to 60
Mahu2021: folds 
Uncalled bet (30) returned to ediewald
ediewald collected 60 from pot
*** SUMMARY ***
Total pot 60 | Rake 0 
Seat 2: Mahu2021 (big blind) folded before Flop
Seat 3: ediewald (button) (small blind) collected (60)



PokerStars Hand #246563422691: Tournament #3659653003, $0.92+$0.08 USD Hold'em No Limit - Level II (15/30) - 2023/10/16 11:03:20 CET [2023/10/16 5:03:20 ET]
Table '3659653003 1' 3-max Seat #2 is the button
Seat 2: Mahu2021 (635 in chips) 
Seat 3: ediewald (865 in chips) 
Mahu2021: posts small blind 15
ediewald: posts big blind 30
*** HOLE CARDS ***
Dealt to Mahu2021 [7c 5c]
Mahu2021: raises 30 to 60
ediewald: calls 30
*** FLOP *** [6c Ac 4c]
ediewald: bets 30
Mahu2021: raises 545 to 575 and is all-in
ediewald: calls 545
*** TURN *** [6c Ac 4c] [Td]
*** RIVER *** [6c Ac 4c Td] [2h]
*** SHOW DOWN ***
ediewald: shows [Kc 6d] (a pair of Sixes)
Mahu2021: shows [7c 5c] (a flush, Ace high)
Mahu2021 collected 1270 from pot
*** SUMMARY ***
Total pot 1270 | Rake 0 
Board [6c Ac 4c Td 2h]
Seat 2: Mahu2021 (button) (small blind) showed [7c 5c] and won (1270) with a flush, Ace high
Seat 3: ediewald (big blind) showed [Kc 6d] and lost with a pair of Sixes



PokerStars Hand #246563425221: Tournament #3659653003, $0.92+$0.08 USD Hold'em No Limit - Level II (15/30) - 2023/10/16 11:03:42 CET [2023/10/16 5:03:42 ET]
Table '3659653003 1' 3-max Seat #3 is the button
Seat 2: Mahu2021 (1270 in chips) 
Seat 3: ediewald (230 in chips) 
ediewald: posts small blind 15
Mahu2021: posts big blind 30
*** HOLE CARDS ***
Dealt to Mahu2021 [Jh 9c]
ediewald: raises 200 to 230 and is all-in
Mahu2021: folds 
Uncalled bet (200) returned to ediewald
ediewald collected 60 from pot
*** SUMMARY ***
Total pot 60 | Rake 0 
Seat 2: Mahu2021 (big blind) folded before Flop
Seat 3: ediewald (button) (small blind) collected (60)



PokerStars Hand #246563426087: Tournament #3659653003, $0.92+$0.08 USD Hold'em No Limit - Level II (15/30) - 2023/10/16 11:03:49 CET [2023/10/16 5:03:49 ET]
Table '3659653003 1' 3-max Seat #2 is the button
Seat 2: Mahu2021 (1240 in chips) 
Seat 3: ediewald (260 in chips) 
Mahu2021: posts small blind 15
ediewald: posts big blind 30
*** HOLE CARDS ***
Dealt to Mahu2021 [Js As]
Mahu2021: raises 30 to 60
ediewald: raises 200 to 260 and is all-in
Mahu2021: calls 200
*** FLOP *** [Tc 4d 2h]
*** TURN *** [Tc 4d 2h] [Jc]
*** RIVER *** [Tc 4d 2h Jc] [5c]
*** SHOW DOWN ***
ediewald: shows [Kh Ad] (high card Ace)
Mahu2021: shows [Js As] (a pair of Jacks)
Mahu2021 collected 520 from pot
ediewald finished the tournament in 2nd place
Mahu2021 wins the tournament and receives $3.00 - congratulations!
*** SUMMARY ***
Total pot 520 | Rake 0 
Board [Tc 4d 2h Jc 5c]
Seat 2: Mahu2021 (button) (small blind) showed [Js As] and won (520) with a pair of Jacks
Seat 3: ediewald (big blind) showed [Kh Ad] and lost with high card Ace



