PokerStars Hand #249087962370: Tournament #3721098492, $1.84+$0.16 USD Hold'em No Limit - Level I (10/20) - 2024/02/25 18:37:36 CET [2024/02/25 12:37:36 ET]
Table '3721098492 1' 3-max Seat #1 is the button
Seat 1: Mahu2021 (500 in chips) 
Seat 2: BIGBLUFFAMUNCHA (500 in chips) 
Seat 3: PsyCatStyle (500 in chips) 
BIGBLUFFAMUNCHA: posts small blind 10
PsyCatStyle: posts big blind 20
*** HOLE CARDS ***
Dealt to Mahu2021 [Th 9h]
Mahu2021: raises 20 to 40
BIGBLUFFAMUNCHA: raises 40 to 80
PsyCatStyle: folds 
Mahu2021: calls 40
*** FLOP *** [Kh 5c 7h]
BIGBLUFFAMUNCHA: bets 90
Mahu2021: calls 90
*** TURN *** [Kh 5c 7h] [Ad]
BIGBLUFFAMUNCHA: bets 330 and is all-in
Mahu2021: calls 330 and is all-in
*** RIVER *** [Kh 5c 7h Ad] [Jd]
*** SHOW DOWN ***
BIGBLUFFAMUNCHA: shows [Js Qh] (a pair of Jacks)
Mahu2021: shows [Th 9h] (high card Ace)
BIGBLUFFAMUNCHA collected 1020 from pot
Mahu2021 finished the tournament in 3rd place
*** SUMMARY ***
Total pot 1020 | Rake 0 
Board [Kh 5c 7h Ad Jd]
Seat 1: Mahu2021 (button) showed [Th 9h] and lost with high card Ace
Seat 2: BIGBLUFFAMUNCHA (small blind) showed [Js Qh] and won (1020) with a pair of Jacks
Seat 3: PsyCatStyle (big blind) folded before Flop



