PokerStars Hand #247786535641: Tournament #3689493801, $1.84+$0.16 USD Hold'em No Limit - Level I (10/20) - 2023/12/21 17:45:14 CET [2023/12/21 11:45:14 ET]
Table '3689493801 1' 3-max Seat #1 is the button
Seat 1: xboss19 (500 in chips) 
Seat 2: tinandopoker (500 in chips) 
Seat 3: Mahu2021 (500 in chips) 
tinandopoker: posts small blind 10
Mahu2021: posts big blind 20
*** HOLE CARDS ***
Dealt to Mahu2021 [Kd 2c]
xboss19: raises 20 to 40
tinandopoker: folds 
Mahu2021: calls 20
*** FLOP *** [Qc Ad 7h]
Mahu2021: checks 
xboss19: bets 27
Mahu2021: folds 
Uncalled bet (27) returned to xboss19
xboss19 collected 90 from pot
xboss19: doesn't show hand 
*** SUMMARY ***
Total pot 90 | Rake 0 
Board [Qc Ad 7h]
Seat 1: xboss19 (button) collected (90)
Seat 2: tinandopoker (small blind) folded before Flop
Seat 3: Mahu2021 (big blind) folded on the Flop



PokerStars Hand #247786542121: Tournament #3689493801, $1.84+$0.16 USD Hold'em No Limit - Level I (10/20) - 2023/12/21 17:45:39 CET [2023/12/21 11:45:39 ET]
Table '3689493801 1' 3-max Seat #2 is the button
Seat 1: xboss19 (550 in chips) 
Seat 2: tinandopoker (490 in chips) 
Seat 3: Mahu2021 (460 in chips) 
Mahu2021: posts small blind 10
xboss19: posts big blind 20
*** HOLE CARDS ***
Dealt to Mahu2021 [5c 7d]
tinandopoker: folds 
Mahu2021: folds 
Uncalled bet (10) returned to xboss19
xboss19 collected 20 from pot
xboss19: doesn't show hand 
*** SUMMARY ***
Total pot 20 | Rake 0 
Seat 1: xboss19 (big blind) collected (20)
Seat 2: tinandopoker (button) folded before Flop (didn't bet)
Seat 3: Mahu2021 (small blind) folded before Flop



PokerStars Hand #247786543887: Tournament #3689493801, $1.84+$0.16 USD Hold'em No Limit - Level I (10/20) - 2023/12/21 17:45:46 CET [2023/12/21 11:45:46 ET]
Table '3689493801 1' 3-max Seat #3 is the button
Seat 1: xboss19 (560 in chips) 
Seat 2: tinandopoker (490 in chips) 
Seat 3: Mahu2021 (450 in chips) 
xboss19: posts small blind 10
tinandopoker: posts big blind 20
*** HOLE CARDS ***
Dealt to Mahu2021 [4d 2s]
Mahu2021: folds 
xboss19: folds 
Uncalled bet (10) returned to tinandopoker
tinandopoker collected 20 from pot
tinandopoker: doesn't show hand 
*** SUMMARY ***
Total pot 20 | Rake 0 
Seat 1: xboss19 (small blind) folded before Flop
Seat 2: tinandopoker (big blind) collected (20)
Seat 3: Mahu2021 (button) folded before Flop (didn't bet)



PokerStars Hand #247786545167: Tournament #3689493801, $1.84+$0.16 USD Hold'em No Limit - Level I (10/20) - 2023/12/21 17:45:51 CET [2023/12/21 11:45:51 ET]
Table '3689493801 1' 3-max Seat #1 is the button
Seat 1: xboss19 (550 in chips) 
Seat 2: tinandopoker (500 in chips) 
Seat 3: Mahu2021 (450 in chips) 
tinandopoker: posts small blind 10
Mahu2021: posts big blind 20
*** HOLE CARDS ***
Dealt to Mahu2021 [Ad 9s]
xboss19: folds 
tinandopoker: folds 
Uncalled bet (10) returned to Mahu2021
Mahu2021 collected 20 from pot
Mahu2021: doesn't show hand 
*** SUMMARY ***
Total pot 20 | Rake 0 
Seat 1: xboss19 (button) folded before Flop (didn't bet)
Seat 2: tinandopoker (small blind) folded before Flop
Seat 3: Mahu2021 (big blind) collected (20)



PokerStars Hand #247786547335: Tournament #3689493801, $1.84+$0.16 USD Hold'em No Limit - Level I (10/20) - 2023/12/21 17:45:59 CET [2023/12/21 11:45:59 ET]
Table '3689493801 1' 3-max Seat #2 is the button
Seat 1: xboss19 (550 in chips) 
Seat 2: tinandopoker (490 in chips) 
Seat 3: Mahu2021 (460 in chips) 
Mahu2021: posts small blind 10
xboss19: posts big blind 20
*** HOLE CARDS ***
Dealt to Mahu2021 [Kd 5d]
tinandopoker has timed out
tinandopoker: folds 
tinandopoker is sitting out
Mahu2021: raises 20 to 40
tinandopoker has returned
xboss19: calls 20
*** FLOP *** [3h 9h 9c]
Mahu2021: checks 
xboss19: bets 20
Mahu2021: calls 20
*** TURN *** [3h 9h 9c] [5c]
Mahu2021: checks 
xboss19: checks 
*** RIVER *** [3h 9h 9c 5c] [5s]
Mahu2021: bets 120
xboss19: folds 
Uncalled bet (120) returned to Mahu2021
Mahu2021 collected 120 from pot
Mahu2021: doesn't show hand 
*** SUMMARY ***
Total pot 120 | Rake 0 
Board [3h 9h 9c 5c 5s]
Seat 1: xboss19 (big blind) folded on the River
Seat 2: tinandopoker (button) folded before Flop (didn't bet)
Seat 3: Mahu2021 (small blind) collected (120)



PokerStars Hand #247786554955: Tournament #3689493801, $1.84+$0.16 USD Hold'em No Limit - Level I (10/20) - 2023/12/21 17:46:27 CET [2023/12/21 11:46:27 ET]
Table '3689493801 1' 3-max Seat #3 is the button
Seat 1: xboss19 (490 in chips) 
Seat 2: tinandopoker (490 in chips) 
Seat 3: Mahu2021 (520 in chips) 
xboss19: posts small blind 10
tinandopoker: posts big blind 20
*** HOLE CARDS ***
Dealt to Mahu2021 [Jd Jh]
Mahu2021: raises 500 to 520 and is all-in
xboss19: folds 
tinandopoker: folds 
Uncalled bet (500) returned to Mahu2021
Mahu2021 collected 50 from pot
Mahu2021: doesn't show hand 
*** SUMMARY ***
Total pot 50 | Rake 0 
Seat 1: xboss19 (small blind) folded before Flop
Seat 2: tinandopoker (big blind) folded before Flop
Seat 3: Mahu2021 (button) collected (50)



PokerStars Hand #247786557342: Tournament #3689493801, $1.84+$0.16 USD Hold'em No Limit - Level I (10/20) - 2023/12/21 17:46:36 CET [2023/12/21 11:46:36 ET]
Table '3689493801 1' 3-max Seat #1 is the button
Seat 1: xboss19 (480 in chips) 
Seat 2: tinandopoker (470 in chips) 
Seat 3: Mahu2021 (550 in chips) 
tinandopoker: posts small blind 10
Mahu2021: posts big blind 20
*** HOLE CARDS ***
Dealt to Mahu2021 [5s 5d]
xboss19: folds 
tinandopoker: calls 10
Mahu2021: checks 
*** FLOP *** [7s 2s Kc]
tinandopoker: bets 21
Mahu2021: calls 21
*** TURN *** [7s 2s Kc] [Ks]
tinandopoker: bets 43
Mahu2021: calls 43
*** RIVER *** [7s 2s Kc Ks] [9c]
tinandopoker: checks 
Mahu2021: bets 466 and is all-in
tinandopoker: folds 
Uncalled bet (466) returned to Mahu2021
Mahu2021 collected 168 from pot
Mahu2021: doesn't show hand 
*** SUMMARY ***
Total pot 168 | Rake 0 
Board [7s 2s Kc Ks 9c]
Seat 1: xboss19 (button) folded before Flop (didn't bet)
Seat 2: tinandopoker (small blind) folded on the River
Seat 3: Mahu2021 (big blind) collected (168)



PokerStars Hand #247786570720: Tournament #3689493801, $1.84+$0.16 USD Hold'em No Limit - Level II (15/30) - 2023/12/21 17:47:27 CET [2023/12/21 11:47:27 ET]
Table '3689493801 1' 3-max Seat #2 is the button
Seat 1: xboss19 (480 in chips) 
Seat 2: tinandopoker (386 in chips) 
Seat 3: Mahu2021 (634 in chips) 
Mahu2021: posts small blind 15
xboss19: posts big blind 30
*** HOLE CARDS ***
Dealt to Mahu2021 [5d 8c]
tinandopoker: raises 356 to 386 and is all-in
Mahu2021: folds 
xboss19: folds 
Uncalled bet (356) returned to tinandopoker
tinandopoker collected 75 from pot
tinandopoker: doesn't show hand 
*** SUMMARY ***
Total pot 75 | Rake 0 
Seat 1: xboss19 (big blind) folded before Flop
Seat 2: tinandopoker (button) collected (75)
Seat 3: Mahu2021 (small blind) folded before Flop



PokerStars Hand #247786574613: Tournament #3689493801, $1.84+$0.16 USD Hold'em No Limit - Level II (15/30) - 2023/12/21 17:47:42 CET [2023/12/21 11:47:42 ET]
Table '3689493801 1' 3-max Seat #3 is the button
Seat 1: xboss19 (450 in chips) 
Seat 2: tinandopoker (431 in chips) 
Seat 3: Mahu2021 (619 in chips) 
xboss19: posts small blind 15
tinandopoker: posts big blind 30
*** HOLE CARDS ***
Dealt to Mahu2021 [Td 3s]
Mahu2021: folds 
xboss19: raises 420 to 450 and is all-in
tinandopoker: folds 
Uncalled bet (420) returned to xboss19
xboss19 collected 60 from pot
xboss19: doesn't show hand 
*** SUMMARY ***
Total pot 60 | Rake 0 
Seat 1: xboss19 (small blind) collected (60)
Seat 2: tinandopoker (big blind) folded before Flop
Seat 3: Mahu2021 (button) folded before Flop (didn't bet)



PokerStars Hand #247786578872: Tournament #3689493801, $1.84+$0.16 USD Hold'em No Limit - Level II (15/30) - 2023/12/21 17:47:58 CET [2023/12/21 11:47:58 ET]
Table '3689493801 1' 3-max Seat #1 is the button
Seat 1: xboss19 (480 in chips) 
Seat 2: tinandopoker (401 in chips) 
Seat 3: Mahu2021 (619 in chips) 
tinandopoker: posts small blind 15
Mahu2021: posts big blind 30
*** HOLE CARDS ***
Dealt to Mahu2021 [3d Ks]
xboss19: folds 
tinandopoker: raises 371 to 401 and is all-in
Mahu2021: folds 
Uncalled bet (371) returned to tinandopoker
tinandopoker collected 60 from pot
tinandopoker: doesn't show hand 
*** SUMMARY ***
Total pot 60 | Rake 0 
Seat 1: xboss19 (button) folded before Flop (didn't bet)
Seat 2: tinandopoker (small blind) collected (60)
Seat 3: Mahu2021 (big blind) folded before Flop



PokerStars Hand #247786582257: Tournament #3689493801, $1.84+$0.16 USD Hold'em No Limit - Level II (15/30) - 2023/12/21 17:48:11 CET [2023/12/21 11:48:11 ET]
Table '3689493801 1' 3-max Seat #2 is the button
Seat 1: xboss19 (480 in chips) 
Seat 2: tinandopoker (431 in chips) 
Seat 3: Mahu2021 (589 in chips) 
Mahu2021: posts small blind 15
xboss19: posts big blind 30
*** HOLE CARDS ***
Dealt to Mahu2021 [9c 7h]
tinandopoker: raises 30 to 60
Mahu2021: folds 
xboss19: calls 30
*** FLOP *** [6d Kc 2s]
xboss19: checks 
tinandopoker: bets 30
xboss19: folds 
Uncalled bet (30) returned to tinandopoker
tinandopoker collected 135 from pot
tinandopoker: doesn't show hand 
*** SUMMARY ***
Total pot 135 | Rake 0 
Board [6d Kc 2s]
Seat 1: xboss19 (big blind) folded on the Flop
Seat 2: tinandopoker (button) collected (135)
Seat 3: Mahu2021 (small blind) folded before Flop



PokerStars Hand #247786587246: Tournament #3689493801, $1.84+$0.16 USD Hold'em No Limit - Level II (15/30) - 2023/12/21 17:48:30 CET [2023/12/21 11:48:30 ET]
Table '3689493801 1' 3-max Seat #3 is the button
Seat 1: xboss19 (420 in chips) 
Seat 2: tinandopoker (506 in chips) 
Seat 3: Mahu2021 (574 in chips) 
xboss19: posts small blind 15
tinandopoker: posts big blind 30
*** HOLE CARDS ***
Dealt to Mahu2021 [6h 7s]
Mahu2021: folds 
xboss19: raises 390 to 420 and is all-in
tinandopoker: calls 390
*** FLOP *** [8d Tc 3s]
*** TURN *** [8d Tc 3s] [Th]
*** RIVER *** [8d Tc 3s Th] [2c]
*** SHOW DOWN ***
xboss19: shows [Jc As] (a pair of Tens)
tinandopoker: shows [8c 8s] (a full house, Eights full of Tens)
tinandopoker collected 840 from pot
xboss19 finished the tournament in 3rd place
*** SUMMARY ***
Total pot 840 | Rake 0 
Board [8d Tc 3s Th 2c]
Seat 1: xboss19 (small blind) showed [Jc As] and lost with a pair of Tens
Seat 2: tinandopoker (big blind) showed [8c 8s] and won (840) with a full house, Eights full of Tens
Seat 3: Mahu2021 (button) folded before Flop (didn't bet)



PokerStars Hand #247786592271: Tournament #3689493801, $1.84+$0.16 USD Hold'em No Limit - Level II (15/30) - 2023/12/21 17:48:48 CET [2023/12/21 11:48:48 ET]
Table '3689493801 1' 3-max Seat #2 is the button
Seat 2: tinandopoker (926 in chips) 
Seat 3: Mahu2021 (574 in chips) 
tinandopoker: posts small blind 15
Mahu2021: posts big blind 30
*** HOLE CARDS ***
Dealt to Mahu2021 [9s 5s]
tinandopoker: calls 15
Mahu2021: checks 
*** FLOP *** [9c 2h Kd]
Mahu2021: checks 
tinandopoker: checks 
*** TURN *** [9c 2h Kd] [Js]
Mahu2021: checks 
tinandopoker: checks 
*** RIVER *** [9c 2h Kd Js] [8d]
Mahu2021: bets 60
tinandopoker: folds 
Uncalled bet (60) returned to Mahu2021
Mahu2021 collected 60 from pot
Mahu2021: doesn't show hand 
*** SUMMARY ***
Total pot 60 | Rake 0 
Board [9c 2h Kd Js 8d]
Seat 2: tinandopoker (button) (small blind) folded on the River
Seat 3: Mahu2021 (big blind) collected (60)



PokerStars Hand #247786601520: Tournament #3689493801, $1.84+$0.16 USD Hold'em No Limit - Level III (20/40) - 2023/12/21 17:49:22 CET [2023/12/21 11:49:22 ET]
Table '3689493801 1' 3-max Seat #3 is the button
Seat 2: tinandopoker (896 in chips) 
Seat 3: Mahu2021 (604 in chips) 
Mahu2021: posts small blind 20
tinandopoker: posts big blind 40
*** HOLE CARDS ***
Dealt to Mahu2021 [Kc 7d]
Mahu2021: raises 40 to 80
tinandopoker: raises 816 to 896 and is all-in
Mahu2021: folds 
Uncalled bet (816) returned to tinandopoker
tinandopoker collected 160 from pot
tinandopoker: doesn't show hand 
*** SUMMARY ***
Total pot 160 | Rake 0 
Seat 2: tinandopoker (big blind) collected (160)
Seat 3: Mahu2021 (button) (small blind) folded before Flop



PokerStars Hand #247786603801: Tournament #3689493801, $1.84+$0.16 USD Hold'em No Limit - Level III (20/40) - 2023/12/21 17:49:31 CET [2023/12/21 11:49:31 ET]
Table '3689493801 1' 3-max Seat #2 is the button
Seat 2: tinandopoker (976 in chips) 
Seat 3: Mahu2021 (524 in chips) 
tinandopoker: posts small blind 20
Mahu2021: posts big blind 40
*** HOLE CARDS ***
Dealt to Mahu2021 [7d Kc]
tinandopoker: calls 20
Mahu2021: checks 
*** FLOP *** [9h 4s Qd]
Mahu2021: checks 
tinandopoker: bets 42
Mahu2021: folds 
Uncalled bet (42) returned to tinandopoker
tinandopoker collected 80 from pot
tinandopoker: doesn't show hand 
*** SUMMARY ***
Total pot 80 | Rake 0 
Board [9h 4s Qd]
Seat 2: tinandopoker (button) (small blind) collected (80)
Seat 3: Mahu2021 (big blind) folded on the Flop



