PokerStars Hand #248543607088: Tournament #3707928882, $1.84+$0.16 USD Hold'em No Limit - Level I (10/20) - 2024/01/28 14:43:50 CET [2024/01/28 8:43:50 ET]
Table '3707928882 1' 3-max Seat #1 is the button
Seat 1: alex1606w (500 in chips) 
Seat 2: Mahu2021 (500 in chips) 
Seat 3: maniakTOX (500 in chips) 
Mahu2021: posts small blind 10
maniakTOX: posts big blind 20
*** HOLE CARDS ***
Dealt to Mahu2021 [Js Td]
alex1606w: calls 20
Mahu2021: calls 10
maniakTOX: checks 
*** FLOP *** [Qs Jh 8s]
Mahu2021: checks 
maniakTOX: checks 
alex1606w: checks 
*** TURN *** [Qs Jh 8s] [6c]
Mahu2021: bets 20
maniakTOX: calls 20
alex1606w: calls 20
*** RIVER *** [Qs Jh 8s 6c] [Tc]
Mahu2021: bets 40
maniakTOX: raises 80 to 120
alex1606w: folds 
Mahu2021: calls 80
*** SHOW DOWN ***
maniakTOX: shows [Qd 9h] (a straight, Eight to Queen)
Mahu2021: mucks hand 
maniakTOX collected 360 from pot
*** SUMMARY ***
Total pot 360 | Rake 0 
Board [Qs Jh 8s 6c Tc]
Seat 1: alex1606w (button) folded on the River
Seat 2: Mahu2021 (small blind) mucked [Js Td]
Seat 3: maniakTOX (big blind) showed [Qd 9h] and won (360) with a straight, Eight to Queen



PokerStars Hand #248543615519: Tournament #3707928882, $1.84+$0.16 USD Hold'em No Limit - Level I (10/20) - 2024/01/28 14:44:28 CET [2024/01/28 8:44:28 ET]
Table '3707928882 1' 3-max Seat #2 is the button
Seat 1: alex1606w (460 in chips) 
Seat 2: Mahu2021 (340 in chips) 
Seat 3: maniakTOX (700 in chips) 
maniakTOX: posts small blind 10
alex1606w: posts big blind 20
*** HOLE CARDS ***
Dealt to Mahu2021 [Qc Jd]
Mahu2021: raises 20 to 40
maniakTOX: raises 70 to 110
alex1606w: calls 90
Mahu2021: calls 70
*** FLOP *** [Ks Qd 6h]
maniakTOX: bets 590 and is all-in
alex1606w: calls 350 and is all-in
Mahu2021: folds 
Uncalled bet (240) returned to maniakTOX
*** TURN *** [Ks Qd 6h] [2s]
*** RIVER *** [Ks Qd 6h 2s] [9s]
*** SHOW DOWN ***
maniakTOX: shows [Ad Ac] (a pair of Aces)
alex1606w: shows [Qh 7d] (a pair of Queens)
maniakTOX collected 1030 from pot
alex1606w finished the tournament in 3rd place
*** SUMMARY ***
Total pot 1030 | Rake 0 
Board [Ks Qd 6h 2s 9s]
Seat 1: alex1606w (big blind) showed [Qh 7d] and lost with a pair of Queens
Seat 2: Mahu2021 (button) folded on the Flop
Seat 3: maniakTOX (small blind) showed [Ad Ac] and won (1030) with a pair of Aces



PokerStars Hand #248543620819: Tournament #3707928882, $1.84+$0.16 USD Hold'em No Limit - Level I (10/20) - 2024/01/28 14:44:52 CET [2024/01/28 8:44:52 ET]
Table '3707928882 1' 3-max Seat #3 is the button
Seat 2: Mahu2021 (230 in chips) 
Seat 3: maniakTOX (1270 in chips) 
maniakTOX: posts small blind 10
Mahu2021: posts big blind 20
*** HOLE CARDS ***
Dealt to Mahu2021 [7c 9s]
maniakTOX: calls 10
Mahu2021: checks 
*** FLOP *** [As Ts Td]
Mahu2021: checks 
maniakTOX: bets 20
Mahu2021: folds 
Uncalled bet (20) returned to maniakTOX
maniakTOX collected 40 from pot
*** SUMMARY ***
Total pot 40 | Rake 0 
Board [As Ts Td]
Seat 2: Mahu2021 (big blind) folded on the Flop
Seat 3: maniakTOX (button) (small blind) collected (40)



PokerStars Hand #248543623537: Tournament #3707928882, $1.84+$0.16 USD Hold'em No Limit - Level I (10/20) - 2024/01/28 14:45:04 CET [2024/01/28 8:45:04 ET]
Table '3707928882 1' 3-max Seat #2 is the button
Seat 2: Mahu2021 (210 in chips) 
Seat 3: maniakTOX (1290 in chips) 
Mahu2021: posts small blind 10
maniakTOX: posts big blind 20
*** HOLE CARDS ***
Dealt to Mahu2021 [4c 4d]
Mahu2021: raises 190 to 210 and is all-in
maniakTOX: folds 
Uncalled bet (190) returned to Mahu2021
Mahu2021 collected 40 from pot
Mahu2021: doesn't show hand 
*** SUMMARY ***
Total pot 40 | Rake 0 
Seat 2: Mahu2021 (button) (small blind) collected (40)
Seat 3: maniakTOX (big blind) folded before Flop



PokerStars Hand #248543625042: Tournament #3707928882, $1.84+$0.16 USD Hold'em No Limit - Level I (10/20) - 2024/01/28 14:45:11 CET [2024/01/28 8:45:11 ET]
Table '3707928882 1' 3-max Seat #3 is the button
Seat 2: Mahu2021 (230 in chips) 
Seat 3: maniakTOX (1270 in chips) 
maniakTOX: posts small blind 10
Mahu2021: posts big blind 20
*** HOLE CARDS ***
Dealt to Mahu2021 [8c 3s]
maniakTOX: calls 10
Mahu2021: checks 
*** FLOP *** [9h 9c As]
Mahu2021: checks 
maniakTOX: bets 20
Mahu2021: folds 
Uncalled bet (20) returned to maniakTOX
maniakTOX collected 40 from pot
*** SUMMARY ***
Total pot 40 | Rake 0 
Board [9h 9c As]
Seat 2: Mahu2021 (big blind) folded on the Flop
Seat 3: maniakTOX (button) (small blind) collected (40)



PokerStars Hand #248543627261: Tournament #3707928882, $1.84+$0.16 USD Hold'em No Limit - Level I (10/20) - 2024/01/28 14:45:21 CET [2024/01/28 8:45:21 ET]
Table '3707928882 1' 3-max Seat #2 is the button
Seat 2: Mahu2021 (210 in chips) 
Seat 3: maniakTOX (1290 in chips) 
Mahu2021: posts small blind 10
maniakTOX: posts big blind 20
*** HOLE CARDS ***
Dealt to Mahu2021 [Js 9c]
Mahu2021: raises 190 to 210 and is all-in
maniakTOX: folds 
Uncalled bet (190) returned to Mahu2021
Mahu2021 collected 40 from pot
Mahu2021: doesn't show hand 
*** SUMMARY ***
Total pot 40 | Rake 0 
Seat 2: Mahu2021 (button) (small blind) collected (40)
Seat 3: maniakTOX (big blind) folded before Flop



PokerStars Hand #248543629283: Tournament #3707928882, $1.84+$0.16 USD Hold'em No Limit - Level I (10/20) - 2024/01/28 14:45:30 CET [2024/01/28 8:45:30 ET]
Table '3707928882 1' 3-max Seat #3 is the button
Seat 2: Mahu2021 (230 in chips) 
Seat 3: maniakTOX (1270 in chips) 
maniakTOX: posts small blind 10
Mahu2021: posts big blind 20
*** HOLE CARDS ***
Dealt to Mahu2021 [Ad 6h]
maniakTOX: calls 10
Mahu2021: raises 210 to 230 and is all-in
maniakTOX: folds 
Uncalled bet (210) returned to Mahu2021
Mahu2021 collected 40 from pot
Mahu2021: doesn't show hand 
*** SUMMARY ***
Total pot 40 | Rake 0 
Seat 2: Mahu2021 (big blind) collected (40)
Seat 3: maniakTOX (button) (small blind) folded before Flop



PokerStars Hand #248543631737: Tournament #3707928882, $1.84+$0.16 USD Hold'em No Limit - Level I (10/20) - 2024/01/28 14:45:41 CET [2024/01/28 8:45:41 ET]
Table '3707928882 1' 3-max Seat #2 is the button
Seat 2: Mahu2021 (250 in chips) 
Seat 3: maniakTOX (1250 in chips) 
Mahu2021: posts small blind 10
maniakTOX: posts big blind 20
*** HOLE CARDS ***
Dealt to Mahu2021 [Kd 8h]
Mahu2021: raises 20 to 40
maniakTOX: folds 
Uncalled bet (20) returned to Mahu2021
Mahu2021 collected 40 from pot
Mahu2021: doesn't show hand 
*** SUMMARY ***
Total pot 40 | Rake 0 
Seat 2: Mahu2021 (button) (small blind) collected (40)
Seat 3: maniakTOX (big blind) folded before Flop



PokerStars Hand #248543633082: Tournament #3707928882, $1.84+$0.16 USD Hold'em No Limit - Level I (10/20) - 2024/01/28 14:45:47 CET [2024/01/28 8:45:47 ET]
Table '3707928882 1' 3-max Seat #3 is the button
Seat 2: Mahu2021 (270 in chips) 
Seat 3: maniakTOX (1230 in chips) 
maniakTOX: posts small blind 10
Mahu2021: posts big blind 20
*** HOLE CARDS ***
Dealt to Mahu2021 [9c Ad]
maniakTOX: folds 
Uncalled bet (10) returned to Mahu2021
Mahu2021 collected 20 from pot
Mahu2021: doesn't show hand 
*** SUMMARY ***
Total pot 20 | Rake 0 
Seat 2: Mahu2021 (big blind) collected (20)
Seat 3: maniakTOX (button) (small blind) folded before Flop



PokerStars Hand #248543634166: Tournament #3707928882, $1.84+$0.16 USD Hold'em No Limit - Level I (10/20) - 2024/01/28 14:45:52 CET [2024/01/28 8:45:52 ET]
Table '3707928882 1' 3-max Seat #2 is the button
Seat 2: Mahu2021 (280 in chips) 
Seat 3: maniakTOX (1220 in chips) 
Mahu2021: posts small blind 10
maniakTOX: posts big blind 20
*** HOLE CARDS ***
Dealt to Mahu2021 [3d 4h]
Mahu2021: folds 
Uncalled bet (10) returned to maniakTOX
maniakTOX collected 20 from pot
*** SUMMARY ***
Total pot 20 | Rake 0 
Seat 2: Mahu2021 (button) (small blind) folded before Flop
Seat 3: maniakTOX (big blind) collected (20)



PokerStars Hand #248543635310: Tournament #3707928882, $1.84+$0.16 USD Hold'em No Limit - Level I (10/20) - 2024/01/28 14:45:57 CET [2024/01/28 8:45:57 ET]
Table '3707928882 1' 3-max Seat #3 is the button
Seat 2: Mahu2021 (270 in chips) 
Seat 3: maniakTOX (1230 in chips) 
maniakTOX: posts small blind 10
Mahu2021: posts big blind 20
*** HOLE CARDS ***
Dealt to Mahu2021 [2s 3d]
maniakTOX: calls 10
Mahu2021: checks 
*** FLOP *** [Jh 5d Jc]
Mahu2021: checks 
maniakTOX: bets 20
Mahu2021: folds 
Uncalled bet (20) returned to maniakTOX
maniakTOX collected 40 from pot
*** SUMMARY ***
Total pot 40 | Rake 0 
Board [Jh 5d Jc]
Seat 2: Mahu2021 (big blind) folded on the Flop
Seat 3: maniakTOX (button) (small blind) collected (40)



PokerStars Hand #248543638276: Tournament #3707928882, $1.84+$0.16 USD Hold'em No Limit - Level I (10/20) - 2024/01/28 14:46:10 CET [2024/01/28 8:46:10 ET]
Table '3707928882 1' 3-max Seat #2 is the button
Seat 2: Mahu2021 (250 in chips) 
Seat 3: maniakTOX (1250 in chips) 
Mahu2021: posts small blind 10
maniakTOX: posts big blind 20
*** HOLE CARDS ***
Dealt to Mahu2021 [Qc 7s]
Mahu2021: raises 230 to 250 and is all-in
maniakTOX: folds 
Uncalled bet (230) returned to Mahu2021
Mahu2021 collected 40 from pot
Mahu2021: doesn't show hand 
*** SUMMARY ***
Total pot 40 | Rake 0 
Seat 2: Mahu2021 (button) (small blind) collected (40)
Seat 3: maniakTOX (big blind) folded before Flop



PokerStars Hand #248543639765: Tournament #3707928882, $1.84+$0.16 USD Hold'em No Limit - Level I (10/20) - 2024/01/28 14:46:16 CET [2024/01/28 8:46:16 ET]
Table '3707928882 1' 3-max Seat #3 is the button
Seat 2: Mahu2021 (270 in chips) 
Seat 3: maniakTOX (1230 in chips) 
maniakTOX: posts small blind 10
Mahu2021: posts big blind 20
*** HOLE CARDS ***
Dealt to Mahu2021 [9d 2s]
maniakTOX: calls 10
Mahu2021: checks 
*** FLOP *** [Kc Qd 7c]
Mahu2021: checks 
maniakTOX: checks 
*** TURN *** [Kc Qd 7c] [4c]
Mahu2021: checks 
maniakTOX: bets 30
Mahu2021: folds 
Uncalled bet (30) returned to maniakTOX
maniakTOX collected 40 from pot
*** SUMMARY ***
Total pot 40 | Rake 0 
Board [Kc Qd 7c 4c]
Seat 2: Mahu2021 (big blind) folded on the Turn
Seat 3: maniakTOX (button) (small blind) collected (40)



PokerStars Hand #248543642749: Tournament #3707928882, $1.84+$0.16 USD Hold'em No Limit - Level I (10/20) - 2024/01/28 14:46:30 CET [2024/01/28 8:46:30 ET]
Table '3707928882 1' 3-max Seat #2 is the button
Seat 2: Mahu2021 (250 in chips) 
Seat 3: maniakTOX (1250 in chips) 
Mahu2021: posts small blind 10
maniakTOX: posts big blind 20
*** HOLE CARDS ***
Dealt to Mahu2021 [6s Ac]
Mahu2021: raises 230 to 250 and is all-in
maniakTOX: folds 
Uncalled bet (230) returned to Mahu2021
Mahu2021 collected 40 from pot
Mahu2021: doesn't show hand 
*** SUMMARY ***
Total pot 40 | Rake 0 
Seat 2: Mahu2021 (button) (small blind) collected (40)
Seat 3: maniakTOX (big blind) folded before Flop



PokerStars Hand #248543644268: Tournament #3707928882, $1.84+$0.16 USD Hold'em No Limit - Level I (10/20) - 2024/01/28 14:46:37 CET [2024/01/28 8:46:37 ET]
Table '3707928882 1' 3-max Seat #3 is the button
Seat 2: Mahu2021 (270 in chips) 
Seat 3: maniakTOX (1230 in chips) 
maniakTOX: posts small blind 10
Mahu2021: posts big blind 20
*** HOLE CARDS ***
Dealt to Mahu2021 [Th Kd]
maniakTOX: calls 10
Mahu2021: checks 
*** FLOP *** [5d 4h 6c]
Mahu2021: checks 
maniakTOX: checks 
*** TURN *** [5d 4h 6c] [Ad]
Mahu2021: checks 
maniakTOX: bets 30
Mahu2021: calls 30
*** RIVER *** [5d 4h 6c Ad] [Kh]
Mahu2021: checks 
maniakTOX: bets 67
Mahu2021: calls 67
*** SHOW DOWN ***
maniakTOX: shows [7c 9d] (high card Ace)
Mahu2021: shows [Th Kd] (a pair of Kings)
Mahu2021 collected 234 from pot
*** SUMMARY ***
Total pot 234 | Rake 0 
Board [5d 4h 6c Ad Kh]
Seat 2: Mahu2021 (big blind) showed [Th Kd] and won (234) with a pair of Kings
Seat 3: maniakTOX (button) (small blind) showed [7c 9d] and lost with high card Ace



PokerStars Hand #248543649912: Tournament #3707928882, $1.84+$0.16 USD Hold'em No Limit - Level II (15/30) - 2024/01/28 14:47:02 CET [2024/01/28 8:47:02 ET]
Table '3707928882 1' 3-max Seat #2 is the button
Seat 2: Mahu2021 (387 in chips) 
Seat 3: maniakTOX (1113 in chips) 
Mahu2021: posts small blind 15
maniakTOX: posts big blind 30
*** HOLE CARDS ***
Dealt to Mahu2021 [Th 3h]
Mahu2021: calls 15
maniakTOX: checks 
*** FLOP *** [6h 3c 2c]
maniakTOX: checks 
Mahu2021: bets 30
maniakTOX: calls 30
*** TURN *** [6h 3c 2c] [Qs]
maniakTOX: checks 
Mahu2021: checks 
*** RIVER *** [6h 3c 2c Qs] [Qc]
maniakTOX: checks 
Mahu2021: bets 30
maniakTOX: calls 30
*** SHOW DOWN ***
Mahu2021: shows [Th 3h] (two pair, Queens and Threes)
maniakTOX: mucks hand 
Mahu2021 collected 180 from pot
*** SUMMARY ***
Total pot 180 | Rake 0 
Board [6h 3c 2c Qs Qc]
Seat 2: Mahu2021 (button) (small blind) showed [Th 3h] and won (180) with two pair, Queens and Threes
Seat 3: maniakTOX (big blind) mucked [3d 7d]



PokerStars Hand #248543656870: Tournament #3707928882, $1.84+$0.16 USD Hold'em No Limit - Level II (15/30) - 2024/01/28 14:47:32 CET [2024/01/28 8:47:32 ET]
Table '3707928882 1' 3-max Seat #3 is the button
Seat 2: Mahu2021 (477 in chips) 
Seat 3: maniakTOX (1023 in chips) 
maniakTOX: posts small blind 15
Mahu2021: posts big blind 30
*** HOLE CARDS ***
Dealt to Mahu2021 [8h 7s]
maniakTOX: calls 15
Mahu2021: checks 
*** FLOP *** [2h 3c 2c]
Mahu2021: checks 
maniakTOX: checks 
*** TURN *** [2h 3c 2c] [6c]
Mahu2021: checks 
maniakTOX: checks 
*** RIVER *** [2h 3c 2c 6c] [Qs]
Mahu2021: checks 
maniakTOX: bets 45
Mahu2021: folds 
Uncalled bet (45) returned to maniakTOX
maniakTOX collected 60 from pot
*** SUMMARY ***
Total pot 60 | Rake 0 
Board [2h 3c 2c 6c Qs]
Seat 2: Mahu2021 (big blind) folded on the River
Seat 3: maniakTOX (button) (small blind) collected (60)



PokerStars Hand #248543663079: Tournament #3707928882, $1.84+$0.16 USD Hold'em No Limit - Level II (15/30) - 2024/01/28 14:48:00 CET [2024/01/28 8:48:00 ET]
Table '3707928882 1' 3-max Seat #2 is the button
Seat 2: Mahu2021 (447 in chips) 
Seat 3: maniakTOX (1053 in chips) 
Mahu2021: posts small blind 15
maniakTOX: posts big blind 30
*** HOLE CARDS ***
Dealt to Mahu2021 [4d Tc]
Mahu2021: folds 
Uncalled bet (15) returned to maniakTOX
maniakTOX collected 30 from pot
*** SUMMARY ***
Total pot 30 | Rake 0 
Seat 2: Mahu2021 (button) (small blind) folded before Flop
Seat 3: maniakTOX (big blind) collected (30)



PokerStars Hand #248543664161: Tournament #3707928882, $1.84+$0.16 USD Hold'em No Limit - Level II (15/30) - 2024/01/28 14:48:05 CET [2024/01/28 8:48:05 ET]
Table '3707928882 1' 3-max Seat #3 is the button
Seat 2: Mahu2021 (432 in chips) 
Seat 3: maniakTOX (1068 in chips) 
maniakTOX: posts small blind 15
Mahu2021: posts big blind 30
*** HOLE CARDS ***
Dealt to Mahu2021 [4s 7h]
maniakTOX: calls 15
Mahu2021: checks 
*** FLOP *** [Kd 7c 2s]
Mahu2021: checks 
maniakTOX: bets 30
Mahu2021: calls 30
*** TURN *** [Kd 7c 2s] [Ad]
Mahu2021: checks 
maniakTOX: checks 
*** RIVER *** [Kd 7c 2s Ad] [4c]
Mahu2021: bets 120
maniakTOX: folds 
Uncalled bet (120) returned to Mahu2021
Mahu2021 collected 120 from pot
Mahu2021: doesn't show hand 
*** SUMMARY ***
Total pot 120 | Rake 0 
Board [Kd 7c 2s Ad 4c]
Seat 2: Mahu2021 (big blind) collected (120)
Seat 3: maniakTOX (button) (small blind) folded on the River



PokerStars Hand #248543668910: Tournament #3707928882, $1.84+$0.16 USD Hold'em No Limit - Level II (15/30) - 2024/01/28 14:48:26 CET [2024/01/28 8:48:26 ET]
Table '3707928882 1' 3-max Seat #2 is the button
Seat 2: Mahu2021 (492 in chips) 
Seat 3: maniakTOX (1008 in chips) 
Mahu2021: posts small blind 15
maniakTOX: posts big blind 30
*** HOLE CARDS ***
Dealt to Mahu2021 [As Td]
Mahu2021: raises 60 to 90
maniakTOX: folds 
Uncalled bet (60) returned to Mahu2021
Mahu2021 collected 60 from pot
Mahu2021: doesn't show hand 
*** SUMMARY ***
Total pot 60 | Rake 0 
Seat 2: Mahu2021 (button) (small blind) collected (60)
Seat 3: maniakTOX (big blind) folded before Flop



PokerStars Hand #248543670412: Tournament #3707928882, $1.84+$0.16 USD Hold'em No Limit - Level II (15/30) - 2024/01/28 14:48:33 CET [2024/01/28 8:48:33 ET]
Table '3707928882 1' 3-max Seat #3 is the button
Seat 2: Mahu2021 (522 in chips) 
Seat 3: maniakTOX (978 in chips) 
maniakTOX: posts small blind 15
Mahu2021: posts big blind 30
*** HOLE CARDS ***
Dealt to Mahu2021 [7h 8c]
maniakTOX: calls 15
Mahu2021: checks 
*** FLOP *** [Jd Tc 8h]
Mahu2021: checks 
maniakTOX: checks 
*** TURN *** [Jd Tc 8h] [5s]
Mahu2021: checks 
maniakTOX: checks 
*** RIVER *** [Jd Tc 8h 5s] [Js]
Mahu2021: checks 
maniakTOX: bets 30
Mahu2021: calls 30
*** SHOW DOWN ***
maniakTOX: shows [2s 3h] (a pair of Jacks)
Mahu2021: shows [7h 8c] (two pair, Jacks and Eights)
Mahu2021 collected 120 from pot
*** SUMMARY ***
Total pot 120 | Rake 0 
Board [Jd Tc 8h 5s Js]
Seat 2: Mahu2021 (big blind) showed [7h 8c] and won (120) with two pair, Jacks and Eights
Seat 3: maniakTOX (button) (small blind) showed [2s 3h] and lost with a pair of Jacks



PokerStars Hand #248543673731: Tournament #3707928882, $1.84+$0.16 USD Hold'em No Limit - Level II (15/30) - 2024/01/28 14:48:47 CET [2024/01/28 8:48:47 ET]
Table '3707928882 1' 3-max Seat #2 is the button
Seat 2: Mahu2021 (582 in chips) 
Seat 3: maniakTOX (918 in chips) 
Mahu2021: posts small blind 15
maniakTOX: posts big blind 30
*** HOLE CARDS ***
Dealt to Mahu2021 [6s 9h]
Mahu2021: folds 
Uncalled bet (15) returned to maniakTOX
maniakTOX collected 30 from pot
*** SUMMARY ***
Total pot 30 | Rake 0 
Seat 2: Mahu2021 (button) (small blind) folded before Flop
Seat 3: maniakTOX (big blind) collected (30)



PokerStars Hand #248543674770: Tournament #3707928882, $1.84+$0.16 USD Hold'em No Limit - Level II (15/30) - 2024/01/28 14:48:52 CET [2024/01/28 8:48:52 ET]
Table '3707928882 1' 3-max Seat #3 is the button
Seat 2: Mahu2021 (567 in chips) 
Seat 3: maniakTOX (933 in chips) 
maniakTOX: posts small blind 15
Mahu2021: posts big blind 30
*** HOLE CARDS ***
Dealt to Mahu2021 [Jc 2s]
maniakTOX: calls 15
Mahu2021: checks 
*** FLOP *** [7c 3h Kh]
Mahu2021: checks 
maniakTOX: bets 30
Mahu2021: folds 
Uncalled bet (30) returned to maniakTOX
maniakTOX collected 60 from pot
*** SUMMARY ***
Total pot 60 | Rake 0 
Board [7c 3h Kh]
Seat 2: Mahu2021 (big blind) folded on the Flop
Seat 3: maniakTOX (button) (small blind) collected (60)



PokerStars Hand #248543679633: Tournament #3707928882, $1.84+$0.16 USD Hold'em No Limit - Level II (15/30) - 2024/01/28 14:49:13 CET [2024/01/28 8:49:13 ET]
Table '3707928882 1' 3-max Seat #2 is the button
Seat 2: Mahu2021 (537 in chips) 
Seat 3: maniakTOX (963 in chips) 
Mahu2021: posts small blind 15
maniakTOX: posts big blind 30
*** HOLE CARDS ***
Dealt to Mahu2021 [Td 3d]
Mahu2021: folds 
Uncalled bet (15) returned to maniakTOX
maniakTOX collected 30 from pot
*** SUMMARY ***
Total pot 30 | Rake 0 
Seat 2: Mahu2021 (button) (small blind) folded before Flop
Seat 3: maniakTOX (big blind) collected (30)



PokerStars Hand #248543680695: Tournament #3707928882, $1.84+$0.16 USD Hold'em No Limit - Level II (15/30) - 2024/01/28 14:49:18 CET [2024/01/28 8:49:18 ET]
Table '3707928882 1' 3-max Seat #3 is the button
Seat 2: Mahu2021 (522 in chips) 
Seat 3: maniakTOX (978 in chips) 
maniakTOX: posts small blind 15
Mahu2021: posts big blind 30
*** HOLE CARDS ***
Dealt to Mahu2021 [3h 4s]
maniakTOX: raises 948 to 978 and is all-in
Mahu2021: folds 
Uncalled bet (948) returned to maniakTOX
maniakTOX collected 60 from pot
*** SUMMARY ***
Total pot 60 | Rake 0 
Seat 2: Mahu2021 (big blind) folded before Flop
Seat 3: maniakTOX (button) (small blind) collected (60)



PokerStars Hand #248543681771: Tournament #3707928882, $1.84+$0.16 USD Hold'em No Limit - Level II (15/30) - 2024/01/28 14:49:23 CET [2024/01/28 8:49:23 ET]
Table '3707928882 1' 3-max Seat #2 is the button
Seat 2: Mahu2021 (492 in chips) 
Seat 3: maniakTOX (1008 in chips) 
Mahu2021: posts small blind 15
maniakTOX: posts big blind 30
*** HOLE CARDS ***
Dealt to Mahu2021 [Jh 9s]
Mahu2021: calls 15
maniakTOX: checks 
*** FLOP *** [9c As 8h]
maniakTOX: checks 
Mahu2021: bets 30
maniakTOX: folds 
Uncalled bet (30) returned to Mahu2021
Mahu2021 collected 60 from pot
Mahu2021: doesn't show hand 
*** SUMMARY ***
Total pot 60 | Rake 0 
Board [9c As 8h]
Seat 2: Mahu2021 (button) (small blind) collected (60)
Seat 3: maniakTOX (big blind) folded on the Flop



PokerStars Hand #248543687031: Tournament #3707928882, $1.84+$0.16 USD Hold'em No Limit - Level II (15/30) - 2024/01/28 14:49:46 CET [2024/01/28 8:49:46 ET]
Table '3707928882 1' 3-max Seat #3 is the button
Seat 2: Mahu2021 (522 in chips) 
Seat 3: maniakTOX (978 in chips) 
maniakTOX: posts small blind 15
Mahu2021: posts big blind 30
*** HOLE CARDS ***
Dealt to Mahu2021 [Ac 8h]
maniakTOX: calls 15
Mahu2021: raises 60 to 90
maniakTOX: folds 
Uncalled bet (60) returned to Mahu2021
Mahu2021 collected 60 from pot
Mahu2021: doesn't show hand 
*** SUMMARY ***
Total pot 60 | Rake 0 
Seat 2: Mahu2021 (big blind) collected (60)
Seat 3: maniakTOX (button) (small blind) folded before Flop



PokerStars Hand #248543689395: Tournament #3707928882, $1.84+$0.16 USD Hold'em No Limit - Level III (20/40) - 2024/01/28 14:49:57 CET [2024/01/28 8:49:57 ET]
Table '3707928882 1' 3-max Seat #2 is the button
Seat 2: Mahu2021 (552 in chips) 
Seat 3: maniakTOX (948 in chips) 
Mahu2021: posts small blind 20
maniakTOX: posts big blind 40
*** HOLE CARDS ***
Dealt to Mahu2021 [4d As]
Mahu2021: raises 40 to 80
maniakTOX: raises 868 to 948 and is all-in
Mahu2021: folds 
Uncalled bet (868) returned to maniakTOX
maniakTOX collected 160 from pot
*** SUMMARY ***
Total pot 160 | Rake 0 
Seat 2: Mahu2021 (button) (small blind) folded before Flop
Seat 3: maniakTOX (big blind) collected (160)



PokerStars Hand #248543691368: Tournament #3707928882, $1.84+$0.16 USD Hold'em No Limit - Level III (20/40) - 2024/01/28 14:50:06 CET [2024/01/28 8:50:06 ET]
Table '3707928882 1' 3-max Seat #3 is the button
Seat 2: Mahu2021 (472 in chips) 
Seat 3: maniakTOX (1028 in chips) 
maniakTOX: posts small blind 20
Mahu2021: posts big blind 40
*** HOLE CARDS ***
Dealt to Mahu2021 [3d As]
maniakTOX: raises 988 to 1028 and is all-in
Mahu2021: folds 
Uncalled bet (988) returned to maniakTOX
maniakTOX collected 80 from pot
*** SUMMARY ***
Total pot 80 | Rake 0 
Seat 2: Mahu2021 (big blind) folded before Flop
Seat 3: maniakTOX (button) (small blind) collected (80)



PokerStars Hand #248543692705: Tournament #3707928882, $1.84+$0.16 USD Hold'em No Limit - Level III (20/40) - 2024/01/28 14:50:12 CET [2024/01/28 8:50:12 ET]
Table '3707928882 1' 3-max Seat #2 is the button
Seat 2: Mahu2021 (432 in chips) 
Seat 3: maniakTOX (1068 in chips) 
Mahu2021: posts small blind 20
maniakTOX: posts big blind 40
*** HOLE CARDS ***
Dealt to Mahu2021 [4c 3h]
Mahu2021: folds 
Uncalled bet (20) returned to maniakTOX
maniakTOX collected 40 from pot
*** SUMMARY ***
Total pot 40 | Rake 0 
Seat 2: Mahu2021 (button) (small blind) folded before Flop
Seat 3: maniakTOX (big blind) collected (40)



PokerStars Hand #248543693740: Tournament #3707928882, $1.84+$0.16 USD Hold'em No Limit - Level III (20/40) - 2024/01/28 14:50:16 CET [2024/01/28 8:50:16 ET]
Table '3707928882 1' 3-max Seat #3 is the button
Seat 2: Mahu2021 (412 in chips) 
Seat 3: maniakTOX (1088 in chips) 
maniakTOX: posts small blind 20
Mahu2021: posts big blind 40
*** HOLE CARDS ***
Dealt to Mahu2021 [Kd 2h]
maniakTOX: raises 1048 to 1088 and is all-in
Mahu2021: folds 
Uncalled bet (1048) returned to maniakTOX
maniakTOX collected 80 from pot
*** SUMMARY ***
Total pot 80 | Rake 0 
Seat 2: Mahu2021 (big blind) folded before Flop
Seat 3: maniakTOX (button) (small blind) collected (80)



PokerStars Hand #248543695426: Tournament #3707928882, $1.84+$0.16 USD Hold'em No Limit - Level III (20/40) - 2024/01/28 14:50:24 CET [2024/01/28 8:50:24 ET]
Table '3707928882 1' 3-max Seat #2 is the button
Seat 2: Mahu2021 (372 in chips) 
Seat 3: maniakTOX (1128 in chips) 
Mahu2021: posts small blind 20
maniakTOX: posts big blind 40
*** HOLE CARDS ***
Dealt to Mahu2021 [Ac 6d]
Mahu2021: calls 20
maniakTOX: checks 
*** FLOP *** [Jd 6c Th]
maniakTOX: checks 
Mahu2021: bets 40
maniakTOX: calls 40
*** TURN *** [Jd 6c Th] [5s]
maniakTOX: checks 
Mahu2021: checks 
*** RIVER *** [Jd 6c Th 5s] [8c]
maniakTOX: bets 40
Mahu2021: calls 40
*** SHOW DOWN ***
maniakTOX: shows [8h Qs] (a pair of Eights)
Mahu2021: mucks hand 
maniakTOX collected 240 from pot
*** SUMMARY ***
Total pot 240 | Rake 0 
Board [Jd 6c Th 5s 8c]
Seat 2: Mahu2021 (button) (small blind) mucked [Ac 6d]
Seat 3: maniakTOX (big blind) showed [8h Qs] and won (240) with a pair of Eights



PokerStars Hand #248543702515: Tournament #3707928882, $1.84+$0.16 USD Hold'em No Limit - Level III (20/40) - 2024/01/28 14:50:56 CET [2024/01/28 8:50:56 ET]
Table '3707928882 1' 3-max Seat #3 is the button
Seat 2: Mahu2021 (252 in chips) 
Seat 3: maniakTOX (1248 in chips) 
maniakTOX: posts small blind 20
Mahu2021: posts big blind 40
*** HOLE CARDS ***
Dealt to Mahu2021 [As 3c]
maniakTOX: calls 20
Mahu2021: raises 212 to 252 and is all-in
maniakTOX: folds 
Uncalled bet (212) returned to Mahu2021
Mahu2021 collected 80 from pot
Mahu2021: doesn't show hand 
*** SUMMARY ***
Total pot 80 | Rake 0 
Seat 2: Mahu2021 (big blind) collected (80)
Seat 3: maniakTOX (button) (small blind) folded before Flop



PokerStars Hand #248543704178: Tournament #3707928882, $1.84+$0.16 USD Hold'em No Limit - Level III (20/40) - 2024/01/28 14:51:03 CET [2024/01/28 8:51:03 ET]
Table '3707928882 1' 3-max Seat #2 is the button
Seat 2: Mahu2021 (292 in chips) 
Seat 3: maniakTOX (1208 in chips) 
Mahu2021: posts small blind 20
maniakTOX: posts big blind 40
*** HOLE CARDS ***
Dealt to Mahu2021 [5h Kd]
Mahu2021: calls 20
maniakTOX: checks 
*** FLOP *** [Td 8s Qc]
maniakTOX: checks 
Mahu2021: checks 
*** TURN *** [Td 8s Qc] [Kc]
maniakTOX: bets 40
Mahu2021: calls 40
*** RIVER *** [Td 8s Qc Kc] [8c]
maniakTOX: bets 1128 and is all-in
Mahu2021: folds 
Uncalled bet (1128) returned to maniakTOX
maniakTOX collected 160 from pot
*** SUMMARY ***
Total pot 160 | Rake 0 
Board [Td 8s Qc Kc 8c]
Seat 2: Mahu2021 (button) (small blind) folded on the River
Seat 3: maniakTOX (big blind) collected (160)



PokerStars Hand #248543709098: Tournament #3707928882, $1.84+$0.16 USD Hold'em No Limit - Level III (20/40) - 2024/01/28 14:51:25 CET [2024/01/28 8:51:25 ET]
Table '3707928882 1' 3-max Seat #3 is the button
Seat 2: Mahu2021 (212 in chips) 
Seat 3: maniakTOX (1288 in chips) 
maniakTOX: posts small blind 20
Mahu2021: posts big blind 40
*** HOLE CARDS ***
Dealt to Mahu2021 [6d 3d]
maniakTOX: folds 
Uncalled bet (20) returned to Mahu2021
Mahu2021 collected 40 from pot
Mahu2021: doesn't show hand 
*** SUMMARY ***
Total pot 40 | Rake 0 
Seat 2: Mahu2021 (big blind) collected (40)
Seat 3: maniakTOX (button) (small blind) folded before Flop



PokerStars Hand #248543709951: Tournament #3707928882, $1.84+$0.16 USD Hold'em No Limit - Level III (20/40) - 2024/01/28 14:51:29 CET [2024/01/28 8:51:29 ET]
Table '3707928882 1' 3-max Seat #2 is the button
Seat 2: Mahu2021 (232 in chips) 
Seat 3: maniakTOX (1268 in chips) 
Mahu2021: posts small blind 20
maniakTOX: posts big blind 40
*** HOLE CARDS ***
Dealt to Mahu2021 [5h 4d]
Mahu2021: calls 20
maniakTOX: checks 
*** FLOP *** [4h 5s 9d]
maniakTOX: checks 
Mahu2021: bets 40
maniakTOX: calls 40
*** TURN *** [4h 5s 9d] [Tc]
maniakTOX: checks 
Mahu2021: bets 40
maniakTOX: calls 40
*** RIVER *** [4h 5s 9d Tc] [3h]
maniakTOX: checks 
Mahu2021: bets 40
maniakTOX: folds 
Uncalled bet (40) returned to Mahu2021
Mahu2021 collected 240 from pot
Mahu2021: doesn't show hand 
*** SUMMARY ***
Total pot 240 | Rake 0 
Board [4h 5s 9d Tc 3h]
Seat 2: Mahu2021 (button) (small blind) collected (240)
Seat 3: maniakTOX (big blind) folded on the River



PokerStars Hand #248543717131: Tournament #3707928882, $1.84+$0.16 USD Hold'em No Limit - Level III (20/40) - 2024/01/28 14:52:00 CET [2024/01/28 8:52:00 ET]
Table '3707928882 1' 3-max Seat #3 is the button
Seat 2: Mahu2021 (352 in chips) 
Seat 3: maniakTOX (1148 in chips) 
maniakTOX: posts small blind 20
Mahu2021: posts big blind 40
*** HOLE CARDS ***
Dealt to Mahu2021 [Kh 7s]
maniakTOX: raises 1108 to 1148 and is all-in
Mahu2021: folds 
Uncalled bet (1108) returned to maniakTOX
maniakTOX collected 80 from pot
*** SUMMARY ***
Total pot 80 | Rake 0 
Seat 2: Mahu2021 (big blind) folded before Flop
Seat 3: maniakTOX (button) (small blind) collected (80)



PokerStars Hand #248543719030: Tournament #3707928882, $1.84+$0.16 USD Hold'em No Limit - Level III (20/40) - 2024/01/28 14:52:08 CET [2024/01/28 8:52:08 ET]
Table '3707928882 1' 3-max Seat #2 is the button
Seat 2: Mahu2021 (312 in chips) 
Seat 3: maniakTOX (1188 in chips) 
Mahu2021: posts small blind 20
maniakTOX: posts big blind 40
*** HOLE CARDS ***
Dealt to Mahu2021 [As Kc]
Mahu2021: raises 40 to 80
maniakTOX: raises 1108 to 1188 and is all-in
Mahu2021: calls 232 and is all-in
Uncalled bet (876) returned to maniakTOX
*** FLOP *** [3h 7s Ac]
*** TURN *** [3h 7s Ac] [7c]
*** RIVER *** [3h 7s Ac 7c] [Jd]
*** SHOW DOWN ***
maniakTOX: shows [8d 8h] (two pair, Eights and Sevens)
Mahu2021: shows [As Kc] (two pair, Aces and Sevens)
Mahu2021 collected 624 from pot
*** SUMMARY ***
Total pot 624 | Rake 0 
Board [3h 7s Ac 7c Jd]
Seat 2: Mahu2021 (button) (small blind) showed [As Kc] and won (624) with two pair, Aces and Sevens
Seat 3: maniakTOX (big blind) showed [8d 8h] and lost with two pair, Eights and Sevens



PokerStars Hand #248543721997: Tournament #3707928882, $1.84+$0.16 USD Hold'em No Limit - Level III (20/40) - 2024/01/28 14:52:22 CET [2024/01/28 8:52:22 ET]
Table '3707928882 1' 3-max Seat #3 is the button
Seat 2: Mahu2021 (624 in chips) 
Seat 3: maniakTOX (876 in chips) 
maniakTOX: posts small blind 20
Mahu2021: posts big blind 40
*** HOLE CARDS ***
Dealt to Mahu2021 [3s 2c]
maniakTOX: calls 20
Mahu2021: checks 
*** FLOP *** [5h Jh Jc]
Mahu2021: checks 
maniakTOX: bets 40
Mahu2021: folds 
Uncalled bet (40) returned to maniakTOX
maniakTOX collected 80 from pot
*** SUMMARY ***
Total pot 80 | Rake 0 
Board [5h Jh Jc]
Seat 2: Mahu2021 (big blind) folded on the Flop
Seat 3: maniakTOX (button) (small blind) collected (80)



PokerStars Hand #248543725086: Tournament #3707928882, $1.84+$0.16 USD Hold'em No Limit - Level III (20/40) - 2024/01/28 14:52:35 CET [2024/01/28 8:52:35 ET]
Table '3707928882 1' 3-max Seat #2 is the button
Seat 2: Mahu2021 (584 in chips) 
Seat 3: maniakTOX (916 in chips) 
Mahu2021: posts small blind 20
maniakTOX: posts big blind 40
*** HOLE CARDS ***
Dealt to Mahu2021 [5d 7s]
Mahu2021: folds 
Uncalled bet (20) returned to maniakTOX
maniakTOX collected 40 from pot
*** SUMMARY ***
Total pot 40 | Rake 0 
Seat 2: Mahu2021 (button) (small blind) folded before Flop
Seat 3: maniakTOX (big blind) collected (40)



PokerStars Hand #248543726071: Tournament #3707928882, $1.84+$0.16 USD Hold'em No Limit - Level III (20/40) - 2024/01/28 14:52:39 CET [2024/01/28 8:52:39 ET]
Table '3707928882 1' 3-max Seat #3 is the button
Seat 2: Mahu2021 (564 in chips) 
Seat 3: maniakTOX (936 in chips) 
maniakTOX: posts small blind 20
Mahu2021: posts big blind 40
*** HOLE CARDS ***
Dealt to Mahu2021 [Tc Kc]
maniakTOX: calls 20
Mahu2021: raises 80 to 120
maniakTOX: calls 80
*** FLOP *** [4h 8d 4s]
Mahu2021: checks 
maniakTOX: checks 
*** TURN *** [4h 8d 4s] [7d]
Mahu2021: checks 
maniakTOX: checks 
*** RIVER *** [4h 8d 4s 7d] [9c]
Mahu2021: checks 
maniakTOX: bets 120
Mahu2021: folds 
Uncalled bet (120) returned to maniakTOX
maniakTOX collected 240 from pot
*** SUMMARY ***
Total pot 240 | Rake 0 
Board [4h 8d 4s 7d 9c]
Seat 2: Mahu2021 (big blind) folded on the River
Seat 3: maniakTOX (button) (small blind) collected (240)



PokerStars Hand #248543731823: Tournament #3707928882, $1.84+$0.16 USD Hold'em No Limit - Level IV (30/60) - 2024/01/28 14:53:04 CET [2024/01/28 8:53:04 ET]
Table '3707928882 1' 3-max Seat #2 is the button
Seat 2: Mahu2021 (444 in chips) 
Seat 3: maniakTOX (1056 in chips) 
Mahu2021: posts small blind 30
maniakTOX: posts big blind 60
*** HOLE CARDS ***
Dealt to Mahu2021 [6d Td]
Mahu2021: folds 
Uncalled bet (30) returned to maniakTOX
maniakTOX collected 60 from pot
*** SUMMARY ***
Total pot 60 | Rake 0 
Seat 2: Mahu2021 (button) (small blind) folded before Flop
Seat 3: maniakTOX (big blind) collected (60)



PokerStars Hand #248543732876: Tournament #3707928882, $1.84+$0.16 USD Hold'em No Limit - Level IV (30/60) - 2024/01/28 14:53:09 CET [2024/01/28 8:53:09 ET]
Table '3707928882 1' 3-max Seat #3 is the button
Seat 2: Mahu2021 (414 in chips) 
Seat 3: maniakTOX (1086 in chips) 
maniakTOX: posts small blind 30
Mahu2021: posts big blind 60
*** HOLE CARDS ***
Dealt to Mahu2021 [7s 3h]
maniakTOX: calls 30
Mahu2021: checks 
*** FLOP *** [3c 5d 4s]
Mahu2021: checks 
maniakTOX: checks 
*** TURN *** [3c 5d 4s] [Jd]
Mahu2021: bets 60
maniakTOX: folds 
Uncalled bet (60) returned to Mahu2021
Mahu2021 collected 120 from pot
Mahu2021: doesn't show hand 
*** SUMMARY ***
Total pot 120 | Rake 0 
Board [3c 5d 4s Jd]
Seat 2: Mahu2021 (big blind) collected (120)
Seat 3: maniakTOX (button) (small blind) folded on the Turn



PokerStars Hand #248543737334: Tournament #3707928882, $1.84+$0.16 USD Hold'em No Limit - Level IV (30/60) - 2024/01/28 14:53:28 CET [2024/01/28 8:53:28 ET]
Table '3707928882 1' 3-max Seat #2 is the button
Seat 2: Mahu2021 (474 in chips) 
Seat 3: maniakTOX (1026 in chips) 
Mahu2021: posts small blind 30
maniakTOX: posts big blind 60
*** HOLE CARDS ***
Dealt to Mahu2021 [Jd Kh]
Mahu2021: raises 120 to 180
maniakTOX: raises 846 to 1026 and is all-in
Mahu2021: calls 294 and is all-in
Uncalled bet (552) returned to maniakTOX
*** FLOP *** [8d 3h 9h]
*** TURN *** [8d 3h 9h] [6h]
*** RIVER *** [8d 3h 9h 6h] [3d]
*** SHOW DOWN ***
maniakTOX: shows [Td Kc] (a pair of Threes)
Mahu2021: shows [Jd Kh] (a pair of Threes - King+Jack kicker)
Mahu2021 collected 948 from pot
*** SUMMARY ***
Total pot 948 | Rake 0 
Board [8d 3h 9h 6h 3d]
Seat 2: Mahu2021 (button) (small blind) showed [Jd Kh] and won (948) with a pair of Threes
Seat 3: maniakTOX (big blind) showed [Td Kc] and lost with a pair of Threes



PokerStars Hand #248543741892: Tournament #3707928882, $1.84+$0.16 USD Hold'em No Limit - Level IV (30/60) - 2024/01/28 14:53:48 CET [2024/01/28 8:53:48 ET]
Table '3707928882 1' 3-max Seat #3 is the button
Seat 2: Mahu2021 (948 in chips) 
Seat 3: maniakTOX (552 in chips) 
maniakTOX: posts small blind 30
Mahu2021: posts big blind 60
*** HOLE CARDS ***
Dealt to Mahu2021 [Jc As]
maniakTOX: raises 492 to 552 and is all-in
Mahu2021: calls 492
*** FLOP *** [4c 4s 4d]
*** TURN *** [4c 4s 4d] [6d]
*** RIVER *** [4c 4s 4d 6d] [2d]
*** SHOW DOWN ***
Mahu2021: shows [Jc As] (three of a kind, Fours)
maniakTOX: shows [9h 9s] (a full house, Fours full of Nines)
maniakTOX collected 1104 from pot
*** SUMMARY ***
Total pot 1104 | Rake 0 
Board [4c 4s 4d 6d 2d]
Seat 2: Mahu2021 (big blind) showed [Jc As] and lost with three of a kind, Fours
Seat 3: maniakTOX (button) (small blind) showed [9h 9s] and won (1104) with a full house, Fours full of Nines



PokerStars Hand #248543744509: Tournament #3707928882, $1.84+$0.16 USD Hold'em No Limit - Level IV (30/60) - 2024/01/28 14:53:59 CET [2024/01/28 8:53:59 ET]
Table '3707928882 1' 3-max Seat #2 is the button
Seat 2: Mahu2021 (396 in chips) 
Seat 3: maniakTOX (1104 in chips) 
Mahu2021: posts small blind 30
maniakTOX: posts big blind 60
*** HOLE CARDS ***
Dealt to Mahu2021 [3s Qh]
Mahu2021: folds 
Uncalled bet (30) returned to maniakTOX
maniakTOX collected 60 from pot
*** SUMMARY ***
Total pot 60 | Rake 0 
Seat 2: Mahu2021 (button) (small blind) folded before Flop
Seat 3: maniakTOX (big blind) collected (60)



PokerStars Hand #248543745510: Tournament #3707928882, $1.84+$0.16 USD Hold'em No Limit - Level IV (30/60) - 2024/01/28 14:54:04 CET [2024/01/28 8:54:04 ET]
Table '3707928882 1' 3-max Seat #3 is the button
Seat 2: Mahu2021 (366 in chips) 
Seat 3: maniakTOX (1134 in chips) 
maniakTOX: posts small blind 30
Mahu2021: posts big blind 60
*** HOLE CARDS ***
Dealt to Mahu2021 [9s 8s]
maniakTOX: raises 1074 to 1134 and is all-in
Mahu2021: folds 
Uncalled bet (1074) returned to maniakTOX
maniakTOX collected 120 from pot
*** SUMMARY ***
Total pot 120 | Rake 0 
Seat 2: Mahu2021 (big blind) folded before Flop
Seat 3: maniakTOX (button) (small blind) collected (120)



PokerStars Hand #248543746623: Tournament #3707928882, $1.84+$0.16 USD Hold'em No Limit - Level IV (30/60) - 2024/01/28 14:54:08 CET [2024/01/28 8:54:08 ET]
Table '3707928882 1' 3-max Seat #2 is the button
Seat 2: Mahu2021 (306 in chips) 
Seat 3: maniakTOX (1194 in chips) 
Mahu2021: posts small blind 30
maniakTOX: posts big blind 60
*** HOLE CARDS ***
Dealt to Mahu2021 [4c Jd]
Mahu2021: folds 
Uncalled bet (30) returned to maniakTOX
maniakTOX collected 60 from pot
*** SUMMARY ***
Total pot 60 | Rake 0 
Seat 2: Mahu2021 (button) (small blind) folded before Flop
Seat 3: maniakTOX (big blind) collected (60)



PokerStars Hand #248543747580: Tournament #3707928882, $1.84+$0.16 USD Hold'em No Limit - Level IV (30/60) - 2024/01/28 14:54:13 CET [2024/01/28 8:54:13 ET]
Table '3707928882 1' 3-max Seat #3 is the button
Seat 2: Mahu2021 (276 in chips) 
Seat 3: maniakTOX (1224 in chips) 
maniakTOX: posts small blind 30
Mahu2021: posts big blind 60
*** HOLE CARDS ***
Dealt to Mahu2021 [Kd 6c]
maniakTOX: raises 1164 to 1224 and is all-in
Mahu2021: calls 216 and is all-in
Uncalled bet (948) returned to maniakTOX
*** FLOP *** [4d 5d 9s]
*** TURN *** [4d 5d 9s] [2c]
*** RIVER *** [4d 5d 9s 2c] [Kc]
*** SHOW DOWN ***
Mahu2021: shows [Kd 6c] (a pair of Kings)
maniakTOX: shows [Ah 5s] (a pair of Fives)
Mahu2021 collected 552 from pot
*** SUMMARY ***
Total pot 552 | Rake 0 
Board [4d 5d 9s 2c Kc]
Seat 2: Mahu2021 (big blind) showed [Kd 6c] and won (552) with a pair of Kings
Seat 3: maniakTOX (button) (small blind) showed [Ah 5s] and lost with a pair of Fives



PokerStars Hand #248543750090: Tournament #3707928882, $1.84+$0.16 USD Hold'em No Limit - Level IV (30/60) - 2024/01/28 14:54:24 CET [2024/01/28 8:54:24 ET]
Table '3707928882 1' 3-max Seat #2 is the button
Seat 2: Mahu2021 (552 in chips) 
Seat 3: maniakTOX (948 in chips) 
Mahu2021: posts small blind 30
maniakTOX: posts big blind 60
*** HOLE CARDS ***
Dealt to Mahu2021 [Qs 5d]
Mahu2021: folds 
Uncalled bet (30) returned to maniakTOX
maniakTOX collected 60 from pot
*** SUMMARY ***
Total pot 60 | Rake 0 
Seat 2: Mahu2021 (button) (small blind) folded before Flop
Seat 3: maniakTOX (big blind) collected (60)



PokerStars Hand #248543751083: Tournament #3707928882, $1.84+$0.16 USD Hold'em No Limit - Level IV (30/60) - 2024/01/28 14:54:28 CET [2024/01/28 8:54:28 ET]
Table '3707928882 1' 3-max Seat #3 is the button
Seat 2: Mahu2021 (522 in chips) 
Seat 3: maniakTOX (978 in chips) 
maniakTOX: posts small blind 30
Mahu2021: posts big blind 60
*** HOLE CARDS ***
Dealt to Mahu2021 [8h 3d]
maniakTOX: calls 30
Mahu2021: checks 
*** FLOP *** [Tc 9s As]
Mahu2021: checks 
maniakTOX: bets 60
Mahu2021: folds 
Uncalled bet (60) returned to maniakTOX
maniakTOX collected 120 from pot
*** SUMMARY ***
Total pot 120 | Rake 0 
Board [Tc 9s As]
Seat 2: Mahu2021 (big blind) folded on the Flop
Seat 3: maniakTOX (button) (small blind) collected (120)



PokerStars Hand #248543753635: Tournament #3707928882, $1.84+$0.16 USD Hold'em No Limit - Level IV (30/60) - 2024/01/28 14:54:39 CET [2024/01/28 8:54:39 ET]
Table '3707928882 1' 3-max Seat #2 is the button
Seat 2: Mahu2021 (462 in chips) 
Seat 3: maniakTOX (1038 in chips) 
Mahu2021: posts small blind 30
maniakTOX: posts big blind 60
*** HOLE CARDS ***
Dealt to Mahu2021 [Ah 5s]
Mahu2021: raises 402 to 462 and is all-in
maniakTOX: folds 
Uncalled bet (402) returned to Mahu2021
Mahu2021 collected 120 from pot
Mahu2021: doesn't show hand 
*** SUMMARY ***
Total pot 120 | Rake 0 
Seat 2: Mahu2021 (button) (small blind) collected (120)
Seat 3: maniakTOX (big blind) folded before Flop



PokerStars Hand #248543755102: Tournament #3707928882, $1.84+$0.16 USD Hold'em No Limit - Level IV (30/60) - 2024/01/28 14:54:46 CET [2024/01/28 8:54:46 ET]
Table '3707928882 1' 3-max Seat #3 is the button
Seat 2: Mahu2021 (522 in chips) 
Seat 3: maniakTOX (978 in chips) 
maniakTOX: posts small blind 30
Mahu2021: posts big blind 60
*** HOLE CARDS ***
Dealt to Mahu2021 [2h Qd]
maniakTOX: raises 918 to 978 and is all-in
Mahu2021: folds 
Uncalled bet (918) returned to maniakTOX
maniakTOX collected 120 from pot
*** SUMMARY ***
Total pot 120 | Rake 0 
Seat 2: Mahu2021 (big blind) folded before Flop
Seat 3: maniakTOX (button) (small blind) collected (120)



PokerStars Hand #248543756114: Tournament #3707928882, $1.84+$0.16 USD Hold'em No Limit - Level IV (30/60) - 2024/01/28 14:54:50 CET [2024/01/28 8:54:50 ET]
Table '3707928882 1' 3-max Seat #2 is the button
Seat 2: Mahu2021 (462 in chips) 
Seat 3: maniakTOX (1038 in chips) 
Mahu2021: posts small blind 30
maniakTOX: posts big blind 60
*** HOLE CARDS ***
Dealt to Mahu2021 [Th As]
Mahu2021: raises 120 to 180
maniakTOX: folds 
Uncalled bet (120) returned to Mahu2021
Mahu2021 collected 120 from pot
Mahu2021: doesn't show hand 
*** SUMMARY ***
Total pot 120 | Rake 0 
Seat 2: Mahu2021 (button) (small blind) collected (120)
Seat 3: maniakTOX (big blind) folded before Flop



PokerStars Hand #248543757587: Tournament #3707928882, $1.84+$0.16 USD Hold'em No Limit - Level IV (30/60) - 2024/01/28 14:54:56 CET [2024/01/28 8:54:56 ET]
Table '3707928882 1' 3-max Seat #3 is the button
Seat 2: Mahu2021 (522 in chips) 
Seat 3: maniakTOX (978 in chips) 
maniakTOX: posts small blind 30
Mahu2021: posts big blind 60
*** HOLE CARDS ***
Dealt to Mahu2021 [Js 7d]
maniakTOX: raises 918 to 978 and is all-in
Mahu2021: folds 
Uncalled bet (918) returned to maniakTOX
maniakTOX collected 120 from pot
*** SUMMARY ***
Total pot 120 | Rake 0 
Seat 2: Mahu2021 (big blind) folded before Flop
Seat 3: maniakTOX (button) (small blind) collected (120)



PokerStars Hand #248543758626: Tournament #3707928882, $1.84+$0.16 USD Hold'em No Limit - Level IV (30/60) - 2024/01/28 14:55:01 CET [2024/01/28 8:55:01 ET]
Table '3707928882 1' 3-max Seat #2 is the button
Seat 2: Mahu2021 (462 in chips) 
Seat 3: maniakTOX (1038 in chips) 
Mahu2021: posts small blind 30
maniakTOX: posts big blind 60
*** HOLE CARDS ***
Dealt to Mahu2021 [4d 2c]
Mahu2021: folds 
Uncalled bet (30) returned to maniakTOX
maniakTOX collected 60 from pot
*** SUMMARY ***
Total pot 60 | Rake 0 
Seat 2: Mahu2021 (button) (small blind) folded before Flop
Seat 3: maniakTOX (big blind) collected (60)



PokerStars Hand #248543759461: Tournament #3707928882, $1.84+$0.16 USD Hold'em No Limit - Level IV (30/60) - 2024/01/28 14:55:06 CET [2024/01/28 8:55:06 ET]
Table '3707928882 1' 3-max Seat #3 is the button
Seat 2: Mahu2021 (432 in chips) 
Seat 3: maniakTOX (1068 in chips) 
maniakTOX: posts small blind 30
Mahu2021: posts big blind 60
*** HOLE CARDS ***
Dealt to Mahu2021 [Th 9s]
maniakTOX: raises 1008 to 1068 and is all-in
Mahu2021: folds 
Uncalled bet (1008) returned to maniakTOX
maniakTOX collected 120 from pot
*** SUMMARY ***
Total pot 120 | Rake 0 
Seat 2: Mahu2021 (big blind) folded before Flop
Seat 3: maniakTOX (button) (small blind) collected (120)



PokerStars Hand #248543760242: Tournament #3707928882, $1.84+$0.16 USD Hold'em No Limit - Level IV (30/60) - 2024/01/28 14:55:10 CET [2024/01/28 8:55:10 ET]
Table '3707928882 1' 3-max Seat #2 is the button
Seat 2: Mahu2021 (372 in chips) 
Seat 3: maniakTOX (1128 in chips) 
Mahu2021: posts small blind 30
maniakTOX: posts big blind 60
*** HOLE CARDS ***
Dealt to Mahu2021 [3s 8s]
Mahu2021: folds 
Uncalled bet (30) returned to maniakTOX
maniakTOX collected 60 from pot
*** SUMMARY ***
Total pot 60 | Rake 0 
Seat 2: Mahu2021 (button) (small blind) folded before Flop
Seat 3: maniakTOX (big blind) collected (60)



PokerStars Hand #248543761062: Tournament #3707928882, $1.84+$0.16 USD Hold'em No Limit - Level IV (30/60) - 2024/01/28 14:55:15 CET [2024/01/28 8:55:15 ET]
Table '3707928882 1' 3-max Seat #3 is the button
Seat 2: Mahu2021 (342 in chips) 
Seat 3: maniakTOX (1158 in chips) 
maniakTOX: posts small blind 30
Mahu2021: posts big blind 60
*** HOLE CARDS ***
Dealt to Mahu2021 [5d Tc]
maniakTOX: folds 
Uncalled bet (30) returned to Mahu2021
Mahu2021 collected 60 from pot
Mahu2021: doesn't show hand 
*** SUMMARY ***
Total pot 60 | Rake 0 
Seat 2: Mahu2021 (big blind) collected (60)
Seat 3: maniakTOX (button) (small blind) folded before Flop



PokerStars Hand #248543761613: Tournament #3707928882, $1.84+$0.16 USD Hold'em No Limit - Level IV (30/60) - 2024/01/28 14:55:18 CET [2024/01/28 8:55:18 ET]
Table '3707928882 1' 3-max Seat #2 is the button
Seat 2: Mahu2021 (372 in chips) 
Seat 3: maniakTOX (1128 in chips) 
Mahu2021: posts small blind 30
maniakTOX: posts big blind 60
*** HOLE CARDS ***
Dealt to Mahu2021 [2s 9c]
Mahu2021: folds 
Uncalled bet (30) returned to maniakTOX
maniakTOX collected 60 from pot
*** SUMMARY ***
Total pot 60 | Rake 0 
Seat 2: Mahu2021 (button) (small blind) folded before Flop
Seat 3: maniakTOX (big blind) collected (60)



PokerStars Hand #248543762509: Tournament #3707928882, $1.84+$0.16 USD Hold'em No Limit - Level IV (30/60) - 2024/01/28 14:55:23 CET [2024/01/28 8:55:23 ET]
Table '3707928882 1' 3-max Seat #3 is the button
Seat 2: Mahu2021 (342 in chips) 
Seat 3: maniakTOX (1158 in chips) 
maniakTOX: posts small blind 30
Mahu2021: posts big blind 60
*** HOLE CARDS ***
Dealt to Mahu2021 [Ac 7s]
maniakTOX: raises 1098 to 1158 and is all-in
Mahu2021: calls 282 and is all-in
Uncalled bet (816) returned to maniakTOX
*** FLOP *** [Qc 9c 6h]
*** TURN *** [Qc 9c 6h] [Td]
*** RIVER *** [Qc 9c 6h Td] [4s]
*** SHOW DOWN ***
Mahu2021: shows [Ac 7s] (high card Ace)
maniakTOX: shows [Ah 2h] (high card Ace - lower kicker)
Mahu2021 collected 684 from pot
*** SUMMARY ***
Total pot 684 | Rake 0 
Board [Qc 9c 6h Td 4s]
Seat 2: Mahu2021 (big blind) showed [Ac 7s] and won (684) with high card Ace
Seat 3: maniakTOX (button) (small blind) showed [Ah 2h] and lost with high card Ace



PokerStars Hand #248543764427: Tournament #3707928882, $1.84+$0.16 USD Hold'em No Limit - Level IV (30/60) - 2024/01/28 14:55:34 CET [2024/01/28 8:55:34 ET]
Table '3707928882 1' 3-max Seat #2 is the button
Seat 2: Mahu2021 (684 in chips) 
Seat 3: maniakTOX (816 in chips) 
Mahu2021: posts small blind 30
maniakTOX: posts big blind 60
*** HOLE CARDS ***
Dealt to Mahu2021 [3d 3c]
Mahu2021: raises 624 to 684 and is all-in
maniakTOX: calls 624
*** FLOP *** [4h Ah 2s]
*** TURN *** [4h Ah 2s] [5s]
*** RIVER *** [4h Ah 2s 5s] [Tc]
*** SHOW DOWN ***
maniakTOX: shows [Qc Kc] (high card Ace)
Mahu2021: shows [3d 3c] (a straight, Ace to Five)
Mahu2021 collected 1368 from pot
*** SUMMARY ***
Total pot 1368 | Rake 0 
Board [4h Ah 2s 5s Tc]
Seat 2: Mahu2021 (button) (small blind) showed [3d 3c] and won (1368) with a straight, Ace to Five
Seat 3: maniakTOX (big blind) showed [Qc Kc] and lost with high card Ace



PokerStars Hand #248543766647: Tournament #3707928882, $1.84+$0.16 USD Hold'em No Limit - Level IV (30/60) - 2024/01/28 14:55:46 CET [2024/01/28 8:55:46 ET]
Table '3707928882 1' 3-max Seat #3 is the button
Seat 2: Mahu2021 (1368 in chips) 
Seat 3: maniakTOX (132 in chips) 
maniakTOX: posts small blind 30
Mahu2021: posts big blind 60
*** HOLE CARDS ***
Dealt to Mahu2021 [9c Tc]
maniakTOX: raises 72 to 132 and is all-in
Mahu2021: calls 72
*** FLOP *** [4d 3d Qd]
*** TURN *** [4d 3d Qd] [6c]
*** RIVER *** [4d 3d Qd 6c] [Ah]
*** SHOW DOWN ***
Mahu2021: shows [9c Tc] (high card Ace)
maniakTOX: shows [Ad 2h] (a pair of Aces)
maniakTOX collected 264 from pot
*** SUMMARY ***
Total pot 264 | Rake 0 
Board [4d 3d Qd 6c Ah]
Seat 2: Mahu2021 (big blind) showed [9c Tc] and lost with high card Ace
Seat 3: maniakTOX (button) (small blind) showed [Ad 2h] and won (264) with a pair of Aces



PokerStars Hand #248543769055: Tournament #3707928882, $1.84+$0.16 USD Hold'em No Limit - Level V (40/80) - 2024/01/28 14:56:00 CET [2024/01/28 8:56:00 ET]
Table '3707928882 1' 3-max Seat #2 is the button
Seat 2: Mahu2021 (1236 in chips) 
Seat 3: maniakTOX (264 in chips) 
Mahu2021: posts small blind 40
maniakTOX: posts big blind 80
*** HOLE CARDS ***
Dealt to Mahu2021 [Kh Qh]
Mahu2021: raises 160 to 240
maniakTOX: raises 24 to 264 and is all-in
Mahu2021: calls 24
*** FLOP *** [7d Tc Js]
*** TURN *** [7d Tc Js] [3s]
*** RIVER *** [7d Tc Js 3s] [3h]
*** SHOW DOWN ***
maniakTOX: shows [Ac 9s] (a pair of Threes)
Mahu2021: shows [Kh Qh] (a pair of Threes - lower kicker)
maniakTOX collected 528 from pot
*** SUMMARY ***
Total pot 528 | Rake 0 
Board [7d Tc Js 3s 3h]
Seat 2: Mahu2021 (button) (small blind) showed [Kh Qh] and lost with a pair of Threes
Seat 3: maniakTOX (big blind) showed [Ac 9s] and won (528) with a pair of Threes



PokerStars Hand #248543771534: Tournament #3707928882, $1.84+$0.16 USD Hold'em No Limit - Level V (40/80) - 2024/01/28 14:56:14 CET [2024/01/28 8:56:14 ET]
Table '3707928882 1' 3-max Seat #3 is the button
Seat 2: Mahu2021 (972 in chips) 
Seat 3: maniakTOX (528 in chips) 
maniakTOX: posts small blind 40
Mahu2021: posts big blind 80
*** HOLE CARDS ***
Dealt to Mahu2021 [9h 6d]
maniakTOX: calls 40
Mahu2021: checks 
*** FLOP *** [8c 7h 7d]
Mahu2021: checks 
maniakTOX: checks 
*** TURN *** [8c 7h 7d] [4d]
Mahu2021: bets 80
maniakTOX: folds 
Uncalled bet (80) returned to Mahu2021
Mahu2021 collected 160 from pot
Mahu2021: doesn't show hand 
*** SUMMARY ***
Total pot 160 | Rake 0 
Board [8c 7h 7d 4d]
Seat 2: Mahu2021 (big blind) collected (160)
Seat 3: maniakTOX (button) (small blind) folded on the Turn



PokerStars Hand #248543774319: Tournament #3707928882, $1.84+$0.16 USD Hold'em No Limit - Level V (40/80) - 2024/01/28 14:56:30 CET [2024/01/28 8:56:30 ET]
Table '3707928882 1' 3-max Seat #2 is the button
Seat 2: Mahu2021 (1052 in chips) 
Seat 3: maniakTOX (448 in chips) 
Mahu2021: posts small blind 40
maniakTOX: posts big blind 80
*** HOLE CARDS ***
Dealt to Mahu2021 [Ks 9c]
Mahu2021: raises 160 to 240
maniakTOX: raises 208 to 448 and is all-in
Mahu2021: calls 208
*** FLOP *** [8h 4s Qs]
*** TURN *** [8h 4s Qs] [5c]
*** RIVER *** [8h 4s Qs 5c] [9d]
*** SHOW DOWN ***
maniakTOX: shows [Qc Qh] (three of a kind, Queens)
Mahu2021: shows [Ks 9c] (a pair of Nines)
maniakTOX collected 896 from pot
*** SUMMARY ***
Total pot 896 | Rake 0 
Board [8h 4s Qs 5c 9d]
Seat 2: Mahu2021 (button) (small blind) showed [Ks 9c] and lost with a pair of Nines
Seat 3: maniakTOX (big blind) showed [Qc Qh] and won (896) with three of a kind, Queens



PokerStars Hand #248543776970: Tournament #3707928882, $1.84+$0.16 USD Hold'em No Limit - Level V (40/80) - 2024/01/28 14:56:44 CET [2024/01/28 8:56:44 ET]
Table '3707928882 1' 3-max Seat #3 is the button
Seat 2: Mahu2021 (604 in chips) 
Seat 3: maniakTOX (896 in chips) 
maniakTOX: posts small blind 40
Mahu2021: posts big blind 80
*** HOLE CARDS ***
Dealt to Mahu2021 [4c Jc]
maniakTOX: calls 40
Mahu2021: checks 
*** FLOP *** [7c 4d Ad]
Mahu2021: checks 
maniakTOX: bets 80
Mahu2021: calls 80
*** TURN *** [7c 4d Ad] [3s]
Mahu2021: checks 
maniakTOX: checks 
*** RIVER *** [7c 4d Ad 3s] [7h]
Mahu2021: bets 320
maniakTOX: folds 
Uncalled bet (320) returned to Mahu2021
Mahu2021 collected 320 from pot
Mahu2021: doesn't show hand 
*** SUMMARY ***
Total pot 320 | Rake 0 
Board [7c 4d Ad 3s 7h]
Seat 2: Mahu2021 (big blind) collected (320)
Seat 3: maniakTOX (button) (small blind) folded on the River



PokerStars Hand #248543781266: Tournament #3707928882, $1.84+$0.16 USD Hold'em No Limit - Level V (40/80) - 2024/01/28 14:57:08 CET [2024/01/28 8:57:08 ET]
Table '3707928882 1' 3-max Seat #2 is the button
Seat 2: Mahu2021 (764 in chips) 
Seat 3: maniakTOX (736 in chips) 
Mahu2021: posts small blind 40
maniakTOX: posts big blind 80
*** HOLE CARDS ***
Dealt to Mahu2021 [4s 6d]
Mahu2021: folds 
Uncalled bet (40) returned to maniakTOX
maniakTOX collected 80 from pot
*** SUMMARY ***
Total pot 80 | Rake 0 
Seat 2: Mahu2021 (button) (small blind) folded before Flop
Seat 3: maniakTOX (big blind) collected (80)



PokerStars Hand #248543782100: Tournament #3707928882, $1.84+$0.16 USD Hold'em No Limit - Level V (40/80) - 2024/01/28 14:57:13 CET [2024/01/28 8:57:13 ET]
Table '3707928882 1' 3-max Seat #3 is the button
Seat 2: Mahu2021 (724 in chips) 
Seat 3: maniakTOX (776 in chips) 
maniakTOX: posts small blind 40
Mahu2021: posts big blind 80
*** HOLE CARDS ***
Dealt to Mahu2021 [Ts Qd]
maniakTOX: calls 40
Mahu2021: checks 
*** FLOP *** [2c 6d Jh]
Mahu2021: checks 
maniakTOX: bets 80
Mahu2021: calls 80
*** TURN *** [2c 6d Jh] [Td]
Mahu2021: checks 
maniakTOX: checks 
*** RIVER *** [2c 6d Jh Td] [Qc]
Mahu2021: bets 160
maniakTOX: raises 456 to 616 and is all-in
Mahu2021: calls 404 and is all-in
Uncalled bet (52) returned to maniakTOX
*** SHOW DOWN ***
maniakTOX: shows [8h 9c] (a straight, Eight to Queen)
Mahu2021: shows [Ts Qd] (two pair, Queens and Tens)
maniakTOX collected 1448 from pot
Mahu2021 finished the tournament in 2nd place
maniakTOX wins the tournament and receives $6.00 - congratulations!
*** SUMMARY ***
Total pot 1448 | Rake 0 
Board [2c 6d Jh Td Qc]
Seat 2: Mahu2021 (big blind) showed [Ts Qd] and lost with two pair, Queens and Tens
Seat 3: maniakTOX (button) (small blind) showed [8h 9c] and won (1448) with a straight, Eight to Queen



