PokerStars Hand #253473291524: Tournament #3825121224, $1.84+$0.16 USD Hold'em No Limit - Level I (10/20) - 2024/11/19 10:05:20 CET [2024/11/19 4:05:20 ET]
Table '3825121224 1' 3-max Seat #1 is the button
Seat 1: Mahu2021 (500 in chips) 
Seat 2: snxgar (500 in chips) 
Seat 3: DjDrDeviL (500 in chips) 
snxgar: posts small blind 10
DjDrDeviL: posts big blind 20
*** HOLE CARDS ***
Dealt to Mahu2021 [Jc 2c]
Mahu2021: raises 20 to 40
snxgar: raises 100 to 140
DjDrDeviL: calls 120
Mahu2021: folds 
*** FLOP *** [6h 5d 8d]
snxgar: bets 106
DjDrDeviL: raises 254 to 360 and is all-in
snxgar: calls 254 and is all-in
*** TURN *** [6h 5d 8d] [Ts]
*** RIVER *** [6h 5d 8d Ts] [Ks]
*** SHOW DOWN ***
snxgar: shows [9s Ac] (high card Ace)
DjDrDeviL: shows [Ad Kh] (a pair of Kings)
DjDrDeviL collected 1040 from pot
snxgar finished the tournament in 3rd place
*** SUMMARY ***
Total pot 1040 | Rake 0 
Board [6h 5d 8d Ts Ks]
Seat 1: Mahu2021 (button) folded before Flop
Seat 2: snxgar (small blind) showed [9s Ac] and lost with high card Ace
Seat 3: DjDrDeviL (big blind) showed [Ad Kh] and won (1040) with a pair of Kings



PokerStars Hand #253473294112: Tournament #3825121224, $1.84+$0.16 USD Hold'em No Limit - Level I (10/20) - 2024/11/19 10:05:50 CET [2024/11/19 4:05:50 ET]
Table '3825121224 1' 3-max Seat #3 is the button
Seat 1: Mahu2021 (460 in chips) 
Seat 3: DjDrDeviL (1040 in chips) 
DjDrDeviL: posts small blind 10
Mahu2021: posts big blind 20
*** HOLE CARDS ***
Dealt to Mahu2021 [Kd Jd]
DjDrDeviL: calls 10
Mahu2021: raises 40 to 60
DjDrDeviL: calls 40
*** FLOP *** [8h Qh Ad]
Mahu2021: checks 
DjDrDeviL: checks 
*** TURN *** [8h Qh Ad] [Qc]
Mahu2021: checks 
DjDrDeviL: checks 
*** RIVER *** [8h Qh Ad Qc] [Ts]
Mahu2021: bets 120
DjDrDeviL: calls 120
*** SHOW DOWN ***
Mahu2021: shows [Kd Jd] (a straight, Ten to Ace)
DjDrDeviL: mucks hand 
Mahu2021 collected 360 from pot
*** SUMMARY ***
Total pot 360 | Rake 0 
Board [8h Qh Ad Qc Ts]
Seat 1: Mahu2021 (big blind) showed [Kd Jd] and won (360) with a straight, Ten to Ace
Seat 3: DjDrDeviL (button) (small blind) mucked [6c 8s]



PokerStars Hand #253473295694: Tournament #3825121224, $1.84+$0.16 USD Hold'em No Limit - Level I (10/20) - 2024/11/19 10:06:08 CET [2024/11/19 4:06:08 ET]
Table '3825121224 1' 3-max Seat #1 is the button
Seat 1: Mahu2021 (640 in chips) 
Seat 3: DjDrDeviL (860 in chips) 
Mahu2021: posts small blind 10
DjDrDeviL: posts big blind 20
*** HOLE CARDS ***
Dealt to Mahu2021 [Jc 6s]
Mahu2021: calls 10
DjDrDeviL: checks 
*** FLOP *** [4c 8c 5c]
DjDrDeviL: checks 
Mahu2021: bets 40
DjDrDeviL: folds 
Uncalled bet (40) returned to Mahu2021
Mahu2021 collected 40 from pot
Mahu2021: doesn't show hand 
*** SUMMARY ***
Total pot 40 | Rake 0 
Board [4c 8c 5c]
Seat 1: Mahu2021 (button) (small blind) collected (40)
Seat 3: DjDrDeviL (big blind) folded on the Flop



PokerStars Hand #253473297007: Tournament #3825121224, $1.84+$0.16 USD Hold'em No Limit - Level I (10/20) - 2024/11/19 10:06:24 CET [2024/11/19 4:06:24 ET]
Table '3825121224 1' 3-max Seat #3 is the button
Seat 1: Mahu2021 (660 in chips) 
Seat 3: DjDrDeviL (840 in chips) 
DjDrDeviL: posts small blind 10
Mahu2021: posts big blind 20
*** HOLE CARDS ***
Dealt to Mahu2021 [Jh 8c]
DjDrDeviL: folds 
Uncalled bet (10) returned to Mahu2021
Mahu2021 collected 20 from pot
Mahu2021: doesn't show hand 
*** SUMMARY ***
Total pot 20 | Rake 0 
Seat 1: Mahu2021 (big blind) collected (20)
Seat 3: DjDrDeviL (button) (small blind) folded before Flop



PokerStars Hand #253473297437: Tournament #3825121224, $1.84+$0.16 USD Hold'em No Limit - Level I (10/20) - 2024/11/19 10:06:28 CET [2024/11/19 4:06:28 ET]
Table '3825121224 1' 3-max Seat #1 is the button
Seat 1: Mahu2021 (670 in chips) 
Seat 3: DjDrDeviL (830 in chips) 
Mahu2021: posts small blind 10
DjDrDeviL: posts big blind 20
*** HOLE CARDS ***
Dealt to Mahu2021 [2h 8h]
Mahu2021: raises 20 to 40
DjDrDeviL: calls 20
*** FLOP *** [5h As Tc]
DjDrDeviL: checks 
Mahu2021: bets 40
DjDrDeviL: folds 
Uncalled bet (40) returned to Mahu2021
Mahu2021 collected 80 from pot
Mahu2021: doesn't show hand 
*** SUMMARY ***
Total pot 80 | Rake 0 
Board [5h As Tc]
Seat 1: Mahu2021 (button) (small blind) collected (80)
Seat 3: DjDrDeviL (big blind) folded on the Flop



PokerStars Hand #253473299726: Tournament #3825121224, $1.84+$0.16 USD Hold'em No Limit - Level I (10/20) - 2024/11/19 10:06:56 CET [2024/11/19 4:06:56 ET]
Table '3825121224 1' 3-max Seat #3 is the button
Seat 1: Mahu2021 (710 in chips) 
Seat 3: DjDrDeviL (790 in chips) 
DjDrDeviL: posts small blind 10
Mahu2021: posts big blind 20
*** HOLE CARDS ***
Dealt to Mahu2021 [Kh Td]
DjDrDeviL: calls 10
Mahu2021: checks 
*** FLOP *** [6h 8c 7s]
Mahu2021: checks 
DjDrDeviL: checks 
*** TURN *** [6h 8c 7s] [6d]
Mahu2021: checks 
DjDrDeviL: checks 
*** RIVER *** [6h 8c 7s 6d] [Qd]
Mahu2021: checks 
DjDrDeviL: bets 100
Mahu2021: folds 
Uncalled bet (100) returned to DjDrDeviL
DjDrDeviL collected 40 from pot
DjDrDeviL: doesn't show hand 
*** SUMMARY ***
Total pot 40 | Rake 0 
Board [6h 8c 7s 6d Qd]
Seat 1: Mahu2021 (big blind) folded on the River
Seat 3: DjDrDeviL (button) (small blind) collected (40)



PokerStars Hand #253473301439: Tournament #3825121224, $1.84+$0.16 USD Hold'em No Limit - Level I (10/20) - 2024/11/19 10:07:17 CET [2024/11/19 4:07:17 ET]
Table '3825121224 1' 3-max Seat #1 is the button
Seat 1: Mahu2021 (690 in chips) 
Seat 3: DjDrDeviL (810 in chips) 
Mahu2021: posts small blind 10
DjDrDeviL: posts big blind 20
*** HOLE CARDS ***
Dealt to Mahu2021 [8s 3s]
Mahu2021: folds 
Uncalled bet (10) returned to DjDrDeviL
DjDrDeviL collected 20 from pot
DjDrDeviL: doesn't show hand 
*** SUMMARY ***
Total pot 20 | Rake 0 
Seat 1: Mahu2021 (button) (small blind) folded before Flop
Seat 3: DjDrDeviL (big blind) collected (20)



PokerStars Hand #253473301840: Tournament #3825121224, $1.84+$0.16 USD Hold'em No Limit - Level I (10/20) - 2024/11/19 10:07:21 CET [2024/11/19 4:07:21 ET]
Table '3825121224 1' 3-max Seat #3 is the button
Seat 1: Mahu2021 (680 in chips) 
Seat 3: DjDrDeviL (820 in chips) 
DjDrDeviL: posts small blind 10
Mahu2021: posts big blind 20
*** HOLE CARDS ***
Dealt to Mahu2021 [2d Kd]
DjDrDeviL: calls 10
Mahu2021: checks 
*** FLOP *** [Kc Qd 8c]
Mahu2021: checks 
DjDrDeviL: bets 20
Mahu2021: calls 20
*** TURN *** [Kc Qd 8c] [3h]
Mahu2021: checks 
DjDrDeviL: checks 
*** RIVER *** [Kc Qd 8c 3h] [Tc]
Mahu2021: bets 20
DjDrDeviL: calls 20
*** SHOW DOWN ***
Mahu2021: shows [2d Kd] (a pair of Kings)
DjDrDeviL: mucks hand 
Mahu2021 collected 120 from pot
*** SUMMARY ***
Total pot 120 | Rake 0 
Board [Kc Qd 8c 3h Tc]
Seat 1: Mahu2021 (big blind) showed [2d Kd] and won (120) with a pair of Kings
Seat 3: DjDrDeviL (button) (small blind) mucked [7d 8s]



PokerStars Hand #253473303453: Tournament #3825121224, $1.84+$0.16 USD Hold'em No Limit - Level I (10/20) - 2024/11/19 10:07:40 CET [2024/11/19 4:07:40 ET]
Table '3825121224 1' 3-max Seat #1 is the button
Seat 1: Mahu2021 (740 in chips) 
Seat 3: DjDrDeviL (760 in chips) 
Mahu2021: posts small blind 10
DjDrDeviL: posts big blind 20
*** HOLE CARDS ***
Dealt to Mahu2021 [7h 9h]
Mahu2021: raises 20 to 40
DjDrDeviL: raises 20 to 60
Mahu2021: calls 20
*** FLOP *** [3c 2h Kc]
DjDrDeviL: checks 
Mahu2021: checks 
*** TURN *** [3c 2h Kc] [Qd]
DjDrDeviL: checks 
Mahu2021: checks 
*** RIVER *** [3c 2h Kc Qd] [Tc]
DjDrDeviL: bets 80
Mahu2021: folds 
Uncalled bet (80) returned to DjDrDeviL
DjDrDeviL collected 120 from pot
DjDrDeviL: doesn't show hand 
*** SUMMARY ***
Total pot 120 | Rake 0 
Board [3c 2h Kc Qd Tc]
Seat 1: Mahu2021 (button) (small blind) folded on the River
Seat 3: DjDrDeviL (big blind) collected (120)



PokerStars Hand #253473304963: Tournament #3825121224, $1.84+$0.16 USD Hold'em No Limit - Level I (10/20) - 2024/11/19 10:07:59 CET [2024/11/19 4:07:59 ET]
Table '3825121224 1' 3-max Seat #3 is the button
Seat 1: Mahu2021 (680 in chips) 
Seat 3: DjDrDeviL (820 in chips) 
DjDrDeviL: posts small blind 10
Mahu2021: posts big blind 20
*** HOLE CARDS ***
Dealt to Mahu2021 [3s 8d]
DjDrDeviL: raises 20 to 40
Mahu2021: folds 
Uncalled bet (20) returned to DjDrDeviL
DjDrDeviL collected 40 from pot
DjDrDeviL: doesn't show hand 
*** SUMMARY ***
Total pot 40 | Rake 0 
Seat 1: Mahu2021 (big blind) folded before Flop
Seat 3: DjDrDeviL (button) (small blind) collected (40)



PokerStars Hand #253473305537: Tournament #3825121224, $1.84+$0.16 USD Hold'em No Limit - Level I (10/20) - 2024/11/19 10:08:05 CET [2024/11/19 4:08:05 ET]
Table '3825121224 1' 3-max Seat #1 is the button
Seat 1: Mahu2021 (660 in chips) 
Seat 3: DjDrDeviL (840 in chips) 
Mahu2021: posts small blind 10
DjDrDeviL: posts big blind 20
*** HOLE CARDS ***
Dealt to Mahu2021 [8c Jc]
Mahu2021: raises 20 to 40
DjDrDeviL: calls 20
*** FLOP *** [Th Qh 6d]
DjDrDeviL: checks 
Mahu2021: bets 40
DjDrDeviL: calls 40
*** TURN *** [Th Qh 6d] [6h]
DjDrDeviL: checks 
Mahu2021: checks 
*** RIVER *** [Th Qh 6d 6h] [7c]
DjDrDeviL: bets 140
Mahu2021: folds 
Uncalled bet (140) returned to DjDrDeviL
DjDrDeviL collected 160 from pot
DjDrDeviL: doesn't show hand 
*** SUMMARY ***
Total pot 160 | Rake 0 
Board [Th Qh 6d 6h 7c]
Seat 1: Mahu2021 (button) (small blind) folded on the River
Seat 3: DjDrDeviL (big blind) collected (160)



PokerStars Hand #253473307209: Tournament #3825121224, $1.84+$0.16 USD Hold'em No Limit - Level II (15/30) - 2024/11/19 10:08:26 CET [2024/11/19 4:08:26 ET]
Table '3825121224 1' 3-max Seat #3 is the button
Seat 1: Mahu2021 (580 in chips) 
Seat 3: DjDrDeviL (920 in chips) 
DjDrDeviL: posts small blind 15
Mahu2021: posts big blind 30
*** HOLE CARDS ***
Dealt to Mahu2021 [3s 6c]
DjDrDeviL: calls 15
Mahu2021: checks 
*** FLOP *** [9h Th 5s]
Mahu2021: checks 
DjDrDeviL: checks 
*** TURN *** [9h Th 5s] [3h]
Mahu2021: checks 
DjDrDeviL: checks 
*** RIVER *** [9h Th 5s 3h] [4s]
Mahu2021: bets 30
DjDrDeviL: calls 30
*** SHOW DOWN ***
Mahu2021: shows [3s 6c] (a pair of Threes)
DjDrDeviL: mucks hand 
Mahu2021 collected 120 from pot
*** SUMMARY ***
Total pot 120 | Rake 0 
Board [9h Th 5s 3h 4s]
Seat 1: Mahu2021 (big blind) showed [3s 6c] and won (120) with a pair of Threes
Seat 3: DjDrDeviL (button) (small blind) mucked [2c Jc]



PokerStars Hand #253473308453: Tournament #3825121224, $1.84+$0.16 USD Hold'em No Limit - Level II (15/30) - 2024/11/19 10:08:40 CET [2024/11/19 4:08:40 ET]
Table '3825121224 1' 3-max Seat #1 is the button
Seat 1: Mahu2021 (640 in chips) 
Seat 3: DjDrDeviL (860 in chips) 
Mahu2021: posts small blind 15
DjDrDeviL: posts big blind 30
*** HOLE CARDS ***
Dealt to Mahu2021 [6c 3c]
Mahu2021: folds 
Uncalled bet (15) returned to DjDrDeviL
DjDrDeviL collected 30 from pot
DjDrDeviL: doesn't show hand 
*** SUMMARY ***
Total pot 30 | Rake 0 
Seat 1: Mahu2021 (button) (small blind) folded before Flop
Seat 3: DjDrDeviL (big blind) collected (30)



PokerStars Hand #253473308971: Tournament #3825121224, $1.84+$0.16 USD Hold'em No Limit - Level II (15/30) - 2024/11/19 10:08:46 CET [2024/11/19 4:08:46 ET]
Table '3825121224 1' 3-max Seat #3 is the button
Seat 1: Mahu2021 (625 in chips) 
Seat 3: DjDrDeviL (875 in chips) 
DjDrDeviL: posts small blind 15
Mahu2021: posts big blind 30
*** HOLE CARDS ***
Dealt to Mahu2021 [2s Ts]
DjDrDeviL: calls 15
Mahu2021: checks 
*** FLOP *** [7s 9d 8s]
Mahu2021: bets 30
DjDrDeviL: calls 30
*** TURN *** [7s 9d 8s] [7h]
Mahu2021: bets 30
DjDrDeviL: folds 
Uncalled bet (30) returned to Mahu2021
Mahu2021 collected 120 from pot
Mahu2021: doesn't show hand 
*** SUMMARY ***
Total pot 120 | Rake 0 
Board [7s 9d 8s 7h]
Seat 1: Mahu2021 (big blind) collected (120)
Seat 3: DjDrDeviL (button) (small blind) folded on the Turn



PokerStars Hand #253473310011: Tournament #3825121224, $1.84+$0.16 USD Hold'em No Limit - Level II (15/30) - 2024/11/19 10:08:59 CET [2024/11/19 4:08:59 ET]
Table '3825121224 1' 3-max Seat #1 is the button
Seat 1: Mahu2021 (685 in chips) 
Seat 3: DjDrDeviL (815 in chips) 
Mahu2021: posts small blind 15
DjDrDeviL: posts big blind 30
*** HOLE CARDS ***
Dealt to Mahu2021 [Js Ad]
Mahu2021: raises 30 to 60
DjDrDeviL: calls 30
*** FLOP *** [Ac 4h 8s]
DjDrDeviL: checks 
Mahu2021: checks 
*** TURN *** [Ac 4h 8s] [Td]
DjDrDeviL: checks 
Mahu2021: bets 60
DjDrDeviL: folds 
Uncalled bet (60) returned to Mahu2021
Mahu2021 collected 120 from pot
Mahu2021: doesn't show hand 
*** SUMMARY ***
Total pot 120 | Rake 0 
Board [Ac 4h 8s Td]
Seat 1: Mahu2021 (button) (small blind) collected (120)
Seat 3: DjDrDeviL (big blind) folded on the Turn



PokerStars Hand #253473311140: Tournament #3825121224, $1.84+$0.16 USD Hold'em No Limit - Level II (15/30) - 2024/11/19 10:09:12 CET [2024/11/19 4:09:12 ET]
Table '3825121224 1' 3-max Seat #3 is the button
Seat 1: Mahu2021 (745 in chips) 
Seat 3: DjDrDeviL (755 in chips) 
DjDrDeviL: posts small blind 15
Mahu2021: posts big blind 30
*** HOLE CARDS ***
Dealt to Mahu2021 [5s 5d]
DjDrDeviL: calls 15
Mahu2021: checks 
*** FLOP *** [Jc 2s 8s]
Mahu2021: checks 
DjDrDeviL: bets 90
Mahu2021: folds 
Uncalled bet (90) returned to DjDrDeviL
DjDrDeviL collected 60 from pot
DjDrDeviL: doesn't show hand 
*** SUMMARY ***
Total pot 60 | Rake 0 
Board [Jc 2s 8s]
Seat 1: Mahu2021 (big blind) folded on the Flop
Seat 3: DjDrDeviL (button) (small blind) collected (60)



PokerStars Hand #253473312143: Tournament #3825121224, $1.84+$0.16 USD Hold'em No Limit - Level II (15/30) - 2024/11/19 10:09:24 CET [2024/11/19 4:09:24 ET]
Table '3825121224 1' 3-max Seat #1 is the button
Seat 1: Mahu2021 (715 in chips) 
Seat 3: DjDrDeviL (785 in chips) 
Mahu2021: posts small blind 15
DjDrDeviL: posts big blind 30
*** HOLE CARDS ***
Dealt to Mahu2021 [2s 6c]
Mahu2021: folds 
Uncalled bet (15) returned to DjDrDeviL
DjDrDeviL collected 30 from pot
DjDrDeviL: doesn't show hand 
*** SUMMARY ***
Total pot 30 | Rake 0 
Seat 1: Mahu2021 (button) (small blind) folded before Flop
Seat 3: DjDrDeviL (big blind) collected (30)



PokerStars Hand #253473312559: Tournament #3825121224, $1.84+$0.16 USD Hold'em No Limit - Level II (15/30) - 2024/11/19 10:09:28 CET [2024/11/19 4:09:28 ET]
Table '3825121224 1' 3-max Seat #3 is the button
Seat 1: Mahu2021 (700 in chips) 
Seat 3: DjDrDeviL (800 in chips) 
DjDrDeviL: posts small blind 15
Mahu2021: posts big blind 30
*** HOLE CARDS ***
Dealt to Mahu2021 [Ad 9h]
DjDrDeviL: calls 15
Mahu2021: raises 90 to 120
DjDrDeviL: calls 90
*** FLOP *** [Ah 7c Kc]
Mahu2021: bets 120
DjDrDeviL: folds 
Uncalled bet (120) returned to Mahu2021
Mahu2021 collected 240 from pot
Mahu2021: doesn't show hand 
*** SUMMARY ***
Total pot 240 | Rake 0 
Board [Ah 7c Kc]
Seat 1: Mahu2021 (big blind) collected (240)
Seat 3: DjDrDeviL (button) (small blind) folded on the Flop



PokerStars Hand #253473313554: Tournament #3825121224, $1.84+$0.16 USD Hold'em No Limit - Level II (15/30) - 2024/11/19 10:09:40 CET [2024/11/19 4:09:40 ET]
Table '3825121224 1' 3-max Seat #1 is the button
Seat 1: Mahu2021 (820 in chips) 
Seat 3: DjDrDeviL (680 in chips) 
Mahu2021: posts small blind 15
DjDrDeviL: posts big blind 30
*** HOLE CARDS ***
Dealt to Mahu2021 [3c 8h]
Mahu2021: folds 
Uncalled bet (15) returned to DjDrDeviL
DjDrDeviL collected 30 from pot
DjDrDeviL: doesn't show hand 
*** SUMMARY ***
Total pot 30 | Rake 0 
Seat 1: Mahu2021 (button) (small blind) folded before Flop
Seat 3: DjDrDeviL (big blind) collected (30)



PokerStars Hand #253473313933: Tournament #3825121224, $1.84+$0.16 USD Hold'em No Limit - Level II (15/30) - 2024/11/19 10:09:44 CET [2024/11/19 4:09:44 ET]
Table '3825121224 1' 3-max Seat #3 is the button
Seat 1: Mahu2021 (805 in chips) 
Seat 3: DjDrDeviL (695 in chips) 
DjDrDeviL: posts small blind 15
Mahu2021: posts big blind 30
*** HOLE CARDS ***
Dealt to Mahu2021 [Th 3h]
DjDrDeviL: calls 15
Mahu2021: checks 
*** FLOP *** [As 5h 7c]
Mahu2021: checks 
DjDrDeviL: checks 
*** TURN *** [As 5h 7c] [Qh]
Mahu2021: bets 30
DjDrDeviL: raises 30 to 60
Mahu2021: calls 30
*** RIVER *** [As 5h 7c Qh] [Kd]
Mahu2021: checks 
DjDrDeviL: checks 
*** SHOW DOWN ***
Mahu2021: shows [Th 3h] (high card Ace)
DjDrDeviL: shows [9s 7d] (a pair of Sevens)
DjDrDeviL collected 180 from pot
*** SUMMARY ***
Total pot 180 | Rake 0 
Board [As 5h 7c Qh Kd]
Seat 1: Mahu2021 (big blind) showed [Th 3h] and lost with high card Ace
Seat 3: DjDrDeviL (button) (small blind) showed [9s 7d] and won (180) with a pair of Sevens



PokerStars Hand #253473315274: Tournament #3825121224, $1.84+$0.16 USD Hold'em No Limit - Level II (15/30) - 2024/11/19 10:10:00 CET [2024/11/19 4:10:00 ET]
Table '3825121224 1' 3-max Seat #1 is the button
Seat 1: Mahu2021 (715 in chips) 
Seat 3: DjDrDeviL (785 in chips) 
Mahu2021: posts small blind 15
DjDrDeviL: posts big blind 30
*** HOLE CARDS ***
Dealt to Mahu2021 [Qd 7c]
Mahu2021: raises 30 to 60
DjDrDeviL: raises 60 to 120
Mahu2021: calls 60
*** FLOP *** [Ts 4d 3s]
DjDrDeviL: bets 665 and is all-in
Mahu2021: folds 
Uncalled bet (665) returned to DjDrDeviL
DjDrDeviL collected 240 from pot
DjDrDeviL: doesn't show hand 
*** SUMMARY ***
Total pot 240 | Rake 0 
Board [Ts 4d 3s]
Seat 1: Mahu2021 (button) (small blind) folded on the Flop
Seat 3: DjDrDeviL (big blind) collected (240)



PokerStars Hand #253473316593: Tournament #3825121224, $1.84+$0.16 USD Hold'em No Limit - Level II (15/30) - 2024/11/19 10:10:15 CET [2024/11/19 4:10:15 ET]
Table '3825121224 1' 3-max Seat #3 is the button
Seat 1: Mahu2021 (595 in chips) 
Seat 3: DjDrDeviL (905 in chips) 
DjDrDeviL: posts small blind 15
Mahu2021: posts big blind 30
*** HOLE CARDS ***
Dealt to Mahu2021 [Ad 2c]
DjDrDeviL: calls 15
Mahu2021: checks 
*** FLOP *** [3c Jd 5d]
Mahu2021: checks 
DjDrDeviL: checks 
*** TURN *** [3c Jd 5d] [Jh]
Mahu2021: checks 
DjDrDeviL: bets 30
Mahu2021: calls 30
*** RIVER *** [3c Jd 5d Jh] [Kc]
Mahu2021: checks 
DjDrDeviL: checks 
*** SHOW DOWN ***
Mahu2021: shows [Ad 2c] (a pair of Jacks)
DjDrDeviL: mucks hand 
Mahu2021 collected 120 from pot
*** SUMMARY ***
Total pot 120 | Rake 0 
Board [3c Jd 5d Jh Kc]
Seat 1: Mahu2021 (big blind) showed [Ad 2c] and won (120) with a pair of Jacks
Seat 3: DjDrDeviL (button) (small blind) mucked [6d 8c]



PokerStars Hand #253473317870: Tournament #3825121224, $1.84+$0.16 USD Hold'em No Limit - Level II (15/30) - 2024/11/19 10:10:30 CET [2024/11/19 4:10:30 ET]
Table '3825121224 1' 3-max Seat #1 is the button
Seat 1: Mahu2021 (655 in chips) 
Seat 3: DjDrDeviL (845 in chips) 
Mahu2021: posts small blind 15
DjDrDeviL: posts big blind 30
*** HOLE CARDS ***
Dealt to Mahu2021 [Qs 6c]
Mahu2021: raises 30 to 60
DjDrDeviL: calls 30
*** FLOP *** [7s Kd 6s]
DjDrDeviL: checks 
Mahu2021: bets 60
DjDrDeviL: calls 60
*** TURN *** [7s Kd 6s] [Tc]
DjDrDeviL: checks 
Mahu2021: bets 240
DjDrDeviL: calls 240
*** RIVER *** [7s Kd 6s Tc] [7h]
DjDrDeviL: checks 
Mahu2021: checks 
*** SHOW DOWN ***
DjDrDeviL: shows [4h 5h] (a pair of Sevens)
Mahu2021: shows [Qs 6c] (two pair, Sevens and Sixes)
Mahu2021 collected 720 from pot
*** SUMMARY ***
Total pot 720 | Rake 0 
Board [7s Kd 6s Tc 7h]
Seat 1: Mahu2021 (button) (small blind) showed [Qs 6c] and won (720) with two pair, Sevens and Sixes
Seat 3: DjDrDeviL (big blind) showed [4h 5h] and lost with a pair of Sevens



PokerStars Hand #253473319688: Tournament #3825121224, $1.84+$0.16 USD Hold'em No Limit - Level II (15/30) - 2024/11/19 10:10:52 CET [2024/11/19 4:10:52 ET]
Table '3825121224 1' 3-max Seat #3 is the button
Seat 1: Mahu2021 (1015 in chips) 
Seat 3: DjDrDeviL (485 in chips) 
DjDrDeviL: posts small blind 15
Mahu2021: posts big blind 30
*** HOLE CARDS ***
Dealt to Mahu2021 [Ks Ad]
DjDrDeviL: raises 90 to 120
Mahu2021: raises 895 to 1015 and is all-in
DjDrDeviL: calls 365 and is all-in
Uncalled bet (530) returned to Mahu2021
*** FLOP *** [Ah 6d Ts]
*** TURN *** [Ah 6d Ts] [2c]
*** RIVER *** [Ah 6d Ts 2c] [Kc]
*** SHOW DOWN ***
Mahu2021: shows [Ks Ad] (two pair, Aces and Kings)
DjDrDeviL: shows [Ac Qh] (a pair of Aces)
Mahu2021 collected 970 from pot
DjDrDeviL finished the tournament in 2nd place
Mahu2021 wins the tournament and receives $6.00 - congratulations!
*** SUMMARY ***
Total pot 970 | Rake 0 
Board [Ah 6d Ts 2c Kc]
Seat 1: Mahu2021 (big blind) showed [Ks Ad] and won (970) with two pair, Aces and Kings
Seat 3: DjDrDeviL (button) (small blind) showed [Ac Qh] and lost with a pair of Aces



