PokerStars Hand #246494085132: Tournament #3657516215, $0.92+$0.08 USD Hold'em No Limit - Level I (10/20) - 2023/10/12 19:51:31 CET [2023/10/12 13:51:31 ET]
Table '3657516215 1' 3-max Seat #1 is the button
Seat 1: eracska80 (500 in chips) 
Seat 2: Mahu2021 (500 in chips) 
Seat 3: Jadesk_15 (500 in chips) 
Mahu2021: posts small blind 10
Jadesk_15: posts big blind 20
*** HOLE CARDS ***
Dealt to Mahu2021 [3h 6s]
eracska80: calls 20
Mahu2021: calls 10
Jadesk_15: checks 
*** FLOP *** [5d Ad 2h]
Mahu2021: checks 
Jadesk_15: checks 
eracska80: checks 
*** TURN *** [5d Ad 2h] [3c]
Mahu2021: bets 40
Jadesk_15: calls 40
eracska80: folds 
*** RIVER *** [5d Ad 2h 3c] [9h]
Mahu2021: checks 
Jadesk_15: bets 440 and is all-in
Mahu2021: folds 
Uncalled bet (440) returned to Jadesk_15
Jadesk_15 collected 140 from pot
Jadesk_15: doesn't show hand 
*** SUMMARY ***
Total pot 140 | Rake 0 
Board [5d Ad 2h 3c 9h]
Seat 1: eracska80 (button) folded on the Turn
Seat 2: Mahu2021 (small blind) folded on the River
Seat 3: Jadesk_15 (big blind) collected (140)



PokerStars Hand #246494097331: Tournament #3657516215, $0.92+$0.08 USD Hold'em No Limit - Level I (10/20) - 2023/10/12 19:52:11 CET [2023/10/12 13:52:11 ET]
Table '3657516215 1' 3-max Seat #2 is the button
Seat 1: eracska80 (480 in chips) 
Seat 2: Mahu2021 (440 in chips) 
Seat 3: Jadesk_15 (580 in chips) 
Jadesk_15: posts small blind 10
eracska80: posts big blind 20
*** HOLE CARDS ***
Dealt to Mahu2021 [Ac Kd]
Mahu2021: raises 40 to 60
Jadesk_15: folds 
eracska80: calls 40
*** FLOP *** [6s Jd Td]
eracska80: checks 
Mahu2021: bets 40
eracska80: calls 40
*** TURN *** [6s Jd Td] [2s]
eracska80: checks 
Mahu2021: checks 
*** RIVER *** [6s Jd Td 2s] [Ts]
eracska80: checks 
Mahu2021: checks 
*** SHOW DOWN ***
eracska80: shows [Qh 9c] (a pair of Tens)
Mahu2021: shows [Ac Kd] (a pair of Tens - Ace kicker)
Mahu2021 collected 210 from pot
*** SUMMARY ***
Total pot 210 | Rake 0 
Board [6s Jd Td 2s Ts]
Seat 1: eracska80 (big blind) showed [Qh 9c] and lost with a pair of Tens
Seat 2: Mahu2021 (button) showed [Ac Kd] and won (210) with a pair of Tens
Seat 3: Jadesk_15 (small blind) folded before Flop



PokerStars Hand #246494106004: Tournament #3657516215, $0.92+$0.08 USD Hold'em No Limit - Level I (10/20) - 2023/10/12 19:52:39 CET [2023/10/12 13:52:39 ET]
Table '3657516215 1' 3-max Seat #3 is the button
Seat 1: eracska80 (380 in chips) 
Seat 2: Mahu2021 (550 in chips) 
Seat 3: Jadesk_15 (570 in chips) 
eracska80: posts small blind 10
Mahu2021: posts big blind 20
*** HOLE CARDS ***
Dealt to Mahu2021 [6d Qc]
Jadesk_15: folds 
eracska80: folds 
Uncalled bet (10) returned to Mahu2021
Mahu2021 collected 20 from pot
Mahu2021: doesn't show hand 
*** SUMMARY ***
Total pot 20 | Rake 0 
Seat 1: eracska80 (small blind) folded before Flop
Seat 2: Mahu2021 (big blind) collected (20)
Seat 3: Jadesk_15 (button) folded before Flop (didn't bet)



PokerStars Hand #246494108335: Tournament #3657516215, $0.92+$0.08 USD Hold'em No Limit - Level I (10/20) - 2023/10/12 19:52:47 CET [2023/10/12 13:52:47 ET]
Table '3657516215 1' 3-max Seat #1 is the button
Seat 1: eracska80 (370 in chips) 
Seat 2: Mahu2021 (560 in chips) 
Seat 3: Jadesk_15 (570 in chips) 
Mahu2021: posts small blind 10
Jadesk_15: posts big blind 20
*** HOLE CARDS ***
Dealt to Mahu2021 [8h 5d]
eracska80: folds 
Mahu2021: folds 
Uncalled bet (10) returned to Jadesk_15
Jadesk_15 collected 20 from pot
Jadesk_15: doesn't show hand 
*** SUMMARY ***
Total pot 20 | Rake 0 
Seat 1: eracska80 (button) folded before Flop (didn't bet)
Seat 2: Mahu2021 (small blind) folded before Flop
Seat 3: Jadesk_15 (big blind) collected (20)



PokerStars Hand #246494110039: Tournament #3657516215, $0.92+$0.08 USD Hold'em No Limit - Level I (10/20) - 2023/10/12 19:52:53 CET [2023/10/12 13:52:53 ET]
Table '3657516215 1' 3-max Seat #2 is the button
Seat 1: eracska80 (370 in chips) 
Seat 2: Mahu2021 (550 in chips) 
Seat 3: Jadesk_15 (580 in chips) 
Jadesk_15: posts small blind 10
eracska80: posts big blind 20
*** HOLE CARDS ***
Dealt to Mahu2021 [Td 2s]
Mahu2021: folds 
Jadesk_15: calls 10
eracska80: checks 
*** FLOP *** [Ts 8h 3h]
Jadesk_15: bets 20
eracska80: folds 
Uncalled bet (20) returned to Jadesk_15
Jadesk_15 collected 40 from pot
Jadesk_15: doesn't show hand 
*** SUMMARY ***
Total pot 40 | Rake 0 
Board [Ts 8h 3h]
Seat 1: eracska80 (big blind) folded on the Flop
Seat 2: Mahu2021 (button) folded before Flop (didn't bet)
Seat 3: Jadesk_15 (small blind) collected (40)



PokerStars Hand #246494116452: Tournament #3657516215, $0.92+$0.08 USD Hold'em No Limit - Level I (10/20) - 2023/10/12 19:53:13 CET [2023/10/12 13:53:13 ET]
Table '3657516215 1' 3-max Seat #3 is the button
Seat 1: eracska80 (350 in chips) 
Seat 2: Mahu2021 (550 in chips) 
Seat 3: Jadesk_15 (600 in chips) 
eracska80: posts small blind 10
Mahu2021: posts big blind 20
*** HOLE CARDS ***
Dealt to Mahu2021 [5d Qs]
Jadesk_15: folds 
eracska80: calls 10
Mahu2021: checks 
*** FLOP *** [5c As 8c]
eracska80: checks 
Mahu2021: checks 
*** TURN *** [5c As 8c] [4c]
eracska80: checks 
Mahu2021: checks 
*** RIVER *** [5c As 8c 4c] [Qc]
eracska80: checks 
Mahu2021: bets 20
eracska80: folds 
Uncalled bet (20) returned to Mahu2021
Mahu2021 collected 40 from pot
Mahu2021: doesn't show hand 
*** SUMMARY ***
Total pot 40 | Rake 0 
Board [5c As 8c 4c Qc]
Seat 1: eracska80 (small blind) folded on the River
Seat 2: Mahu2021 (big blind) collected (40)
Seat 3: Jadesk_15 (button) folded before Flop (didn't bet)



PokerStars Hand #246494126314: Tournament #3657516215, $0.92+$0.08 USD Hold'em No Limit - Level II (15/30) - 2023/10/12 19:53:46 CET [2023/10/12 13:53:46 ET]
Table '3657516215 1' 3-max Seat #1 is the button
Seat 1: eracska80 (330 in chips) 
Seat 2: Mahu2021 (570 in chips) 
Seat 3: Jadesk_15 (600 in chips) 
Mahu2021: posts small blind 15
Jadesk_15: posts big blind 30
*** HOLE CARDS ***
Dealt to Mahu2021 [4c Jc]
eracska80: folds 
Mahu2021: raises 30 to 60
Jadesk_15: raises 540 to 600 and is all-in
Mahu2021: folds 
Uncalled bet (540) returned to Jadesk_15
Jadesk_15 collected 120 from pot
Jadesk_15: doesn't show hand 
*** SUMMARY ***
Total pot 120 | Rake 0 
Seat 1: eracska80 (button) folded before Flop (didn't bet)
Seat 2: Mahu2021 (small blind) folded before Flop
Seat 3: Jadesk_15 (big blind) collected (120)



PokerStars Hand #246494129566: Tournament #3657516215, $0.92+$0.08 USD Hold'em No Limit - Level II (15/30) - 2023/10/12 19:53:57 CET [2023/10/12 13:53:57 ET]
Table '3657516215 1' 3-max Seat #2 is the button
Seat 1: eracska80 (330 in chips) 
Seat 2: Mahu2021 (510 in chips) 
Seat 3: Jadesk_15 (660 in chips) 
Jadesk_15: posts small blind 15
eracska80: posts big blind 30
*** HOLE CARDS ***
Dealt to Mahu2021 [2h 9h]
Mahu2021: folds 
Jadesk_15: folds 
Uncalled bet (15) returned to eracska80
eracska80 collected 30 from pot
*** SUMMARY ***
Total pot 30 | Rake 0 
Seat 1: eracska80 (big blind) collected (30)
Seat 2: Mahu2021 (button) folded before Flop (didn't bet)
Seat 3: Jadesk_15 (small blind) folded before Flop



PokerStars Hand #246494132064: Tournament #3657516215, $0.92+$0.08 USD Hold'em No Limit - Level II (15/30) - 2023/10/12 19:54:05 CET [2023/10/12 13:54:05 ET]
Table '3657516215 1' 3-max Seat #3 is the button
Seat 1: eracska80 (345 in chips) 
Seat 2: Mahu2021 (510 in chips) 
Seat 3: Jadesk_15 (645 in chips) 
eracska80: posts small blind 15
Mahu2021: posts big blind 30
*** HOLE CARDS ***
Dealt to Mahu2021 [Tc 7s]
Jadesk_15: raises 615 to 645 and is all-in
eracska80: folds 
Mahu2021: folds 
Uncalled bet (615) returned to Jadesk_15
Jadesk_15 collected 75 from pot
Jadesk_15: doesn't show hand 
*** SUMMARY ***
Total pot 75 | Rake 0 
Seat 1: eracska80 (small blind) folded before Flop
Seat 2: Mahu2021 (big blind) folded before Flop
Seat 3: Jadesk_15 (button) collected (75)



PokerStars Hand #246494134145: Tournament #3657516215, $0.92+$0.08 USD Hold'em No Limit - Level II (15/30) - 2023/10/12 19:54:12 CET [2023/10/12 13:54:12 ET]
Table '3657516215 1' 3-max Seat #1 is the button
Seat 1: eracska80 (330 in chips) 
Seat 2: Mahu2021 (480 in chips) 
Seat 3: Jadesk_15 (690 in chips) 
Mahu2021: posts small blind 15
Jadesk_15: posts big blind 30
*** HOLE CARDS ***
Dealt to Mahu2021 [Ks 9s]
eracska80: raises 60 to 90
Mahu2021: calls 75
Jadesk_15: folds 
*** FLOP *** [6c 7c 4c]
Mahu2021: checks 
eracska80: bets 105
Mahu2021: folds 
Uncalled bet (105) returned to eracska80
eracska80 collected 210 from pot
*** SUMMARY ***
Total pot 210 | Rake 0 
Board [6c 7c 4c]
Seat 1: eracska80 (button) collected (210)
Seat 2: Mahu2021 (small blind) folded on the Flop
Seat 3: Jadesk_15 (big blind) folded before Flop



PokerStars Hand #246494138570: Tournament #3657516215, $0.92+$0.08 USD Hold'em No Limit - Level II (15/30) - 2023/10/12 19:54:26 CET [2023/10/12 13:54:26 ET]
Table '3657516215 1' 3-max Seat #2 is the button
Seat 1: eracska80 (450 in chips) 
Seat 2: Mahu2021 (390 in chips) 
Seat 3: Jadesk_15 (660 in chips) 
Jadesk_15: posts small blind 15
eracska80: posts big blind 30
*** HOLE CARDS ***
Dealt to Mahu2021 [7s 7h]
Mahu2021: raises 360 to 390 and is all-in
Jadesk_15: folds 
eracska80: folds 
Uncalled bet (360) returned to Mahu2021
Mahu2021 collected 75 from pot
Mahu2021: doesn't show hand 
*** SUMMARY ***
Total pot 75 | Rake 0 
Seat 1: eracska80 (big blind) folded before Flop
Seat 2: Mahu2021 (button) collected (75)
Seat 3: Jadesk_15 (small blind) folded before Flop



PokerStars Hand #246494142307: Tournament #3657516215, $0.92+$0.08 USD Hold'em No Limit - Level II (15/30) - 2023/10/12 19:54:39 CET [2023/10/12 13:54:39 ET]
Table '3657516215 1' 3-max Seat #3 is the button
Seat 1: eracska80 (420 in chips) 
Seat 2: Mahu2021 (435 in chips) 
Seat 3: Jadesk_15 (645 in chips) 
eracska80: posts small blind 15
Mahu2021: posts big blind 30
*** HOLE CARDS ***
Dealt to Mahu2021 [9d Ac]
Jadesk_15: raises 615 to 645 and is all-in
eracska80: calls 405 and is all-in
Mahu2021: folds 
Uncalled bet (225) returned to Jadesk_15
*** FLOP *** [9c 7c 2s]
*** TURN *** [9c 7c 2s] [2h]
*** RIVER *** [9c 7c 2s 2h] [3s]
*** SHOW DOWN ***
eracska80: shows [Jh Qd] (a pair of Deuces)
Jadesk_15: shows [6h 6c] (two pair, Sixes and Deuces)
Jadesk_15 collected 870 from pot
eracska80 finished the tournament in 3rd place
*** SUMMARY ***
Total pot 870 | Rake 0 
Board [9c 7c 2s 2h 3s]
Seat 1: eracska80 (small blind) showed [Jh Qd] and lost with a pair of Deuces
Seat 2: Mahu2021 (big blind) folded before Flop
Seat 3: Jadesk_15 (button) showed [6h 6c] and won (870) with two pair, Sixes and Deuces



PokerStars Hand #246494147640: Tournament #3657516215, $0.92+$0.08 USD Hold'em No Limit - Level II (15/30) - 2023/10/12 19:54:56 CET [2023/10/12 13:54:56 ET]
Table '3657516215 1' 3-max Seat #2 is the button
Seat 2: Mahu2021 (405 in chips) 
Seat 3: Jadesk_15 (1095 in chips) 
Mahu2021: posts small blind 15
Jadesk_15: posts big blind 30
*** HOLE CARDS ***
Dealt to Mahu2021 [2h Ks]
Mahu2021: folds 
Uncalled bet (15) returned to Jadesk_15
Jadesk_15 collected 30 from pot
Jadesk_15: doesn't show hand 
*** SUMMARY ***
Total pot 30 | Rake 0 
Seat 2: Mahu2021 (button) (small blind) folded before Flop
Seat 3: Jadesk_15 (big blind) collected (30)



PokerStars Hand #246494149212: Tournament #3657516215, $0.92+$0.08 USD Hold'em No Limit - Level II (15/30) - 2023/10/12 19:55:01 CET [2023/10/12 13:55:01 ET]
Table '3657516215 1' 3-max Seat #3 is the button
Seat 2: Mahu2021 (390 in chips) 
Seat 3: Jadesk_15 (1110 in chips) 
Jadesk_15: posts small blind 15
Mahu2021: posts big blind 30
*** HOLE CARDS ***
Dealt to Mahu2021 [2s 6h]
Jadesk_15: calls 15
Mahu2021: checks 
*** FLOP *** [Th Qc Ts]
Mahu2021: checks 
Jadesk_15: checks 
*** TURN *** [Th Qc Ts] [8c]
Mahu2021: checks 
Jadesk_15: checks 
*** RIVER *** [Th Qc Ts 8c] [3d]
Mahu2021: checks 
Jadesk_15: checks 
*** SHOW DOWN ***
Mahu2021: shows [2s 6h] (a pair of Tens)
Jadesk_15: shows [3h Jd] (two pair, Tens and Threes)
Jadesk_15 collected 60 from pot
*** SUMMARY ***
Total pot 60 | Rake 0 
Board [Th Qc Ts 8c 3d]
Seat 2: Mahu2021 (big blind) showed [2s 6h] and lost with a pair of Tens
Seat 3: Jadesk_15 (button) (small blind) showed [3h Jd] and won (60) with two pair, Tens and Threes



PokerStars Hand #246494153377: Tournament #3657516215, $0.92+$0.08 USD Hold'em No Limit - Level II (15/30) - 2023/10/12 19:55:17 CET [2023/10/12 13:55:17 ET]
Table '3657516215 1' 3-max Seat #2 is the button
Seat 2: Mahu2021 (360 in chips) 
Seat 3: Jadesk_15 (1140 in chips) 
Mahu2021: posts small blind 15
Jadesk_15: posts big blind 30
*** HOLE CARDS ***
Dealt to Mahu2021 [8d 3s]
Mahu2021: folds 
Uncalled bet (15) returned to Jadesk_15
Jadesk_15 collected 30 from pot
Jadesk_15: doesn't show hand 
*** SUMMARY ***
Total pot 30 | Rake 0 
Seat 2: Mahu2021 (button) (small blind) folded before Flop
Seat 3: Jadesk_15 (big blind) collected (30)



PokerStars Hand #246494154404: Tournament #3657516215, $0.92+$0.08 USD Hold'em No Limit - Level II (15/30) - 2023/10/12 19:55:22 CET [2023/10/12 13:55:22 ET]
Table '3657516215 1' 3-max Seat #3 is the button
Seat 2: Mahu2021 (345 in chips) 
Seat 3: Jadesk_15 (1155 in chips) 
Jadesk_15: posts small blind 15
Mahu2021: posts big blind 30
*** HOLE CARDS ***
Dealt to Mahu2021 [2c 4c]
Jadesk_15: calls 15
Mahu2021: checks 
*** FLOP *** [Qs 9c 5s]
Mahu2021: checks 
Jadesk_15: bets 30
Mahu2021: folds 
Uncalled bet (30) returned to Jadesk_15
Jadesk_15 collected 60 from pot
Jadesk_15: doesn't show hand 
*** SUMMARY ***
Total pot 60 | Rake 0 
Board [Qs 9c 5s]
Seat 2: Mahu2021 (big blind) folded on the Flop
Seat 3: Jadesk_15 (button) (small blind) collected (60)



PokerStars Hand #246494157840: Tournament #3657516215, $0.92+$0.08 USD Hold'em No Limit - Level III (20/40) - 2023/10/12 19:55:37 CET [2023/10/12 13:55:37 ET]
Table '3657516215 1' 3-max Seat #2 is the button
Seat 2: Mahu2021 (315 in chips) 
Seat 3: Jadesk_15 (1185 in chips) 
Mahu2021: posts small blind 20
Jadesk_15: posts big blind 40
*** HOLE CARDS ***
Dealt to Mahu2021 [Jc Ks]
Mahu2021: raises 40 to 80
Jadesk_15: folds 
Uncalled bet (40) returned to Mahu2021
Mahu2021 collected 80 from pot
Mahu2021: doesn't show hand 
*** SUMMARY ***
Total pot 80 | Rake 0 
Seat 2: Mahu2021 (button) (small blind) collected (80)
Seat 3: Jadesk_15 (big blind) folded before Flop



PokerStars Hand #246494159362: Tournament #3657516215, $0.92+$0.08 USD Hold'em No Limit - Level III (20/40) - 2023/10/12 19:55:44 CET [2023/10/12 13:55:44 ET]
Table '3657516215 1' 3-max Seat #3 is the button
Seat 2: Mahu2021 (355 in chips) 
Seat 3: Jadesk_15 (1145 in chips) 
Jadesk_15: posts small blind 20
Mahu2021: posts big blind 40
*** HOLE CARDS ***
Dealt to Mahu2021 [Ks 6c]
Jadesk_15: calls 20
Mahu2021: raises 315 to 355 and is all-in
Jadesk_15: folds 
Uncalled bet (315) returned to Mahu2021
Mahu2021 collected 80 from pot
Mahu2021: doesn't show hand 
*** SUMMARY ***
Total pot 80 | Rake 0 
Seat 2: Mahu2021 (big blind) collected (80)
Seat 3: Jadesk_15 (button) (small blind) folded before Flop



PokerStars Hand #246494161020: Tournament #3657516215, $0.92+$0.08 USD Hold'em No Limit - Level III (20/40) - 2023/10/12 19:55:51 CET [2023/10/12 13:55:51 ET]
Table '3657516215 1' 3-max Seat #2 is the button
Seat 2: Mahu2021 (395 in chips) 
Seat 3: Jadesk_15 (1105 in chips) 
Mahu2021: posts small blind 20
Jadesk_15: posts big blind 40
*** HOLE CARDS ***
Dealt to Mahu2021 [8s 9c]
Mahu2021: calls 20
Jadesk_15: checks 
*** FLOP *** [3c 2c Qc]
Jadesk_15: checks 
Mahu2021: bets 40
Jadesk_15: folds 
Uncalled bet (40) returned to Mahu2021
Mahu2021 collected 80 from pot
Mahu2021: doesn't show hand 
*** SUMMARY ***
Total pot 80 | Rake 0 
Board [3c 2c Qc]
Seat 2: Mahu2021 (button) (small blind) collected (80)
Seat 3: Jadesk_15 (big blind) folded on the Flop



PokerStars Hand #246494163219: Tournament #3657516215, $0.92+$0.08 USD Hold'em No Limit - Level III (20/40) - 2023/10/12 19:56:01 CET [2023/10/12 13:56:01 ET]
Table '3657516215 1' 3-max Seat #3 is the button
Seat 2: Mahu2021 (435 in chips) 
Seat 3: Jadesk_15 (1065 in chips) 
Jadesk_15: posts small blind 20
Mahu2021: posts big blind 40
*** HOLE CARDS ***
Dealt to Mahu2021 [Ad Td]
Jadesk_15: calls 20
Mahu2021: raises 40 to 80
Jadesk_15: raises 985 to 1065 and is all-in
Mahu2021: calls 355 and is all-in
Uncalled bet (630) returned to Jadesk_15
*** FLOP *** [6d 5h Ts]
*** TURN *** [6d 5h Ts] [9d]
*** RIVER *** [6d 5h Ts 9d] [4s]
*** SHOW DOWN ***
Mahu2021: shows [Ad Td] (a pair of Tens)
Jadesk_15: shows [6c Ac] (a pair of Sixes)
Mahu2021 collected 870 from pot
*** SUMMARY ***
Total pot 870 | Rake 0 
Board [6d 5h Ts 9d 4s]
Seat 2: Mahu2021 (big blind) showed [Ad Td] and won (870) with a pair of Tens
Seat 3: Jadesk_15 (button) (small blind) showed [6c Ac] and lost with a pair of Sixes



PokerStars Hand #246494167144: Tournament #3657516215, $0.92+$0.08 USD Hold'em No Limit - Level III (20/40) - 2023/10/12 19:56:18 CET [2023/10/12 13:56:18 ET]
Table '3657516215 1' 3-max Seat #2 is the button
Seat 2: Mahu2021 (870 in chips) 
Seat 3: Jadesk_15 (630 in chips) 
Mahu2021: posts small blind 20
Jadesk_15: posts big blind 40
*** HOLE CARDS ***
Dealt to Mahu2021 [4d Th]
Mahu2021: folds 
Uncalled bet (20) returned to Jadesk_15
Jadesk_15 collected 40 from pot
Jadesk_15: doesn't show hand 
*** SUMMARY ***
Total pot 40 | Rake 0 
Seat 2: Mahu2021 (button) (small blind) folded before Flop
Seat 3: Jadesk_15 (big blind) collected (40)



PokerStars Hand #246494168143: Tournament #3657516215, $0.92+$0.08 USD Hold'em No Limit - Level III (20/40) - 2023/10/12 19:56:22 CET [2023/10/12 13:56:22 ET]
Table '3657516215 1' 3-max Seat #3 is the button
Seat 2: Mahu2021 (850 in chips) 
Seat 3: Jadesk_15 (650 in chips) 
Jadesk_15: posts small blind 20
Mahu2021: posts big blind 40
*** HOLE CARDS ***
Dealt to Mahu2021 [Kd 8s]
Jadesk_15: calls 20
Mahu2021: checks 
*** FLOP *** [Kh Qh 3d]
Mahu2021: checks 
Jadesk_15: checks 
*** TURN *** [Kh Qh 3d] [7s]
Mahu2021: bets 40
Jadesk_15: folds 
Uncalled bet (40) returned to Mahu2021
Mahu2021 collected 80 from pot
Mahu2021: doesn't show hand 
*** SUMMARY ***
Total pot 80 | Rake 0 
Board [Kh Qh 3d 7s]
Seat 2: Mahu2021 (big blind) collected (80)
Seat 3: Jadesk_15 (button) (small blind) folded on the Turn



PokerStars Hand #246494171298: Tournament #3657516215, $0.92+$0.08 USD Hold'em No Limit - Level III (20/40) - 2023/10/12 19:56:36 CET [2023/10/12 13:56:36 ET]
Table '3657516215 1' 3-max Seat #2 is the button
Seat 2: Mahu2021 (890 in chips) 
Seat 3: Jadesk_15 (610 in chips) 
Mahu2021: posts small blind 20
Jadesk_15: posts big blind 40
*** HOLE CARDS ***
Dealt to Mahu2021 [Jd Ad]
Mahu2021: calls 20
Jadesk_15: checks 
*** FLOP *** [Jc 3c Jh]
Jadesk_15: checks 
Mahu2021: checks 
*** TURN *** [Jc 3c Jh] [4h]
Jadesk_15: bets 40
Mahu2021: calls 40
*** RIVER *** [Jc 3c Jh 4h] [2s]
Jadesk_15: bets 60
Mahu2021: raises 750 to 810 and is all-in
Jadesk_15: folds 
Uncalled bet (750) returned to Mahu2021
Mahu2021 collected 280 from pot
Mahu2021: doesn't show hand 
*** SUMMARY ***
Total pot 280 | Rake 0 
Board [Jc 3c Jh 4h 2s]
Seat 2: Mahu2021 (button) (small blind) collected (280)
Seat 3: Jadesk_15 (big blind) folded on the River



PokerStars Hand #246494177077: Tournament #3657516215, $0.92+$0.08 USD Hold'em No Limit - Level III (20/40) - 2023/10/12 19:57:00 CET [2023/10/12 13:57:00 ET]
Table '3657516215 1' 3-max Seat #3 is the button
Seat 2: Mahu2021 (1030 in chips) 
Seat 3: Jadesk_15 (470 in chips) 
Jadesk_15: posts small blind 20
Mahu2021: posts big blind 40
*** HOLE CARDS ***
Dealt to Mahu2021 [Kc 3d]
Jadesk_15: folds 
Uncalled bet (20) returned to Mahu2021
Mahu2021 collected 40 from pot
Mahu2021: doesn't show hand 
*** SUMMARY ***
Total pot 40 | Rake 0 
Seat 2: Mahu2021 (big blind) collected (40)
Seat 3: Jadesk_15 (button) (small blind) folded before Flop



PokerStars Hand #246494177969: Tournament #3657516215, $0.92+$0.08 USD Hold'em No Limit - Level III (20/40) - 2023/10/12 19:57:04 CET [2023/10/12 13:57:04 ET]
Table '3657516215 1' 3-max Seat #2 is the button
Seat 2: Mahu2021 (1050 in chips) 
Seat 3: Jadesk_15 (450 in chips) 
Mahu2021: posts small blind 20
Jadesk_15: posts big blind 40
*** HOLE CARDS ***
Dealt to Mahu2021 [6c 7h]
Mahu2021: calls 20
Jadesk_15: checks 
*** FLOP *** [3h Qc 8c]
Jadesk_15: checks 
Mahu2021: checks 
*** TURN *** [3h Qc 8c] [6d]
Jadesk_15: bets 40
Mahu2021: calls 40
*** RIVER *** [3h Qc 8c 6d] [4h]
Jadesk_15: bets 160
Mahu2021: calls 160
*** SHOW DOWN ***
Jadesk_15: shows [Ks 9s] (high card King)
Mahu2021: shows [6c 7h] (a pair of Sixes)
Mahu2021 collected 480 from pot
*** SUMMARY ***
Total pot 480 | Rake 0 
Board [3h Qc 8c 6d 4h]
Seat 2: Mahu2021 (button) (small blind) showed [6c 7h] and won (480) with a pair of Sixes
Seat 3: Jadesk_15 (big blind) showed [Ks 9s] and lost with high card King



PokerStars Hand #246494182447: Tournament #3657516215, $0.92+$0.08 USD Hold'em No Limit - Level III (20/40) - 2023/10/12 19:57:24 CET [2023/10/12 13:57:24 ET]
Table '3657516215 1' 3-max Seat #3 is the button
Seat 2: Mahu2021 (1290 in chips) 
Seat 3: Jadesk_15 (210 in chips) 
Jadesk_15: posts small blind 20
Mahu2021: posts big blind 40
*** HOLE CARDS ***
Dealt to Mahu2021 [6s Jd]
Jadesk_15: raises 140 to 180
Mahu2021: folds 
Uncalled bet (140) returned to Jadesk_15
Jadesk_15 collected 80 from pot
Jadesk_15: doesn't show hand 
*** SUMMARY ***
Total pot 80 | Rake 0 
Seat 2: Mahu2021 (big blind) folded before Flop
Seat 3: Jadesk_15 (button) (small blind) collected (80)



PokerStars Hand #246494183943: Tournament #3657516215, $0.92+$0.08 USD Hold'em No Limit - Level III (20/40) - 2023/10/12 19:57:30 CET [2023/10/12 13:57:30 ET]
Table '3657516215 1' 3-max Seat #2 is the button
Seat 2: Mahu2021 (1250 in chips) 
Seat 3: Jadesk_15 (250 in chips) 
Mahu2021: posts small blind 20
Jadesk_15: posts big blind 40
*** HOLE CARDS ***
Dealt to Mahu2021 [9d 5s]
Mahu2021: folds 
Uncalled bet (20) returned to Jadesk_15
Jadesk_15 collected 40 from pot
Jadesk_15: doesn't show hand 
*** SUMMARY ***
Total pot 40 | Rake 0 
Seat 2: Mahu2021 (button) (small blind) folded before Flop
Seat 3: Jadesk_15 (big blind) collected (40)



PokerStars Hand #246494185624: Tournament #3657516215, $0.92+$0.08 USD Hold'em No Limit - Level IV (30/60) - 2023/10/12 19:57:38 CET [2023/10/12 13:57:38 ET]
Table '3657516215 1' 3-max Seat #3 is the button
Seat 2: Mahu2021 (1230 in chips) 
Seat 3: Jadesk_15 (270 in chips) 
Jadesk_15: posts small blind 30
Mahu2021: posts big blind 60
*** HOLE CARDS ***
Dealt to Mahu2021 [7h As]
Jadesk_15: raises 210 to 270 and is all-in
Mahu2021: calls 210
*** FLOP *** [2h 7s 3s]
*** TURN *** [2h 7s 3s] [Qc]
*** RIVER *** [2h 7s 3s Qc] [8c]
*** SHOW DOWN ***
Mahu2021: shows [7h As] (a pair of Sevens)
Jadesk_15: shows [Qd Qh] (three of a kind, Queens)
Jadesk_15 collected 540 from pot
*** SUMMARY ***
Total pot 540 | Rake 0 
Board [2h 7s 3s Qc 8c]
Seat 2: Mahu2021 (big blind) showed [7h As] and lost with a pair of Sevens
Seat 3: Jadesk_15 (button) (small blind) showed [Qd Qh] and won (540) with three of a kind, Queens



PokerStars Hand #246494188417: Tournament #3657516215, $0.92+$0.08 USD Hold'em No Limit - Level IV (30/60) - 2023/10/12 19:57:50 CET [2023/10/12 13:57:50 ET]
Table '3657516215 1' 3-max Seat #2 is the button
Seat 2: Mahu2021 (960 in chips) 
Seat 3: Jadesk_15 (540 in chips) 
Mahu2021: posts small blind 30
Jadesk_15: posts big blind 60
*** HOLE CARDS ***
Dealt to Mahu2021 [Ks Kd]
Mahu2021: raises 60 to 120
Jadesk_15: folds 
Uncalled bet (60) returned to Mahu2021
Mahu2021 collected 120 from pot
Mahu2021: doesn't show hand 
*** SUMMARY ***
Total pot 120 | Rake 0 
Seat 2: Mahu2021 (button) (small blind) collected (120)
Seat 3: Jadesk_15 (big blind) folded before Flop



PokerStars Hand #246494190001: Tournament #3657516215, $0.92+$0.08 USD Hold'em No Limit - Level IV (30/60) - 2023/10/12 19:57:57 CET [2023/10/12 13:57:57 ET]
Table '3657516215 1' 3-max Seat #3 is the button
Seat 2: Mahu2021 (1020 in chips) 
Seat 3: Jadesk_15 (480 in chips) 
Jadesk_15: posts small blind 30
Mahu2021: posts big blind 60
*** HOLE CARDS ***
Dealt to Mahu2021 [Ts 4c]
Jadesk_15: raises 60 to 120
Mahu2021: folds 
Uncalled bet (60) returned to Jadesk_15
Jadesk_15 collected 120 from pot
Jadesk_15: doesn't show hand 
*** SUMMARY ***
Total pot 120 | Rake 0 
Seat 2: Mahu2021 (big blind) folded before Flop
Seat 3: Jadesk_15 (button) (small blind) collected (120)



PokerStars Hand #246494191089: Tournament #3657516215, $0.92+$0.08 USD Hold'em No Limit - Level IV (30/60) - 2023/10/12 19:58:01 CET [2023/10/12 13:58:01 ET]
Table '3657516215 1' 3-max Seat #2 is the button
Seat 2: Mahu2021 (960 in chips) 
Seat 3: Jadesk_15 (540 in chips) 
Mahu2021: posts small blind 30
Jadesk_15: posts big blind 60
*** HOLE CARDS ***
Dealt to Mahu2021 [Js Jd]
Mahu2021: raises 60 to 120
Jadesk_15: folds 
Uncalled bet (60) returned to Mahu2021
Mahu2021 collected 120 from pot
Mahu2021: doesn't show hand 
*** SUMMARY ***
Total pot 120 | Rake 0 
Seat 2: Mahu2021 (button) (small blind) collected (120)
Seat 3: Jadesk_15 (big blind) folded before Flop



PokerStars Hand #246494192520: Tournament #3657516215, $0.92+$0.08 USD Hold'em No Limit - Level IV (30/60) - 2023/10/12 19:58:07 CET [2023/10/12 13:58:07 ET]
Table '3657516215 1' 3-max Seat #3 is the button
Seat 2: Mahu2021 (1020 in chips) 
Seat 3: Jadesk_15 (480 in chips) 
Jadesk_15: posts small blind 30
Mahu2021: posts big blind 60
*** HOLE CARDS ***
Dealt to Mahu2021 [7s 5d]
Jadesk_15: raises 60 to 120
Mahu2021: folds 
Uncalled bet (60) returned to Jadesk_15
Jadesk_15 collected 120 from pot
Jadesk_15: doesn't show hand 
*** SUMMARY ***
Total pot 120 | Rake 0 
Seat 2: Mahu2021 (big blind) folded before Flop
Seat 3: Jadesk_15 (button) (small blind) collected (120)



PokerStars Hand #246494193675: Tournament #3657516215, $0.92+$0.08 USD Hold'em No Limit - Level IV (30/60) - 2023/10/12 19:58:12 CET [2023/10/12 13:58:12 ET]
Table '3657516215 1' 3-max Seat #2 is the button
Seat 2: Mahu2021 (960 in chips) 
Seat 3: Jadesk_15 (540 in chips) 
Mahu2021: posts small blind 30
Jadesk_15: posts big blind 60
*** HOLE CARDS ***
Dealt to Mahu2021 [3h 2h]
Mahu2021: calls 30
Jadesk_15: raises 120 to 180
Mahu2021: folds 
Uncalled bet (120) returned to Jadesk_15
Jadesk_15 collected 120 from pot
Jadesk_15: doesn't show hand 
*** SUMMARY ***
Total pot 120 | Rake 0 
Seat 2: Mahu2021 (button) (small blind) folded before Flop
Seat 3: Jadesk_15 (big blind) collected (120)



PokerStars Hand #246494196146: Tournament #3657516215, $0.92+$0.08 USD Hold'em No Limit - Level IV (30/60) - 2023/10/12 19:58:23 CET [2023/10/12 13:58:23 ET]
Table '3657516215 1' 3-max Seat #3 is the button
Seat 2: Mahu2021 (900 in chips) 
Seat 3: Jadesk_15 (600 in chips) 
Jadesk_15: posts small blind 30
Mahu2021: posts big blind 60
*** HOLE CARDS ***
Dealt to Mahu2021 [Kd 3h]
Jadesk_15: raises 60 to 120
Mahu2021: calls 60
*** FLOP *** [4d Tc 6h]
Mahu2021: checks 
Jadesk_15: bets 132
Mahu2021: folds 
Uncalled bet (132) returned to Jadesk_15
Jadesk_15 collected 240 from pot
Jadesk_15: doesn't show hand 
*** SUMMARY ***
Total pot 240 | Rake 0 
Board [4d Tc 6h]
Seat 2: Mahu2021 (big blind) folded on the Flop
Seat 3: Jadesk_15 (button) (small blind) collected (240)



PokerStars Hand #246494198451: Tournament #3657516215, $0.92+$0.08 USD Hold'em No Limit - Level IV (30/60) - 2023/10/12 19:58:33 CET [2023/10/12 13:58:33 ET]
Table '3657516215 1' 3-max Seat #2 is the button
Seat 2: Mahu2021 (780 in chips) 
Seat 3: Jadesk_15 (720 in chips) 
Mahu2021: posts small blind 30
Jadesk_15: posts big blind 60
*** HOLE CARDS ***
Dealt to Mahu2021 [Kd 5d]
Mahu2021: raises 60 to 120
Jadesk_15: calls 60
*** FLOP *** [9d 2h 9h]
Jadesk_15: checks 
Mahu2021: bets 660 and is all-in
Jadesk_15: folds 
Uncalled bet (660) returned to Mahu2021
Mahu2021 collected 240 from pot
Mahu2021: doesn't show hand 
*** SUMMARY ***
Total pot 240 | Rake 0 
Board [9d 2h 9h]
Seat 2: Mahu2021 (button) (small blind) collected (240)
Seat 3: Jadesk_15 (big blind) folded on the Flop



PokerStars Hand #246494200837: Tournament #3657516215, $0.92+$0.08 USD Hold'em No Limit - Level IV (30/60) - 2023/10/12 19:58:43 CET [2023/10/12 13:58:43 ET]
Table '3657516215 1' 3-max Seat #3 is the button
Seat 2: Mahu2021 (900 in chips) 
Seat 3: Jadesk_15 (600 in chips) 
Jadesk_15: posts small blind 30
Mahu2021: posts big blind 60
*** HOLE CARDS ***
Dealt to Mahu2021 [Qs 3s]
Jadesk_15: raises 60 to 120
Mahu2021: calls 60
*** FLOP *** [4s 9s Tc]
Mahu2021: bets 780 and is all-in
Jadesk_15: folds 
Uncalled bet (780) returned to Mahu2021
Mahu2021 collected 240 from pot
Mahu2021: doesn't show hand 
*** SUMMARY ***
Total pot 240 | Rake 0 
Board [4s 9s Tc]
Seat 2: Mahu2021 (big blind) collected (240)
Seat 3: Jadesk_15 (button) (small blind) folded on the Flop



PokerStars Hand #246494203239: Tournament #3657516215, $0.92+$0.08 USD Hold'em No Limit - Level IV (30/60) - 2023/10/12 19:58:54 CET [2023/10/12 13:58:54 ET]
Table '3657516215 1' 3-max Seat #2 is the button
Seat 2: Mahu2021 (1020 in chips) 
Seat 3: Jadesk_15 (480 in chips) 
Mahu2021: posts small blind 30
Jadesk_15: posts big blind 60
*** HOLE CARDS ***
Dealt to Mahu2021 [3c Js]
Mahu2021: folds 
Uncalled bet (30) returned to Jadesk_15
Jadesk_15 collected 60 from pot
Jadesk_15: doesn't show hand 
*** SUMMARY ***
Total pot 60 | Rake 0 
Seat 2: Mahu2021 (button) (small blind) folded before Flop
Seat 3: Jadesk_15 (big blind) collected (60)



PokerStars Hand #246494204350: Tournament #3657516215, $0.92+$0.08 USD Hold'em No Limit - Level IV (30/60) - 2023/10/12 19:58:59 CET [2023/10/12 13:58:59 ET]
Table '3657516215 1' 3-max Seat #3 is the button
Seat 2: Mahu2021 (990 in chips) 
Seat 3: Jadesk_15 (510 in chips) 
Jadesk_15: posts small blind 30
Mahu2021: posts big blind 60
*** HOLE CARDS ***
Dealt to Mahu2021 [8c 5c]
Jadesk_15: raises 60 to 120
Mahu2021: calls 60
*** FLOP *** [Qh 3d 4s]
Mahu2021: checks 
Jadesk_15: bets 180
Mahu2021: folds 
Uncalled bet (180) returned to Jadesk_15
Jadesk_15 collected 240 from pot
Jadesk_15: doesn't show hand 
*** SUMMARY ***
Total pot 240 | Rake 0 
Board [Qh 3d 4s]
Seat 2: Mahu2021 (big blind) folded on the Flop
Seat 3: Jadesk_15 (button) (small blind) collected (240)



PokerStars Hand #246494207102: Tournament #3657516215, $0.92+$0.08 USD Hold'em No Limit - Level IV (30/60) - 2023/10/12 19:59:11 CET [2023/10/12 13:59:11 ET]
Table '3657516215 1' 3-max Seat #2 is the button
Seat 2: Mahu2021 (870 in chips) 
Seat 3: Jadesk_15 (630 in chips) 
Mahu2021: posts small blind 30
Jadesk_15: posts big blind 60
*** HOLE CARDS ***
Dealt to Mahu2021 [Jh 9c]
Mahu2021: raises 60 to 120
Jadesk_15: raises 510 to 630 and is all-in
Mahu2021: calls 510
*** FLOP *** [Qs 3h 8d]
*** TURN *** [Qs 3h 8d] [5c]
*** RIVER *** [Qs 3h 8d 5c] [Th]
*** SHOW DOWN ***
Jadesk_15: shows [Qc Tc] (two pair, Queens and Tens)
Mahu2021: shows [Jh 9c] (a straight, Eight to Queen)
Mahu2021 collected 1260 from pot
Jadesk_15 finished the tournament in 2nd place
Mahu2021 wins the tournament and receives $2.00 - congratulations!
*** SUMMARY ***
Total pot 1260 | Rake 0 
Board [Qs 3h 8d 5c Th]
Seat 2: Mahu2021 (button) (small blind) showed [Jh 9c] and won (1260) with a straight, Eight to Queen
Seat 3: Jadesk_15 (big blind) showed [Qc Tc] and lost with two pair, Queens and Tens



