PokerStars Hand #244027597343: Tournament #3598774690, $0.92+$0.08 USD Hold'em No Limit - Level I (10/20) - 2023/06/01 12:13:13 CET [2023/06/01 6:13:13 ET]
Table '3598774690 1' 3-max Seat #1 is the button
Seat 1: doppelpacken (500 in chips) 
Seat 2: Mahu2021 (500 in chips) 
Seat 3: IsteeTH (500 in chips) 
Mahu2021: posts small blind 10
IsteeTH: posts big blind 20
*** HOLE CARDS ***
Dealt to Mahu2021 [3d Ks]
doppelpacken: folds 
Mahu2021: calls 10
IsteeTH: raises 40 to 60
Mahu2021: folds 
Uncalled bet (40) returned to IsteeTH
IsteeTH collected 40 from pot
*** SUMMARY ***
Total pot 40 | Rake 0 
Seat 1: doppelpacken (button) folded before Flop (didn't bet)
Seat 2: Mahu2021 (small blind) folded before Flop
Seat 3: IsteeTH (big blind) collected (40)



PokerStars Hand #244027599916: Tournament #3598774690, $0.92+$0.08 USD Hold'em No Limit - Level I (10/20) - 2023/06/01 12:13:32 CET [2023/06/01 6:13:32 ET]
Table '3598774690 1' 3-max Seat #2 is the button
Seat 1: doppelpacken (500 in chips) 
Seat 2: Mahu2021 (480 in chips) 
Seat 3: IsteeTH (520 in chips) 
IsteeTH: posts small blind 10
doppelpacken: posts big blind 20
*** HOLE CARDS ***
Dealt to Mahu2021 [6c 9c]
Mahu2021: folds 
IsteeTH: folds 
Uncalled bet (10) returned to doppelpacken
doppelpacken collected 20 from pot
doppelpacken: doesn't show hand 
*** SUMMARY ***
Total pot 20 | Rake 0 
Seat 1: doppelpacken (big blind) collected (20)
Seat 2: Mahu2021 (button) folded before Flop (didn't bet)
Seat 3: IsteeTH (small blind) folded before Flop



PokerStars Hand #244027601659: Tournament #3598774690, $0.92+$0.08 USD Hold'em No Limit - Level I (10/20) - 2023/06/01 12:13:45 CET [2023/06/01 6:13:45 ET]
Table '3598774690 1' 3-max Seat #3 is the button
Seat 1: doppelpacken (510 in chips) 
Seat 2: Mahu2021 (480 in chips) 
Seat 3: IsteeTH (510 in chips) 
doppelpacken: posts small blind 10
Mahu2021: posts big blind 20
*** HOLE CARDS ***
Dealt to Mahu2021 [7s 9d]
IsteeTH: folds 
doppelpacken: calls 10
Mahu2021: checks 
*** FLOP *** [2d Ad 4s]
doppelpacken: checks 
Mahu2021: checks 
*** TURN *** [2d Ad 4s] [Ah]
doppelpacken: bets 20
Mahu2021: folds 
Uncalled bet (20) returned to doppelpacken
doppelpacken collected 40 from pot
doppelpacken: doesn't show hand 
*** SUMMARY ***
Total pot 40 | Rake 0 
Board [2d Ad 4s Ah]
Seat 1: doppelpacken (small blind) collected (40)
Seat 2: Mahu2021 (big blind) folded on the Turn
Seat 3: IsteeTH (button) folded before Flop (didn't bet)



PokerStars Hand #244027603427: Tournament #3598774690, $0.92+$0.08 USD Hold'em No Limit - Level I (10/20) - 2023/06/01 12:13:58 CET [2023/06/01 6:13:58 ET]
Table '3598774690 1' 3-max Seat #1 is the button
Seat 1: doppelpacken (530 in chips) 
Seat 2: Mahu2021 (460 in chips) 
Seat 3: IsteeTH (510 in chips) 
Mahu2021: posts small blind 10
IsteeTH: posts big blind 20
*** HOLE CARDS ***
Dealt to Mahu2021 [Qd Th]
doppelpacken: folds 
Mahu2021: raises 20 to 40
IsteeTH: folds 
Uncalled bet (20) returned to Mahu2021
Mahu2021 collected 40 from pot
Mahu2021: doesn't show hand 
*** SUMMARY ***
Total pot 40 | Rake 0 
Seat 1: doppelpacken (button) folded before Flop (didn't bet)
Seat 2: Mahu2021 (small blind) collected (40)
Seat 3: IsteeTH (big blind) folded before Flop



PokerStars Hand #244027604352: Tournament #3598774690, $0.92+$0.08 USD Hold'em No Limit - Level I (10/20) - 2023/06/01 12:14:05 CET [2023/06/01 6:14:05 ET]
Table '3598774690 1' 3-max Seat #2 is the button
Seat 1: doppelpacken (530 in chips) 
Seat 2: Mahu2021 (480 in chips) 
Seat 3: IsteeTH (490 in chips) 
IsteeTH: posts small blind 10
doppelpacken: posts big blind 20
*** HOLE CARDS ***
Dealt to Mahu2021 [3c 9s]
Mahu2021: folds 
IsteeTH: raises 20 to 40
doppelpacken: folds 
Uncalled bet (20) returned to IsteeTH
IsteeTH collected 40 from pot
*** SUMMARY ***
Total pot 40 | Rake 0 
Seat 1: doppelpacken (big blind) folded before Flop
Seat 2: Mahu2021 (button) folded before Flop (didn't bet)
Seat 3: IsteeTH (small blind) collected (40)



PokerStars Hand #244027606504: Tournament #3598774690, $0.92+$0.08 USD Hold'em No Limit - Level I (10/20) - 2023/06/01 12:14:21 CET [2023/06/01 6:14:21 ET]
Table '3598774690 1' 3-max Seat #3 is the button
Seat 1: doppelpacken (510 in chips) 
Seat 2: Mahu2021 (480 in chips) 
Seat 3: IsteeTH (510 in chips) 
doppelpacken: posts small blind 10
Mahu2021: posts big blind 20
*** HOLE CARDS ***
Dealt to Mahu2021 [Jh Tc]
IsteeTH: folds 
doppelpacken: folds 
Uncalled bet (10) returned to Mahu2021
Mahu2021 collected 20 from pot
Mahu2021: doesn't show hand 
*** SUMMARY ***
Total pot 20 | Rake 0 
Seat 1: doppelpacken (small blind) folded before Flop
Seat 2: Mahu2021 (big blind) collected (20)
Seat 3: IsteeTH (button) folded before Flop (didn't bet)



PokerStars Hand #244027607170: Tournament #3598774690, $0.92+$0.08 USD Hold'em No Limit - Level I (10/20) - 2023/06/01 12:14:26 CET [2023/06/01 6:14:26 ET]
Table '3598774690 1' 3-max Seat #1 is the button
Seat 1: doppelpacken (500 in chips) 
Seat 2: Mahu2021 (490 in chips) 
Seat 3: IsteeTH (510 in chips) 
Mahu2021: posts small blind 10
IsteeTH: posts big blind 20
*** HOLE CARDS ***
Dealt to Mahu2021 [3d 5d]
doppelpacken: raises 20 to 40
Mahu2021: calls 30
IsteeTH: calls 20
*** FLOP *** [5h Js 5s]
Mahu2021: checks 
IsteeTH: checks 
doppelpacken: bets 100
Mahu2021: raises 350 to 450 and is all-in
IsteeTH: folds 
doppelpacken: folds 
Uncalled bet (350) returned to Mahu2021
Mahu2021 collected 320 from pot
Mahu2021: doesn't show hand 
*** SUMMARY ***
Total pot 320 | Rake 0 
Board [5h Js 5s]
Seat 1: doppelpacken (button) folded on the Flop
Seat 2: Mahu2021 (small blind) collected (320)
Seat 3: IsteeTH (big blind) folded on the Flop



PokerStars Hand #244027610272: Tournament #3598774690, $0.92+$0.08 USD Hold'em No Limit - Level I (10/20) - 2023/06/01 12:14:50 CET [2023/06/01 6:14:50 ET]
Table '3598774690 1' 3-max Seat #2 is the button
Seat 1: doppelpacken (360 in chips) 
Seat 2: Mahu2021 (670 in chips) 
Seat 3: IsteeTH (470 in chips) 
IsteeTH: posts small blind 10
doppelpacken: posts big blind 20
*** HOLE CARDS ***
Dealt to Mahu2021 [4h 8d]
Mahu2021: folds 
IsteeTH has timed out
IsteeTH: folds 
IsteeTH is sitting out
Uncalled bet (10) returned to doppelpacken
doppelpacken collected 20 from pot
doppelpacken: doesn't show hand 
*** SUMMARY ***
Total pot 20 | Rake 0 
Seat 1: doppelpacken (big blind) collected (20)
Seat 2: Mahu2021 (button) folded before Flop (didn't bet)
Seat 3: IsteeTH (small blind) folded before Flop



PokerStars Hand #244027614010: Tournament #3598774690, $0.92+$0.08 USD Hold'em No Limit - Level I (10/20) - 2023/06/01 12:15:18 CET [2023/06/01 6:15:18 ET]
Table '3598774690 1' 3-max Seat #3 is the button
Seat 1: doppelpacken (370 in chips) 
Seat 2: Mahu2021 (670 in chips) 
Seat 3: IsteeTH (460 in chips) is sitting out
doppelpacken: posts small blind 10
Mahu2021: posts big blind 20
*** HOLE CARDS ***
Dealt to Mahu2021 [5c 8d]
IsteeTH: folds 
doppelpacken: raises 20 to 40
Mahu2021: folds 
Uncalled bet (20) returned to doppelpacken
doppelpacken collected 40 from pot
doppelpacken: doesn't show hand 
*** SUMMARY ***
Total pot 40 | Rake 0 
Seat 1: doppelpacken (small blind) collected (40)
Seat 2: Mahu2021 (big blind) folded before Flop
Seat 3: IsteeTH (button) folded before Flop (didn't bet)



PokerStars Hand #244027614780: Tournament #3598774690, $0.92+$0.08 USD Hold'em No Limit - Level I (10/20) - 2023/06/01 12:15:24 CET [2023/06/01 6:15:24 ET]
Table '3598774690 1' 3-max Seat #1 is the button
Seat 1: doppelpacken (390 in chips) 
Seat 2: Mahu2021 (650 in chips) 
Seat 3: IsteeTH (460 in chips) 
Mahu2021: posts small blind 10
IsteeTH: posts big blind 20
*** HOLE CARDS ***
Dealt to Mahu2021 [Qc 4h]
doppelpacken: raises 20 to 40
Mahu2021: folds 
IsteeTH: folds 
Uncalled bet (20) returned to doppelpacken
doppelpacken collected 50 from pot
doppelpacken: doesn't show hand 
*** SUMMARY ***
Total pot 50 | Rake 0 
Seat 1: doppelpacken (button) collected (50)
Seat 2: Mahu2021 (small blind) folded before Flop
Seat 3: IsteeTH (big blind) folded before Flop



PokerStars Hand #244027615997: Tournament #3598774690, $0.92+$0.08 USD Hold'em No Limit - Level I (10/20) - 2023/06/01 12:15:33 CET [2023/06/01 6:15:33 ET]
Table '3598774690 1' 3-max Seat #2 is the button
Seat 1: doppelpacken (420 in chips) 
Seat 2: Mahu2021 (640 in chips) 
Seat 3: IsteeTH (440 in chips) 
IsteeTH: posts small blind 10
doppelpacken: posts big blind 20
*** HOLE CARDS ***
Dealt to Mahu2021 [2h 4h]
Mahu2021: folds 
IsteeTH has timed out
IsteeTH: folds 
IsteeTH is sitting out
Uncalled bet (10) returned to doppelpacken
doppelpacken collected 20 from pot
doppelpacken: doesn't show hand 
*** SUMMARY ***
Total pot 20 | Rake 0 
Seat 1: doppelpacken (big blind) collected (20)
Seat 2: Mahu2021 (button) folded before Flop (didn't bet)
Seat 3: IsteeTH (small blind) folded before Flop



PokerStars Hand #244027618509: Tournament #3598774690, $0.92+$0.08 USD Hold'em No Limit - Level I (10/20) - 2023/06/01 12:15:52 CET [2023/06/01 6:15:52 ET]
Table '3598774690 1' 3-max Seat #3 is the button
Seat 1: doppelpacken (430 in chips) 
Seat 2: Mahu2021 (640 in chips) 
Seat 3: IsteeTH (430 in chips) is sitting out
doppelpacken: posts small blind 10
Mahu2021: posts big blind 20
*** HOLE CARDS ***
Dealt to Mahu2021 [7s 3c]
IsteeTH: folds 
doppelpacken: raises 20 to 40
Mahu2021: folds 
Uncalled bet (20) returned to doppelpacken
doppelpacken collected 40 from pot
doppelpacken: doesn't show hand 
*** SUMMARY ***
Total pot 40 | Rake 0 
Seat 1: doppelpacken (small blind) collected (40)
Seat 2: Mahu2021 (big blind) folded before Flop
Seat 3: IsteeTH (button) folded before Flop (didn't bet)



PokerStars Hand #244027619243: Tournament #3598774690, $0.92+$0.08 USD Hold'em No Limit - Level I (10/20) - 2023/06/01 12:15:57 CET [2023/06/01 6:15:57 ET]
Table '3598774690 1' 3-max Seat #1 is the button
Seat 1: doppelpacken (450 in chips) 
Seat 2: Mahu2021 (620 in chips) 
Seat 3: IsteeTH (430 in chips) is sitting out
Mahu2021: posts small blind 10
IsteeTH: posts big blind 20
*** HOLE CARDS ***
Dealt to Mahu2021 [Qd Jh]
doppelpacken: raises 20 to 40
Mahu2021: calls 30
IsteeTH: folds 
*** FLOP *** [7d 9c 4c]
Mahu2021: checks 
doppelpacken: bets 20
Mahu2021: calls 20
*** TURN *** [7d 9c 4c] [5c]
Mahu2021: checks 
doppelpacken: checks 
*** RIVER *** [7d 9c 4c 5c] [8h]
IsteeTH has returned
Mahu2021: bets 40
doppelpacken: folds 
Uncalled bet (40) returned to Mahu2021
Mahu2021 collected 140 from pot
Mahu2021: doesn't show hand 
*** SUMMARY ***
Total pot 140 | Rake 0 
Board [7d 9c 4c 5c 8h]
Seat 1: doppelpacken (button) folded on the River
Seat 2: Mahu2021 (small blind) collected (140)
Seat 3: IsteeTH (big blind) folded before Flop



PokerStars Hand #244027621235: Tournament #3598774690, $0.92+$0.08 USD Hold'em No Limit - Level I (10/20) - 2023/06/01 12:16:12 CET [2023/06/01 6:16:12 ET]
Table '3598774690 1' 3-max Seat #2 is the button
Seat 1: doppelpacken (390 in chips) 
Seat 2: Mahu2021 (700 in chips) 
Seat 3: IsteeTH (410 in chips) 
IsteeTH: posts small blind 10
doppelpacken: posts big blind 20
*** HOLE CARDS ***
Dealt to Mahu2021 [6d Ks]
Mahu2021: folds 
IsteeTH has timed out
IsteeTH: folds 
IsteeTH is sitting out
Uncalled bet (10) returned to doppelpacken
doppelpacken collected 20 from pot
doppelpacken: doesn't show hand 
*** SUMMARY ***
Total pot 20 | Rake 0 
Seat 1: doppelpacken (big blind) collected (20)
Seat 2: Mahu2021 (button) folded before Flop (didn't bet)
Seat 3: IsteeTH (small blind) folded before Flop



PokerStars Hand #244027624094: Tournament #3598774690, $0.92+$0.08 USD Hold'em No Limit - Level II (15/30) - 2023/06/01 12:16:33 CET [2023/06/01 6:16:33 ET]
Table '3598774690 1' 3-max Seat #3 is the button
Seat 1: doppelpacken (400 in chips) 
Seat 2: Mahu2021 (700 in chips) 
Seat 3: IsteeTH (400 in chips) is sitting out
doppelpacken: posts small blind 15
Mahu2021: posts big blind 30
*** HOLE CARDS ***
Dealt to Mahu2021 [Jd Ah]
IsteeTH: folds 
doppelpacken: raises 30 to 60
IsteeTH has returned
Mahu2021: raises 640 to 700 and is all-in
doppelpacken: calls 340 and is all-in
Uncalled bet (300) returned to Mahu2021
*** FLOP *** [Qs Jc 4h]
*** TURN *** [Qs Jc 4h] [7s]
*** RIVER *** [Qs Jc 4h 7s] [4s]
*** SHOW DOWN ***
doppelpacken: shows [4d As] (three of a kind, Fours)
Mahu2021: shows [Jd Ah] (two pair, Jacks and Fours)
doppelpacken collected 800 from pot
*** SUMMARY ***
Total pot 800 | Rake 0 
Board [Qs Jc 4h 7s 4s]
Seat 1: doppelpacken (small blind) showed [4d As] and won (800) with three of a kind, Fours
Seat 2: Mahu2021 (big blind) showed [Jd Ah] and lost with two pair, Jacks and Fours
Seat 3: IsteeTH (button) folded before Flop (didn't bet)



PokerStars Hand #244027625984: Tournament #3598774690, $0.92+$0.08 USD Hold'em No Limit - Level II (15/30) - 2023/06/01 12:16:47 CET [2023/06/01 6:16:47 ET]
Table '3598774690 1' 3-max Seat #1 is the button
Seat 1: doppelpacken (800 in chips) 
Seat 2: Mahu2021 (300 in chips) 
Seat 3: IsteeTH (400 in chips) 
Mahu2021: posts small blind 15
IsteeTH: posts big blind 30
*** HOLE CARDS ***
Dealt to Mahu2021 [Qc 2s]
doppelpacken: folds 
Mahu2021: folds 
Uncalled bet (15) returned to IsteeTH
IsteeTH collected 30 from pot
*** SUMMARY ***
Total pot 30 | Rake 0 
Seat 1: doppelpacken (button) folded before Flop (didn't bet)
Seat 2: Mahu2021 (small blind) folded before Flop
Seat 3: IsteeTH (big blind) collected (30)



PokerStars Hand #244027626677: Tournament #3598774690, $0.92+$0.08 USD Hold'em No Limit - Level II (15/30) - 2023/06/01 12:16:52 CET [2023/06/01 6:16:52 ET]
Table '3598774690 1' 3-max Seat #2 is the button
Seat 1: doppelpacken (800 in chips) 
Seat 2: Mahu2021 (285 in chips) 
Seat 3: IsteeTH (415 in chips) 
IsteeTH: posts small blind 15
doppelpacken: posts big blind 30
*** HOLE CARDS ***
Dealt to Mahu2021 [6c Kd]
Mahu2021: folds 
IsteeTH: raises 30 to 60
doppelpacken: calls 30
*** FLOP *** [Ts 5c 8d]
IsteeTH: checks 
doppelpacken: bets 30
IsteeTH: folds 
Uncalled bet (30) returned to doppelpacken
doppelpacken collected 120 from pot
doppelpacken: doesn't show hand 
*** SUMMARY ***
Total pot 120 | Rake 0 
Board [Ts 5c 8d]
Seat 1: doppelpacken (big blind) collected (120)
Seat 2: Mahu2021 (button) folded before Flop (didn't bet)
Seat 3: IsteeTH (small blind) folded on the Flop



PokerStars Hand #244027629848: Tournament #3598774690, $0.92+$0.08 USD Hold'em No Limit - Level II (15/30) - 2023/06/01 12:17:16 CET [2023/06/01 6:17:16 ET]
Table '3598774690 1' 3-max Seat #3 is the button
Seat 1: doppelpacken (860 in chips) 
Seat 2: Mahu2021 (285 in chips) 
Seat 3: IsteeTH (355 in chips) 
doppelpacken: posts small blind 15
Mahu2021: posts big blind 30
*** HOLE CARDS ***
Dealt to Mahu2021 [9h Jc]
IsteeTH: folds 
doppelpacken: raises 830 to 860 and is all-in
Mahu2021: folds 
Uncalled bet (830) returned to doppelpacken
doppelpacken collected 60 from pot
doppelpacken: doesn't show hand 
*** SUMMARY ***
Total pot 60 | Rake 0 
Seat 1: doppelpacken (small blind) collected (60)
Seat 2: Mahu2021 (big blind) folded before Flop
Seat 3: IsteeTH (button) folded before Flop (didn't bet)



PokerStars Hand #244027631778: Tournament #3598774690, $0.92+$0.08 USD Hold'em No Limit - Level II (15/30) - 2023/06/01 12:17:30 CET [2023/06/01 6:17:30 ET]
Table '3598774690 1' 3-max Seat #1 is the button
Seat 1: doppelpacken (890 in chips) 
Seat 2: Mahu2021 (255 in chips) 
Seat 3: IsteeTH (355 in chips) 
Mahu2021: posts small blind 15
IsteeTH: posts big blind 30
*** HOLE CARDS ***
Dealt to Mahu2021 [Js Qh]
doppelpacken: raises 860 to 890 and is all-in
Mahu2021: folds 
IsteeTH: folds 
Uncalled bet (860) returned to doppelpacken
doppelpacken collected 75 from pot
doppelpacken: doesn't show hand 
*** SUMMARY ***
Total pot 75 | Rake 0 
Seat 1: doppelpacken (button) collected (75)
Seat 2: Mahu2021 (small blind) folded before Flop
Seat 3: IsteeTH (big blind) folded before Flop



PokerStars Hand #244027633952: Tournament #3598774690, $0.92+$0.08 USD Hold'em No Limit - Level II (15/30) - 2023/06/01 12:17:46 CET [2023/06/01 6:17:46 ET]
Table '3598774690 1' 3-max Seat #2 is the button
Seat 1: doppelpacken (935 in chips) 
Seat 2: Mahu2021 (240 in chips) 
Seat 3: IsteeTH (325 in chips) 
IsteeTH: posts small blind 15
doppelpacken: posts big blind 30
*** HOLE CARDS ***
Dealt to Mahu2021 [Qc 9c]
Mahu2021: raises 30 to 60
IsteeTH: folds 
doppelpacken: calls 30
*** FLOP *** [8h Qd 6h]
doppelpacken: bets 875 and is all-in
Mahu2021: calls 180 and is all-in
Uncalled bet (695) returned to doppelpacken
*** TURN *** [8h Qd 6h] [5d]
*** RIVER *** [8h Qd 6h 5d] [3s]
*** SHOW DOWN ***
doppelpacken: shows [6s 9s] (a pair of Sixes)
Mahu2021: shows [Qc 9c] (a pair of Queens)
Mahu2021 collected 495 from pot
*** SUMMARY ***
Total pot 495 | Rake 0 
Board [8h Qd 6h 5d 3s]
Seat 1: doppelpacken (big blind) showed [6s 9s] and lost with a pair of Sixes
Seat 2: Mahu2021 (button) showed [Qc 9c] and won (495) with a pair of Queens
Seat 3: IsteeTH (small blind) folded before Flop



PokerStars Hand #244027637548: Tournament #3598774690, $0.92+$0.08 USD Hold'em No Limit - Level II (15/30) - 2023/06/01 12:18:13 CET [2023/06/01 6:18:13 ET]
Table '3598774690 1' 3-max Seat #3 is the button
Seat 1: doppelpacken (695 in chips) 
Seat 2: Mahu2021 (495 in chips) 
Seat 3: IsteeTH (310 in chips) 
doppelpacken: posts small blind 15
Mahu2021: posts big blind 30
*** HOLE CARDS ***
Dealt to Mahu2021 [Th Qc]
IsteeTH: folds 
doppelpacken: folds 
Uncalled bet (15) returned to Mahu2021
Mahu2021 collected 30 from pot
Mahu2021: doesn't show hand 
*** SUMMARY ***
Total pot 30 | Rake 0 
Seat 1: doppelpacken (small blind) folded before Flop
Seat 2: Mahu2021 (big blind) collected (30)
Seat 3: IsteeTH (button) folded before Flop (didn't bet)



PokerStars Hand #244027638895: Tournament #3598774690, $0.92+$0.08 USD Hold'em No Limit - Level II (15/30) - 2023/06/01 12:18:23 CET [2023/06/01 6:18:23 ET]
Table '3598774690 1' 3-max Seat #1 is the button
Seat 1: doppelpacken (680 in chips) 
Seat 2: Mahu2021 (510 in chips) 
Seat 3: IsteeTH (310 in chips) 
Mahu2021: posts small blind 15
IsteeTH: posts big blind 30
*** HOLE CARDS ***
Dealt to Mahu2021 [Th 3h]
doppelpacken: raises 650 to 680 and is all-in
Mahu2021: folds 
IsteeTH: calls 280 and is all-in
Uncalled bet (370) returned to doppelpacken
*** FLOP *** [8h Ts 9h]
*** TURN *** [8h Ts 9h] [8c]
*** RIVER *** [8h Ts 9h 8c] [3s]
*** SHOW DOWN ***
IsteeTH: shows [Ac Qc] (a pair of Eights)
doppelpacken: shows [Kd 7d] (a pair of Eights - lower kicker)
IsteeTH collected 635 from pot
*** SUMMARY ***
Total pot 635 | Rake 0 
Board [8h Ts 9h 8c 3s]
Seat 1: doppelpacken (button) showed [Kd 7d] and lost with a pair of Eights
Seat 2: Mahu2021 (small blind) folded before Flop
Seat 3: IsteeTH (big blind) showed [Ac Qc] and won (635) with a pair of Eights



PokerStars Hand #244027642105: Tournament #3598774690, $0.92+$0.08 USD Hold'em No Limit - Level II (15/30) - 2023/06/01 12:18:47 CET [2023/06/01 6:18:47 ET]
Table '3598774690 1' 3-max Seat #2 is the button
Seat 1: doppelpacken (370 in chips) 
Seat 2: Mahu2021 (495 in chips) 
Seat 3: IsteeTH (635 in chips) 
IsteeTH: posts small blind 15
doppelpacken: posts big blind 30
*** HOLE CARDS ***
Dealt to Mahu2021 [Jd 6h]
Mahu2021: folds 
IsteeTH has timed out
IsteeTH: folds 
IsteeTH is sitting out
Uncalled bet (15) returned to doppelpacken
doppelpacken collected 30 from pot
doppelpacken: doesn't show hand 
*** SUMMARY ***
Total pot 30 | Rake 0 
Seat 1: doppelpacken (big blind) collected (30)
Seat 2: Mahu2021 (button) folded before Flop (didn't bet)
Seat 3: IsteeTH (small blind) folded before Flop



PokerStars Hand #244027644565: Tournament #3598774690, $0.92+$0.08 USD Hold'em No Limit - Level II (15/30) - 2023/06/01 12:19:05 CET [2023/06/01 6:19:05 ET]
Table '3598774690 1' 3-max Seat #3 is the button
Seat 1: doppelpacken (385 in chips) 
Seat 2: Mahu2021 (495 in chips) 
Seat 3: IsteeTH (620 in chips) is sitting out
doppelpacken: posts small blind 15
Mahu2021: posts big blind 30
*** HOLE CARDS ***
Dealt to Mahu2021 [9s Ts]
IsteeTH: folds 
doppelpacken: raises 355 to 385 and is all-in
Mahu2021: folds 
Uncalled bet (355) returned to doppelpacken
doppelpacken collected 60 from pot
doppelpacken: doesn't show hand 
*** SUMMARY ***
Total pot 60 | Rake 0 
Seat 1: doppelpacken (small blind) collected (60)
Seat 2: Mahu2021 (big blind) folded before Flop
Seat 3: IsteeTH (button) folded before Flop (didn't bet)



PokerStars Hand #244027645435: Tournament #3598774690, $0.92+$0.08 USD Hold'em No Limit - Level II (15/30) - 2023/06/01 12:19:12 CET [2023/06/01 6:19:12 ET]
Table '3598774690 1' 3-max Seat #1 is the button
Seat 1: doppelpacken (415 in chips) 
Seat 2: Mahu2021 (465 in chips) 
Seat 3: IsteeTH (620 in chips) is sitting out
Mahu2021: posts small blind 15
IsteeTH: posts big blind 30
*** HOLE CARDS ***
Dealt to Mahu2021 [8h 9d]
doppelpacken: raises 385 to 415 and is all-in
Mahu2021: folds 
IsteeTH: folds 
Uncalled bet (385) returned to doppelpacken
IsteeTH has returned
doppelpacken collected 75 from pot
doppelpacken: doesn't show hand 
*** SUMMARY ***
Total pot 75 | Rake 0 
Seat 1: doppelpacken (button) collected (75)
Seat 2: Mahu2021 (small blind) folded before Flop
Seat 3: IsteeTH (big blind) folded before Flop



PokerStars Hand #244027646553: Tournament #3598774690, $0.92+$0.08 USD Hold'em No Limit - Level III (20/40) - 2023/06/01 12:19:20 CET [2023/06/01 6:19:20 ET]
Table '3598774690 1' 3-max Seat #2 is the button
Seat 1: doppelpacken (460 in chips) 
Seat 2: Mahu2021 (450 in chips) 
Seat 3: IsteeTH (590 in chips) 
IsteeTH: posts small blind 20
doppelpacken: posts big blind 40
*** HOLE CARDS ***
Dealt to Mahu2021 [7c Th]
Mahu2021: folds 
IsteeTH: folds 
Uncalled bet (20) returned to doppelpacken
doppelpacken collected 40 from pot
doppelpacken: doesn't show hand 
*** SUMMARY ***
Total pot 40 | Rake 0 
Seat 1: doppelpacken (big blind) collected (40)
Seat 2: Mahu2021 (button) folded before Flop (didn't bet)
Seat 3: IsteeTH (small blind) folded before Flop



PokerStars Hand #244027647509: Tournament #3598774690, $0.92+$0.08 USD Hold'em No Limit - Level III (20/40) - 2023/06/01 12:19:27 CET [2023/06/01 6:19:27 ET]
Table '3598774690 1' 3-max Seat #3 is the button
Seat 1: doppelpacken (480 in chips) 
Seat 2: Mahu2021 (450 in chips) 
Seat 3: IsteeTH (570 in chips) 
doppelpacken: posts small blind 20
Mahu2021: posts big blind 40
*** HOLE CARDS ***
Dealt to Mahu2021 [Td 4h]
IsteeTH: folds 
doppelpacken: raises 440 to 480 and is all-in
Mahu2021: folds 
Uncalled bet (440) returned to doppelpacken
doppelpacken collected 80 from pot
doppelpacken: doesn't show hand 
*** SUMMARY ***
Total pot 80 | Rake 0 
Seat 1: doppelpacken (small blind) collected (80)
Seat 2: Mahu2021 (big blind) folded before Flop
Seat 3: IsteeTH (button) folded before Flop (didn't bet)



PokerStars Hand #244027648359: Tournament #3598774690, $0.92+$0.08 USD Hold'em No Limit - Level III (20/40) - 2023/06/01 12:19:34 CET [2023/06/01 6:19:34 ET]
Table '3598774690 1' 3-max Seat #1 is the button
Seat 1: doppelpacken (520 in chips) 
Seat 2: Mahu2021 (410 in chips) 
Seat 3: IsteeTH (570 in chips) 
Mahu2021: posts small blind 20
IsteeTH: posts big blind 40
*** HOLE CARDS ***
Dealt to Mahu2021 [Tc 7c]
doppelpacken: raises 480 to 520 and is all-in
Mahu2021: folds 
IsteeTH: folds 
Uncalled bet (480) returned to doppelpacken
doppelpacken collected 100 from pot
doppelpacken: doesn't show hand 
*** SUMMARY ***
Total pot 100 | Rake 0 
Seat 1: doppelpacken (button) collected (100)
Seat 2: Mahu2021 (small blind) folded before Flop
Seat 3: IsteeTH (big blind) folded before Flop



PokerStars Hand #244027649319: Tournament #3598774690, $0.92+$0.08 USD Hold'em No Limit - Level III (20/40) - 2023/06/01 12:19:41 CET [2023/06/01 6:19:41 ET]
Table '3598774690 1' 3-max Seat #2 is the button
Seat 1: doppelpacken (580 in chips) 
Seat 2: Mahu2021 (390 in chips) 
Seat 3: IsteeTH (530 in chips) 
IsteeTH: posts small blind 20
doppelpacken: posts big blind 40
*** HOLE CARDS ***
Dealt to Mahu2021 [Td Qd]
Mahu2021: calls 40
IsteeTH: calls 20
doppelpacken: checks 
*** FLOP *** [2c 8s Kh]
IsteeTH: checks 
doppelpacken: checks 
Mahu2021: checks 
*** TURN *** [2c 8s Kh] [Ah]
IsteeTH: checks 
doppelpacken: checks 
Mahu2021: bets 40
IsteeTH: folds 
doppelpacken: folds 
Uncalled bet (40) returned to Mahu2021
Mahu2021 collected 120 from pot
Mahu2021: doesn't show hand 
*** SUMMARY ***
Total pot 120 | Rake 0 
Board [2c 8s Kh Ah]
Seat 1: doppelpacken (big blind) folded on the Turn
Seat 2: Mahu2021 (button) collected (120)
Seat 3: IsteeTH (small blind) folded on the Turn



PokerStars Hand #244027653600: Tournament #3598774690, $0.92+$0.08 USD Hold'em No Limit - Level III (20/40) - 2023/06/01 12:20:12 CET [2023/06/01 6:20:12 ET]
Table '3598774690 1' 3-max Seat #3 is the button
Seat 1: doppelpacken (540 in chips) 
Seat 2: Mahu2021 (470 in chips) 
Seat 3: IsteeTH (490 in chips) 
doppelpacken: posts small blind 20
Mahu2021: posts big blind 40
*** HOLE CARDS ***
Dealt to Mahu2021 [8h 3s]
IsteeTH: raises 40 to 80
doppelpacken: folds 
Mahu2021: folds 
Uncalled bet (40) returned to IsteeTH
IsteeTH collected 100 from pot
*** SUMMARY ***
Total pot 100 | Rake 0 
Seat 1: doppelpacken (small blind) folded before Flop
Seat 2: Mahu2021 (big blind) folded before Flop
Seat 3: IsteeTH (button) collected (100)



PokerStars Hand #244027654600: Tournament #3598774690, $0.92+$0.08 USD Hold'em No Limit - Level III (20/40) - 2023/06/01 12:20:19 CET [2023/06/01 6:20:19 ET]
Table '3598774690 1' 3-max Seat #1 is the button
Seat 1: doppelpacken (520 in chips) 
Seat 2: Mahu2021 (430 in chips) 
Seat 3: IsteeTH (550 in chips) 
Mahu2021: posts small blind 20
IsteeTH: posts big blind 40
*** HOLE CARDS ***
Dealt to Mahu2021 [6c 3c]
doppelpacken: calls 40
Mahu2021: calls 20
IsteeTH: checks 
*** FLOP *** [Jc Ad 4c]
Mahu2021: checks 
IsteeTH: checks 
doppelpacken: bets 60
Mahu2021: calls 60
IsteeTH: folds 
*** TURN *** [Jc Ad 4c] [Kh]
Mahu2021: checks 
doppelpacken: checks 
*** RIVER *** [Jc Ad 4c Kh] [Th]
Mahu2021: checks 
doppelpacken: checks 
*** SHOW DOWN ***
Mahu2021: shows [6c 3c] (high card Ace)
doppelpacken: shows [4s 6s] (a pair of Fours)
doppelpacken collected 240 from pot
*** SUMMARY ***
Total pot 240 | Rake 0 
Board [Jc Ad 4c Kh Th]
Seat 1: doppelpacken (button) showed [4s 6s] and won (240) with a pair of Fours
Seat 2: Mahu2021 (small blind) showed [6c 3c] and lost with high card Ace
Seat 3: IsteeTH (big blind) folded on the Flop



PokerStars Hand #244027657329: Tournament #3598774690, $0.92+$0.08 USD Hold'em No Limit - Level III (20/40) - 2023/06/01 12:20:39 CET [2023/06/01 6:20:39 ET]
Table '3598774690 1' 3-max Seat #2 is the button
Seat 1: doppelpacken (660 in chips) 
Seat 2: Mahu2021 (330 in chips) 
Seat 3: IsteeTH (510 in chips) 
IsteeTH: posts small blind 20
doppelpacken: posts big blind 40
*** HOLE CARDS ***
Dealt to Mahu2021 [5h 4d]
Mahu2021: folds 
IsteeTH: raises 40 to 80
doppelpacken: calls 40
*** FLOP *** [8d Tc Ad]
IsteeTH: checks 
doppelpacken: checks 
*** TURN *** [8d Tc Ad] [Jc]
IsteeTH: bets 80
doppelpacken: calls 80
*** RIVER *** [8d Tc Ad Jc] [7c]
IsteeTH: checks 
doppelpacken: checks 
*** SHOW DOWN ***
IsteeTH: shows [Kd 7h] (a pair of Sevens)
doppelpacken: shows [6d Td] (a pair of Tens)
doppelpacken collected 320 from pot
*** SUMMARY ***
Total pot 320 | Rake 0 
Board [8d Tc Ad Jc 7c]
Seat 1: doppelpacken (big blind) showed [6d Td] and won (320) with a pair of Tens
Seat 2: Mahu2021 (button) folded before Flop (didn't bet)
Seat 3: IsteeTH (small blind) showed [Kd 7h] and lost with a pair of Sevens



PokerStars Hand #244027660840: Tournament #3598774690, $0.92+$0.08 USD Hold'em No Limit - Level III (20/40) - 2023/06/01 12:21:05 CET [2023/06/01 6:21:05 ET]
Table '3598774690 1' 3-max Seat #3 is the button
Seat 1: doppelpacken (820 in chips) 
Seat 2: Mahu2021 (330 in chips) 
Seat 3: IsteeTH (350 in chips) 
doppelpacken: posts small blind 20
Mahu2021: posts big blind 40
*** HOLE CARDS ***
Dealt to Mahu2021 [7h 9c]
IsteeTH: raises 40 to 80
doppelpacken: folds 
Mahu2021: folds 
Uncalled bet (40) returned to IsteeTH
IsteeTH collected 100 from pot
*** SUMMARY ***
Total pot 100 | Rake 0 
Seat 1: doppelpacken (small blind) folded before Flop
Seat 2: Mahu2021 (big blind) folded before Flop
Seat 3: IsteeTH (button) collected (100)



PokerStars Hand #244027661983: Tournament #3598774690, $0.92+$0.08 USD Hold'em No Limit - Level III (20/40) - 2023/06/01 12:21:13 CET [2023/06/01 6:21:13 ET]
Table '3598774690 1' 3-max Seat #1 is the button
Seat 1: doppelpacken (800 in chips) 
Seat 2: Mahu2021 (290 in chips) 
Seat 3: IsteeTH (410 in chips) 
Mahu2021: posts small blind 20
IsteeTH: posts big blind 40
*** HOLE CARDS ***
Dealt to Mahu2021 [Qd 4c]
doppelpacken: folds 
Mahu2021: folds 
Uncalled bet (20) returned to IsteeTH
IsteeTH collected 40 from pot
*** SUMMARY ***
Total pot 40 | Rake 0 
Seat 1: doppelpacken (button) folded before Flop (didn't bet)
Seat 2: Mahu2021 (small blind) folded before Flop
Seat 3: IsteeTH (big blind) collected (40)



PokerStars Hand #244027662615: Tournament #3598774690, $0.92+$0.08 USD Hold'em No Limit - Level III (20/40) - 2023/06/01 12:21:18 CET [2023/06/01 6:21:18 ET]
Table '3598774690 1' 3-max Seat #2 is the button
Seat 1: doppelpacken (800 in chips) 
Seat 2: Mahu2021 (270 in chips) 
Seat 3: IsteeTH (430 in chips) 
IsteeTH: posts small blind 20
doppelpacken: posts big blind 40
*** HOLE CARDS ***
Dealt to Mahu2021 [4s 9s]
Mahu2021: folds 
IsteeTH: folds 
Uncalled bet (20) returned to doppelpacken
doppelpacken collected 40 from pot
doppelpacken: doesn't show hand 
*** SUMMARY ***
Total pot 40 | Rake 0 
Seat 1: doppelpacken (big blind) collected (40)
Seat 2: Mahu2021 (button) folded before Flop (didn't bet)
Seat 3: IsteeTH (small blind) folded before Flop



PokerStars Hand #244027663437: Tournament #3598774690, $0.92+$0.08 USD Hold'em No Limit - Level III (20/40) - 2023/06/01 12:21:24 CET [2023/06/01 6:21:24 ET]
Table '3598774690 1' 3-max Seat #3 is the button
Seat 1: doppelpacken (820 in chips) 
Seat 2: Mahu2021 (270 in chips) 
Seat 3: IsteeTH (410 in chips) 
doppelpacken: posts small blind 20
Mahu2021: posts big blind 40
*** HOLE CARDS ***
Dealt to Mahu2021 [6s 4s]
IsteeTH: folds 
doppelpacken: raises 780 to 820 and is all-in
Mahu2021: folds 
Uncalled bet (780) returned to doppelpacken
doppelpacken collected 80 from pot
doppelpacken: doesn't show hand 
*** SUMMARY ***
Total pot 80 | Rake 0 
Seat 1: doppelpacken (small blind) collected (80)
Seat 2: Mahu2021 (big blind) folded before Flop
Seat 3: IsteeTH (button) folded before Flop (didn't bet)



PokerStars Hand #244027664517: Tournament #3598774690, $0.92+$0.08 USD Hold'em No Limit - Level III (20/40) - 2023/06/01 12:21:32 CET [2023/06/01 6:21:32 ET]
Table '3598774690 1' 3-max Seat #1 is the button
Seat 1: doppelpacken (860 in chips) 
Seat 2: Mahu2021 (230 in chips) 
Seat 3: IsteeTH (410 in chips) 
Mahu2021: posts small blind 20
IsteeTH: posts big blind 40
*** HOLE CARDS ***
Dealt to Mahu2021 [As 9h]
doppelpacken: folds 
Mahu2021: raises 190 to 230 and is all-in
IsteeTH: folds 
Uncalled bet (190) returned to Mahu2021
Mahu2021 collected 80 from pot
Mahu2021: doesn't show hand 
*** SUMMARY ***
Total pot 80 | Rake 0 
Seat 1: doppelpacken (button) folded before Flop (didn't bet)
Seat 2: Mahu2021 (small blind) collected (80)
Seat 3: IsteeTH (big blind) folded before Flop



PokerStars Hand #244027665567: Tournament #3598774690, $0.92+$0.08 USD Hold'em No Limit - Level III (20/40) - 2023/06/01 12:21:40 CET [2023/06/01 6:21:40 ET]
Table '3598774690 1' 3-max Seat #2 is the button
Seat 1: doppelpacken (860 in chips) 
Seat 2: Mahu2021 (270 in chips) 
Seat 3: IsteeTH (370 in chips) 
IsteeTH: posts small blind 20
doppelpacken: posts big blind 40
*** HOLE CARDS ***
Dealt to Mahu2021 [Ad 8d]
Mahu2021: calls 40
IsteeTH: folds 
doppelpacken: checks 
*** FLOP *** [8h 4h 7d]
doppelpacken: checks 
Mahu2021: bets 100
doppelpacken: raises 720 to 820 and is all-in
Mahu2021: calls 130 and is all-in
Uncalled bet (590) returned to doppelpacken
*** TURN *** [8h 4h 7d] [Qc]
*** RIVER *** [8h 4h 7d Qc] [2c]
*** SHOW DOWN ***
doppelpacken: shows [6d 4s] (a pair of Fours)
Mahu2021: shows [Ad 8d] (a pair of Eights)
Mahu2021 collected 560 from pot
*** SUMMARY ***
Total pot 560 | Rake 0 
Board [8h 4h 7d Qc 2c]
Seat 1: doppelpacken (big blind) showed [6d 4s] and lost with a pair of Fours
Seat 2: Mahu2021 (button) showed [Ad 8d] and won (560) with a pair of Eights
Seat 3: IsteeTH (small blind) folded before Flop



PokerStars Hand #244027667924: Tournament #3598774690, $0.92+$0.08 USD Hold'em No Limit - Level III (20/40) - 2023/06/01 12:21:57 CET [2023/06/01 6:21:57 ET]
Table '3598774690 1' 3-max Seat #3 is the button
Seat 1: doppelpacken (590 in chips) 
Seat 2: Mahu2021 (560 in chips) 
Seat 3: IsteeTH (350 in chips) 
doppelpacken: posts small blind 20
Mahu2021: posts big blind 40
*** HOLE CARDS ***
Dealt to Mahu2021 [7h 4h]
IsteeTH: folds 
doppelpacken: raises 550 to 590 and is all-in
Mahu2021: folds 
Uncalled bet (550) returned to doppelpacken
doppelpacken collected 80 from pot
doppelpacken: doesn't show hand 
*** SUMMARY ***
Total pot 80 | Rake 0 
Seat 1: doppelpacken (small blind) collected (80)
Seat 2: Mahu2021 (big blind) folded before Flop
Seat 3: IsteeTH (button) folded before Flop (didn't bet)



PokerStars Hand #244027668993: Tournament #3598774690, $0.92+$0.08 USD Hold'em No Limit - Level III (20/40) - 2023/06/01 12:22:05 CET [2023/06/01 6:22:05 ET]
Table '3598774690 1' 3-max Seat #1 is the button
Seat 1: doppelpacken (630 in chips) 
Seat 2: Mahu2021 (520 in chips) 
Seat 3: IsteeTH (350 in chips) 
Mahu2021: posts small blind 20
IsteeTH: posts big blind 40
*** HOLE CARDS ***
Dealt to Mahu2021 [Tc Kh]
doppelpacken: folds 
Mahu2021: raises 40 to 80
IsteeTH: folds 
Uncalled bet (40) returned to Mahu2021
Mahu2021 collected 80 from pot
Mahu2021: doesn't show hand 
*** SUMMARY ***
Total pot 80 | Rake 0 
Seat 1: doppelpacken (button) folded before Flop (didn't bet)
Seat 2: Mahu2021 (small blind) collected (80)
Seat 3: IsteeTH (big blind) folded before Flop



PokerStars Hand #244027671091: Tournament #3598774690, $0.92+$0.08 USD Hold'em No Limit - Level IV (30/60) - 2023/06/01 12:22:21 CET [2023/06/01 6:22:21 ET]
Table '3598774690 1' 3-max Seat #2 is the button
Seat 1: doppelpacken (630 in chips) 
Seat 2: Mahu2021 (560 in chips) 
Seat 3: IsteeTH (310 in chips) 
IsteeTH: posts small blind 30
doppelpacken: posts big blind 60
*** HOLE CARDS ***
Dealt to Mahu2021 [Td 3d]
Mahu2021: folds 
IsteeTH: folds 
Uncalled bet (30) returned to doppelpacken
doppelpacken collected 60 from pot
doppelpacken: doesn't show hand 
*** SUMMARY ***
Total pot 60 | Rake 0 
Seat 1: doppelpacken (big blind) collected (60)
Seat 2: Mahu2021 (button) folded before Flop (didn't bet)
Seat 3: IsteeTH (small blind) folded before Flop



PokerStars Hand #244027671934: Tournament #3598774690, $0.92+$0.08 USD Hold'em No Limit - Level IV (30/60) - 2023/06/01 12:22:27 CET [2023/06/01 6:22:27 ET]
Table '3598774690 1' 3-max Seat #3 is the button
Seat 1: doppelpacken (660 in chips) 
Seat 2: Mahu2021 (560 in chips) 
Seat 3: IsteeTH (280 in chips) 
doppelpacken: posts small blind 30
Mahu2021: posts big blind 60
*** HOLE CARDS ***
Dealt to Mahu2021 [2c 3d]
IsteeTH: folds 
doppelpacken: raises 600 to 660 and is all-in
Mahu2021: folds 
Uncalled bet (600) returned to doppelpacken
doppelpacken collected 120 from pot
doppelpacken: doesn't show hand 
*** SUMMARY ***
Total pot 120 | Rake 0 
Seat 1: doppelpacken (small blind) collected (120)
Seat 2: Mahu2021 (big blind) folded before Flop
Seat 3: IsteeTH (button) folded before Flop (didn't bet)



PokerStars Hand #244027672904: Tournament #3598774690, $0.92+$0.08 USD Hold'em No Limit - Level IV (30/60) - 2023/06/01 12:22:34 CET [2023/06/01 6:22:34 ET]
Table '3598774690 1' 3-max Seat #1 is the button
Seat 1: doppelpacken (720 in chips) 
Seat 2: Mahu2021 (500 in chips) 
Seat 3: IsteeTH (280 in chips) 
Mahu2021: posts small blind 30
IsteeTH: posts big blind 60
*** HOLE CARDS ***
Dealt to Mahu2021 [Js 2h]
doppelpacken: raises 660 to 720 and is all-in
Mahu2021: folds 
IsteeTH: folds 
Uncalled bet (660) returned to doppelpacken
doppelpacken collected 150 from pot
doppelpacken: doesn't show hand 
*** SUMMARY ***
Total pot 150 | Rake 0 
Seat 1: doppelpacken (button) collected (150)
Seat 2: Mahu2021 (small blind) folded before Flop
Seat 3: IsteeTH (big blind) folded before Flop



PokerStars Hand #244027673790: Tournament #3598774690, $0.92+$0.08 USD Hold'em No Limit - Level IV (30/60) - 2023/06/01 12:22:41 CET [2023/06/01 6:22:41 ET]
Table '3598774690 1' 3-max Seat #2 is the button
Seat 1: doppelpacken (810 in chips) 
Seat 2: Mahu2021 (470 in chips) 
Seat 3: IsteeTH (220 in chips) 
IsteeTH: posts small blind 30
doppelpacken: posts big blind 60
*** HOLE CARDS ***
Dealt to Mahu2021 [Th As]
Mahu2021: calls 60
IsteeTH: calls 30
doppelpacken: checks 
*** FLOP *** [2d 6h Qd]
IsteeTH: checks 
doppelpacken: checks 
Mahu2021: checks 
*** TURN *** [2d 6h Qd] [8c]
IsteeTH: checks 
doppelpacken: checks 
Mahu2021: bets 60
IsteeTH: calls 60
doppelpacken: folds 
*** RIVER *** [2d 6h Qd 8c] [7d]
IsteeTH: bets 100 and is all-in
Mahu2021: folds 
Uncalled bet (100) returned to IsteeTH
IsteeTH collected 300 from pot
*** SUMMARY ***
Total pot 300 | Rake 0 
Board [2d 6h Qd 8c 7d]
Seat 1: doppelpacken (big blind) folded on the Turn
Seat 2: Mahu2021 (button) folded on the River
Seat 3: IsteeTH (small blind) collected (300)



PokerStars Hand #244027680233: Tournament #3598774690, $0.92+$0.08 USD Hold'em No Limit - Level IV (30/60) - 2023/06/01 12:23:27 CET [2023/06/01 6:23:27 ET]
Table '3598774690 1' 3-max Seat #3 is the button
Seat 1: doppelpacken (750 in chips) 
Seat 2: Mahu2021 (350 in chips) 
Seat 3: IsteeTH (400 in chips) 
doppelpacken: posts small blind 30
Mahu2021: posts big blind 60
*** HOLE CARDS ***
Dealt to Mahu2021 [3c Kc]
IsteeTH: folds 
doppelpacken: raises 690 to 750 and is all-in
Mahu2021: calls 290 and is all-in
Uncalled bet (400) returned to doppelpacken
*** FLOP *** [Qh 8c 6h]
*** TURN *** [Qh 8c 6h] [2h]
*** RIVER *** [Qh 8c 6h 2h] [Td]
*** SHOW DOWN ***
doppelpacken: shows [8h 9d] (a pair of Eights)
Mahu2021: shows [3c Kc] (high card King)
doppelpacken collected 700 from pot
Mahu2021 finished the tournament in 3rd place
*** SUMMARY ***
Total pot 700 | Rake 0 
Board [Qh 8c 6h 2h Td]
Seat 1: doppelpacken (small blind) showed [8h 9d] and won (700) with a pair of Eights
Seat 2: Mahu2021 (big blind) showed [3c Kc] and lost with high card King
Seat 3: IsteeTH (button) folded before Flop (didn't bet)



