PokerStars Hand #248455067424: Tournament #3705826340, $1.84+$0.16 USD Hold'em No Limit - Level I (10/20) - 2024/01/23 21:45:42 CET [2024/01/23 15:45:42 ET]
Table '3705826340 1' 3-max Seat #1 is the button
Seat 1: Mahu2021 (500 in chips) 
Seat 2: aaroldao (500 in chips) 
Seat 3: xtremu404 (500 in chips) 
aaroldao: posts small blind 10
xtremu404: posts big blind 20
*** HOLE CARDS ***
Dealt to Mahu2021 [7d As]
Mahu2021: folds 
aaroldao: folds 
Uncalled bet (10) returned to xtremu404
xtremu404 collected 20 from pot
*** SUMMARY ***
Total pot 20 | Rake 0 
Seat 1: Mahu2021 (button) folded before Flop (didn't bet)
Seat 2: aaroldao (small blind) folded before Flop
Seat 3: xtremu404 (big blind) collected (20)



PokerStars Hand #248455069502: Tournament #3705826340, $1.84+$0.16 USD Hold'em No Limit - Level I (10/20) - 2024/01/23 21:45:48 CET [2024/01/23 15:45:48 ET]
Table '3705826340 1' 3-max Seat #2 is the button
Seat 1: Mahu2021 (500 in chips) 
Seat 2: aaroldao (490 in chips) 
Seat 3: xtremu404 (510 in chips) 
xtremu404: posts small blind 10
Mahu2021: posts big blind 20
*** HOLE CARDS ***
Dealt to Mahu2021 [5s Tc]
aaroldao: folds 
xtremu404: folds 
Uncalled bet (10) returned to Mahu2021
Mahu2021 collected 20 from pot
Mahu2021: doesn't show hand 
*** SUMMARY ***
Total pot 20 | Rake 0 
Seat 1: Mahu2021 (big blind) collected (20)
Seat 2: aaroldao (button) folded before Flop (didn't bet)
Seat 3: xtremu404 (small blind) folded before Flop



PokerStars Hand #248455072691: Tournament #3705826340, $1.84+$0.16 USD Hold'em No Limit - Level I (10/20) - 2024/01/23 21:45:57 CET [2024/01/23 15:45:57 ET]
Table '3705826340 1' 3-max Seat #3 is the button
Seat 1: Mahu2021 (510 in chips) 
Seat 2: aaroldao (490 in chips) 
Seat 3: xtremu404 (500 in chips) 
Mahu2021: posts small blind 10
aaroldao: posts big blind 20
*** HOLE CARDS ***
Dealt to Mahu2021 [Qs Ad]
xtremu404: folds 
Mahu2021: raises 40 to 60
aaroldao: raises 430 to 490 and is all-in
Mahu2021: calls 430
*** FLOP *** [Ac 3h 7h]
*** TURN *** [Ac 3h 7h] [2s]
*** RIVER *** [Ac 3h 7h 2s] [2d]
*** SHOW DOWN ***
Mahu2021: shows [Qs Ad] (two pair, Aces and Deuces)
aaroldao: shows [9h Jd] (a pair of Deuces)
Mahu2021 collected 980 from pot
aaroldao finished the tournament in 3rd place
*** SUMMARY ***
Total pot 980 | Rake 0 
Board [Ac 3h 7h 2s 2d]
Seat 1: Mahu2021 (small blind) showed [Qs Ad] and won (980) with two pair, Aces and Deuces
Seat 2: aaroldao (big blind) showed [9h Jd] and lost with a pair of Deuces
Seat 3: xtremu404 (button) folded before Flop (didn't bet)



PokerStars Hand #248455080743: Tournament #3705826340, $1.84+$0.16 USD Hold'em No Limit - Level I (10/20) - 2024/01/23 21:46:18 CET [2024/01/23 15:46:18 ET]
Table '3705826340 1' 3-max Seat #1 is the button
Seat 1: Mahu2021 (1000 in chips) 
Seat 3: xtremu404 (500 in chips) 
Mahu2021: posts small blind 10
xtremu404: posts big blind 20
*** HOLE CARDS ***
Dealt to Mahu2021 [5h Tc]
Mahu2021: folds 
Uncalled bet (10) returned to xtremu404
xtremu404 collected 20 from pot
*** SUMMARY ***
Total pot 20 | Rake 0 
Seat 1: Mahu2021 (button) (small blind) folded before Flop
Seat 3: xtremu404 (big blind) collected (20)



PokerStars Hand #248455082547: Tournament #3705826340, $1.84+$0.16 USD Hold'em No Limit - Level I (10/20) - 2024/01/23 21:46:23 CET [2024/01/23 15:46:23 ET]
Table '3705826340 1' 3-max Seat #3 is the button
Seat 1: Mahu2021 (990 in chips) 
Seat 3: xtremu404 (510 in chips) 
xtremu404: posts small blind 10
Mahu2021: posts big blind 20
*** HOLE CARDS ***
Dealt to Mahu2021 [Jd 3s]
xtremu404: calls 10
Mahu2021: checks 
*** FLOP *** [2s Ad 7h]
Mahu2021: checks 
xtremu404: bets 20
Mahu2021: folds 
Uncalled bet (20) returned to xtremu404
xtremu404 collected 40 from pot
*** SUMMARY ***
Total pot 40 | Rake 0 
Board [2s Ad 7h]
Seat 1: Mahu2021 (big blind) folded on the Flop
Seat 3: xtremu404 (button) (small blind) collected (40)



PokerStars Hand #248455087066: Tournament #3705826340, $1.84+$0.16 USD Hold'em No Limit - Level I (10/20) - 2024/01/23 21:46:35 CET [2024/01/23 15:46:35 ET]
Table '3705826340 1' 3-max Seat #1 is the button
Seat 1: Mahu2021 (970 in chips) 
Seat 3: xtremu404 (530 in chips) 
Mahu2021: posts small blind 10
xtremu404: posts big blind 20
*** HOLE CARDS ***
Dealt to Mahu2021 [Qc 9s]
Mahu2021: raises 40 to 60
xtremu404: folds 
Uncalled bet (40) returned to Mahu2021
Mahu2021 collected 40 from pot
Mahu2021: doesn't show hand 
*** SUMMARY ***
Total pot 40 | Rake 0 
Seat 1: Mahu2021 (button) (small blind) collected (40)
Seat 3: xtremu404 (big blind) folded before Flop



PokerStars Hand #248455089499: Tournament #3705826340, $1.84+$0.16 USD Hold'em No Limit - Level I (10/20) - 2024/01/23 21:46:41 CET [2024/01/23 15:46:41 ET]
Table '3705826340 1' 3-max Seat #3 is the button
Seat 1: Mahu2021 (990 in chips) 
Seat 3: xtremu404 (510 in chips) 
xtremu404: posts small blind 10
Mahu2021: posts big blind 20
*** HOLE CARDS ***
Dealt to Mahu2021 [9c 8c]
xtremu404: folds 
Uncalled bet (10) returned to Mahu2021
Mahu2021 collected 20 from pot
Mahu2021: doesn't show hand 
*** SUMMARY ***
Total pot 20 | Rake 0 
Seat 1: Mahu2021 (big blind) collected (20)
Seat 3: xtremu404 (button) (small blind) folded before Flop



PokerStars Hand #248455091549: Tournament #3705826340, $1.84+$0.16 USD Hold'em No Limit - Level I (10/20) - 2024/01/23 21:46:47 CET [2024/01/23 15:46:47 ET]
Table '3705826340 1' 3-max Seat #1 is the button
Seat 1: Mahu2021 (1000 in chips) 
Seat 3: xtremu404 (500 in chips) 
Mahu2021: posts small blind 10
xtremu404: posts big blind 20
*** HOLE CARDS ***
Dealt to Mahu2021 [Td Ts]
Mahu2021: raises 980 to 1000 and is all-in
xtremu404: folds 
Uncalled bet (980) returned to Mahu2021
Mahu2021 collected 40 from pot
Mahu2021: doesn't show hand 
*** SUMMARY ***
Total pot 40 | Rake 0 
Seat 1: Mahu2021 (button) (small blind) collected (40)
Seat 3: xtremu404 (big blind) folded before Flop



PokerStars Hand #248455094451: Tournament #3705826340, $1.84+$0.16 USD Hold'em No Limit - Level I (10/20) - 2024/01/23 21:46:54 CET [2024/01/23 15:46:54 ET]
Table '3705826340 1' 3-max Seat #3 is the button
Seat 1: Mahu2021 (1020 in chips) 
Seat 3: xtremu404 (480 in chips) 
xtremu404: posts small blind 10
Mahu2021: posts big blind 20
*** HOLE CARDS ***
Dealt to Mahu2021 [As Jh]
xtremu404: folds 
Uncalled bet (10) returned to Mahu2021
Mahu2021 collected 20 from pot
Mahu2021: doesn't show hand 
*** SUMMARY ***
Total pot 20 | Rake 0 
Seat 1: Mahu2021 (big blind) collected (20)
Seat 3: xtremu404 (button) (small blind) folded before Flop



PokerStars Hand #248455096781: Tournament #3705826340, $1.84+$0.16 USD Hold'em No Limit - Level I (10/20) - 2024/01/23 21:47:01 CET [2024/01/23 15:47:01 ET]
Table '3705826340 1' 3-max Seat #1 is the button
Seat 1: Mahu2021 (1030 in chips) 
Seat 3: xtremu404 (470 in chips) 
Mahu2021: posts small blind 10
xtremu404: posts big blind 20
*** HOLE CARDS ***
Dealt to Mahu2021 [Js 4c]
Mahu2021: calls 10
xtremu404: checks 
*** FLOP *** [9c Kc Ac]
xtremu404: bets 20
Mahu2021: folds 
Uncalled bet (20) returned to xtremu404
xtremu404 collected 40 from pot
*** SUMMARY ***
Total pot 40 | Rake 0 
Board [9c Kc Ac]
Seat 1: Mahu2021 (button) (small blind) folded on the Flop
Seat 3: xtremu404 (big blind) collected (40)



PokerStars Hand #248455100816: Tournament #3705826340, $1.84+$0.16 USD Hold'em No Limit - Level I (10/20) - 2024/01/23 21:47:11 CET [2024/01/23 15:47:11 ET]
Table '3705826340 1' 3-max Seat #3 is the button
Seat 1: Mahu2021 (1010 in chips) 
Seat 3: xtremu404 (490 in chips) 
xtremu404: posts small blind 10
Mahu2021: posts big blind 20
*** HOLE CARDS ***
Dealt to Mahu2021 [3h Td]
xtremu404: calls 10
Mahu2021: checks 
*** FLOP *** [2d 7c 9c]
Mahu2021: checks 
xtremu404: bets 20
Mahu2021: folds 
Uncalled bet (20) returned to xtremu404
xtremu404 collected 40 from pot
*** SUMMARY ***
Total pot 40 | Rake 0 
Board [2d 7c 9c]
Seat 1: Mahu2021 (big blind) folded on the Flop
Seat 3: xtremu404 (button) (small blind) collected (40)



PokerStars Hand #248455104739: Tournament #3705826340, $1.84+$0.16 USD Hold'em No Limit - Level I (10/20) - 2024/01/23 21:47:22 CET [2024/01/23 15:47:22 ET]
Table '3705826340 1' 3-max Seat #1 is the button
Seat 1: Mahu2021 (990 in chips) 
Seat 3: xtremu404 (510 in chips) 
Mahu2021: posts small blind 10
xtremu404: posts big blind 20
*** HOLE CARDS ***
Dealt to Mahu2021 [Ac 7h]
Mahu2021: raises 40 to 60
xtremu404: calls 40
*** FLOP *** [6d 3h 4s]
xtremu404: bets 60
Mahu2021: calls 60
*** TURN *** [6d 3h 4s] [As]
xtremu404: bets 120
Mahu2021: raises 750 to 870 and is all-in
xtremu404: calls 270 and is all-in
Uncalled bet (480) returned to Mahu2021
*** RIVER *** [6d 3h 4s As] [9s]
*** SHOW DOWN ***
xtremu404: shows [Qs Ks] (a flush, Ace high)
Mahu2021: shows [Ac 7h] (a pair of Aces)
xtremu404 collected 1020 from pot
*** SUMMARY ***
Total pot 1020 | Rake 0 
Board [6d 3h 4s As 9s]
Seat 1: Mahu2021 (button) (small blind) showed [Ac 7h] and lost with a pair of Aces
Seat 3: xtremu404 (big blind) showed [Qs Ks] and won (1020) with a flush, Ace high



PokerStars Hand #248455116901: Tournament #3705826340, $1.84+$0.16 USD Hold'em No Limit - Level I (10/20) - 2024/01/23 21:47:54 CET [2024/01/23 15:47:54 ET]
Table '3705826340 1' 3-max Seat #3 is the button
Seat 1: Mahu2021 (480 in chips) 
Seat 3: xtremu404 (1020 in chips) 
xtremu404: posts small blind 10
Mahu2021: posts big blind 20
*** HOLE CARDS ***
Dealt to Mahu2021 [7h 8h]
xtremu404: folds 
Uncalled bet (10) returned to Mahu2021
Mahu2021 collected 20 from pot
Mahu2021: doesn't show hand 
*** SUMMARY ***
Total pot 20 | Rake 0 
Seat 1: Mahu2021 (big blind) collected (20)
Seat 3: xtremu404 (button) (small blind) folded before Flop



PokerStars Hand #248455119299: Tournament #3705826340, $1.84+$0.16 USD Hold'em No Limit - Level I (10/20) - 2024/01/23 21:48:00 CET [2024/01/23 15:48:00 ET]
Table '3705826340 1' 3-max Seat #1 is the button
Seat 1: Mahu2021 (490 in chips) 
Seat 3: xtremu404 (1010 in chips) 
Mahu2021: posts small blind 10
xtremu404: posts big blind 20
*** HOLE CARDS ***
Dealt to Mahu2021 [8d 7d]
Mahu2021: raises 40 to 60
xtremu404: raises 120 to 180
Mahu2021: folds 
Uncalled bet (120) returned to xtremu404
xtremu404 collected 120 from pot
*** SUMMARY ***
Total pot 120 | Rake 0 
Seat 1: Mahu2021 (button) (small blind) folded before Flop
Seat 3: xtremu404 (big blind) collected (120)



PokerStars Hand #248455123475: Tournament #3705826340, $1.84+$0.16 USD Hold'em No Limit - Level I (10/20) - 2024/01/23 21:48:11 CET [2024/01/23 15:48:11 ET]
Table '3705826340 1' 3-max Seat #3 is the button
Seat 1: Mahu2021 (430 in chips) 
Seat 3: xtremu404 (1070 in chips) 
xtremu404: posts small blind 10
Mahu2021: posts big blind 20
*** HOLE CARDS ***
Dealt to Mahu2021 [Ad 8s]
xtremu404: raises 20 to 40
Mahu2021: raises 390 to 430 and is all-in
xtremu404: calls 390
*** FLOP *** [Td 2s 2c]
*** TURN *** [Td 2s 2c] [Ah]
*** RIVER *** [Td 2s 2c Ah] [As]
*** SHOW DOWN ***
Mahu2021: shows [Ad 8s] (a full house, Aces full of Deuces)
xtremu404: shows [Js Ks] (two pair, Aces and Deuces)
Mahu2021 collected 860 from pot
*** SUMMARY ***
Total pot 860 | Rake 0 
Board [Td 2s 2c Ah As]
Seat 1: Mahu2021 (big blind) showed [Ad 8s] and won (860) with a full house, Aces full of Deuces
Seat 3: xtremu404 (button) (small blind) showed [Js Ks] and lost with two pair, Aces and Deuces



PokerStars Hand #248455129454: Tournament #3705826340, $1.84+$0.16 USD Hold'em No Limit - Level I (10/20) - 2024/01/23 21:48:27 CET [2024/01/23 15:48:27 ET]
Table '3705826340 1' 3-max Seat #1 is the button
Seat 1: Mahu2021 (860 in chips) 
Seat 3: xtremu404 (640 in chips) 
Mahu2021: posts small blind 10
xtremu404: posts big blind 20
*** HOLE CARDS ***
Dealt to Mahu2021 [5d Th]
Mahu2021: folds 
Uncalled bet (10) returned to xtremu404
xtremu404 collected 20 from pot
*** SUMMARY ***
Total pot 20 | Rake 0 
Seat 1: Mahu2021 (button) (small blind) folded before Flop
Seat 3: xtremu404 (big blind) collected (20)



PokerStars Hand #248455131169: Tournament #3705826340, $1.84+$0.16 USD Hold'em No Limit - Level I (10/20) - 2024/01/23 21:48:32 CET [2024/01/23 15:48:32 ET]
Table '3705826340 1' 3-max Seat #3 is the button
Seat 1: Mahu2021 (850 in chips) 
Seat 3: xtremu404 (650 in chips) 
xtremu404: posts small blind 10
Mahu2021: posts big blind 20
*** HOLE CARDS ***
Dealt to Mahu2021 [Js 4h]
xtremu404: calls 10
Mahu2021: checks 
*** FLOP *** [Ks Qh 9h]
Mahu2021: checks 
xtremu404: bets 20
Mahu2021: calls 20
*** TURN *** [Ks Qh 9h] [Ah]
Mahu2021: checks 
xtremu404: checks 
*** RIVER *** [Ks Qh 9h Ah] [2h]
Mahu2021: bets 80
xtremu404: folds 
Uncalled bet (80) returned to Mahu2021
Mahu2021 collected 80 from pot
Mahu2021: doesn't show hand 
*** SUMMARY ***
Total pot 80 | Rake 0 
Board [Ks Qh 9h Ah 2h]
Seat 1: Mahu2021 (big blind) collected (80)
Seat 3: xtremu404 (button) (small blind) folded on the River



PokerStars Hand #248455139671: Tournament #3705826340, $1.84+$0.16 USD Hold'em No Limit - Level II (15/30) - 2024/01/23 21:48:54 CET [2024/01/23 15:48:54 ET]
Table '3705826340 1' 3-max Seat #1 is the button
Seat 1: Mahu2021 (890 in chips) 
Seat 3: xtremu404 (610 in chips) 
Mahu2021: posts small blind 15
xtremu404: posts big blind 30
*** HOLE CARDS ***
Dealt to Mahu2021 [5s 3c]
Mahu2021: calls 15
xtremu404: checks 
*** FLOP *** [2c 7d Ks]
xtremu404: checks 
Mahu2021: bets 30
xtremu404: folds 
Uncalled bet (30) returned to Mahu2021
Mahu2021 collected 60 from pot
Mahu2021: doesn't show hand 
*** SUMMARY ***
Total pot 60 | Rake 0 
Board [2c 7d Ks]
Seat 1: Mahu2021 (button) (small blind) collected (60)
Seat 3: xtremu404 (big blind) folded on the Flop



PokerStars Hand #248455144602: Tournament #3705826340, $1.84+$0.16 USD Hold'em No Limit - Level II (15/30) - 2024/01/23 21:49:07 CET [2024/01/23 15:49:07 ET]
Table '3705826340 1' 3-max Seat #3 is the button
Seat 1: Mahu2021 (920 in chips) 
Seat 3: xtremu404 (580 in chips) 
xtremu404: posts small blind 15
Mahu2021: posts big blind 30
*** HOLE CARDS ***
Dealt to Mahu2021 [8c 5h]
xtremu404: calls 15
Mahu2021: checks 
*** FLOP *** [2d 8d Jc]
Mahu2021: checks 
xtremu404: bets 30
Mahu2021: calls 30
*** TURN *** [2d 8d Jc] [6c]
Mahu2021: checks 
xtremu404: checks 
*** RIVER *** [2d 8d Jc 6c] [5c]
Mahu2021: bets 120
xtremu404: folds 
Uncalled bet (120) returned to Mahu2021
Mahu2021 collected 120 from pot
Mahu2021: doesn't show hand 
*** SUMMARY ***
Total pot 120 | Rake 0 
Board [2d 8d Jc 6c 5c]
Seat 1: Mahu2021 (big blind) collected (120)
Seat 3: xtremu404 (button) (small blind) folded on the River



PokerStars Hand #248455152179: Tournament #3705826340, $1.84+$0.16 USD Hold'em No Limit - Level II (15/30) - 2024/01/23 21:49:28 CET [2024/01/23 15:49:28 ET]
Table '3705826340 1' 3-max Seat #1 is the button
Seat 1: Mahu2021 (980 in chips) 
Seat 3: xtremu404 (520 in chips) 
Mahu2021: posts small blind 15
xtremu404: posts big blind 30
*** HOLE CARDS ***
Dealt to Mahu2021 [9s Ks]
Mahu2021: raises 60 to 90
xtremu404: folds 
Uncalled bet (60) returned to Mahu2021
Mahu2021 collected 60 from pot
Mahu2021: doesn't show hand 
*** SUMMARY ***
Total pot 60 | Rake 0 
Seat 1: Mahu2021 (button) (small blind) collected (60)
Seat 3: xtremu404 (big blind) folded before Flop



PokerStars Hand #248455154886: Tournament #3705826340, $1.84+$0.16 USD Hold'em No Limit - Level II (15/30) - 2024/01/23 21:49:35 CET [2024/01/23 15:49:35 ET]
Table '3705826340 1' 3-max Seat #3 is the button
Seat 1: Mahu2021 (1010 in chips) 
Seat 3: xtremu404 (490 in chips) 
xtremu404: posts small blind 15
Mahu2021: posts big blind 30
*** HOLE CARDS ***
Dealt to Mahu2021 [4c Kd]
xtremu404: folds 
Uncalled bet (15) returned to Mahu2021
Mahu2021 collected 30 from pot
Mahu2021: doesn't show hand 
*** SUMMARY ***
Total pot 30 | Rake 0 
Seat 1: Mahu2021 (big blind) collected (30)
Seat 3: xtremu404 (button) (small blind) folded before Flop



PokerStars Hand #248455156707: Tournament #3705826340, $1.84+$0.16 USD Hold'em No Limit - Level II (15/30) - 2024/01/23 21:49:40 CET [2024/01/23 15:49:40 ET]
Table '3705826340 1' 3-max Seat #1 is the button
Seat 1: Mahu2021 (1025 in chips) 
Seat 3: xtremu404 (475 in chips) 
Mahu2021: posts small blind 15
xtremu404: posts big blind 30
*** HOLE CARDS ***
Dealt to Mahu2021 [3c 8h]
Mahu2021: folds 
Uncalled bet (15) returned to xtremu404
xtremu404 collected 30 from pot
*** SUMMARY ***
Total pot 30 | Rake 0 
Seat 1: Mahu2021 (button) (small blind) folded before Flop
Seat 3: xtremu404 (big blind) collected (30)



PokerStars Hand #248455158354: Tournament #3705826340, $1.84+$0.16 USD Hold'em No Limit - Level II (15/30) - 2024/01/23 21:49:44 CET [2024/01/23 15:49:44 ET]
Table '3705826340 1' 3-max Seat #3 is the button
Seat 1: Mahu2021 (1010 in chips) 
Seat 3: xtremu404 (490 in chips) 
xtremu404: posts small blind 15
Mahu2021: posts big blind 30
*** HOLE CARDS ***
Dealt to Mahu2021 [Ah Qc]
xtremu404: calls 15
Mahu2021: raises 60 to 90
xtremu404: folds 
Uncalled bet (60) returned to Mahu2021
Mahu2021 collected 60 from pot
Mahu2021: doesn't show hand 
*** SUMMARY ***
Total pot 60 | Rake 0 
Seat 1: Mahu2021 (big blind) collected (60)
Seat 3: xtremu404 (button) (small blind) folded before Flop



PokerStars Hand #248455161699: Tournament #3705826340, $1.84+$0.16 USD Hold'em No Limit - Level II (15/30) - 2024/01/23 21:49:53 CET [2024/01/23 15:49:53 ET]
Table '3705826340 1' 3-max Seat #1 is the button
Seat 1: Mahu2021 (1040 in chips) 
Seat 3: xtremu404 (460 in chips) 
Mahu2021: posts small blind 15
xtremu404: posts big blind 30
*** HOLE CARDS ***
Dealt to Mahu2021 [9s 9c]
Mahu2021: raises 1010 to 1040 and is all-in
xtremu404: folds 
Uncalled bet (1010) returned to Mahu2021
Mahu2021 collected 60 from pot
Mahu2021: doesn't show hand 
*** SUMMARY ***
Total pot 60 | Rake 0 
Seat 1: Mahu2021 (button) (small blind) collected (60)
Seat 3: xtremu404 (big blind) folded before Flop



PokerStars Hand #248455164493: Tournament #3705826340, $1.84+$0.16 USD Hold'em No Limit - Level II (15/30) - 2024/01/23 21:50:00 CET [2024/01/23 15:50:00 ET]
Table '3705826340 1' 3-max Seat #3 is the button
Seat 1: Mahu2021 (1070 in chips) 
Seat 3: xtremu404 (430 in chips) 
xtremu404: posts small blind 15
Mahu2021: posts big blind 30
*** HOLE CARDS ***
Dealt to Mahu2021 [Tc Th]
xtremu404: calls 15
Mahu2021: raises 60 to 90
xtremu404: calls 60
*** FLOP *** [Ts Ks Jd]
Mahu2021: bets 90
xtremu404: calls 90
*** TURN *** [Ts Ks Jd] [Qd]
Mahu2021: bets 890 and is all-in
xtremu404: calls 250 and is all-in
Uncalled bet (640) returned to Mahu2021
*** RIVER *** [Ts Ks Jd Qd] [Js]
*** SHOW DOWN ***
Mahu2021: shows [Tc Th] (a full house, Tens full of Jacks)
xtremu404: shows [Jh Qc] (a full house, Jacks full of Queens)
xtremu404 collected 860 from pot
*** SUMMARY ***
Total pot 860 | Rake 0 
Board [Ts Ks Jd Qd Js]
Seat 1: Mahu2021 (big blind) showed [Tc Th] and lost with a full house, Tens full of Jacks
Seat 3: xtremu404 (button) (small blind) showed [Jh Qc] and won (860) with a full house, Jacks full of Queens



PokerStars Hand #248455174599: Tournament #3705826340, $1.84+$0.16 USD Hold'em No Limit - Level II (15/30) - 2024/01/23 21:50:27 CET [2024/01/23 15:50:27 ET]
Table '3705826340 1' 3-max Seat #1 is the button
Seat 1: Mahu2021 (640 in chips) 
Seat 3: xtremu404 (860 in chips) 
Mahu2021: posts small blind 15
xtremu404: posts big blind 30
*** HOLE CARDS ***
Dealt to Mahu2021 [Kh Qc]
Mahu2021: raises 60 to 90
xtremu404: raises 180 to 270
Mahu2021: raises 370 to 640 and is all-in
xtremu404: calls 370
*** FLOP *** [5c Kc 8d]
*** TURN *** [5c Kc 8d] [7h]
*** RIVER *** [5c Kc 8d 7h] [8c]
*** SHOW DOWN ***
xtremu404: shows [Tc Ah] (a pair of Eights)
Mahu2021: shows [Kh Qc] (two pair, Kings and Eights)
Mahu2021 collected 1280 from pot
*** SUMMARY ***
Total pot 1280 | Rake 0 
Board [5c Kc 8d 7h 8c]
Seat 1: Mahu2021 (button) (small blind) showed [Kh Qc] and won (1280) with two pair, Kings and Eights
Seat 3: xtremu404 (big blind) showed [Tc Ah] and lost with a pair of Eights



PokerStars Hand #248455181754: Tournament #3705826340, $1.84+$0.16 USD Hold'em No Limit - Level II (15/30) - 2024/01/23 21:50:46 CET [2024/01/23 15:50:46 ET]
Table '3705826340 1' 3-max Seat #3 is the button
Seat 1: Mahu2021 (1280 in chips) 
Seat 3: xtremu404 (220 in chips) 
xtremu404: posts small blind 15
Mahu2021: posts big blind 30
*** HOLE CARDS ***
Dealt to Mahu2021 [Qs 9h]
xtremu404: folds 
Uncalled bet (15) returned to Mahu2021
Mahu2021 collected 30 from pot
Mahu2021: doesn't show hand 
*** SUMMARY ***
Total pot 30 | Rake 0 
Seat 1: Mahu2021 (big blind) collected (30)
Seat 3: xtremu404 (button) (small blind) folded before Flop



PokerStars Hand #248455183667: Tournament #3705826340, $1.84+$0.16 USD Hold'em No Limit - Level II (15/30) - 2024/01/23 21:50:51 CET [2024/01/23 15:50:51 ET]
Table '3705826340 1' 3-max Seat #1 is the button
Seat 1: Mahu2021 (1295 in chips) 
Seat 3: xtremu404 (205 in chips) 
Mahu2021: posts small blind 15
xtremu404: posts big blind 30
*** HOLE CARDS ***
Dealt to Mahu2021 [2c Qd]
Mahu2021: folds 
Uncalled bet (15) returned to xtremu404
xtremu404 collected 30 from pot
*** SUMMARY ***
Total pot 30 | Rake 0 
Seat 1: Mahu2021 (button) (small blind) folded before Flop
Seat 3: xtremu404 (big blind) collected (30)



PokerStars Hand #248455185380: Tournament #3705826340, $1.84+$0.16 USD Hold'em No Limit - Level II (15/30) - 2024/01/23 21:50:55 CET [2024/01/23 15:50:55 ET]
Table '3705826340 1' 3-max Seat #3 is the button
Seat 1: Mahu2021 (1280 in chips) 
Seat 3: xtremu404 (220 in chips) 
xtremu404: posts small blind 15
Mahu2021: posts big blind 30
*** HOLE CARDS ***
Dealt to Mahu2021 [6c Qs]
xtremu404: folds 
Uncalled bet (15) returned to Mahu2021
Mahu2021 collected 30 from pot
Mahu2021: doesn't show hand 
*** SUMMARY ***
Total pot 30 | Rake 0 
Seat 1: Mahu2021 (big blind) collected (30)
Seat 3: xtremu404 (button) (small blind) folded before Flop



PokerStars Hand #248455188164: Tournament #3705826340, $1.84+$0.16 USD Hold'em No Limit - Level II (15/30) - 2024/01/23 21:51:03 CET [2024/01/23 15:51:03 ET]
Table '3705826340 1' 3-max Seat #1 is the button
Seat 1: Mahu2021 (1295 in chips) 
Seat 3: xtremu404 (205 in chips) 
Mahu2021: posts small blind 15
xtremu404: posts big blind 30
*** HOLE CARDS ***
Dealt to Mahu2021 [Js 5c]
Mahu2021: calls 15
xtremu404: raises 175 to 205 and is all-in
Mahu2021: folds 
Uncalled bet (175) returned to xtremu404
xtremu404 collected 60 from pot
*** SUMMARY ***
Total pot 60 | Rake 0 
Seat 1: Mahu2021 (button) (small blind) folded before Flop
Seat 3: xtremu404 (big blind) collected (60)



PokerStars Hand #248455191440: Tournament #3705826340, $1.84+$0.16 USD Hold'em No Limit - Level II (15/30) - 2024/01/23 21:51:11 CET [2024/01/23 15:51:11 ET]
Table '3705826340 1' 3-max Seat #3 is the button
Seat 1: Mahu2021 (1265 in chips) 
Seat 3: xtremu404 (235 in chips) 
xtremu404: posts small blind 15
Mahu2021: posts big blind 30
*** HOLE CARDS ***
Dealt to Mahu2021 [Jh 2c]
xtremu404: raises 205 to 235 and is all-in
Mahu2021: folds 
Uncalled bet (205) returned to xtremu404
xtremu404 collected 60 from pot
*** SUMMARY ***
Total pot 60 | Rake 0 
Seat 1: Mahu2021 (big blind) folded before Flop
Seat 3: xtremu404 (button) (small blind) collected (60)



PokerStars Hand #248455195605: Tournament #3705826340, $1.84+$0.16 USD Hold'em No Limit - Level II (15/30) - 2024/01/23 21:51:22 CET [2024/01/23 15:51:22 ET]
Table '3705826340 1' 3-max Seat #1 is the button
Seat 1: Mahu2021 (1235 in chips) 
Seat 3: xtremu404 (265 in chips) 
Mahu2021: posts small blind 15
xtremu404: posts big blind 30
*** HOLE CARDS ***
Dealt to Mahu2021 [Qc Js]
Mahu2021: raises 60 to 90
xtremu404: folds 
Uncalled bet (60) returned to Mahu2021
Mahu2021 collected 60 from pot
Mahu2021: doesn't show hand 
*** SUMMARY ***
Total pot 60 | Rake 0 
Seat 1: Mahu2021 (button) (small blind) collected (60)
Seat 3: xtremu404 (big blind) folded before Flop



PokerStars Hand #248455198858: Tournament #3705826340, $1.84+$0.16 USD Hold'em No Limit - Level II (15/30) - 2024/01/23 21:51:31 CET [2024/01/23 15:51:31 ET]
Table '3705826340 1' 3-max Seat #3 is the button
Seat 1: Mahu2021 (1265 in chips) 
Seat 3: xtremu404 (235 in chips) 
xtremu404: posts small blind 15
Mahu2021: posts big blind 30
*** HOLE CARDS ***
Dealt to Mahu2021 [2h Ks]
xtremu404: folds 
Uncalled bet (15) returned to Mahu2021
Mahu2021 collected 30 from pot
Mahu2021: doesn't show hand 
*** SUMMARY ***
Total pot 30 | Rake 0 
Seat 1: Mahu2021 (big blind) collected (30)
Seat 3: xtremu404 (button) (small blind) folded before Flop



PokerStars Hand #248455201057: Tournament #3705826340, $1.84+$0.16 USD Hold'em No Limit - Level II (15/30) - 2024/01/23 21:51:37 CET [2024/01/23 15:51:37 ET]
Table '3705826340 1' 3-max Seat #1 is the button
Seat 1: Mahu2021 (1280 in chips) 
Seat 3: xtremu404 (220 in chips) 
Mahu2021: posts small blind 15
xtremu404: posts big blind 30
*** HOLE CARDS ***
Dealt to Mahu2021 [Qh Qc]
Mahu2021: raises 60 to 90
xtremu404: folds 
Uncalled bet (60) returned to Mahu2021
Mahu2021 collected 60 from pot
Mahu2021: doesn't show hand 
*** SUMMARY ***
Total pot 60 | Rake 0 
Seat 1: Mahu2021 (button) (small blind) collected (60)
Seat 3: xtremu404 (big blind) folded before Flop



PokerStars Hand #248455205200: Tournament #3705826340, $1.84+$0.16 USD Hold'em No Limit - Level III (20/40) - 2024/01/23 21:51:48 CET [2024/01/23 15:51:48 ET]
Table '3705826340 1' 3-max Seat #3 is the button
Seat 1: Mahu2021 (1310 in chips) 
Seat 3: xtremu404 (190 in chips) 
xtremu404: posts small blind 20
Mahu2021: posts big blind 40
*** HOLE CARDS ***
Dealt to Mahu2021 [5d 3c]
xtremu404: calls 20
Mahu2021: checks 
*** FLOP *** [2h 3s 2d]
Mahu2021: bets 1270 and is all-in
xtremu404: folds 
Uncalled bet (1270) returned to Mahu2021
Mahu2021 collected 80 from pot
Mahu2021: doesn't show hand 
*** SUMMARY ***
Total pot 80 | Rake 0 
Board [2h 3s 2d]
Seat 1: Mahu2021 (big blind) collected (80)
Seat 3: xtremu404 (button) (small blind) folded on the Flop



PokerStars Hand #248455210445: Tournament #3705826340, $1.84+$0.16 USD Hold'em No Limit - Level III (20/40) - 2024/01/23 21:52:02 CET [2024/01/23 15:52:02 ET]
Table '3705826340 1' 3-max Seat #1 is the button
Seat 1: Mahu2021 (1350 in chips) 
Seat 3: xtremu404 (150 in chips) 
Mahu2021: posts small blind 20
xtremu404: posts big blind 40
*** HOLE CARDS ***
Dealt to Mahu2021 [Qh Ah]
Mahu2021: raises 80 to 120
xtremu404: raises 30 to 150 and is all-in
Mahu2021: calls 30
*** FLOP *** [5h 6s Kd]
*** TURN *** [5h 6s Kd] [2s]
*** RIVER *** [5h 6s Kd 2s] [Ad]
*** SHOW DOWN ***
xtremu404: shows [5d Td] (a pair of Fives)
Mahu2021: shows [Qh Ah] (a pair of Aces)
Mahu2021 collected 300 from pot
xtremu404 finished the tournament in 2nd place
Mahu2021 wins the tournament and receives $8.00 - congratulations!
*** SUMMARY ***
Total pot 300 | Rake 0 
Board [5h 6s Kd 2s Ad]
Seat 1: Mahu2021 (button) (small blind) showed [Qh Ah] and won (300) with a pair of Aces
Seat 3: xtremu404 (big blind) showed [5d Td] and lost with a pair of Fives



