PokerStars Hand #243467427179: Tournament #3586099551, $0.92+$0.08 USD Hold'em No Limit - Level I (10/20) - 2023/05/03 20:07:46 CET [2023/05/03 14:07:46 ET]
Table '3586099551 1' 3-max Seat #1 is the button
Seat 1: costica46 (500 in chips) 
Seat 2: bluefox (500 in chips) 
Seat 3: Mahu2021 (500 in chips) 
bluefox: posts small blind 10
Mahu2021: posts big blind 20
*** HOLE CARDS ***
Dealt to Mahu2021 [9h 8d]
costica46: calls 20
bluefox: raises 60 to 80
Mahu2021: folds 
costica46: folds 
Uncalled bet (60) returned to bluefox
bluefox collected 60 from pot
bluefox: doesn't show hand 
*** SUMMARY ***
Total pot 60 | Rake 0 
Seat 1: costica46 (button) folded before Flop
Seat 2: bluefox (small blind) collected (60)
Seat 3: Mahu2021 (big blind) folded before Flop



PokerStars Hand #243467431695: Tournament #3586099551, $0.92+$0.08 USD Hold'em No Limit - Level I (10/20) - 2023/05/03 20:07:59 CET [2023/05/03 14:07:59 ET]
Table '3586099551 1' 3-max Seat #2 is the button
Seat 1: costica46 (480 in chips) 
Seat 2: bluefox (540 in chips) 
Seat 3: Mahu2021 (480 in chips) 
Mahu2021: posts small blind 10
costica46: posts big blind 20
*** HOLE CARDS ***
Dealt to Mahu2021 [4c 4s]
bluefox: raises 30 to 50
Mahu2021: calls 40
costica46: calls 30
*** FLOP *** [Qc 8s 8h]
Mahu2021: checks 
costica46: checks 
bluefox: bets 45
Mahu2021: calls 45
costica46: folds 
*** TURN *** [Qc 8s 8h] [Qh]
Mahu2021: checks 
bluefox: checks 
*** RIVER *** [Qc 8s 8h Qh] [9d]
Mahu2021: bets 240
bluefox: calls 240
*** SHOW DOWN ***
Mahu2021: shows [4c 4s] (two pair, Queens and Eights)
bluefox: shows [Tc Jc] (a straight, Eight to Queen)
bluefox collected 720 from pot
*** SUMMARY ***
Total pot 720 | Rake 0 
Board [Qc 8s 8h Qh 9d]
Seat 1: costica46 (big blind) folded on the Flop
Seat 2: bluefox (button) showed [Tc Jc] and won (720) with a straight, Eight to Queen
Seat 3: Mahu2021 (small blind) showed [4c 4s] and lost with two pair, Queens and Eights



PokerStars Hand #243467448285: Tournament #3586099551, $0.92+$0.08 USD Hold'em No Limit - Level I (10/20) - 2023/05/03 20:08:44 CET [2023/05/03 14:08:44 ET]
Table '3586099551 1' 3-max Seat #3 is the button
Seat 1: costica46 (430 in chips) 
Seat 2: bluefox (925 in chips) 
Seat 3: Mahu2021 (145 in chips) 
costica46: posts small blind 10
bluefox: posts big blind 20
*** HOLE CARDS ***
Dealt to Mahu2021 [Kd 2c]
Mahu2021: folds 
costica46: calls 10
bluefox: checks 
*** FLOP *** [3h 8s Ad]
costica46: bets 20
bluefox: calls 20
*** TURN *** [3h 8s Ad] [Ac]
costica46: bets 20
bluefox: calls 20
*** RIVER *** [3h 8s Ad Ac] [2d]
costica46: bets 20
bluefox: calls 20
*** SHOW DOWN ***
costica46: shows [Jc 8d] (two pair, Aces and Eights)
bluefox: mucks hand 
costica46 collected 160 from pot
*** SUMMARY ***
Total pot 160 | Rake 0 
Board [3h 8s Ad Ac 2d]
Seat 1: costica46 (small blind) showed [Jc 8d] and won (160) with two pair, Aces and Eights
Seat 2: bluefox (big blind) mucked [3d Td]
Seat 3: Mahu2021 (button) folded before Flop (didn't bet)



PokerStars Hand #243467455177: Tournament #3586099551, $0.92+$0.08 USD Hold'em No Limit - Level I (10/20) - 2023/05/03 20:09:03 CET [2023/05/03 14:09:03 ET]
Table '3586099551 1' 3-max Seat #1 is the button
Seat 1: costica46 (510 in chips) 
Seat 2: bluefox (845 in chips) 
Seat 3: Mahu2021 (145 in chips) 
bluefox: posts small blind 10
Mahu2021: posts big blind 20
*** HOLE CARDS ***
Dealt to Mahu2021 [2c 9c]
costica46: raises 490 to 510 and is all-in
bluefox: folds 
Mahu2021: folds 
Uncalled bet (490) returned to costica46
costica46 collected 50 from pot
costica46: doesn't show hand 
*** SUMMARY ***
Total pot 50 | Rake 0 
Seat 1: costica46 (button) collected (50)
Seat 2: bluefox (small blind) folded before Flop
Seat 3: Mahu2021 (big blind) folded before Flop



PokerStars Hand #243467458185: Tournament #3586099551, $0.92+$0.08 USD Hold'em No Limit - Level I (10/20) - 2023/05/03 20:09:11 CET [2023/05/03 14:09:11 ET]
Table '3586099551 1' 3-max Seat #2 is the button
Seat 1: costica46 (540 in chips) 
Seat 2: bluefox (835 in chips) 
Seat 3: Mahu2021 (125 in chips) 
Mahu2021: posts small blind 10
costica46: posts big blind 20
*** HOLE CARDS ***
Dealt to Mahu2021 [As 6h]
bluefox: calls 20
Mahu2021: raises 105 to 125 and is all-in
costica46: folds 
bluefox: calls 105
*** FLOP *** [3s 7d 9c]
*** TURN *** [3s 7d 9c] [9h]
*** RIVER *** [3s 7d 9c 9h] [2d]
*** SHOW DOWN ***
Mahu2021: shows [As 6h] (a pair of Nines)
bluefox: shows [Ad Ts] (a pair of Nines - Ace+Ten kicker)
bluefox collected 270 from pot
Mahu2021 finished the tournament in 3rd place
*** SUMMARY ***
Total pot 270 | Rake 0 
Board [3s 7d 9c 9h 2d]
Seat 1: costica46 (big blind) folded before Flop
Seat 2: bluefox (button) showed [Ad Ts] and won (270) with a pair of Nines
Seat 3: Mahu2021 (small blind) showed [As 6h] and lost with a pair of Nines



