PokerStars Hand #249323634268: Tournament #3726562117, $1.84+$0.16 USD Hold'em No Limit - Level I (10/20) - 2024/03/09 15:45:24 CET [2024/03/09 9:45:24 ET]
Table '3726562117 1' 3-max Seat #1 is the button
Seat 1: denmogilev84 (500 in chips) 
Seat 2: Mahu2021 (500 in chips) 
Seat 3: MAL0NE SP (500 in chips) 
Mahu2021: posts small blind 10
MAL0NE SP: posts big blind 20
*** HOLE CARDS ***
Dealt to Mahu2021 [7d 9c]
denmogilev84: folds 
Mahu2021: folds 
Uncalled bet (10) returned to MAL0NE SP
MAL0NE SP collected 20 from pot
MAL0NE SP: doesn't show hand 
*** SUMMARY ***
Total pot 20 | Rake 0 
Seat 1: denmogilev84 (button) folded before Flop (didn't bet)
Seat 2: Mahu2021 (small blind) folded before Flop
Seat 3: MAL0NE SP (big blind) collected (20)



PokerStars Hand #249323635478: Tournament #3726562117, $1.84+$0.16 USD Hold'em No Limit - Level I (10/20) - 2024/03/09 15:45:29 CET [2024/03/09 9:45:29 ET]
Table '3726562117 1' 3-max Seat #2 is the button
Seat 1: denmogilev84 (500 in chips) 
Seat 2: Mahu2021 (490 in chips) 
Seat 3: MAL0NE SP (510 in chips) 
MAL0NE SP: posts small blind 10
denmogilev84: posts big blind 20
*** HOLE CARDS ***
Dealt to Mahu2021 [2h Js]
Mahu2021: folds 
MAL0NE SP: raises 20 to 40
denmogilev84: raises 460 to 500 and is all-in
MAL0NE SP: folds 
Uncalled bet (460) returned to denmogilev84
denmogilev84 collected 80 from pot
denmogilev84: doesn't show hand 
*** SUMMARY ***
Total pot 80 | Rake 0 
Seat 1: denmogilev84 (big blind) collected (80)
Seat 2: Mahu2021 (button) folded before Flop (didn't bet)
Seat 3: MAL0NE SP (small blind) folded before Flop



PokerStars Hand #249323638388: Tournament #3726562117, $1.84+$0.16 USD Hold'em No Limit - Level I (10/20) - 2024/03/09 15:45:41 CET [2024/03/09 9:45:41 ET]
Table '3726562117 1' 3-max Seat #3 is the button
Seat 1: denmogilev84 (540 in chips) 
Seat 2: Mahu2021 (490 in chips) 
Seat 3: MAL0NE SP (470 in chips) 
denmogilev84: posts small blind 10
Mahu2021: posts big blind 20
*** HOLE CARDS ***
Dealt to Mahu2021 [6s 9c]
MAL0NE SP: raises 20 to 40
denmogilev84: folds 
Mahu2021: folds 
Uncalled bet (20) returned to MAL0NE SP
MAL0NE SP collected 50 from pot
MAL0NE SP: doesn't show hand 
*** SUMMARY ***
Total pot 50 | Rake 0 
Seat 1: denmogilev84 (small blind) folded before Flop
Seat 2: Mahu2021 (big blind) folded before Flop
Seat 3: MAL0NE SP (button) collected (50)



PokerStars Hand #249323640269: Tournament #3726562117, $1.84+$0.16 USD Hold'em No Limit - Level I (10/20) - 2024/03/09 15:45:49 CET [2024/03/09 9:45:49 ET]
Table '3726562117 1' 3-max Seat #1 is the button
Seat 1: denmogilev84 (530 in chips) 
Seat 2: Mahu2021 (470 in chips) 
Seat 3: MAL0NE SP (500 in chips) 
Mahu2021: posts small blind 10
MAL0NE SP: posts big blind 20
*** HOLE CARDS ***
Dealt to Mahu2021 [Td Tc]
denmogilev84: folds 
Mahu2021: raises 20 to 40
MAL0NE SP: calls 20
*** FLOP *** [6c 8c 5h]
Mahu2021: bets 430 and is all-in
MAL0NE SP: calls 430
*** TURN *** [6c 8c 5h] [8h]
*** RIVER *** [6c 8c 5h 8h] [9h]
*** SHOW DOWN ***
Mahu2021: shows [Td Tc] (two pair, Tens and Eights)
MAL0NE SP: shows [4d 3s] (a pair of Eights)
Mahu2021 collected 940 from pot
*** SUMMARY ***
Total pot 940 | Rake 0 
Board [6c 8c 5h 8h 9h]
Seat 1: denmogilev84 (button) folded before Flop (didn't bet)
Seat 2: Mahu2021 (small blind) showed [Td Tc] and won (940) with two pair, Tens and Eights
Seat 3: MAL0NE SP (big blind) showed [4d 3s] and lost with a pair of Eights



PokerStars Hand #249323644136: Tournament #3726562117, $1.84+$0.16 USD Hold'em No Limit - Level I (10/20) - 2024/03/09 15:46:06 CET [2024/03/09 9:46:06 ET]
Table '3726562117 1' 3-max Seat #2 is the button
Seat 1: denmogilev84 (530 in chips) 
Seat 2: Mahu2021 (940 in chips) 
Seat 3: MAL0NE SP (30 in chips) 
MAL0NE SP: posts small blind 10
denmogilev84: posts big blind 20
*** HOLE CARDS ***
Dealt to Mahu2021 [Jc 4d]
Mahu2021: folds 
MAL0NE SP: raises 10 to 30 and is all-in
denmogilev84: calls 10
*** FLOP *** [Qh 6c 2s]
*** TURN *** [Qh 6c 2s] [8s]
*** RIVER *** [Qh 6c 2s 8s] [Qd]
*** SHOW DOWN ***
MAL0NE SP: shows [5c 9d] (a pair of Queens)
denmogilev84: shows [Td Ac] (a pair of Queens - Ace kicker)
denmogilev84 collected 60 from pot
MAL0NE SP finished the tournament in 3rd place
*** SUMMARY ***
Total pot 60 | Rake 0 
Board [Qh 6c 2s 8s Qd]
Seat 1: denmogilev84 (big blind) showed [Td Ac] and won (60) with a pair of Queens
Seat 2: Mahu2021 (button) folded before Flop (didn't bet)
Seat 3: MAL0NE SP (small blind) showed [5c 9d] and lost with a pair of Queens



PokerStars Hand #249323648494: Tournament #3726562117, $1.84+$0.16 USD Hold'em No Limit - Level I (10/20) - 2024/03/09 15:46:24 CET [2024/03/09 9:46:24 ET]
Table '3726562117 1' 3-max Seat #1 is the button
Seat 1: denmogilev84 (560 in chips) 
Seat 2: Mahu2021 (940 in chips) 
denmogilev84: posts small blind 10
Mahu2021: posts big blind 20
*** HOLE CARDS ***
Dealt to Mahu2021 [Qd 8s]
denmogilev84: calls 10
Mahu2021: checks 
*** FLOP *** [5d Js 3c]
Mahu2021: checks 
denmogilev84: bets 20
Mahu2021: folds 
Uncalled bet (20) returned to denmogilev84
denmogilev84 collected 40 from pot
denmogilev84: doesn't show hand 
*** SUMMARY ***
Total pot 40 | Rake 0 
Board [5d Js 3c]
Seat 1: denmogilev84 (button) (small blind) collected (40)
Seat 2: Mahu2021 (big blind) folded on the Flop



PokerStars Hand #249323650820: Tournament #3726562117, $1.84+$0.16 USD Hold'em No Limit - Level I (10/20) - 2024/03/09 15:46:34 CET [2024/03/09 9:46:34 ET]
Table '3726562117 1' 3-max Seat #2 is the button
Seat 1: denmogilev84 (580 in chips) 
Seat 2: Mahu2021 (920 in chips) 
Mahu2021: posts small blind 10
denmogilev84: posts big blind 20
*** HOLE CARDS ***
Dealt to Mahu2021 [6c Ah]
Mahu2021: raises 20 to 40
denmogilev84: calls 20
*** FLOP *** [7s Qh Td]
denmogilev84: checks 
Mahu2021: checks 
*** TURN *** [7s Qh Td] [Qc]
denmogilev84: checks 
Mahu2021: bets 40
denmogilev84: calls 40
*** RIVER *** [7s Qh Td Qc] [2s]
denmogilev84: checks 
Mahu2021: checks 
*** SHOW DOWN ***
denmogilev84: shows [Qd Th] (a full house, Queens full of Tens)
Mahu2021: mucks hand 
denmogilev84 collected 160 from pot
*** SUMMARY ***
Total pot 160 | Rake 0 
Board [7s Qh Td Qc 2s]
Seat 1: denmogilev84 (big blind) showed [Qd Th] and won (160) with a full house, Queens full of Tens
Seat 2: Mahu2021 (button) (small blind) mucked [6c Ah]



PokerStars Hand #249323655691: Tournament #3726562117, $1.84+$0.16 USD Hold'em No Limit - Level I (10/20) - 2024/03/09 15:46:55 CET [2024/03/09 9:46:55 ET]
Table '3726562117 1' 3-max Seat #1 is the button
Seat 1: denmogilev84 (660 in chips) 
Seat 2: Mahu2021 (840 in chips) 
denmogilev84: posts small blind 10
Mahu2021: posts big blind 20
*** HOLE CARDS ***
Dealt to Mahu2021 [8c 5h]
denmogilev84: raises 20 to 40
Mahu2021: folds 
Uncalled bet (20) returned to denmogilev84
denmogilev84 collected 40 from pot
denmogilev84: doesn't show hand 
*** SUMMARY ***
Total pot 40 | Rake 0 
Seat 1: denmogilev84 (button) (small blind) collected (40)
Seat 2: Mahu2021 (big blind) folded before Flop



PokerStars Hand #249323659312: Tournament #3726562117, $1.84+$0.16 USD Hold'em No Limit - Level I (10/20) - 2024/03/09 15:47:10 CET [2024/03/09 9:47:10 ET]
Table '3726562117 1' 3-max Seat #2 is the button
Seat 1: denmogilev84 (680 in chips) 
Seat 2: Mahu2021 (820 in chips) 
Mahu2021: posts small blind 10
denmogilev84: posts big blind 20
*** HOLE CARDS ***
Dealt to Mahu2021 [2s 2d]
Mahu2021: raises 20 to 40
denmogilev84: calls 20
*** FLOP *** [Jd 3h Ts]
denmogilev84: checks 
Mahu2021: checks 
*** TURN *** [Jd 3h Ts] [7d]
denmogilev84: checks 
Mahu2021: checks 
*** RIVER *** [Jd 3h Ts 7d] [6d]
denmogilev84: checks 
Mahu2021: checks 
*** SHOW DOWN ***
denmogilev84: shows [4s 6s] (a pair of Sixes)
Mahu2021: mucks hand 
denmogilev84 collected 80 from pot
*** SUMMARY ***
Total pot 80 | Rake 0 
Board [Jd 3h Ts 7d 6d]
Seat 1: denmogilev84 (big blind) showed [4s 6s] and won (80) with a pair of Sixes
Seat 2: Mahu2021 (button) (small blind) mucked [2s 2d]



PokerStars Hand #249323667949: Tournament #3726562117, $1.84+$0.16 USD Hold'em No Limit - Level II (15/30) - 2024/03/09 15:47:46 CET [2024/03/09 9:47:46 ET]
Table '3726562117 1' 3-max Seat #1 is the button
Seat 1: denmogilev84 (720 in chips) 
Seat 2: Mahu2021 (780 in chips) 
denmogilev84: posts small blind 15
Mahu2021: posts big blind 30
*** HOLE CARDS ***
Dealt to Mahu2021 [4d Jh]
denmogilev84: raises 30 to 60
Mahu2021: calls 30
*** FLOP *** [7h 8c 8h]
Mahu2021: checks 
denmogilev84: bets 45
Mahu2021: folds 
Uncalled bet (45) returned to denmogilev84
denmogilev84 collected 120 from pot
denmogilev84: doesn't show hand 
*** SUMMARY ***
Total pot 120 | Rake 0 
Board [7h 8c 8h]
Seat 1: denmogilev84 (button) (small blind) collected (120)
Seat 2: Mahu2021 (big blind) folded on the Flop



PokerStars Hand #249323670919: Tournament #3726562117, $1.84+$0.16 USD Hold'em No Limit - Level II (15/30) - 2024/03/09 15:47:59 CET [2024/03/09 9:47:59 ET]
Table '3726562117 1' 3-max Seat #2 is the button
Seat 1: denmogilev84 (780 in chips) 
Seat 2: Mahu2021 (720 in chips) 
Mahu2021: posts small blind 15
denmogilev84: posts big blind 30
*** HOLE CARDS ***
Dealt to Mahu2021 [6c 3d]
Mahu2021: folds 
Uncalled bet (15) returned to denmogilev84
denmogilev84 collected 30 from pot
denmogilev84: doesn't show hand 
*** SUMMARY ***
Total pot 30 | Rake 0 
Seat 1: denmogilev84 (big blind) collected (30)
Seat 2: Mahu2021 (button) (small blind) folded before Flop



PokerStars Hand #249323671896: Tournament #3726562117, $1.84+$0.16 USD Hold'em No Limit - Level II (15/30) - 2024/03/09 15:48:03 CET [2024/03/09 9:48:03 ET]
Table '3726562117 1' 3-max Seat #1 is the button
Seat 1: denmogilev84 (795 in chips) 
Seat 2: Mahu2021 (705 in chips) 
denmogilev84: posts small blind 15
Mahu2021: posts big blind 30
*** HOLE CARDS ***
Dealt to Mahu2021 [4h 7s]
denmogilev84: raises 30 to 60
Mahu2021: folds 
Uncalled bet (30) returned to denmogilev84
denmogilev84 collected 60 from pot
denmogilev84: doesn't show hand 
*** SUMMARY ***
Total pot 60 | Rake 0 
Seat 1: denmogilev84 (button) (small blind) collected (60)
Seat 2: Mahu2021 (big blind) folded before Flop



PokerStars Hand #249323673185: Tournament #3726562117, $1.84+$0.16 USD Hold'em No Limit - Level II (15/30) - 2024/03/09 15:48:08 CET [2024/03/09 9:48:08 ET]
Table '3726562117 1' 3-max Seat #2 is the button
Seat 1: denmogilev84 (825 in chips) 
Seat 2: Mahu2021 (675 in chips) 
Mahu2021: posts small blind 15
denmogilev84: posts big blind 30
*** HOLE CARDS ***
Dealt to Mahu2021 [4c As]
Mahu2021: raises 30 to 60
denmogilev84: calls 30
*** FLOP *** [Ts 6d 2s]
denmogilev84: checks 
Mahu2021: checks 
*** TURN *** [Ts 6d 2s] [4h]
denmogilev84: checks 
Mahu2021: bets 60
denmogilev84: folds 
Uncalled bet (60) returned to Mahu2021
Mahu2021 collected 120 from pot
Mahu2021: doesn't show hand 
*** SUMMARY ***
Total pot 120 | Rake 0 
Board [Ts 6d 2s 4h]
Seat 1: denmogilev84 (big blind) folded on the Turn
Seat 2: Mahu2021 (button) (small blind) collected (120)



PokerStars Hand #249323680731: Tournament #3726562117, $1.84+$0.16 USD Hold'em No Limit - Level II (15/30) - 2024/03/09 15:48:40 CET [2024/03/09 9:48:40 ET]
Table '3726562117 1' 3-max Seat #1 is the button
Seat 1: denmogilev84 (765 in chips) 
Seat 2: Mahu2021 (735 in chips) 
denmogilev84: posts small blind 15
Mahu2021: posts big blind 30
*** HOLE CARDS ***
Dealt to Mahu2021 [6h 7d]
denmogilev84: raises 30 to 60
Mahu2021: calls 30
*** FLOP *** [5h Ts Kd]
Mahu2021: checks 
denmogilev84: bets 30
Mahu2021: folds 
Uncalled bet (30) returned to denmogilev84
denmogilev84 collected 120 from pot
denmogilev84: doesn't show hand 
*** SUMMARY ***
Total pot 120 | Rake 0 
Board [5h Ts Kd]
Seat 1: denmogilev84 (button) (small blind) collected (120)
Seat 2: Mahu2021 (big blind) folded on the Flop



PokerStars Hand #249323683748: Tournament #3726562117, $1.84+$0.16 USD Hold'em No Limit - Level II (15/30) - 2024/03/09 15:48:53 CET [2024/03/09 9:48:53 ET]
Table '3726562117 1' 3-max Seat #2 is the button
Seat 1: denmogilev84 (825 in chips) 
Seat 2: Mahu2021 (675 in chips) 
Mahu2021: posts small blind 15
denmogilev84: posts big blind 30
*** HOLE CARDS ***
Dealt to Mahu2021 [2d Js]
Mahu2021: folds 
Uncalled bet (15) returned to denmogilev84
denmogilev84 collected 30 from pot
denmogilev84: doesn't show hand 
*** SUMMARY ***
Total pot 30 | Rake 0 
Seat 1: denmogilev84 (big blind) collected (30)
Seat 2: Mahu2021 (button) (small blind) folded before Flop



PokerStars Hand #249323684739: Tournament #3726562117, $1.84+$0.16 USD Hold'em No Limit - Level II (15/30) - 2024/03/09 15:48:57 CET [2024/03/09 9:48:57 ET]
Table '3726562117 1' 3-max Seat #1 is the button
Seat 1: denmogilev84 (840 in chips) 
Seat 2: Mahu2021 (660 in chips) 
denmogilev84: posts small blind 15
Mahu2021: posts big blind 30
*** HOLE CARDS ***
Dealt to Mahu2021 [9d Kc]
denmogilev84: raises 810 to 840 and is all-in
Mahu2021: folds 
Uncalled bet (810) returned to denmogilev84
denmogilev84 collected 60 from pot
denmogilev84: doesn't show hand 
*** SUMMARY ***
Total pot 60 | Rake 0 
Seat 1: denmogilev84 (button) (small blind) collected (60)
Seat 2: Mahu2021 (big blind) folded before Flop



PokerStars Hand #249323686506: Tournament #3726562117, $1.84+$0.16 USD Hold'em No Limit - Level II (15/30) - 2024/03/09 15:49:04 CET [2024/03/09 9:49:04 ET]
Table '3726562117 1' 3-max Seat #2 is the button
Seat 1: denmogilev84 (870 in chips) 
Seat 2: Mahu2021 (630 in chips) 
Mahu2021: posts small blind 15
denmogilev84: posts big blind 30
*** HOLE CARDS ***
Dealt to Mahu2021 [4h Ac]
Mahu2021: calls 15
denmogilev84: checks 
*** FLOP *** [Th 6d 3h]
denmogilev84: checks 
Mahu2021: checks 
*** TURN *** [Th 6d 3h] [Jd]
denmogilev84: checks 
Mahu2021: checks 
*** RIVER *** [Th 6d 3h Jd] [5h]
denmogilev84: checks 
Mahu2021: checks 
*** SHOW DOWN ***
denmogilev84: shows [Kc 5s] (a pair of Fives)
Mahu2021: mucks hand 
denmogilev84 collected 60 from pot
*** SUMMARY ***
Total pot 60 | Rake 0 
Board [Th 6d 3h Jd 5h]
Seat 1: denmogilev84 (big blind) showed [Kc 5s] and won (60) with a pair of Fives
Seat 2: Mahu2021 (button) (small blind) mucked [4h Ac]



PokerStars Hand #249323690301: Tournament #3726562117, $1.84+$0.16 USD Hold'em No Limit - Level II (15/30) - 2024/03/09 15:49:21 CET [2024/03/09 9:49:21 ET]
Table '3726562117 1' 3-max Seat #1 is the button
Seat 1: denmogilev84 (900 in chips) 
Seat 2: Mahu2021 (600 in chips) 
denmogilev84: posts small blind 15
Mahu2021: posts big blind 30
*** HOLE CARDS ***
Dealt to Mahu2021 [Ks Kd]
denmogilev84: raises 30 to 60
Mahu2021: raises 540 to 600 and is all-in
denmogilev84: folds 
Uncalled bet (540) returned to Mahu2021
Mahu2021 collected 120 from pot
Mahu2021: doesn't show hand 
*** SUMMARY ***
Total pot 120 | Rake 0 
Seat 1: denmogilev84 (button) (small blind) folded before Flop
Seat 2: Mahu2021 (big blind) collected (120)



PokerStars Hand #249323692949: Tournament #3726562117, $1.84+$0.16 USD Hold'em No Limit - Level III (20/40) - 2024/03/09 15:49:32 CET [2024/03/09 9:49:32 ET]
Table '3726562117 1' 3-max Seat #2 is the button
Seat 1: denmogilev84 (840 in chips) 
Seat 2: Mahu2021 (660 in chips) 
Mahu2021: posts small blind 20
denmogilev84: posts big blind 40
*** HOLE CARDS ***
Dealt to Mahu2021 [Ks 7h]
Mahu2021: calls 20
denmogilev84: raises 80 to 120
Mahu2021: calls 80
*** FLOP *** [Kd Tc 3d]
denmogilev84: checks 
Mahu2021: bets 540 and is all-in
denmogilev84: calls 540
*** TURN *** [Kd Tc 3d] [5s]
*** RIVER *** [Kd Tc 3d 5s] [Ts]
*** SHOW DOWN ***
denmogilev84: shows [Ah Ad] (two pair, Aces and Tens)
Mahu2021: shows [Ks 7h] (two pair, Kings and Tens)
denmogilev84 collected 1320 from pot
Mahu2021 finished the tournament in 2nd place
denmogilev84 wins the tournament and receives $4.00 - congratulations!
*** SUMMARY ***
Total pot 1320 | Rake 0 
Board [Kd Tc 3d 5s Ts]
Seat 1: denmogilev84 (big blind) showed [Ah Ad] and won (1320) with two pair, Aces and Tens
Seat 2: Mahu2021 (button) (small blind) showed [Ks 7h] and lost with two pair, Kings and Tens



