PokerStars Zoom Hand #254072965060:  Hold'em No Limit ($0.05/$0.10) - 2024/12/28 19:48:21 CET [2024/12/28 13:48:21 ET]
Table 'Aludra' 6-max Seat #1 is the button
Seat 1: lEternamente ($14.40 in chips) 
Seat 2: Poklrll02 ($18.32 in chips) 
Seat 3: Mahu2021 ($10 in chips) 
Seat 4: putzkedudu ($11.70 in chips) 
Seat 5: 50´s Ghost ($23.36 in chips) 
Seat 6: Bbuzanski ($10.40 in chips) 
Poklrll02: posts small blind $0.05
Mahu2021: posts big blind $0.10
*** HOLE CARDS ***
Dealt to Mahu2021 [Ks 5d]
putzkedudu: folds 
50´s Ghost: folds 
Bbuzanski: folds 
lEternamente: folds 
Poklrll02: raises $0.20 to $0.30
Mahu2021: folds 
Uncalled bet ($0.20) returned to Poklrll02
Poklrll02 collected $0.20 from pot
Poklrll02: doesn't show hand 
*** SUMMARY ***
Total pot $0.20 | Rake $0 
Seat 1: lEternamente (button) folded before Flop (didn't bet)
Seat 2: Poklrll02 (small blind) collected ($0.20)
Seat 3: Mahu2021 (big blind) folded before Flop
Seat 4: putzkedudu folded before Flop (didn't bet)
Seat 5: 50´s Ghost folded before Flop (didn't bet)
Seat 6: Bbuzanski folded before Flop (didn't bet)



PokerStars Zoom Hand #254072974674:  Hold'em No Limit ($0.05/$0.10) - 2024/12/28 19:48:50 CET [2024/12/28 13:48:50 ET]
Table 'Aludra' 6-max Seat #1 is the button
Seat 1: Mahu2021 ($9.85 in chips) 
Seat 2: Aruce1 ($32.91 in chips) 
Seat 3: AGT1960 ($7.59 in chips) 
Seat 4: Karina2707 ($15.67 in chips) 
Seat 5: bloodedesert ($10.60 in chips) 
Seat 6: krapovic51 ($11.02 in chips) 
Aruce1: posts small blind $0.05
AGT1960: posts big blind $0.10
*** HOLE CARDS ***
Dealt to Mahu2021 [9c 7d]
Karina2707: raises $0.10 to $0.20
bloodedesert: folds 
krapovic51: folds 
Mahu2021: folds 
Aruce1: folds 
AGT1960: folds 
Uncalled bet ($0.10) returned to Karina2707
Karina2707 collected $0.25 from pot
Karina2707: doesn't show hand 
*** SUMMARY ***
Total pot $0.25 | Rake $0 
Seat 1: Mahu2021 (button) folded before Flop (didn't bet)
Seat 2: Aruce1 (small blind) folded before Flop
Seat 3: AGT1960 (big blind) folded before Flop
Seat 4: Karina2707 collected ($0.25)
Seat 5: bloodedesert folded before Flop (didn't bet)
Seat 6: krapovic51 folded before Flop (didn't bet)



PokerStars Zoom Hand #254072973024:  Hold'em No Limit ($0.05/$0.10) - 2024/12/28 19:48:45 CET [2024/12/28 13:48:45 ET]
Table 'Aludra' 6-max Seat #1 is the button
Seat 1: doctornicola ($9.90 in chips) 
Seat 2: Mahu2021 ($9.90 in chips) 
Seat 3: Gioovanni_99 ($9.98 in chips) 
Seat 4: COVEIROANCAP ($18.81 in chips) 
Seat 5: jookai ($49.90 in chips) 
Seat 6: Poklrll02 ($18.42 in chips) 
Mahu2021: posts small blind $0.05
Gioovanni_99: posts big blind $0.10
*** HOLE CARDS ***
Dealt to Mahu2021 [Jh 6s]
COVEIROANCAP: folds 
jookai: folds 
Poklrll02: folds 
doctornicola: raises $0.20 to $0.30
Mahu2021: folds 
Gioovanni_99: folds 
Uncalled bet ($0.20) returned to doctornicola
doctornicola collected $0.25 from pot
doctornicola: doesn't show hand 
*** SUMMARY ***
Total pot $0.25 | Rake $0 
Seat 1: doctornicola (button) collected ($0.25)
Seat 2: Mahu2021 (small blind) folded before Flop
Seat 3: Gioovanni_99 (big blind) folded before Flop
Seat 4: COVEIROANCAP folded before Flop (didn't bet)
Seat 5: jookai folded before Flop (didn't bet)
Seat 6: Poklrll02 folded before Flop (didn't bet)



PokerStars Zoom Hand #254072975590:  Hold'em No Limit ($0.05/$0.10) - 2024/12/28 19:48:53 CET [2024/12/28 13:48:53 ET]
Table 'Aludra' 6-max Seat #1 is the button
Seat 1: ninugaf ($10.70 in chips) 
Seat 2: zarpapis ($11.15 in chips) 
Seat 3: SimoDa39 ($19 in chips) 
Seat 4: Eimoss ($10.64 in chips) 
Seat 5: PhoenixPoker85 ($36.80 in chips) 
Seat 6: Mahu2021 ($9.85 in chips) 
zarpapis: posts small blind $0.05
SimoDa39: posts big blind $0.10
*** HOLE CARDS ***
Dealt to Mahu2021 [7s 9s]
Eimoss: raises $0.10 to $0.20
PhoenixPoker85: folds 
Mahu2021: calls $0.20
ninugaf: folds 
zarpapis: folds 
SimoDa39: raises $0.95 to $1.15
Eimoss: folds 
Mahu2021: folds 
Uncalled bet ($0.95) returned to SimoDa39
SimoDa39 collected $0.65 from pot
SimoDa39: doesn't show hand 
*** SUMMARY ***
Total pot $0.65 | Rake $0 
Seat 1: ninugaf (button) folded before Flop (didn't bet)
Seat 2: zarpapis (small blind) folded before Flop
Seat 3: SimoDa39 (big blind) collected ($0.65)
Seat 4: Eimoss folded before Flop
Seat 5: PhoenixPoker85 folded before Flop (didn't bet)
Seat 6: Mahu2021 folded before Flop



PokerStars Zoom Hand #254072984124:  Hold'em No Limit ($0.05/$0.10) - 2024/12/28 19:49:18 CET [2024/12/28 13:49:18 ET]
Table 'Aludra' 6-max Seat #1 is the button
Seat 1: TOMBAR_777 ($7.77 in chips) 
Seat 2: ilza1979 ($11.59 in chips) 
Seat 3: Mahu2021 ($9.65 in chips) 
Seat 4: bichonmaltez ($40.08 in chips) 
Seat 5: TGVon ($14.06 in chips) 
Seat 6: Thesheep69 ($19.63 in chips) 
ilza1979: posts small blind $0.05
Mahu2021: posts big blind $0.10
*** HOLE CARDS ***
Dealt to Mahu2021 [Qc 4c]
bichonmaltez: folds 
TGVon: folds 
Thesheep69: folds 
TOMBAR_777: folds 
ilza1979: folds 
Uncalled bet ($0.05) returned to Mahu2021
Mahu2021 collected $0.10 from pot
Mahu2021: doesn't show hand 
*** SUMMARY ***
Total pot $0.10 | Rake $0 
Seat 1: TOMBAR_777 (button) folded before Flop (didn't bet)
Seat 2: ilza1979 (small blind) folded before Flop
Seat 3: Mahu2021 (big blind) collected ($0.10)
Seat 4: bichonmaltez folded before Flop (didn't bet)
Seat 5: TGVon folded before Flop (didn't bet)
Seat 6: Thesheep69 folded before Flop (didn't bet)



PokerStars Zoom Hand #254072981491:  Hold'em No Limit ($0.05/$0.10) - 2024/12/28 19:49:10 CET [2024/12/28 13:49:10 ET]
Table 'Aludra' 6-max Seat #1 is the button
Seat 1: Aruce1 ($25.82 in chips) 
Seat 2: CihaA000 ($5.08 in chips) 
Seat 3: hoare456 ($9.70 in chips) 
Seat 4: krapovic51 ($10.92 in chips) 
Seat 5: Mahu2021 ($9.65 in chips) 
Seat 6: TGVon ($14.06 in chips) 
CihaA000: posts small blind $0.05
hoare456: posts big blind $0.10
*** HOLE CARDS ***
Dealt to Mahu2021 [8s Qh]
krapovic51: raises $0.18 to $0.28
Mahu2021: folds 
TGVon: folds 
Aruce1: folds 
CihaA000: calls $0.23
hoare456: folds 
*** FLOP *** [9c 2c 3s]
CihaA000: checks 
krapovic51: checks 
*** TURN *** [9c 2c 3s] [7c]
CihaA000: bets $0.20
krapovic51: calls $0.20
*** RIVER *** [9c 2c 3s 7c] [3h]
CihaA000: bets $0.51
krapovic51: folds 
Uncalled bet ($0.51) returned to CihaA000
CihaA000 collected $1 from pot
CihaA000: doesn't show hand 
*** SUMMARY ***
Total pot $1.06 | Rake $0.06 
Board [9c 2c 3s 7c 3h]
Seat 1: Aruce1 (button) folded before Flop (didn't bet)
Seat 2: CihaA000 (small blind) collected ($1)
Seat 3: hoare456 (big blind) folded before Flop
Seat 4: krapovic51 folded on the River
Seat 5: Mahu2021 folded before Flop (didn't bet)
Seat 6: TGVon folded before Flop (didn't bet)



PokerStars Zoom Hand #254072982812:  Hold'em No Limit ($0.05/$0.10) - 2024/12/28 19:49:14 CET [2024/12/28 13:49:14 ET]
Table 'Aludra' 6-max Seat #1 is the button
Seat 1: GKallai ($40.58 in chips) 
Seat 2: doctornicola ($9.47 in chips) 
Seat 3: zarpapis ($17.51 in chips) 
Seat 4: Mahu2021 ($9.65 in chips) 
Seat 5: beta_hous3 ($14.46 in chips) 
Seat 6: Aruce1 ($25.82 in chips) 
doctornicola: posts small blind $0.05
zarpapis: posts big blind $0.10
*** HOLE CARDS ***
Dealt to Mahu2021 [Kd 8c]
Mahu2021: folds 
beta_hous3: folds 
Aruce1: folds 
GKallai: raises $0.15 to $0.25
doctornicola: raises $0.60 to $0.85
zarpapis: folds 
GKallai: calls $0.60
*** FLOP *** [Kh 5s 2c]
doctornicola: bets $1.72
GKallai: folds 
Uncalled bet ($1.72) returned to doctornicola
doctornicola collected $1.72 from pot
doctornicola: doesn't show hand 
*** SUMMARY ***
Total pot $1.80 | Rake $0.08 
Board [Kh 5s 2c]
Seat 1: GKallai (button) folded on the Flop
Seat 2: doctornicola (small blind) collected ($1.72)
Seat 3: zarpapis (big blind) folded before Flop
Seat 4: Mahu2021 folded before Flop (didn't bet)
Seat 5: beta_hous3 folded before Flop (didn't bet)
Seat 6: Aruce1 folded before Flop (didn't bet)



PokerStars Zoom Hand #254072989106:  Hold'em No Limit ($0.05/$0.10) - 2024/12/28 19:49:33 CET [2024/12/28 13:49:33 ET]
Table 'Aludra' 6-max Seat #1 is the button
Seat 1: Driver40T ($33.52 in chips) 
Seat 2: Mahu2021 ($9.70 in chips) 
Seat 3: beta_hous3 ($14.46 in chips) 
Seat 4: merc2904 ($10 in chips) 
Seat 5: COVEIROANCAP ($16.72 in chips) 
Seat 6: Poklrll02 ($13.28 in chips) 
Mahu2021: posts small blind $0.05
beta_hous3: posts big blind $0.10
*** HOLE CARDS ***
Dealt to Mahu2021 [Ad 7d]
merc2904: folds 
COVEIROANCAP: folds 
Poklrll02: folds 
Driver40T: raises $0.10 to $0.20
Mahu2021: calls $0.15
beta_hous3: folds 
*** FLOP *** [4h Qc Ks]
Mahu2021: checks 
Driver40T: bets $0.48
Mahu2021: folds 
Uncalled bet ($0.48) returned to Driver40T
Driver40T collected $0.48 from pot
Driver40T: doesn't show hand 
*** SUMMARY ***
Total pot $0.50 | Rake $0.02 
Board [4h Qc Ks]
Seat 1: Driver40T (button) collected ($0.48)
Seat 2: Mahu2021 (small blind) folded on the Flop
Seat 3: beta_hous3 (big blind) folded before Flop
Seat 4: merc2904 folded before Flop (didn't bet)
Seat 5: COVEIROANCAP folded before Flop (didn't bet)
Seat 6: Poklrll02 folded before Flop (didn't bet)



PokerStars Zoom Hand #254072987787:  Hold'em No Limit ($0.05/$0.10) - 2024/12/28 19:49:29 CET [2024/12/28 13:49:29 ET]
Table 'Aludra' 6-max Seat #1 is the button
Seat 1: digones88 ($10 in chips) 
Seat 2: Dimon_55_77 ($15.64 in chips) 
Seat 3: Titsamach ($25.99 in chips) 
Seat 4: Poklrll02 ($13.28 in chips) 
Seat 5: Mahu2021 ($9.70 in chips) 
Seat 6: redmonkey98 ($31.24 in chips) 
Dimon_55_77: posts small blind $0.05
Titsamach: posts big blind $0.10
*** HOLE CARDS ***
Dealt to Mahu2021 [3d 4h]
Poklrll02: folds 
Mahu2021: folds 
redmonkey98: raises $0.13 to $0.23
digones88: calls $0.23
Dimon_55_77: folds 
Titsamach: raises $1.07 to $1.30
redmonkey98: calls $1.07
digones88: calls $1.07
*** FLOP *** [8c 6d 2s]
Titsamach: checks 
redmonkey98: checks 
digones88: checks 
*** TURN *** [8c 6d 2s] [3c]
Titsamach: bets $1.24
redmonkey98: calls $1.24
digones88: folds 
*** RIVER *** [8c 6d 2s 3c] [Td]
Titsamach: checks 
redmonkey98: checks 
*** SHOW DOWN ***
Titsamach: shows [3s As] (a pair of Threes)
redmonkey98: shows [9h 9s] (a pair of Nines)
redmonkey98 collected $6.14 from pot
*** SUMMARY ***
Total pot $6.43 | Rake $0.29 
Board [8c 6d 2s 3c Td]
Seat 1: digones88 (button) folded on the Turn
Seat 2: Dimon_55_77 (small blind) folded before Flop
Seat 3: Titsamach (big blind) showed [3s As] and lost with a pair of Threes
Seat 4: Poklrll02 folded before Flop (didn't bet)
Seat 5: Mahu2021 folded before Flop (didn't bet)
Seat 6: redmonkey98 showed [9h 9s] and won ($6.14) with a pair of Nines



PokerStars Zoom Hand #254072995514:  Hold'em No Limit ($0.05/$0.10) - 2024/12/28 19:49:52 CET [2024/12/28 13:49:52 ET]
Table 'Aludra' 6-max Seat #1 is the button
Seat 1: Mahu2021 ($9.50 in chips) 
Seat 2: atvcar ($12.93 in chips) 
Seat 3: Ruselllll ($13.68 in chips) 
Seat 4: 50´s Ghost ($34.18 in chips) 
Seat 5: MemZiiii ($11.64 in chips) 
Seat 6: Driver40T ($33.80 in chips) 
atvcar: posts small blind $0.05
Ruselllll: posts big blind $0.10
*** HOLE CARDS ***
Dealt to Mahu2021 [8s 8c]
50´s Ghost: folds 
MemZiiii: raises $0.15 to $0.25
Driver40T: folds 
Mahu2021: calls $0.25
atvcar: calls $0.20
Ruselllll: folds 
*** FLOP *** [9s Kh 4c]
atvcar: checks 
MemZiiii: bets $0.31
Mahu2021: folds 
atvcar: raises $0.31 to $0.62
MemZiiii: calls $0.31
*** TURN *** [9s Kh 4c] [7d]
atvcar: bets $1
MemZiiii: folds 
Uncalled bet ($1) returned to atvcar
atvcar collected $2 from pot
atvcar: doesn't show hand 
*** SUMMARY ***
Total pot $2.09 | Rake $0.09 
Board [9s Kh 4c 7d]
Seat 1: Mahu2021 (button) folded on the Flop
Seat 2: atvcar (small blind) collected ($2)
Seat 3: Ruselllll (big blind) folded before Flop
Seat 4: 50´s Ghost folded before Flop (didn't bet)
Seat 5: MemZiiii folded on the Turn
Seat 6: Driver40T folded before Flop (didn't bet)



PokerStars Zoom Hand #254073006460:  Hold'em No Limit ($0.05/$0.10) - 2024/12/28 19:50:25 CET [2024/12/28 13:50:25 ET]
Table 'Aludra' 6-max Seat #1 is the button
Seat 1: vakalo ($11.88 in chips) 
Seat 2: gp motos ($10 in chips) 
Seat 3: cz83 ($10 in chips) 
Seat 4: felprsousa ($11.95 in chips) 
Seat 5: AGT1960 ($10 in chips) 
Seat 6: Mahu2021 ($9.25 in chips) 
gp motos: posts small blind $0.05
cz83: posts big blind $0.10
*** HOLE CARDS ***
Dealt to Mahu2021 [Jc 7d]
felprsousa: folds 
AGT1960: folds 
Mahu2021: folds 
vakalo: calls $0.10
gp motos: calls $0.05
cz83: raises $0.30 to $0.40
vakalo: calls $0.30
gp motos: calls $0.30
*** FLOP *** [8h 9s 6c]
gp motos: checks 
cz83: bets $0.60
vakalo: calls $0.60
gp motos: folds 
*** TURN *** [8h 9s 6c] [4s]
cz83: bets $1.72
vakalo: calls $1.72
*** RIVER *** [8h 9s 6c 4s] [Ts]
cz83: bets $5.58
vakalo: folds 
Uncalled bet ($5.58) returned to cz83
cz83 collected $5.58 from pot
cz83: doesn't show hand 
*** SUMMARY ***
Total pot $5.84 | Rake $0.26 
Board [8h 9s 6c 4s Ts]
Seat 1: vakalo (button) folded on the River
Seat 2: gp motos (small blind) folded on the Flop
Seat 3: cz83 (big blind) collected ($5.58)
Seat 4: felprsousa folded before Flop (didn't bet)
Seat 5: AGT1960 folded before Flop (didn't bet)
Seat 6: Mahu2021 folded before Flop (didn't bet)



PokerStars Zoom Hand #254073007727:  Hold'em No Limit ($0.05/$0.10) - 2024/12/28 19:50:29 CET [2024/12/28 13:50:29 ET]
Table 'Aludra' 6-max Seat #1 is the button
Seat 1: maauser ($23.27 in chips) 
Seat 2: JAKEUS86 ($11.82 in chips) 
Seat 3: Mahu2021 ($9.25 in chips) 
Seat 4: GKallai ($22 in chips) 
Seat 5: bloodedesert ($10.71 in chips) 
Seat 6: lEternamente ($14.25 in chips) 
JAKEUS86: posts small blind $0.05
Mahu2021: posts big blind $0.10
*** HOLE CARDS ***
Dealt to Mahu2021 [3s Ad]
GKallai: folds 
bloodedesert: raises $0.15 to $0.25
lEternamente: folds 
maauser: folds 
JAKEUS86: folds 
Mahu2021: calls $0.15
*** FLOP *** [8c Kh 8d]
Mahu2021: checks 
bloodedesert: bets $0.17
Mahu2021: calls $0.17
*** TURN *** [8c Kh 8d] [3d]
Mahu2021: checks 
bloodedesert: checks 
*** RIVER *** [8c Kh 8d 3d] [7d]
Mahu2021: checks 
bloodedesert: checks 
*** SHOW DOWN ***
Mahu2021: shows [3s Ad] (two pair, Eights and Threes)
bloodedesert: mucks hand 
Mahu2021 collected $0.85 from pot
*** SUMMARY ***
Total pot $0.89 | Rake $0.04 
Board [8c Kh 8d 3d 7d]
Seat 1: maauser (button) folded before Flop (didn't bet)
Seat 2: JAKEUS86 (small blind) folded before Flop
Seat 3: Mahu2021 (big blind) showed [3s Ad] and won ($0.85) with two pair, Eights and Threes
Seat 4: GKallai folded before Flop (didn't bet)
Seat 5: bloodedesert mucked [Qd Js]
Seat 6: lEternamente folded before Flop (didn't bet)



PokerStars Zoom Hand #254073018745:  Hold'em No Limit ($0.05/$0.10) - 2024/12/28 19:51:02 CET [2024/12/28 13:51:02 ET]
Table 'Aludra' 6-max Seat #1 is the button
Seat 1: SimoDa39 ($22.63 in chips) 
Seat 2: cz83 ($12.86 in chips) 
Seat 3: Gioovanni_99 ($17.62 in chips) 
Seat 4: gp motos ($10 in chips) 
Seat 5: Pascello ($8.03 in chips) 
Seat 6: Mahu2021 ($9.68 in chips) 
cz83: posts small blind $0.05
Gioovanni_99: posts big blind $0.10
*** HOLE CARDS ***
Dealt to Mahu2021 [9d Td]
gp motos: raises $0.20 to $0.30
Pascello: folds 
Mahu2021: folds 
SimoDa39: folds 
cz83: folds 
Gioovanni_99: folds 
Uncalled bet ($0.20) returned to gp motos
gp motos collected $0.25 from pot
gp motos: doesn't show hand 
*** SUMMARY ***
Total pot $0.25 | Rake $0 
Seat 1: SimoDa39 (button) folded before Flop (didn't bet)
Seat 2: cz83 (small blind) folded before Flop
Seat 3: Gioovanni_99 (big blind) folded before Flop
Seat 4: gp motos collected ($0.25)
Seat 5: Pascello folded before Flop (didn't bet)
Seat 6: Mahu2021 folded before Flop (didn't bet)



PokerStars Zoom Hand #254073022463:  Hold'em No Limit ($0.05/$0.10) - 2024/12/28 19:51:13 CET [2024/12/28 13:51:13 ET]
Table 'Aludra' 6-max Seat #1 is the button
Seat 1: gp motos ($10.15 in chips) 
Seat 2: Pascello ($8.03 in chips) 
Seat 3: CtodaD1 ($9.10 in chips) 
Seat 4: Poklrll02 ($18.45 in chips) 
Seat 5: Mahu2021 ($9.63 in chips) 
Seat 6: sirnimax ($19.90 in chips) 
Pascello: posts small blind $0.05
CtodaD1: posts big blind $0.10
*** HOLE CARDS ***
Dealt to Mahu2021 [3d Qs]
Poklrll02: raises $0.15 to $0.25
Mahu2021: folds 
sirnimax: folds 
gp motos: folds 
Pascello: folds 
CtodaD1: calls $0.15
*** FLOP *** [7d 2h 9h]
CtodaD1: checks 
Poklrll02: bets $0.17
CtodaD1: calls $0.17
*** TURN *** [7d 2h 9h] [Js]
CtodaD1: bets $0.20
Poklrll02: folds 
Uncalled bet ($0.20) returned to CtodaD1
CtodaD1 collected $0.84 from pot
CtodaD1: doesn't show hand 
*** SUMMARY ***
Total pot $0.89 | Rake $0.05 
Board [7d 2h 9h Js]
Seat 1: gp motos (button) folded before Flop (didn't bet)
Seat 2: Pascello (small blind) folded before Flop
Seat 3: CtodaD1 (big blind) collected ($0.84)
Seat 4: Poklrll02 folded on the Turn
Seat 5: Mahu2021 folded before Flop (didn't bet)
Seat 6: sirnimax folded before Flop (didn't bet)



PokerStars Zoom Hand #254073024124:  Hold'em No Limit ($0.05/$0.10) - 2024/12/28 19:51:18 CET [2024/12/28 13:51:18 ET]
Table 'Aludra' 6-max Seat #1 is the button
Seat 1: Mahu2021 ($9.63 in chips) 
Seat 2: cam3l3onul ($17.75 in chips) 
Seat 3: bichonmaltez ($41.76 in chips) 
Seat 4: vassili_10 ($13.06 in chips) 
Seat 5: Aruce1 ($32.32 in chips) 
Seat 6: NyanRetired ($21.90 in chips) 
cam3l3onul: posts small blind $0.05
bichonmaltez: posts big blind $0.10
*** HOLE CARDS ***
Dealt to Mahu2021 [Ks 8s]
vassili_10: folds 
Aruce1: folds 
NyanRetired: folds 
Mahu2021: raises $0.20 to $0.30
cam3l3onul: folds 
bichonmaltez: calls $0.20
*** FLOP *** [2h 3s 3d]
bichonmaltez: checks 
Mahu2021: checks 
*** TURN *** [2h 3s 3d] [Ad]
bichonmaltez: checks 
Mahu2021: bets $0.30
bichonmaltez: folds 
Uncalled bet ($0.30) returned to Mahu2021
Mahu2021 collected $0.62 from pot
Mahu2021: doesn't show hand 
*** SUMMARY ***
Total pot $0.65 | Rake $0.03 
Board [2h 3s 3d Ad]
Seat 1: Mahu2021 (button) collected ($0.62)
Seat 2: cam3l3onul (small blind) folded before Flop
Seat 3: bichonmaltez (big blind) folded on the Turn
Seat 4: vassili_10 folded before Flop (didn't bet)
Seat 5: Aruce1 folded before Flop (didn't bet)
Seat 6: NyanRetired folded before Flop (didn't bet)



PokerStars Zoom Hand #254073021021:  Hold'em No Limit ($0.05/$0.10) - 2024/12/28 19:51:09 CET [2024/12/28 13:51:09 ET]
Table 'Aludra' 6-max Seat #1 is the button
Seat 1: bichonmaltez ($41.76 in chips) 
Seat 2: Mahu2021 ($9.68 in chips) 
Seat 3: hiding.by ($10 in chips) 
Seat 4: hopezACE ($8.64 in chips) 
Seat 5: JAKEUS86 ($11.47 in chips) 
Seat 6: COVEIROANCAP ($19.03 in chips) 
Mahu2021: posts small blind $0.05
hiding.by: posts big blind $0.10
*** HOLE CARDS ***
Dealt to Mahu2021 [Jh 4s]
hopezACE: raises $0.11 to $0.21
JAKEUS86: calls $0.21
COVEIROANCAP: folds 
bichonmaltez: folds 
Mahu2021: folds 
hiding.by: folds 
*** FLOP *** [Td Kd Kh]
hopezACE: checks 
JAKEUS86: checks 
*** TURN *** [Td Kd Kh] [Tc]
hopezACE: checks 
JAKEUS86: checks 
*** RIVER *** [Td Kd Kh Tc] [Qc]
hopezACE: bets $0.17
JAKEUS86: folds 
Uncalled bet ($0.17) returned to hopezACE
hopezACE collected $0.54 from pot
hopezACE: doesn't show hand 
*** SUMMARY ***
Total pot $0.57 | Rake $0.03 
Board [Td Kd Kh Tc Qc]
Seat 1: bichonmaltez (button) folded before Flop (didn't bet)
Seat 2: Mahu2021 (small blind) folded before Flop
Seat 3: hiding.by (big blind) folded before Flop
Seat 4: hopezACE collected ($0.54)
Seat 5: JAKEUS86 folded on the River
Seat 6: COVEIROANCAP folded before Flop (didn't bet)



PokerStars Zoom Hand #254073032470:  Hold'em No Limit ($0.05/$0.10) - 2024/12/28 19:51:43 CET [2024/12/28 13:51:43 ET]
Table 'Aludra' 6-max Seat #1 is the button
Seat 1: krapovic51 ($15.47 in chips) 
Seat 2: doctornicola ($5.49 in chips) 
Seat 3: cz83 ($12.81 in chips) 
Seat 4: Mahu2021 ($9.95 in chips) 
Seat 5: Dimon_55_77 ($15.90 in chips) 
Seat 6: COVEIROANCAP ($19.08 in chips) 
doctornicola: posts small blind $0.05
cz83: posts big blind $0.10
*** HOLE CARDS ***
Dealt to Mahu2021 [8h 5h]
Mahu2021: folds 
Dimon_55_77: folds 
COVEIROANCAP: raises $0.15 to $0.25
krapovic51: folds 
doctornicola: folds 
cz83: folds 
Uncalled bet ($0.15) returned to COVEIROANCAP
COVEIROANCAP collected $0.25 from pot
COVEIROANCAP: doesn't show hand 
*** SUMMARY ***
Total pot $0.25 | Rake $0 
Seat 1: krapovic51 (button) folded before Flop (didn't bet)
Seat 2: doctornicola (small blind) folded before Flop
Seat 3: cz83 (big blind) folded before Flop
Seat 4: Mahu2021 folded before Flop (didn't bet)
Seat 5: Dimon_55_77 folded before Flop (didn't bet)
Seat 6: COVEIROANCAP collected ($0.25)



PokerStars Zoom Hand #254073035504:  Hold'em No Limit ($0.05/$0.10) - 2024/12/28 19:51:52 CET [2024/12/28 13:51:52 ET]
Table 'Aludra' 6-max Seat #1 is the button
Seat 1: felprsousa ($11.15 in chips) 
Seat 2: BReDnaya89 ($10.27 in chips) 
Seat 3: 50´s Ghost ($18.97 in chips) 
Seat 4: Mahu2021 ($9.95 in chips) 
Seat 5: NyanRetired ($10.80 in chips) 
Seat 6: Lenardic100 ($2.80 in chips) 
BReDnaya89: posts small blind $0.05
50´s Ghost: posts big blind $0.10
*** HOLE CARDS ***
Dealt to Mahu2021 [6s Ac]
Mahu2021: folds 
NyanRetired: raises $0.15 to $0.25
Lenardic100: raises $2.55 to $2.80 and is all-in
felprsousa: folds 
BReDnaya89: folds 
50´s Ghost: folds 
NyanRetired: calls $2.55
*** FLOP *** [Ah 3c Js]
*** TURN *** [Ah 3c Js] [2s]
*** RIVER *** [Ah 3c Js 2s] [4s]
*** SHOW DOWN ***
NyanRetired: shows [7c 7h] (a pair of Sevens)
Lenardic100: shows [9d Kd] (high card Ace)
NyanRetired collected $5.49 from pot
*** SUMMARY ***
Total pot $5.75 | Rake $0.26 
Board [Ah 3c Js 2s 4s]
Seat 1: felprsousa (button) folded before Flop (didn't bet)
Seat 2: BReDnaya89 (small blind) folded before Flop
Seat 3: 50´s Ghost (big blind) folded before Flop
Seat 4: Mahu2021 folded before Flop (didn't bet)
Seat 5: NyanRetired showed [7c 7h] and won ($5.49) with a pair of Sevens
Seat 6: Lenardic100 showed [9d Kd] and lost with high card Ace



PokerStars Zoom Hand #254073036764:  Hold'em No Limit ($0.05/$0.10) - 2024/12/28 19:51:56 CET [2024/12/28 13:51:56 ET]
Table 'Aludra' 6-max Seat #1 is the button
Seat 1: BReDnaya89 ($10.22 in chips) 
Seat 2: COVEIROANCAP ($19.23 in chips) 
Seat 3: hopezACE ($8.97 in chips) 
Seat 4: ilza1979 ($12.67 in chips) 
Seat 5: J_Gopen7 ($17.34 in chips) 
Seat 6: Mahu2021 ($9.95 in chips) 
COVEIROANCAP: posts small blind $0.05
hopezACE: posts big blind $0.10
*** HOLE CARDS ***
Dealt to Mahu2021 [Ac Td]
ilza1979: raises $0.10 to $0.20
J_Gopen7: folds 
Mahu2021: calls $0.20
BReDnaya89: folds 
COVEIROANCAP: folds 
hopezACE: folds 
*** FLOP *** [Qh Th 2h]
ilza1979: checks 
Mahu2021: bets $0.20
ilza1979: calls $0.20
*** TURN *** [Qh Th 2h] [Kc]
ilza1979: checks 
Mahu2021: bets $0.20
ilza1979: raises $0.20 to $0.40
Mahu2021: calls $0.20
*** RIVER *** [Qh Th 2h Kc] [9c]
ilza1979: bets $0.84
Mahu2021: raises $0.96 to $1.80
ilza1979: calls $0.96
*** SHOW DOWN ***
Mahu2021: shows [Ac Td] (a pair of Tens)
ilza1979: shows [Ks Ts] (two pair, Kings and Tens)
ilza1979 collected $5.11 from pot
*** SUMMARY ***
Total pot $5.35 | Rake $0.24 
Board [Qh Th 2h Kc 9c]
Seat 1: BReDnaya89 (button) folded before Flop (didn't bet)
Seat 2: COVEIROANCAP (small blind) folded before Flop
Seat 3: hopezACE (big blind) folded before Flop
Seat 4: ilza1979 showed [Ks Ts] and won ($5.11) with two pair, Kings and Tens
Seat 5: J_Gopen7 folded before Flop (didn't bet)
Seat 6: Mahu2021 showed [Ac Td] and lost with a pair of Tens



PokerStars Zoom Hand #254073051347:  Hold'em No Limit ($0.05/$0.10) - 2024/12/28 19:52:39 CET [2024/12/28 13:52:39 ET]
Table 'Aludra' 6-max Seat #1 is the button
Seat 1: Dziad2137 ($10.05 in chips) 
Seat 2: Hjalmen ($6.35 in chips) 
Seat 3: Mahu2021 ($7.35 in chips) 
Seat 4: vakalo ($8.86 in chips) 
Seat 5: 50´s Ghost ($18.82 in chips) 
Seat 6: Gioovanni_99 ($10.20 in chips) 
Hjalmen: posts small blind $0.05
Mahu2021: posts big blind $0.10
*** HOLE CARDS ***
Dealt to Mahu2021 [4c Qs]
vakalo: calls $0.10
50´s Ghost: folds 
Gioovanni_99 has timed out
Gioovanni_99: folds 
Dziad2137: folds 
Hjalmen: folds 
Mahu2021: checks 
*** FLOP *** [5h 7s Ts]
Mahu2021: checks 
vakalo: checks 
*** TURN *** [5h 7s Ts] [3d]
Mahu2021: checks 
vakalo: checks 
*** RIVER *** [5h 7s Ts 3d] [4h]
Mahu2021: bets $0.10
vakalo: folds 
Uncalled bet ($0.10) returned to Mahu2021
Mahu2021 collected $0.24 from pot
Mahu2021: doesn't show hand 
*** SUMMARY ***
Total pot $0.25 | Rake $0.01 
Board [5h 7s Ts 3d 4h]
Seat 1: Dziad2137 (button) folded before Flop (didn't bet)
Seat 2: Hjalmen (small blind) folded before Flop
Seat 3: Mahu2021 (big blind) collected ($0.24)
Seat 4: vakalo folded on the River
Seat 5: 50´s Ghost folded before Flop (didn't bet)
Seat 6: Gioovanni_99 folded before Flop (didn't bet)



PokerStars Zoom Hand #254073061495:  Hold'em No Limit ($0.05/$0.10) - 2024/12/28 19:53:10 CET [2024/12/28 13:53:10 ET]
Table 'Aludra' 6-max Seat #1 is the button
Seat 1: Titsamach ($25.51 in chips) 
Seat 2: Mahu2021 ($7.49 in chips) 
Seat 3: mundurjon ($15.13 in chips) 
Seat 4: cam3l3onul ($17.70 in chips) 
Seat 5: Poklrll02 ($18.21 in chips) 
Seat 6: JAKEUS86 ($11.76 in chips) 
Mahu2021: posts small blind $0.05
mundurjon: posts big blind $0.10
*** HOLE CARDS ***
Dealt to Mahu2021 [Jh 6d]
cam3l3onul: folds 
Poklrll02: folds 
JAKEUS86: folds 
Titsamach: folds 
Mahu2021: folds 
Uncalled bet ($0.05) returned to mundurjon
mundurjon collected $0.10 from pot
mundurjon: doesn't show hand 
*** SUMMARY ***
Total pot $0.10 | Rake $0 
Seat 1: Titsamach (button) folded before Flop (didn't bet)
Seat 2: Mahu2021 (small blind) folded before Flop
Seat 3: mundurjon (big blind) collected ($0.10)
Seat 4: cam3l3onul folded before Flop (didn't bet)
Seat 5: Poklrll02 folded before Flop (didn't bet)
Seat 6: JAKEUS86 folded before Flop (didn't bet)



PokerStars Zoom Hand #254073033795:  Hold'em No Limit ($0.05/$0.10) - 2024/12/28 19:51:47 CET [2024/12/28 13:51:47 ET]
Table 'Aludra' 6-max Seat #1 is the button
Seat 1: sirnimax ($19.85 in chips) 
Seat 2: Niiiksda ($9.70 in chips) 
Seat 3: Thesheep69 ($10.62 in chips) 
Seat 4: Mahu2021 ($9.95 in chips) 
Seat 5: krapovic51 ($15.47 in chips) 
Seat 6: Karina2707 ($10 in chips) 
Niiiksda: posts small blind $0.05
Thesheep69: posts big blind $0.10
*** HOLE CARDS ***
Dealt to Mahu2021 [8h Jh]
Mahu2021: folds 
krapovic51: raises $0.18 to $0.28
Karina2707: folds 
sirnimax: calls $0.28
Niiiksda: raises $0.98 to $1.26
Thesheep69: folds 
krapovic51: calls $0.98
sirnimax: calls $0.98
*** FLOP *** [6s 6d 2c]
Niiiksda: checks 
krapovic51: bets $1
sirnimax: folds 
Niiiksda: calls $1
*** TURN *** [6s 6d 2c] [5c]
Niiiksda: checks 
krapovic51: bets $1.52
Niiiksda: calls $1.52
*** RIVER *** [6s 6d 2c 5c] [7d]
Niiiksda: checks 
krapovic51: bets $4.22
Niiiksda: folds 
Uncalled bet ($4.22) returned to krapovic51
krapovic51 collected $8.52 from pot
krapovic51: doesn't show hand 
*** SUMMARY ***
Total pot $8.92 | Rake $0.40 
Board [6s 6d 2c 5c 7d]
Seat 1: sirnimax (button) folded on the Flop
Seat 2: Niiiksda (small blind) folded on the River
Seat 3: Thesheep69 (big blind) folded before Flop
Seat 4: Mahu2021 folded before Flop (didn't bet)
Seat 5: krapovic51 collected ($8.52)
Seat 6: Karina2707 folded before Flop (didn't bet)



PokerStars Zoom Hand #254073063017:  Hold'em No Limit ($0.05/$0.10) - 2024/12/28 19:53:14 CET [2024/12/28 13:53:14 ET]
Table 'Aludra' 6-max Seat #1 is the button
Seat 1: Mahu2021 ($7.44 in chips) 
Seat 2: Karina2707 ($17.31 in chips) 
Seat 3: COVEIROANCAP ($18.17 in chips) 
Seat 4: luizcknc ($10.57 in chips) 
Seat 5: 50´s Ghost ($45.91 in chips) 
Seat 6: putzkedudu ($10.20 in chips) 
Karina2707: posts small blind $0.05
COVEIROANCAP: posts big blind $0.10
*** HOLE CARDS ***
Dealt to Mahu2021 [Qh 9s]
luizcknc: folds 
50´s Ghost: folds 
putzkedudu: folds 
Mahu2021: folds 
Karina2707: folds 
Uncalled bet ($0.05) returned to COVEIROANCAP
COVEIROANCAP collected $0.10 from pot
COVEIROANCAP: doesn't show hand 
*** SUMMARY ***
Total pot $0.10 | Rake $0 
Seat 1: Mahu2021 (button) folded before Flop (didn't bet)
Seat 2: Karina2707 (small blind) folded before Flop
Seat 3: COVEIROANCAP (big blind) collected ($0.10)
Seat 4: luizcknc folded before Flop (didn't bet)
Seat 5: 50´s Ghost folded before Flop (didn't bet)
Seat 6: putzkedudu folded before Flop (didn't bet)



PokerStars Zoom Hand #254073066098:  Hold'em No Limit ($0.05/$0.10) - 2024/12/28 19:53:23 CET [2024/12/28 13:53:23 ET]
Table 'Aludra' 6-max Seat #1 is the button
Seat 1: Pascello ($8.21 in chips) 
Seat 2: Dimon_55_77 ($15.02 in chips) 
Seat 3: Mahu2021 ($7.44 in chips) 
Seat 4: nori1130 ($10.47 in chips) 
Seat 5: doccian ($26 in chips) 
Seat 6: b0neCrusha ($12.20 in chips) 
Dimon_55_77: posts small blind $0.05
Mahu2021: posts big blind $0.10
*** HOLE CARDS ***
Dealt to Mahu2021 [9c 3s]
nori1130: folds 
doccian: folds 
b0neCrusha: folds 
Pascello: folds 
Dimon_55_77: folds 
Uncalled bet ($0.05) returned to Mahu2021
Mahu2021 collected $0.10 from pot
Mahu2021: doesn't show hand 
*** SUMMARY ***
Total pot $0.10 | Rake $0 
Seat 1: Pascello (button) folded before Flop (didn't bet)
Seat 2: Dimon_55_77 (small blind) folded before Flop
Seat 3: Mahu2021 (big blind) collected ($0.10)
Seat 4: nori1130 folded before Flop (didn't bet)
Seat 5: doccian folded before Flop (didn't bet)
Seat 6: b0neCrusha folded before Flop (didn't bet)



PokerStars Zoom Hand #254073064356:  Hold'em No Limit ($0.05/$0.10) - 2024/12/28 19:53:18 CET [2024/12/28 13:53:18 ET]
Table 'Aludra' 6-max Seat #1 is the button
Seat 1: Hjalmen ($7.02 in chips) 
Seat 2: doctornicola ($4.84 in chips) 
Seat 3: krapovic51 ($10.22 in chips) 
Seat 4: Gioovanni_99 ($11.97 in chips) 
Seat 5: Mahu2021 ($7.44 in chips) 
Seat 6: druss25 ($8.20 in chips) 
doctornicola: posts small blind $0.05
krapovic51: posts big blind $0.10
*** HOLE CARDS ***
Dealt to Mahu2021 [Jc 6h]
Gioovanni_99: folds 
Mahu2021: folds 
druss25: folds 
Hjalmen: raises $0.17 to $0.27
doctornicola: folds 
krapovic51: raises $0.59 to $0.86
Hjalmen: folds 
Uncalled bet ($0.59) returned to krapovic51
krapovic51 collected $0.59 from pot
krapovic51: doesn't show hand 
*** SUMMARY ***
Total pot $0.59 | Rake $0 
Seat 1: Hjalmen (button) folded before Flop
Seat 2: doctornicola (small blind) folded before Flop
Seat 3: krapovic51 (big blind) collected ($0.59)
Seat 4: Gioovanni_99 folded before Flop (didn't bet)
Seat 5: Mahu2021 folded before Flop (didn't bet)
Seat 6: druss25 folded before Flop (didn't bet)



PokerStars Zoom Hand #254073071241:  Hold'em No Limit ($0.05/$0.10) - 2024/12/28 19:53:39 CET [2024/12/28 13:53:39 ET]
Table 'Aludra' 6-max Seat #1 is the button
Seat 1: Dimon_55_77 ($11.09 in chips) 
Seat 2: zarpapis ($15 in chips) 
Seat 3: Athletos ($5.50 in chips) 
Seat 4: Mahu2021 ($7.49 in chips) 
Seat 5: CihaA000 ($11.06 in chips) 
Seat 6: redmonkey98 ($36.41 in chips) 
zarpapis: posts small blind $0.05
Athletos: posts big blind $0.10
*** HOLE CARDS ***
Dealt to Mahu2021 [9s 8d]
Mahu2021: folds 
CihaA000: folds 
redmonkey98: folds 
Dimon_55_77: folds 
zarpapis: folds 
Uncalled bet ($0.05) returned to Athletos
Athletos collected $0.10 from pot
Athletos: doesn't show hand 
*** SUMMARY ***
Total pot $0.10 | Rake $0 
Seat 1: Dimon_55_77 (button) folded before Flop (didn't bet)
Seat 2: zarpapis (small blind) folded before Flop
Seat 3: Athletos (big blind) collected ($0.10)
Seat 4: Mahu2021 folded before Flop (didn't bet)
Seat 5: CihaA000 folded before Flop (didn't bet)
Seat 6: redmonkey98 folded before Flop (didn't bet)



PokerStars Zoom Hand #254073073819:  Hold'em No Limit ($0.05/$0.10) - 2024/12/28 19:53:46 CET [2024/12/28 13:53:46 ET]
Table 'Aludra' 6-max Seat #1 is the button
Seat 1: Mahu2021 ($7.44 in chips) 
Seat 2: Jojkenstein ($21.21 in chips) 
Seat 3: Lentwood ($9.75 in chips) 
Seat 4: miro.popov ($23.54 in chips) 
Seat 5: Poklrll02 ($17.57 in chips) 
Seat 6: Chestiefol ($11.76 in chips) 
Jojkenstein: posts small blind $0.05
Lentwood: posts big blind $0.10
*** HOLE CARDS ***
Dealt to Mahu2021 [8d 7c]
miro.popov: folds 
Poklrll02: raises $0.15 to $0.25
Chestiefol: folds 
Mahu2021: folds 
Jojkenstein: folds 
Lentwood: folds 
Uncalled bet ($0.15) returned to Poklrll02
Poklrll02 collected $0.25 from pot
Poklrll02: doesn't show hand 
*** SUMMARY ***
Total pot $0.25 | Rake $0 
Seat 1: Mahu2021 (button) folded before Flop (didn't bet)
Seat 2: Jojkenstein (small blind) folded before Flop
Seat 3: Lentwood (big blind) folded before Flop
Seat 4: miro.popov folded before Flop (didn't bet)
Seat 5: Poklrll02 collected ($0.25)
Seat 6: Chestiefol folded before Flop (didn't bet)



PokerStars Zoom Hand #254073074743:  Hold'em No Limit ($0.05/$0.10) - 2024/12/28 19:53:49 CET [2024/12/28 13:53:49 ET]
Table 'Aludra' 6-max Seat #1 is the button
Seat 1: Ísaak44 ($24.60 in chips) 
Seat 2: Karina2707 ($10.13 in chips) 
Seat 3: Mahu2021 ($7.44 in chips) 
Seat 4: SimoDa39 ($10 in chips) 
Seat 5: Jojkenstein ($21.16 in chips) 
Seat 6: miro.popov ($23.54 in chips) 
Karina2707: posts small blind $0.05
Mahu2021: posts big blind $0.10
*** HOLE CARDS ***
Dealt to Mahu2021 [Qd 2c]
SimoDa39: folds 
Jojkenstein: folds 
miro.popov: folds 
Ísaak44: raises $0.25 to $0.35
Karina2707: folds 
Mahu2021: folds 
Uncalled bet ($0.25) returned to Ísaak44
Ísaak44 collected $0.25 from pot
Ísaak44: doesn't show hand 
*** SUMMARY ***
Total pot $0.25 | Rake $0 
Seat 1: Ísaak44 (button) collected ($0.25)
Seat 2: Karina2707 (small blind) folded before Flop
Seat 3: Mahu2021 (big blind) folded before Flop
Seat 4: SimoDa39 folded before Flop (didn't bet)
Seat 5: Jojkenstein folded before Flop (didn't bet)
Seat 6: miro.popov folded before Flop (didn't bet)



PokerStars Zoom Hand #254073078556:  Hold'em No Limit ($0.05/$0.10) - 2024/12/28 19:54:01 CET [2024/12/28 13:54:01 ET]
Table 'Aludra' 6-max Seat #1 is the button
Seat 1: TGVon ($17.47 in chips) 
Seat 2: Ruselllll ($14.23 in chips) 
Seat 3: roo198 ($10 in chips) 
Seat 4: SimoDa39 ($10 in chips) 
Seat 5: luizcknc ($10 in chips) 
Seat 6: Mahu2021 ($7.34 in chips) 
Ruselllll: posts small blind $0.05
roo198: posts big blind $0.10
*** HOLE CARDS ***
Dealt to Mahu2021 [6d Jc]
SimoDa39: folds 
luizcknc: folds 
Mahu2021: folds 
TGVon: folds 
Ruselllll: folds 
Uncalled bet ($0.05) returned to roo198
roo198 collected $0.10 from pot
roo198: doesn't show hand 
*** SUMMARY ***
Total pot $0.10 | Rake $0 
Seat 1: TGVon (button) folded before Flop (didn't bet)
Seat 2: Ruselllll (small blind) folded before Flop
Seat 3: roo198 (big blind) collected ($0.10)
Seat 4: SimoDa39 folded before Flop (didn't bet)
Seat 5: luizcknc folded before Flop (didn't bet)
Seat 6: Mahu2021 folded before Flop (didn't bet)



PokerStars Zoom Hand #254073070183:  Hold'em No Limit ($0.05/$0.10) - 2024/12/28 19:53:35 CET [2024/12/28 13:53:35 ET]
Table 'Aludra' 6-max Seat #1 is the button
Seat 1: miro.popov ($23.54 in chips) 
Seat 2: cam3l3onul ($10.28 in chips) 
Seat 3: redmonkey98 ($11.69 in chips) 
Seat 4: Mahu2021 ($7.49 in chips) 
Seat 5: doctornicola ($4.79 in chips) 
Seat 6: Pascello ($9.91 in chips) 
cam3l3onul: posts small blind $0.05
redmonkey98: posts big blind $0.10
*** HOLE CARDS ***
Dealt to Mahu2021 [5s Ac]
Mahu2021: folds 
doctornicola: calls $0.10
Pascello: folds 
miro.popov: folds 
cam3l3onul: folds 
redmonkey98: checks 
*** FLOP *** [6c Jc Kh]
redmonkey98: checks 
doctornicola: checks 
*** TURN *** [6c Jc Kh] [Qs]
redmonkey98: checks 
doctornicola: checks 
*** RIVER *** [6c Jc Kh Qs] [7c]
redmonkey98: checks 
doctornicola: checks 
*** SHOW DOWN ***
redmonkey98: shows [Ad Js] (a pair of Jacks)
doctornicola: mucks hand 
redmonkey98 collected $0.24 from pot
*** SUMMARY ***
Total pot $0.25 | Rake $0.01 
Board [6c Jc Kh Qs 7c]
Seat 1: miro.popov (button) folded before Flop (didn't bet)
Seat 2: cam3l3onul (small blind) folded before Flop
Seat 3: redmonkey98 (big blind) showed [Ad Js] and won ($0.24) with a pair of Jacks
Seat 4: Mahu2021 folded before Flop (didn't bet)
Seat 5: doctornicola mucked [2s 2c]
Seat 6: Pascello folded before Flop (didn't bet)



PokerStars Zoom Hand #254073072548:  Hold'em No Limit ($0.05/$0.10) - 2024/12/28 19:53:42 CET [2024/12/28 13:53:42 ET]
Table 'Aludra' 6-max Seat #1 is the button
Seat 1: vassili_10 ($11.71 in chips) 
Seat 2: Mahu2021 ($7.49 in chips) 
Seat 3: luizcknc ($12.08 in chips) 
Seat 4: merc2904 ($10 in chips) 
Seat 5: rbecks17 ($10.15 in chips) 
Seat 6: PhoenixPoker85 ($13.01 in chips) 
Mahu2021: posts small blind $0.05
luizcknc: posts big blind $0.10
*** HOLE CARDS ***
Dealt to Mahu2021 [Kd 5s]
merc2904: raises $0.20 to $0.30
rbecks17: folds 
PhoenixPoker85: calls $0.30
vassili_10: folds 
Mahu2021: folds 
luizcknc: folds 
*** FLOP *** [3d 2d Td]
merc2904: bets $0.24
PhoenixPoker85: calls $0.24
*** TURN *** [3d 2d Td] [Jc]
merc2904: checks 
PhoenixPoker85: checks 
*** RIVER *** [3d 2d Td Jc] [4h]
merc2904: checks 
PhoenixPoker85: bets $0.70
merc2904: folds 
Uncalled bet ($0.70) returned to PhoenixPoker85
PhoenixPoker85 collected $1.17 from pot
PhoenixPoker85: doesn't show hand 
*** SUMMARY ***
Total pot $1.23 | Rake $0.06 
Board [3d 2d Td Jc 4h]
Seat 1: vassili_10 (button) folded before Flop (didn't bet)
Seat 2: Mahu2021 (small blind) folded before Flop
Seat 3: luizcknc (big blind) folded before Flop
Seat 4: merc2904 folded on the River
Seat 5: rbecks17 folded before Flop (didn't bet)
Seat 6: PhoenixPoker85 collected ($1.17)



PokerStars Zoom Hand #254073082099:  Hold'em No Limit ($0.05/$0.10) - 2024/12/28 19:54:12 CET [2024/12/28 13:54:12 ET]
Table 'Aludra' 6-max Seat #1 is the button
Seat 1: cz83 ($11.06 in chips) 
Seat 2: Gioovanni_99 ($9.85 in chips) 
Seat 3: merc2904 ($10 in chips) 
Seat 4: doctornicola ($9.29 in chips) 
Seat 5: Mahu2021 ($7.29 in chips) 
Seat 6: COVEIROANCAP ($16.44 in chips) 
Gioovanni_99: posts small blind $0.05
merc2904: posts big blind $0.10
*** HOLE CARDS ***
Dealt to Mahu2021 [5s 4d]
doctornicola: folds 
Mahu2021: folds 
COVEIROANCAP: raises $0.15 to $0.25
cz83: folds 
Gioovanni_99: folds 
merc2904: folds 
Uncalled bet ($0.15) returned to COVEIROANCAP
COVEIROANCAP collected $0.25 from pot
COVEIROANCAP: doesn't show hand 
*** SUMMARY ***
Total pot $0.25 | Rake $0 
Seat 1: cz83 (button) folded before Flop (didn't bet)
Seat 2: Gioovanni_99 (small blind) folded before Flop
Seat 3: merc2904 (big blind) folded before Flop
Seat 4: doctornicola folded before Flop (didn't bet)
Seat 5: Mahu2021 folded before Flop (didn't bet)
Seat 6: COVEIROANCAP collected ($0.25)



PokerStars Zoom Hand #254073084533:  Hold'em No Limit ($0.05/$0.10) - 2024/12/28 19:54:19 CET [2024/12/28 13:54:19 ET]
Table 'Aludra' 6-max Seat #1 is the button
Seat 1: COVEIROANCAP ($14.04 in chips) 
Seat 2: Aruce1 ($32.03 in chips) 
Seat 3: luizcknc ($10.42 in chips) 
Seat 4: doctornicola ($4.69 in chips) 
Seat 5: Mahu2021 ($7.29 in chips) 
Seat 6: digones88 ($10.40 in chips) 
Aruce1: posts small blind $0.05
luizcknc: posts big blind $0.10
*** HOLE CARDS ***
Dealt to Mahu2021 [4s 9s]
doctornicola: folds 
Mahu2021: folds 
digones88: folds 
COVEIROANCAP: folds 
Aruce1: raises $0.20 to $0.30
luizcknc: folds 
Uncalled bet ($0.20) returned to Aruce1
Aruce1 collected $0.20 from pot
Aruce1: doesn't show hand 
*** SUMMARY ***
Total pot $0.20 | Rake $0 
Seat 1: COVEIROANCAP (button) folded before Flop (didn't bet)
Seat 2: Aruce1 (small blind) collected ($0.20)
Seat 3: luizcknc (big blind) folded before Flop
Seat 4: doctornicola folded before Flop (didn't bet)
Seat 5: Mahu2021 folded before Flop (didn't bet)
Seat 6: digones88 folded before Flop (didn't bet)



PokerStars Zoom Hand #254073082845:  Hold'em No Limit ($0.05/$0.10) - 2024/12/28 19:54:14 CET [2024/12/28 13:54:14 ET]
Table 'Aludra' 6-max Seat #1 is the button
Seat 1: Mahu2021 ($7.29 in chips) 
Seat 2: Dimon_55_77 ($14.87 in chips) 
Seat 3: busulette ($10 in chips) 
Seat 4: H&PAG ($7.64 in chips) 
Seat 5: PhoenixPoker85 ($34.11 in chips) 
Seat 6: essa143 ($10.10 in chips) 
Dimon_55_77: posts small blind $0.05
busulette: posts big blind $0.10
*** HOLE CARDS ***
Dealt to Mahu2021 [8d 3d]
H&PAG: folds 
PhoenixPoker85: folds 
essa143: folds 
Mahu2021: folds 
Dimon_55_77: raises $0.14 to $0.24
busulette: folds 
Uncalled bet ($0.14) returned to Dimon_55_77
Dimon_55_77 collected $0.20 from pot
Dimon_55_77: doesn't show hand 
*** SUMMARY ***
Total pot $0.20 | Rake $0 
Seat 1: Mahu2021 (button) folded before Flop (didn't bet)
Seat 2: Dimon_55_77 (small blind) collected ($0.20)
Seat 3: busulette (big blind) folded before Flop
Seat 4: H&PAG folded before Flop (didn't bet)
Seat 5: PhoenixPoker85 folded before Flop (didn't bet)
Seat 6: essa143 folded before Flop (didn't bet)



PokerStars Zoom Hand #254073085835:  Hold'em No Limit ($0.05/$0.10) - 2024/12/28 19:54:23 CET [2024/12/28 13:54:23 ET]
Table 'Aludra' 6-max Seat #1 is the button
Seat 1: chevins ($10 in chips) 
Seat 2: druss25 ($7.93 in chips) 
Seat 3: Chestiefol ($11.91 in chips) 
Seat 4: Mahu2021 ($7.29 in chips) 
Seat 5: acvbhnet ($10.17 in chips) 
Seat 6: DGMARINHO ($6.83 in chips) 
druss25: posts small blind $0.05
Chestiefol: posts big blind $0.10
*** HOLE CARDS ***
Dealt to Mahu2021 [Ac Td]
Mahu2021: raises $0.20 to $0.30
acvbhnet: folds 
DGMARINHO: folds 
chevins: folds 
druss25: folds 
Chestiefol: folds 
Uncalled bet ($0.20) returned to Mahu2021
Mahu2021 collected $0.25 from pot
Mahu2021: doesn't show hand 
*** SUMMARY ***
Total pot $0.25 | Rake $0 
Seat 1: chevins (button) folded before Flop (didn't bet)
Seat 2: druss25 (small blind) folded before Flop
Seat 3: Chestiefol (big blind) folded before Flop
Seat 4: Mahu2021 collected ($0.25)
Seat 5: acvbhnet folded before Flop (didn't bet)
Seat 6: DGMARINHO folded before Flop (didn't bet)



PokerStars Zoom Hand #254073079833:  Hold'em No Limit ($0.05/$0.10) - 2024/12/28 19:54:05 CET [2024/12/28 13:54:05 ET]
Table 'Aludra' 6-max Seat #1 is the button
Seat 1: Gioovanni_99 ($9.85 in chips) 
Seat 2: druss25 ($8 in chips) 
Seat 3: vassili_10 ($12.10 in chips) 
Seat 4: luizcknc ($10 in chips) 
Seat 5: Pascello ($7.62 in chips) 
Seat 6: Mahu2021 ($7.34 in chips) 
druss25: posts small blind $0.05
vassili_10: posts big blind $0.10
*** HOLE CARDS ***
Dealt to Mahu2021 [9h 4d]
luizcknc: folds 
Pascello: folds 
Mahu2021: folds 
Gioovanni_99: folds 
druss25: raises $0.20 to $0.30
vassili_10: raises $0.60 to $0.90
druss25: calls $0.60
*** FLOP *** [8h 4h 9c]
druss25: checks 
vassili_10: checks 
*** TURN *** [8h 4h 9c] [3s]
druss25: checks 
vassili_10: checks 
*** RIVER *** [8h 4h 9c 3s] [5h]
druss25: checks 
vassili_10: checks 
*** SHOW DOWN ***
druss25: shows [7c 7s] (a pair of Sevens)
vassili_10: mucks hand 
druss25 collected $1.72 from pot
*** SUMMARY ***
Total pot $1.80 | Rake $0.08 
Board [8h 4h 9c 3s 5h]
Seat 1: Gioovanni_99 (button) folded before Flop (didn't bet)
Seat 2: druss25 (small blind) showed [7c 7s] and won ($1.72) with a pair of Sevens
Seat 3: vassili_10 (big blind) mucked [Jd Kd]
Seat 4: luizcknc folded before Flop (didn't bet)
Seat 5: Pascello folded before Flop (didn't bet)
Seat 6: Mahu2021 folded before Flop (didn't bet)



PokerStars Zoom Hand #254073090137:  Hold'em No Limit ($0.05/$0.10) - 2024/12/28 19:54:36 CET [2024/12/28 13:54:36 ET]
Table 'Aludra' 6-max Seat #1 is the button
Seat 1: TGVon ($19.42 in chips) 
Seat 2: putzkedudu ($11.30 in chips) 
Seat 3: Mahu2021 ($7.44 in chips) 
Seat 4: COVEIROANCAP ($13.94 in chips) 
Seat 5: luizcknc ($10 in chips) 
Seat 6: chevins ($10.15 in chips) 
putzkedudu: posts small blind $0.05
Mahu2021: posts big blind $0.10
*** HOLE CARDS ***
Dealt to Mahu2021 [4d 4s]
COVEIROANCAP: folds 
luizcknc: raises $0.25 to $0.35
chevins: folds 
TGVon: folds 
putzkedudu: folds 
Mahu2021: calls $0.25
*** FLOP *** [5s 4h 8d]
Mahu2021: checks 
luizcknc: checks 
*** TURN *** [5s 4h 8d] [2d]
Mahu2021: bets $0.30
luizcknc: calls $0.30
*** RIVER *** [5s 4h 8d 2d] [Kd]
Mahu2021: bets $1.29
luizcknc: raises $2.91 to $4.20
Mahu2021: calls $2.91
*** SHOW DOWN ***
luizcknc: shows [9d Ad] (a flush, Ace high)
Mahu2021: mucks hand 
luizcknc collected $9.31 from pot
*** SUMMARY ***
Total pot $9.75 | Rake $0.44 
Board [5s 4h 8d 2d Kd]
Seat 1: TGVon (button) folded before Flop (didn't bet)
Seat 2: putzkedudu (small blind) folded before Flop
Seat 3: Mahu2021 (big blind) mucked [4d 4s]
Seat 4: COVEIROANCAP folded before Flop (didn't bet)
Seat 5: luizcknc showed [9d Ad] and won ($9.31) with a flush, Ace high
Seat 6: chevins folded before Flop (didn't bet)



PokerStars Zoom Hand #254073103859:  Hold'em No Limit ($0.05/$0.10) - 2024/12/28 19:55:22 CET [2024/12/28 13:55:22 ET]
Table 'Aludra' 6-max Seat #1 is the button
Seat 1: VieraNeto ($14.11 in chips) 
Seat 2: Mahu2021 ($2.59 in chips) 
Seat 3: Bbuzanski ($11.43 in chips) 
Seat 4: pitzymecanic ($15.34 in chips) 
Seat 5: pokking876 ($38.82 in chips) 
Seat 6: JAGULAK ($10.04 in chips) 
Mahu2021: posts small blind $0.05
Bbuzanski: posts big blind $0.10
*** HOLE CARDS ***
Dealt to Mahu2021 [7h Jd]
pitzymecanic: folds 
pokking876: raises $0.20 to $0.30
JAGULAK: folds 
VieraNeto: folds 
Mahu2021: folds 
Bbuzanski: folds 
Uncalled bet ($0.20) returned to pokking876
pokking876 collected $0.25 from pot
pokking876: doesn't show hand 
*** SUMMARY ***
Total pot $0.25 | Rake $0 
Seat 1: VieraNeto (button) folded before Flop (didn't bet)
Seat 2: Mahu2021 (small blind) folded before Flop
Seat 3: Bbuzanski (big blind) folded before Flop
Seat 4: pitzymecanic folded before Flop (didn't bet)
Seat 5: pokking876 collected ($0.25)
Seat 6: JAGULAK folded before Flop (didn't bet)



