PokerStars Hand #252937824984: Tournament #3812181491, $1.84+$0.16 USD Hold'em No Limit - Level I (10/20) - 2024/10/15 13:38:59 CET [2024/10/15 7:38:59 ET]
Table '3812181491 1' 3-max Seat #1 is the button
Seat 1: 5lash78 (500 in chips) 
Seat 2: Mahu2021 (500 in chips) 
Seat 3: iuliacf (500 in chips) 
Mahu2021: posts small blind 10
iuliacf: posts big blind 20
*** HOLE CARDS ***
Dealt to Mahu2021 [9c 5h]
5lash78: folds 
Mahu2021: folds 
Uncalled bet (10) returned to iuliacf
iuliacf collected 20 from pot
iuliacf: doesn't show hand 
*** SUMMARY ***
Total pot 20 | Rake 0 
Seat 1: 5lash78 (button) folded before Flop (didn't bet)
Seat 2: Mahu2021 (small blind) folded before Flop
Seat 3: iuliacf (big blind) collected (20)



PokerStars Hand #252937825657: Tournament #3812181491, $1.84+$0.16 USD Hold'em No Limit - Level I (10/20) - 2024/10/15 13:39:04 CET [2024/10/15 7:39:04 ET]
Table '3812181491 1' 3-max Seat #2 is the button
Seat 1: 5lash78 (500 in chips) 
Seat 2: Mahu2021 (490 in chips) 
Seat 3: iuliacf (510 in chips) 
iuliacf: posts small blind 10
5lash78: posts big blind 20
*** HOLE CARDS ***
Dealt to Mahu2021 [Jd Kc]
Mahu2021: raises 20 to 40
iuliacf: folds 
5lash78: calls 20
*** FLOP *** [Jh Qd Qc]
5lash78: checks 
Mahu2021: bets 40
5lash78: folds 
Uncalled bet (40) returned to Mahu2021
Mahu2021 collected 90 from pot
Mahu2021: doesn't show hand 
*** SUMMARY ***
Total pot 90 | Rake 0 
Board [Jh Qd Qc]
Seat 1: 5lash78 (big blind) folded on the Flop
Seat 2: Mahu2021 (button) collected (90)
Seat 3: iuliacf (small blind) folded before Flop



PokerStars Hand #252937827286: Tournament #3812181491, $1.84+$0.16 USD Hold'em No Limit - Level I (10/20) - 2024/10/15 13:39:15 CET [2024/10/15 7:39:15 ET]
Table '3812181491 1' 3-max Seat #3 is the button
Seat 1: 5lash78 (460 in chips) 
Seat 2: Mahu2021 (540 in chips) 
Seat 3: iuliacf (500 in chips) 
5lash78: posts small blind 10
Mahu2021: posts big blind 20
*** HOLE CARDS ***
Dealt to Mahu2021 [8c 7s]
iuliacf: raises 40 to 60
5lash78: calls 50
Mahu2021: folds 
*** FLOP *** [Ah 9d Kh]
5lash78: bets 140
iuliacf: raises 300 to 440 and is all-in
5lash78: calls 260 and is all-in
Uncalled bet (40) returned to iuliacf
*** TURN *** [Ah 9d Kh] [9h]
*** RIVER *** [Ah 9d Kh 9h] [Qc]
*** SHOW DOWN ***
5lash78: shows [Ks Tc] (two pair, Kings and Nines)
iuliacf: shows [Qs Qd] (a full house, Queens full of Nines)
iuliacf collected 940 from pot
5lash78 finished the tournament in 3rd place
*** SUMMARY ***
Total pot 940 | Rake 0 
Board [Ah 9d Kh 9h Qc]
Seat 1: 5lash78 (small blind) showed [Ks Tc] and lost with two pair, Kings and Nines
Seat 2: Mahu2021 (big blind) folded before Flop
Seat 3: iuliacf (button) showed [Qs Qd] and won (940) with a full house, Queens full of Nines



PokerStars Hand #252937831084: Tournament #3812181491, $1.84+$0.16 USD Hold'em No Limit - Level I (10/20) - 2024/10/15 13:39:43 CET [2024/10/15 7:39:43 ET]
Table '3812181491 1' 3-max Seat #2 is the button
Seat 2: Mahu2021 (520 in chips) 
Seat 3: iuliacf (980 in chips) 
Mahu2021: posts small blind 10
iuliacf: posts big blind 20
*** HOLE CARDS ***
Dealt to Mahu2021 [2h 9d]
Mahu2021: folds 
Uncalled bet (10) returned to iuliacf
iuliacf collected 20 from pot
iuliacf: doesn't show hand 
*** SUMMARY ***
Total pot 20 | Rake 0 
Seat 2: Mahu2021 (button) (small blind) folded before Flop
Seat 3: iuliacf (big blind) collected (20)



PokerStars Hand #252937831714: Tournament #3812181491, $1.84+$0.16 USD Hold'em No Limit - Level I (10/20) - 2024/10/15 13:39:48 CET [2024/10/15 7:39:48 ET]
Table '3812181491 1' 3-max Seat #3 is the button
Seat 2: Mahu2021 (510 in chips) 
Seat 3: iuliacf (990 in chips) 
iuliacf: posts small blind 10
Mahu2021: posts big blind 20
*** HOLE CARDS ***
Dealt to Mahu2021 [8c Qh]
iuliacf: folds 
Uncalled bet (10) returned to Mahu2021
Mahu2021 collected 20 from pot
Mahu2021: doesn't show hand 
*** SUMMARY ***
Total pot 20 | Rake 0 
Seat 2: Mahu2021 (big blind) collected (20)
Seat 3: iuliacf (button) (small blind) folded before Flop



PokerStars Hand #252937832231: Tournament #3812181491, $1.84+$0.16 USD Hold'em No Limit - Level I (10/20) - 2024/10/15 13:39:52 CET [2024/10/15 7:39:52 ET]
Table '3812181491 1' 3-max Seat #2 is the button
Seat 2: Mahu2021 (520 in chips) 
Seat 3: iuliacf (980 in chips) 
Mahu2021: posts small blind 10
iuliacf: posts big blind 20
*** HOLE CARDS ***
Dealt to Mahu2021 [7h 3s]
Mahu2021: folds 
Uncalled bet (10) returned to iuliacf
iuliacf collected 20 from pot
iuliacf: doesn't show hand 
*** SUMMARY ***
Total pot 20 | Rake 0 
Seat 2: Mahu2021 (button) (small blind) folded before Flop
Seat 3: iuliacf (big blind) collected (20)



PokerStars Hand #252937832838: Tournament #3812181491, $1.84+$0.16 USD Hold'em No Limit - Level I (10/20) - 2024/10/15 13:39:56 CET [2024/10/15 7:39:56 ET]
Table '3812181491 1' 3-max Seat #3 is the button
Seat 2: Mahu2021 (510 in chips) 
Seat 3: iuliacf (990 in chips) 
iuliacf: posts small blind 10
Mahu2021: posts big blind 20
*** HOLE CARDS ***
Dealt to Mahu2021 [8c 5h]
iuliacf: folds 
Uncalled bet (10) returned to Mahu2021
Mahu2021 collected 20 from pot
Mahu2021: doesn't show hand 
*** SUMMARY ***
Total pot 20 | Rake 0 
Seat 2: Mahu2021 (big blind) collected (20)
Seat 3: iuliacf (button) (small blind) folded before Flop



PokerStars Hand #252937833312: Tournament #3812181491, $1.84+$0.16 USD Hold'em No Limit - Level I (10/20) - 2024/10/15 13:40:00 CET [2024/10/15 7:40:00 ET]
Table '3812181491 1' 3-max Seat #2 is the button
Seat 2: Mahu2021 (520 in chips) 
Seat 3: iuliacf (980 in chips) 
Mahu2021: posts small blind 10
iuliacf: posts big blind 20
*** HOLE CARDS ***
Dealt to Mahu2021 [Ks 5s]
Mahu2021: raises 20 to 40
iuliacf: calls 20
*** FLOP *** [6h Jd 8c]
iuliacf: checks 
Mahu2021: checks 
*** TURN *** [6h Jd 8c] [9h]
iuliacf: checks 
Mahu2021: checks 
*** RIVER *** [6h Jd 8c 9h] [Jh]
iuliacf: checks 
Mahu2021: checks 
*** SHOW DOWN ***
iuliacf: shows [Kc Qs] (a pair of Jacks)
Mahu2021: mucks hand 
iuliacf collected 80 from pot
*** SUMMARY ***
Total pot 80 | Rake 0 
Board [6h Jd 8c 9h Jh]
Seat 2: Mahu2021 (button) (small blind) mucked [Ks 5s]
Seat 3: iuliacf (big blind) showed [Kc Qs] and won (80) with a pair of Jacks



PokerStars Hand #252937834974: Tournament #3812181491, $1.84+$0.16 USD Hold'em No Limit - Level I (10/20) - 2024/10/15 13:40:12 CET [2024/10/15 7:40:12 ET]
Table '3812181491 1' 3-max Seat #3 is the button
Seat 2: Mahu2021 (480 in chips) 
Seat 3: iuliacf (1020 in chips) 
iuliacf: posts small blind 10
Mahu2021: posts big blind 20
*** HOLE CARDS ***
Dealt to Mahu2021 [Jh 9s]
iuliacf: folds 
Uncalled bet (10) returned to Mahu2021
Mahu2021 collected 20 from pot
Mahu2021: doesn't show hand 
*** SUMMARY ***
Total pot 20 | Rake 0 
Seat 2: Mahu2021 (big blind) collected (20)
Seat 3: iuliacf (button) (small blind) folded before Flop



PokerStars Hand #252937835477: Tournament #3812181491, $1.84+$0.16 USD Hold'em No Limit - Level I (10/20) - 2024/10/15 13:40:15 CET [2024/10/15 7:40:15 ET]
Table '3812181491 1' 3-max Seat #2 is the button
Seat 2: Mahu2021 (490 in chips) 
Seat 3: iuliacf (1010 in chips) 
Mahu2021: posts small blind 10
iuliacf: posts big blind 20
*** HOLE CARDS ***
Dealt to Mahu2021 [4c 4s]
Mahu2021: raises 20 to 40
iuliacf: folds 
Uncalled bet (20) returned to Mahu2021
Mahu2021 collected 40 from pot
Mahu2021: doesn't show hand 
*** SUMMARY ***
Total pot 40 | Rake 0 
Seat 2: Mahu2021 (button) (small blind) collected (40)
Seat 3: iuliacf (big blind) folded before Flop



PokerStars Hand #252937836265: Tournament #3812181491, $1.84+$0.16 USD Hold'em No Limit - Level I (10/20) - 2024/10/15 13:40:21 CET [2024/10/15 7:40:21 ET]
Table '3812181491 1' 3-max Seat #3 is the button
Seat 2: Mahu2021 (510 in chips) 
Seat 3: iuliacf (990 in chips) 
iuliacf: posts small blind 10
Mahu2021: posts big blind 20
*** HOLE CARDS ***
Dealt to Mahu2021 [Jd Ks]
iuliacf: folds 
Uncalled bet (10) returned to Mahu2021
Mahu2021 collected 20 from pot
Mahu2021: doesn't show hand 
*** SUMMARY ***
Total pot 20 | Rake 0 
Seat 2: Mahu2021 (big blind) collected (20)
Seat 3: iuliacf (button) (small blind) folded before Flop



PokerStars Hand #252937836751: Tournament #3812181491, $1.84+$0.16 USD Hold'em No Limit - Level I (10/20) - 2024/10/15 13:40:24 CET [2024/10/15 7:40:24 ET]
Table '3812181491 1' 3-max Seat #2 is the button
Seat 2: Mahu2021 (520 in chips) 
Seat 3: iuliacf (980 in chips) 
Mahu2021: posts small blind 10
iuliacf: posts big blind 20
*** HOLE CARDS ***
Dealt to Mahu2021 [Ad 5h]
Mahu2021: raises 20 to 40
iuliacf: calls 20
*** FLOP *** [Qh Kh 7h]
iuliacf: checks 
Mahu2021: checks 
*** TURN *** [Qh Kh 7h] [2c]
iuliacf: checks 
Mahu2021: checks 
*** RIVER *** [Qh Kh 7h 2c] [2d]
iuliacf: checks 
Mahu2021: bets 20
iuliacf: calls 20
*** SHOW DOWN ***
Mahu2021: shows [Ad 5h] (a pair of Deuces)
iuliacf: shows [Kc 3s] (two pair, Kings and Deuces)
iuliacf collected 120 from pot
*** SUMMARY ***
Total pot 120 | Rake 0 
Board [Qh Kh 7h 2c 2d]
Seat 2: Mahu2021 (button) (small blind) showed [Ad 5h] and lost with a pair of Deuces
Seat 3: iuliacf (big blind) showed [Kc 3s] and won (120) with two pair, Kings and Deuces



PokerStars Hand #252937838623: Tournament #3812181491, $1.84+$0.16 USD Hold'em No Limit - Level I (10/20) - 2024/10/15 13:40:38 CET [2024/10/15 7:40:38 ET]
Table '3812181491 1' 3-max Seat #3 is the button
Seat 2: Mahu2021 (460 in chips) 
Seat 3: iuliacf (1040 in chips) 
iuliacf: posts small blind 10
Mahu2021: posts big blind 20
*** HOLE CARDS ***
Dealt to Mahu2021 [6h Tc]
iuliacf: calls 10
Mahu2021: checks 
*** FLOP *** [8h 4h Qc]
Mahu2021: checks 
iuliacf: checks 
*** TURN *** [8h 4h Qc] [Kc]
Mahu2021: checks 
iuliacf: checks 
*** RIVER *** [8h 4h Qc Kc] [8c]
Mahu2021: checks 
iuliacf: checks 
*** SHOW DOWN ***
Mahu2021: shows [6h Tc] (a pair of Eights)
iuliacf: shows [7h Ah] (a pair of Eights - Ace kicker)
iuliacf collected 40 from pot
*** SUMMARY ***
Total pot 40 | Rake 0 
Board [8h 4h Qc Kc 8c]
Seat 2: Mahu2021 (big blind) showed [6h Tc] and lost with a pair of Eights
Seat 3: iuliacf (button) (small blind) showed [7h Ah] and won (40) with a pair of Eights



PokerStars Hand #252937840095: Tournament #3812181491, $1.84+$0.16 USD Hold'em No Limit - Level I (10/20) - 2024/10/15 13:40:48 CET [2024/10/15 7:40:48 ET]
Table '3812181491 1' 3-max Seat #2 is the button
Seat 2: Mahu2021 (440 in chips) 
Seat 3: iuliacf (1060 in chips) 
Mahu2021: posts small blind 10
iuliacf: posts big blind 20
*** HOLE CARDS ***
Dealt to Mahu2021 [Ah Kd]
Mahu2021: raises 20 to 40
iuliacf: folds 
Uncalled bet (20) returned to Mahu2021
Mahu2021 collected 40 from pot
Mahu2021: doesn't show hand 
*** SUMMARY ***
Total pot 40 | Rake 0 
Seat 2: Mahu2021 (button) (small blind) collected (40)
Seat 3: iuliacf (big blind) folded before Flop



PokerStars Hand #252937840896: Tournament #3812181491, $1.84+$0.16 USD Hold'em No Limit - Level I (10/20) - 2024/10/15 13:40:54 CET [2024/10/15 7:40:54 ET]
Table '3812181491 1' 3-max Seat #3 is the button
Seat 2: Mahu2021 (460 in chips) 
Seat 3: iuliacf (1040 in chips) 
iuliacf: posts small blind 10
Mahu2021: posts big blind 20
*** HOLE CARDS ***
Dealt to Mahu2021 [4c Qs]
iuliacf: calls 10
Mahu2021: checks 
*** FLOP *** [2h 6d Kd]
Mahu2021: checks 
iuliacf: checks 
*** TURN *** [2h 6d Kd] [Qh]
Mahu2021: checks 
iuliacf: checks 
*** RIVER *** [2h 6d Kd Qh] [Jd]
Mahu2021: bets 20
iuliacf: raises 40 to 60
Mahu2021: folds 
Uncalled bet (40) returned to iuliacf
iuliacf collected 80 from pot
iuliacf: doesn't show hand 
*** SUMMARY ***
Total pot 80 | Rake 0 
Board [2h 6d Kd Qh Jd]
Seat 2: Mahu2021 (big blind) folded on the River
Seat 3: iuliacf (button) (small blind) collected (80)



PokerStars Hand #252937843130: Tournament #3812181491, $1.84+$0.16 USD Hold'em No Limit - Level II (15/30) - 2024/10/15 13:41:09 CET [2024/10/15 7:41:09 ET]
Table '3812181491 1' 3-max Seat #2 is the button
Seat 2: Mahu2021 (420 in chips) 
Seat 3: iuliacf (1080 in chips) 
Mahu2021: posts small blind 15
iuliacf: posts big blind 30
*** HOLE CARDS ***
Dealt to Mahu2021 [6d 2d]
Mahu2021: calls 15
iuliacf: checks 
*** FLOP *** [Ah 5h 4c]
iuliacf: checks 
Mahu2021: checks 
*** TURN *** [Ah 5h 4c] [Kh]
iuliacf: checks 
Mahu2021: checks 
*** RIVER *** [Ah 5h 4c Kh] [5s]
iuliacf: checks 
Mahu2021: checks 
*** SHOW DOWN ***
iuliacf: shows [6h Kd] (two pair, Kings and Fives)
Mahu2021: mucks hand 
iuliacf collected 60 from pot
*** SUMMARY ***
Total pot 60 | Rake 0 
Board [Ah 5h 4c Kh 5s]
Seat 2: Mahu2021 (button) (small blind) mucked [6d 2d]
Seat 3: iuliacf (big blind) showed [6h Kd] and won (60) with two pair, Kings and Fives



PokerStars Hand #252937844718: Tournament #3812181491, $1.84+$0.16 USD Hold'em No Limit - Level II (15/30) - 2024/10/15 13:41:20 CET [2024/10/15 7:41:20 ET]
Table '3812181491 1' 3-max Seat #3 is the button
Seat 2: Mahu2021 (390 in chips) 
Seat 3: iuliacf (1110 in chips) 
iuliacf: posts small blind 15
Mahu2021: posts big blind 30
*** HOLE CARDS ***
Dealt to Mahu2021 [6s 4h]
iuliacf: calls 15
Mahu2021: checks 
*** FLOP *** [9s Qh 2d]
Mahu2021: checks 
iuliacf: checks 
*** TURN *** [9s Qh 2d] [Ah]
Mahu2021: checks 
iuliacf: bets 30
Mahu2021: folds 
Uncalled bet (30) returned to iuliacf
iuliacf collected 60 from pot
iuliacf: doesn't show hand 
*** SUMMARY ***
Total pot 60 | Rake 0 
Board [9s Qh 2d Ah]
Seat 2: Mahu2021 (big blind) folded on the Turn
Seat 3: iuliacf (button) (small blind) collected (60)



PokerStars Hand #252937846124: Tournament #3812181491, $1.84+$0.16 USD Hold'em No Limit - Level II (15/30) - 2024/10/15 13:41:30 CET [2024/10/15 7:41:30 ET]
Table '3812181491 1' 3-max Seat #2 is the button
Seat 2: Mahu2021 (360 in chips) 
Seat 3: iuliacf (1140 in chips) 
Mahu2021: posts small blind 15
iuliacf: posts big blind 30
*** HOLE CARDS ***
Dealt to Mahu2021 [Qc Ah]
Mahu2021: raises 30 to 60
iuliacf: folds 
Uncalled bet (30) returned to Mahu2021
Mahu2021 collected 60 from pot
Mahu2021: doesn't show hand 
*** SUMMARY ***
Total pot 60 | Rake 0 
Seat 2: Mahu2021 (button) (small blind) collected (60)
Seat 3: iuliacf (big blind) folded before Flop



PokerStars Hand #252937846866: Tournament #3812181491, $1.84+$0.16 USD Hold'em No Limit - Level II (15/30) - 2024/10/15 13:41:35 CET [2024/10/15 7:41:35 ET]
Table '3812181491 1' 3-max Seat #3 is the button
Seat 2: Mahu2021 (390 in chips) 
Seat 3: iuliacf (1110 in chips) 
iuliacf: posts small blind 15
Mahu2021: posts big blind 30
*** HOLE CARDS ***
Dealt to Mahu2021 [Js Qs]
iuliacf: folds 
Uncalled bet (15) returned to Mahu2021
Mahu2021 collected 30 from pot
Mahu2021: doesn't show hand 
*** SUMMARY ***
Total pot 30 | Rake 0 
Seat 2: Mahu2021 (big blind) collected (30)
Seat 3: iuliacf (button) (small blind) folded before Flop



PokerStars Hand #252937847404: Tournament #3812181491, $1.84+$0.16 USD Hold'em No Limit - Level II (15/30) - 2024/10/15 13:41:39 CET [2024/10/15 7:41:39 ET]
Table '3812181491 1' 3-max Seat #2 is the button
Seat 2: Mahu2021 (405 in chips) 
Seat 3: iuliacf (1095 in chips) 
Mahu2021: posts small blind 15
iuliacf: posts big blind 30
*** HOLE CARDS ***
Dealt to Mahu2021 [8c 6s]
Mahu2021: folds 
Uncalled bet (15) returned to iuliacf
iuliacf collected 30 from pot
iuliacf: doesn't show hand 
*** SUMMARY ***
Total pot 30 | Rake 0 
Seat 2: Mahu2021 (button) (small blind) folded before Flop
Seat 3: iuliacf (big blind) collected (30)



PokerStars Hand #252937848005: Tournament #3812181491, $1.84+$0.16 USD Hold'em No Limit - Level II (15/30) - 2024/10/15 13:41:43 CET [2024/10/15 7:41:43 ET]
Table '3812181491 1' 3-max Seat #3 is the button
Seat 2: Mahu2021 (390 in chips) 
Seat 3: iuliacf (1110 in chips) 
iuliacf: posts small blind 15
Mahu2021: posts big blind 30
*** HOLE CARDS ***
Dealt to Mahu2021 [2h 9h]
iuliacf: calls 15
Mahu2021: checks 
*** FLOP *** [Ah Qc Ks]
Mahu2021: checks 
iuliacf: checks 
*** TURN *** [Ah Qc Ks] [7s]
Mahu2021: checks 
iuliacf: checks 
*** RIVER *** [Ah Qc Ks 7s] [3s]
Mahu2021: checks 
iuliacf: checks 
*** SHOW DOWN ***
Mahu2021: shows [2h 9h] (high card Ace)
iuliacf: shows [8h Qd] (a pair of Queens)
iuliacf collected 60 from pot
*** SUMMARY ***
Total pot 60 | Rake 0 
Board [Ah Qc Ks 7s 3s]
Seat 2: Mahu2021 (big blind) showed [2h 9h] and lost with high card Ace
Seat 3: iuliacf (button) (small blind) showed [8h Qd] and won (60) with a pair of Queens



PokerStars Hand #252937849476: Tournament #3812181491, $1.84+$0.16 USD Hold'em No Limit - Level II (15/30) - 2024/10/15 13:41:54 CET [2024/10/15 7:41:54 ET]
Table '3812181491 1' 3-max Seat #2 is the button
Seat 2: Mahu2021 (360 in chips) 
Seat 3: iuliacf (1140 in chips) 
Mahu2021: posts small blind 15
iuliacf: posts big blind 30
*** HOLE CARDS ***
Dealt to Mahu2021 [4c 4h]
Mahu2021: raises 30 to 60
iuliacf: raises 1080 to 1140 and is all-in
Mahu2021: calls 300 and is all-in
Uncalled bet (780) returned to iuliacf
*** FLOP *** [Jd Js 2s]
*** TURN *** [Jd Js 2s] [3s]
*** RIVER *** [Jd Js 2s 3s] [5d]
*** SHOW DOWN ***
iuliacf: shows [9d 9h] (two pair, Jacks and Nines)
Mahu2021: shows [4c 4h] (two pair, Jacks and Fours)
iuliacf collected 720 from pot
Mahu2021 finished the tournament in 2nd place
iuliacf wins the tournament and receives $4.00 - congratulations!
*** SUMMARY ***
Total pot 720 | Rake 0 
Board [Jd Js 2s 3s 5d]
Seat 2: Mahu2021 (button) (small blind) showed [4c 4h] and lost with two pair, Jacks and Fours
Seat 3: iuliacf (big blind) showed [9d 9h] and won (720) with two pair, Jacks and Nines



