PokerStars Hand #247473922937: Tournament #3681926210, $1.84+$0.16 USD Hold'em No Limit - Level I (10/20) - 2023/12/04 15:01:14 CET [2023/12/04 9:01:14 ET]
Table '3681926210 1' 3-max Seat #1 is the button
Seat 1: SoxyD14 (500 in chips) 
Seat 2: Mahu2021 (500 in chips) 
Seat 3: AMM1710 (500 in chips) 
Mahu2021: posts small blind 10
AMM1710: posts big blind 20
*** HOLE CARDS ***
Dealt to Mahu2021 [3d 6c]
SoxyD14: folds 
Mahu2021: folds 
Uncalled bet (10) returned to AMM1710
AMM1710 collected 20 from pot
*** SUMMARY ***
Total pot 20 | Rake 0 
Seat 1: SoxyD14 (button) folded before Flop (didn't bet)
Seat 2: Mahu2021 (small blind) folded before Flop
Seat 3: AMM1710 (big blind) collected (20)



PokerStars Hand #247473924464: Tournament #3681926210, $1.84+$0.16 USD Hold'em No Limit - Level I (10/20) - 2023/12/04 15:01:21 CET [2023/12/04 9:01:21 ET]
Table '3681926210 1' 3-max Seat #2 is the button
Seat 1: SoxyD14 (500 in chips) 
Seat 2: Mahu2021 (490 in chips) 
Seat 3: AMM1710 (510 in chips) 
AMM1710: posts small blind 10
SoxyD14: posts big blind 20
*** HOLE CARDS ***
Dealt to Mahu2021 [3c Kd]
Mahu2021: folds 
AMM1710: calls 10
SoxyD14: raises 20 to 40
AMM1710: calls 20
*** FLOP *** [4h 7c 7s]
AMM1710: bets 60
SoxyD14: raises 240 to 300
AMM1710: folds 
Uncalled bet (240) returned to SoxyD14
SoxyD14 collected 200 from pot
SoxyD14: doesn't show hand 
*** SUMMARY ***
Total pot 200 | Rake 0 
Board [4h 7c 7s]
Seat 1: SoxyD14 (big blind) collected (200)
Seat 2: Mahu2021 (button) folded before Flop (didn't bet)
Seat 3: AMM1710 (small blind) folded on the Flop



PokerStars Hand #247473928829: Tournament #3681926210, $1.84+$0.16 USD Hold'em No Limit - Level I (10/20) - 2023/12/04 15:01:44 CET [2023/12/04 9:01:44 ET]
Table '3681926210 1' 3-max Seat #3 is the button
Seat 1: SoxyD14 (600 in chips) 
Seat 2: Mahu2021 (490 in chips) 
Seat 3: AMM1710 (410 in chips) 
SoxyD14: posts small blind 10
Mahu2021: posts big blind 20
*** HOLE CARDS ***
Dealt to Mahu2021 [Kc 8d]
AMM1710: folds 
SoxyD14: calls 10
Mahu2021: checks 
*** FLOP *** [5s Tc Kh]
SoxyD14: checks 
Mahu2021: bets 40
SoxyD14: calls 40
*** TURN *** [5s Tc Kh] [7c]
SoxyD14: checks 
Mahu2021: checks 
*** RIVER *** [5s Tc Kh 7c] [2d]
SoxyD14: checks 
Mahu2021: bets 20
SoxyD14: calls 20
*** SHOW DOWN ***
Mahu2021: shows [Kc 8d] (a pair of Kings)
SoxyD14: mucks hand 
Mahu2021 collected 160 from pot
*** SUMMARY ***
Total pot 160 | Rake 0 
Board [5s Tc Kh 7c 2d]
Seat 1: SoxyD14 (small blind) mucked [Qc 9s]
Seat 2: Mahu2021 (big blind) showed [Kc 8d] and won (160) with a pair of Kings
Seat 3: AMM1710 (button) folded before Flop (didn't bet)



PokerStars Hand #247473934495: Tournament #3681926210, $1.84+$0.16 USD Hold'em No Limit - Level I (10/20) - 2023/12/04 15:02:13 CET [2023/12/04 9:02:13 ET]
Table '3681926210 1' 3-max Seat #1 is the button
Seat 1: SoxyD14 (520 in chips) 
Seat 2: Mahu2021 (570 in chips) 
Seat 3: AMM1710 (410 in chips) 
Mahu2021: posts small blind 10
AMM1710: posts big blind 20
*** HOLE CARDS ***
Dealt to Mahu2021 [Kc Kh]
SoxyD14: folds 
Mahu2021: raises 550 to 570 and is all-in
AMM1710: folds 
Uncalled bet (550) returned to Mahu2021
Mahu2021 collected 40 from pot
Mahu2021: doesn't show hand 
*** SUMMARY ***
Total pot 40 | Rake 0 
Seat 1: SoxyD14 (button) folded before Flop (didn't bet)
Seat 2: Mahu2021 (small blind) collected (40)
Seat 3: AMM1710 (big blind) folded before Flop



PokerStars Hand #247473936571: Tournament #3681926210, $1.84+$0.16 USD Hold'em No Limit - Level I (10/20) - 2023/12/04 15:02:24 CET [2023/12/04 9:02:24 ET]
Table '3681926210 1' 3-max Seat #2 is the button
Seat 1: SoxyD14 (520 in chips) 
Seat 2: Mahu2021 (590 in chips) 
Seat 3: AMM1710 (390 in chips) 
AMM1710: posts small blind 10
SoxyD14: posts big blind 20
*** HOLE CARDS ***
Dealt to Mahu2021 [5c Ts]
Mahu2021: folds 
AMM1710: calls 10
SoxyD14: checks 
*** FLOP *** [4c 2c Kd]
AMM1710: checks 
SoxyD14: bets 20
AMM1710: folds 
Uncalled bet (20) returned to SoxyD14
SoxyD14 collected 40 from pot
SoxyD14: doesn't show hand 
*** SUMMARY ***
Total pot 40 | Rake 0 
Board [4c 2c Kd]
Seat 1: SoxyD14 (big blind) collected (40)
Seat 2: Mahu2021 (button) folded before Flop (didn't bet)
Seat 3: AMM1710 (small blind) folded on the Flop



PokerStars Hand #247473940610: Tournament #3681926210, $1.84+$0.16 USD Hold'em No Limit - Level I (10/20) - 2023/12/04 15:02:45 CET [2023/12/04 9:02:45 ET]
Table '3681926210 1' 3-max Seat #3 is the button
Seat 1: SoxyD14 (540 in chips) 
Seat 2: Mahu2021 (590 in chips) 
Seat 3: AMM1710 (370 in chips) 
SoxyD14: posts small blind 10
Mahu2021: posts big blind 20
*** HOLE CARDS ***
Dealt to Mahu2021 [Ad Js]
AMM1710: raises 20 to 40
SoxyD14: calls 30
Mahu2021: calls 20
*** FLOP *** [3s Qh Qs]
SoxyD14: checks 
Mahu2021: checks 
AMM1710: checks 
*** TURN *** [3s Qh Qs] [4s]
SoxyD14: checks 
Mahu2021: bets 40
AMM1710: calls 40
SoxyD14: calls 40
*** RIVER *** [3s Qh Qs 4s] [Kc]
SoxyD14: checks 
Mahu2021: checks 
AMM1710: checks 
*** SHOW DOWN ***
SoxyD14: shows [3d 2d] (two pair, Queens and Threes)
Mahu2021: mucks hand 
AMM1710: mucks hand 
SoxyD14 collected 240 from pot
*** SUMMARY ***
Total pot 240 | Rake 0 
Board [3s Qh Qs 4s Kc]
Seat 1: SoxyD14 (small blind) showed [3d 2d] and won (240) with two pair, Queens and Threes
Seat 2: Mahu2021 (big blind) mucked [Ad Js]
Seat 3: AMM1710 (button) mucked [5c 7c]



PokerStars Hand #247473948741: Tournament #3681926210, $1.84+$0.16 USD Hold'em No Limit - Level II (15/30) - 2023/12/04 15:03:25 CET [2023/12/04 9:03:25 ET]
Table '3681926210 1' 3-max Seat #1 is the button
Seat 1: SoxyD14 (700 in chips) 
Seat 2: Mahu2021 (510 in chips) 
Seat 3: AMM1710 (290 in chips) 
Mahu2021: posts small blind 15
AMM1710: posts big blind 30
*** HOLE CARDS ***
Dealt to Mahu2021 [Jc Kd]
SoxyD14: calls 30
Mahu2021: calls 15
AMM1710: checks 
*** FLOP *** [Qh 9c 2d]
Mahu2021: checks 
AMM1710: checks 
SoxyD14: checks 
*** TURN *** [Qh 9c 2d] [8s]
Mahu2021: checks 
AMM1710: bets 30
SoxyD14: calls 30
Mahu2021: calls 30
*** RIVER *** [Qh 9c 2d 8s] [9s]
Mahu2021: checks 
AMM1710: bets 60
SoxyD14: folds 
Mahu2021: folds 
Uncalled bet (60) returned to AMM1710
AMM1710 collected 180 from pot
*** SUMMARY ***
Total pot 180 | Rake 0 
Board [Qh 9c 2d 8s 9s]
Seat 1: SoxyD14 (button) folded on the River
Seat 2: Mahu2021 (small blind) folded on the River
Seat 3: AMM1710 (big blind) collected (180)



PokerStars Hand #247473955156: Tournament #3681926210, $1.84+$0.16 USD Hold'em No Limit - Level II (15/30) - 2023/12/04 15:03:58 CET [2023/12/04 9:03:58 ET]
Table '3681926210 1' 3-max Seat #2 is the button
Seat 1: SoxyD14 (640 in chips) 
Seat 2: Mahu2021 (450 in chips) 
Seat 3: AMM1710 (410 in chips) 
AMM1710: posts small blind 15
SoxyD14: posts big blind 30
*** HOLE CARDS ***
Dealt to Mahu2021 [9h 3s]
Mahu2021: folds 
AMM1710: folds 
Uncalled bet (15) returned to SoxyD14
SoxyD14 collected 30 from pot
SoxyD14: doesn't show hand 
*** SUMMARY ***
Total pot 30 | Rake 0 
Seat 1: SoxyD14 (big blind) collected (30)
Seat 2: Mahu2021 (button) folded before Flop (didn't bet)
Seat 3: AMM1710 (small blind) folded before Flop



PokerStars Hand #247473956503: Tournament #3681926210, $1.84+$0.16 USD Hold'em No Limit - Level II (15/30) - 2023/12/04 15:04:05 CET [2023/12/04 9:04:05 ET]
Table '3681926210 1' 3-max Seat #3 is the button
Seat 1: SoxyD14 (655 in chips) 
Seat 2: Mahu2021 (450 in chips) 
Seat 3: AMM1710 (395 in chips) 
SoxyD14: posts small blind 15
Mahu2021: posts big blind 30
*** HOLE CARDS ***
Dealt to Mahu2021 [4h 8d]
AMM1710: raises 60 to 90
SoxyD14: calls 75
Mahu2021: folds 
*** FLOP *** [Ad 2s 5s]
SoxyD14: checks 
AMM1710: checks 
*** TURN *** [Ad 2s 5s] [Kd]
SoxyD14: checks 
AMM1710: bets 60
SoxyD14: folds 
Uncalled bet (60) returned to AMM1710
AMM1710 collected 210 from pot
*** SUMMARY ***
Total pot 210 | Rake 0 
Board [Ad 2s 5s Kd]
Seat 1: SoxyD14 (small blind) folded on the Turn
Seat 2: Mahu2021 (big blind) folded before Flop
Seat 3: AMM1710 (button) collected (210)



PokerStars Hand #247473964057: Tournament #3681926210, $1.84+$0.16 USD Hold'em No Limit - Level II (15/30) - 2023/12/04 15:04:43 CET [2023/12/04 9:04:43 ET]
Table '3681926210 1' 3-max Seat #1 is the button
Seat 1: SoxyD14 (565 in chips) 
Seat 2: Mahu2021 (420 in chips) 
Seat 3: AMM1710 (515 in chips) 
Mahu2021: posts small blind 15
AMM1710: posts big blind 30
*** HOLE CARDS ***
Dealt to Mahu2021 [Th 9d]
SoxyD14: calls 30
Mahu2021: calls 15
AMM1710: checks 
*** FLOP *** [2s Tc Qh]
Mahu2021: checks 
AMM1710: bets 30
SoxyD14: calls 30
Mahu2021: calls 30
*** TURN *** [2s Tc Qh] [Jh]
Mahu2021: checks 
AMM1710: checks 
SoxyD14: bets 90
Mahu2021: calls 90
AMM1710: folds 
*** RIVER *** [2s Tc Qh Jh] [Ks]
Mahu2021: checks 
SoxyD14: checks 
*** SHOW DOWN ***
Mahu2021: shows [Th 9d] (a straight, Nine to King)
SoxyD14: mucks hand 
Mahu2021 collected 360 from pot
*** SUMMARY ***
Total pot 360 | Rake 0 
Board [2s Tc Qh Jh Ks]
Seat 1: SoxyD14 (button) mucked [Ts 4s]
Seat 2: Mahu2021 (small blind) showed [Th 9d] and won (360) with a straight, Nine to King
Seat 3: AMM1710 (big blind) folded on the Turn



PokerStars Hand #247473972938: Tournament #3681926210, $1.84+$0.16 USD Hold'em No Limit - Level III (20/40) - 2023/12/04 15:05:27 CET [2023/12/04 9:05:27 ET]
Table '3681926210 1' 3-max Seat #2 is the button
Seat 1: SoxyD14 (415 in chips) 
Seat 2: Mahu2021 (630 in chips) 
Seat 3: AMM1710 (455 in chips) 
AMM1710: posts small blind 20
SoxyD14: posts big blind 40
*** HOLE CARDS ***
Dealt to Mahu2021 [6s 9h]
Mahu2021: folds 
AMM1710: raises 80 to 120
SoxyD14: calls 80
*** FLOP *** [Kh 4h Kc]
AMM1710: checks 
SoxyD14: checks 
*** TURN *** [Kh 4h Kc] [6d]
AMM1710: bets 40
SoxyD14: raises 40 to 80
AMM1710: calls 40
*** RIVER *** [Kh 4h Kc 6d] [Qc]
AMM1710: checks 
SoxyD14: bets 120
AMM1710: folds 
Uncalled bet (120) returned to SoxyD14
SoxyD14 collected 400 from pot
SoxyD14: doesn't show hand 
*** SUMMARY ***
Total pot 400 | Rake 0 
Board [Kh 4h Kc 6d Qc]
Seat 1: SoxyD14 (big blind) collected (400)
Seat 2: Mahu2021 (button) folded before Flop (didn't bet)
Seat 3: AMM1710 (small blind) folded on the River



PokerStars Hand #247473981068: Tournament #3681926210, $1.84+$0.16 USD Hold'em No Limit - Level III (20/40) - 2023/12/04 15:06:08 CET [2023/12/04 9:06:08 ET]
Table '3681926210 1' 3-max Seat #3 is the button
Seat 1: SoxyD14 (615 in chips) 
Seat 2: Mahu2021 (630 in chips) 
Seat 3: AMM1710 (255 in chips) 
SoxyD14: posts small blind 20
Mahu2021: posts big blind 40
*** HOLE CARDS ***
Dealt to Mahu2021 [7s 6c]
AMM1710: raises 215 to 255 and is all-in
SoxyD14: folds 
Mahu2021: folds 
Uncalled bet (215) returned to AMM1710
AMM1710 collected 100 from pot
*** SUMMARY ***
Total pot 100 | Rake 0 
Seat 1: SoxyD14 (small blind) folded before Flop
Seat 2: Mahu2021 (big blind) folded before Flop
Seat 3: AMM1710 (button) collected (100)



PokerStars Hand #247473983259: Tournament #3681926210, $1.84+$0.16 USD Hold'em No Limit - Level III (20/40) - 2023/12/04 15:06:19 CET [2023/12/04 9:06:19 ET]
Table '3681926210 1' 3-max Seat #1 is the button
Seat 1: SoxyD14 (595 in chips) 
Seat 2: Mahu2021 (590 in chips) 
Seat 3: AMM1710 (315 in chips) 
Mahu2021: posts small blind 20
AMM1710: posts big blind 40
*** HOLE CARDS ***
Dealt to Mahu2021 [Jh Ts]
SoxyD14: calls 40
Mahu2021: calls 20
AMM1710: checks 
*** FLOP *** [Qd Ad Jc]
Mahu2021: checks 
AMM1710: bets 40
SoxyD14: calls 40
Mahu2021: calls 40
*** TURN *** [Qd Ad Jc] [5c]
Mahu2021: checks 
AMM1710: bets 40
SoxyD14: calls 40
Mahu2021: calls 40
*** RIVER *** [Qd Ad Jc 5c] [8c]
Mahu2021: checks 
AMM1710: bets 40
SoxyD14: calls 40
Mahu2021: folds 
*** SHOW DOWN ***
AMM1710: shows [Qh 3c] (a pair of Queens)
SoxyD14: mucks hand 
AMM1710 collected 440 from pot
*** SUMMARY ***
Total pot 440 | Rake 0 
Board [Qd Ad Jc 5c 8c]
Seat 1: SoxyD14 (button) mucked [9h Ks]
Seat 2: Mahu2021 (small blind) folded on the River
Seat 3: AMM1710 (big blind) showed [Qh 3c] and won (440) with a pair of Queens



PokerStars Hand #247473990461: Tournament #3681926210, $1.84+$0.16 USD Hold'em No Limit - Level III (20/40) - 2023/12/04 15:06:55 CET [2023/12/04 9:06:55 ET]
Table '3681926210 1' 3-max Seat #2 is the button
Seat 1: SoxyD14 (435 in chips) 
Seat 2: Mahu2021 (470 in chips) 
Seat 3: AMM1710 (595 in chips) 
AMM1710: posts small blind 20
SoxyD14: posts big blind 40
*** HOLE CARDS ***
Dealt to Mahu2021 [3c 2d]
Mahu2021: folds 
AMM1710: calls 20
SoxyD14: checks 
*** FLOP *** [9s 3s 4d]
AMM1710: checks 
SoxyD14: bets 80
AMM1710: calls 80
*** TURN *** [9s 3s 4d] [5s]
AMM1710: checks 
SoxyD14: checks 
*** RIVER *** [9s 3s 4d 5s] [7h]
AMM1710: checks 
SoxyD14: bets 200
AMM1710: folds 
Uncalled bet (200) returned to SoxyD14
SoxyD14 collected 240 from pot
SoxyD14: doesn't show hand 
*** SUMMARY ***
Total pot 240 | Rake 0 
Board [9s 3s 4d 5s 7h]
Seat 1: SoxyD14 (big blind) collected (240)
Seat 2: Mahu2021 (button) folded before Flop (didn't bet)
Seat 3: AMM1710 (small blind) folded on the River



PokerStars Hand #247473998406: Tournament #3681926210, $1.84+$0.16 USD Hold'em No Limit - Level IV (30/60) - 2023/12/04 15:07:35 CET [2023/12/04 9:07:35 ET]
Table '3681926210 1' 3-max Seat #3 is the button
Seat 1: SoxyD14 (555 in chips) 
Seat 2: Mahu2021 (470 in chips) 
Seat 3: AMM1710 (475 in chips) 
SoxyD14: posts small blind 30
Mahu2021: posts big blind 60
*** HOLE CARDS ***
Dealt to Mahu2021 [6h Jd]
AMM1710: folds 
SoxyD14: calls 30
Mahu2021: checks 
*** FLOP *** [4d Qd 5h]
SoxyD14: checks 
Mahu2021: checks 
*** TURN *** [4d Qd 5h] [Kc]
SoxyD14: checks 
Mahu2021: checks 
*** RIVER *** [4d Qd 5h Kc] [Tc]
SoxyD14: bets 60
Mahu2021: folds 
Uncalled bet (60) returned to SoxyD14
SoxyD14 collected 120 from pot
SoxyD14: doesn't show hand 
*** SUMMARY ***
Total pot 120 | Rake 0 
Board [4d Qd 5h Kc Tc]
Seat 1: SoxyD14 (small blind) collected (120)
Seat 2: Mahu2021 (big blind) folded on the River
Seat 3: AMM1710 (button) folded before Flop (didn't bet)



PokerStars Hand #247474002416: Tournament #3681926210, $1.84+$0.16 USD Hold'em No Limit - Level IV (30/60) - 2023/12/04 15:07:55 CET [2023/12/04 9:07:55 ET]
Table '3681926210 1' 3-max Seat #1 is the button
Seat 1: SoxyD14 (615 in chips) 
Seat 2: Mahu2021 (410 in chips) 
Seat 3: AMM1710 (475 in chips) 
Mahu2021: posts small blind 30
AMM1710: posts big blind 60
*** HOLE CARDS ***
Dealt to Mahu2021 [Ah 9d]
SoxyD14: folds 
Mahu2021: raises 350 to 410 and is all-in
AMM1710: folds 
Uncalled bet (350) returned to Mahu2021
Mahu2021 collected 120 from pot
Mahu2021: doesn't show hand 
*** SUMMARY ***
Total pot 120 | Rake 0 
Seat 1: SoxyD14 (button) folded before Flop (didn't bet)
Seat 2: Mahu2021 (small blind) collected (120)
Seat 3: AMM1710 (big blind) folded before Flop



PokerStars Hand #247474004251: Tournament #3681926210, $1.84+$0.16 USD Hold'em No Limit - Level IV (30/60) - 2023/12/04 15:08:04 CET [2023/12/04 9:08:04 ET]
Table '3681926210 1' 3-max Seat #2 is the button
Seat 1: SoxyD14 (615 in chips) 
Seat 2: Mahu2021 (470 in chips) 
Seat 3: AMM1710 (415 in chips) 
AMM1710: posts small blind 30
SoxyD14: posts big blind 60
*** HOLE CARDS ***
Dealt to Mahu2021 [Jc 6d]
Mahu2021: folds 
AMM1710: calls 30
SoxyD14: raises 60 to 120
AMM1710: calls 60
*** FLOP *** [4d As 8d]
AMM1710: checks 
SoxyD14: bets 120
AMM1710: folds 
Uncalled bet (120) returned to SoxyD14
SoxyD14 collected 240 from pot
SoxyD14: doesn't show hand 
*** SUMMARY ***
Total pot 240 | Rake 0 
Board [4d As 8d]
Seat 1: SoxyD14 (big blind) collected (240)
Seat 2: Mahu2021 (button) folded before Flop (didn't bet)
Seat 3: AMM1710 (small blind) folded on the Flop



PokerStars Hand #247474008083: Tournament #3681926210, $1.84+$0.16 USD Hold'em No Limit - Level IV (30/60) - 2023/12/04 15:08:23 CET [2023/12/04 9:08:23 ET]
Table '3681926210 1' 3-max Seat #3 is the button
Seat 1: SoxyD14 (735 in chips) 
Seat 2: Mahu2021 (470 in chips) 
Seat 3: AMM1710 (295 in chips) 
SoxyD14: posts small blind 30
Mahu2021: posts big blind 60
*** HOLE CARDS ***
Dealt to Mahu2021 [4h Kh]
AMM1710: raises 235 to 295 and is all-in
SoxyD14: calls 265
Mahu2021: folds 
*** FLOP *** [7s 4c Th]
*** TURN *** [7s 4c Th] [9d]
*** RIVER *** [7s 4c Th 9d] [3c]
*** SHOW DOWN ***
SoxyD14: shows [9s Jd] (a pair of Nines)
AMM1710: shows [Ks Jc] (high card King)
SoxyD14 collected 650 from pot
AMM1710 finished the tournament in 3rd place
*** SUMMARY ***
Total pot 650 | Rake 0 
Board [7s 4c Th 9d 3c]
Seat 1: SoxyD14 (small blind) showed [9s Jd] and won (650) with a pair of Nines
Seat 2: Mahu2021 (big blind) folded before Flop
Seat 3: AMM1710 (button) showed [Ks Jc] and lost with high card King



PokerStars Hand #247474012593: Tournament #3681926210, $1.84+$0.16 USD Hold'em No Limit - Level IV (30/60) - 2023/12/04 15:08:45 CET [2023/12/04 9:08:45 ET]
Table '3681926210 1' 3-max Seat #2 is the button
Seat 1: SoxyD14 (1090 in chips) 
Seat 2: Mahu2021 (410 in chips) 
Mahu2021: posts small blind 30
SoxyD14: posts big blind 60
*** HOLE CARDS ***
Dealt to Mahu2021 [9d 4s]
Mahu2021: folds 
Uncalled bet (30) returned to SoxyD14
SoxyD14 collected 60 from pot
SoxyD14: doesn't show hand 
*** SUMMARY ***
Total pot 60 | Rake 0 
Seat 1: SoxyD14 (big blind) collected (60)
Seat 2: Mahu2021 (button) (small blind) folded before Flop



PokerStars Hand #247474013468: Tournament #3681926210, $1.84+$0.16 USD Hold'em No Limit - Level IV (30/60) - 2023/12/04 15:08:49 CET [2023/12/04 9:08:49 ET]
Table '3681926210 1' 3-max Seat #1 is the button
Seat 1: SoxyD14 (1120 in chips) 
Seat 2: Mahu2021 (380 in chips) 
SoxyD14: posts small blind 30
Mahu2021: posts big blind 60
*** HOLE CARDS ***
Dealt to Mahu2021 [Jh Qc]
SoxyD14: raises 60 to 120
Mahu2021: raises 260 to 380 and is all-in
SoxyD14: calls 260
*** FLOP *** [5h 4s 3h]
*** TURN *** [5h 4s 3h] [2s]
*** RIVER *** [5h 4s 3h 2s] [7h]
*** SHOW DOWN ***
Mahu2021: shows [Jh Qc] (high card Queen)
SoxyD14: shows [Qd 8h] (high card Queen - lower kicker)
Mahu2021 collected 760 from pot
*** SUMMARY ***
Total pot 760 | Rake 0 
Board [5h 4s 3h 2s 7h]
Seat 1: SoxyD14 (button) (small blind) showed [Qd 8h] and lost with high card Queen
Seat 2: Mahu2021 (big blind) showed [Jh Qc] and won (760) with high card Queen



PokerStars Hand #247474016886: Tournament #3681926210, $1.84+$0.16 USD Hold'em No Limit - Level IV (30/60) - 2023/12/04 15:09:05 CET [2023/12/04 9:09:05 ET]
Table '3681926210 1' 3-max Seat #2 is the button
Seat 1: SoxyD14 (740 in chips) 
Seat 2: Mahu2021 (760 in chips) 
Mahu2021: posts small blind 30
SoxyD14: posts big blind 60
*** HOLE CARDS ***
Dealt to Mahu2021 [4s Ks]
Mahu2021: raises 700 to 760 and is all-in
SoxyD14: folds 
Uncalled bet (700) returned to Mahu2021
Mahu2021 collected 120 from pot
Mahu2021: doesn't show hand 
*** SUMMARY ***
Total pot 120 | Rake 0 
Seat 1: SoxyD14 (big blind) folded before Flop
Seat 2: Mahu2021 (button) (small blind) collected (120)



PokerStars Hand #247474018575: Tournament #3681926210, $1.84+$0.16 USD Hold'em No Limit - Level IV (30/60) - 2023/12/04 15:09:14 CET [2023/12/04 9:09:14 ET]
Table '3681926210 1' 3-max Seat #1 is the button
Seat 1: SoxyD14 (680 in chips) 
Seat 2: Mahu2021 (820 in chips) 
SoxyD14: posts small blind 30
Mahu2021: posts big blind 60
*** HOLE CARDS ***
Dealt to Mahu2021 [8d 5d]
SoxyD14: folds 
Uncalled bet (30) returned to Mahu2021
Mahu2021 collected 60 from pot
Mahu2021: doesn't show hand 
*** SUMMARY ***
Total pot 60 | Rake 0 
Seat 1: SoxyD14 (button) (small blind) folded before Flop
Seat 2: Mahu2021 (big blind) collected (60)



PokerStars Hand #247474020188: Tournament #3681926210, $1.84+$0.16 USD Hold'em No Limit - Level V (40/80) - 2023/12/04 15:09:22 CET [2023/12/04 9:09:22 ET]
Table '3681926210 1' 3-max Seat #2 is the button
Seat 1: SoxyD14 (650 in chips) 
Seat 2: Mahu2021 (850 in chips) 
Mahu2021: posts small blind 40
SoxyD14: posts big blind 80
*** HOLE CARDS ***
Dealt to Mahu2021 [6h 5d]
Mahu2021: calls 40
SoxyD14: checks 
*** FLOP *** [2c 7c Kc]
SoxyD14: checks 
Mahu2021: checks 
*** TURN *** [2c 7c Kc] [3d]
SoxyD14: bets 160
Mahu2021: folds 
Uncalled bet (160) returned to SoxyD14
SoxyD14 collected 160 from pot
SoxyD14: doesn't show hand 
*** SUMMARY ***
Total pot 160 | Rake 0 
Board [2c 7c Kc 3d]
Seat 1: SoxyD14 (big blind) collected (160)
Seat 2: Mahu2021 (button) (small blind) folded on the Turn



PokerStars Hand #247474023859: Tournament #3681926210, $1.84+$0.16 USD Hold'em No Limit - Level V (40/80) - 2023/12/04 15:09:40 CET [2023/12/04 9:09:40 ET]
Table '3681926210 1' 3-max Seat #1 is the button
Seat 1: SoxyD14 (730 in chips) 
Seat 2: Mahu2021 (770 in chips) 
SoxyD14: posts small blind 40
Mahu2021: posts big blind 80
*** HOLE CARDS ***
Dealt to Mahu2021 [3d Qc]
SoxyD14: calls 40
Mahu2021: checks 
*** FLOP *** [4h 9c 9s]
Mahu2021: checks 
SoxyD14: checks 
*** TURN *** [4h 9c 9s] [Kc]
Mahu2021: checks 
SoxyD14: checks 
*** RIVER *** [4h 9c 9s Kc] [7h]
Mahu2021: bets 80
SoxyD14: calls 80
*** SHOW DOWN ***
Mahu2021: shows [3d Qc] (a pair of Nines)
SoxyD14: shows [7s Tc] (two pair, Nines and Sevens)
SoxyD14 collected 320 from pot
*** SUMMARY ***
Total pot 320 | Rake 0 
Board [4h 9c 9s Kc 7h]
Seat 1: SoxyD14 (button) (small blind) showed [7s Tc] and won (320) with two pair, Nines and Sevens
Seat 2: Mahu2021 (big blind) showed [3d Qc] and lost with a pair of Nines



PokerStars Hand #247474026925: Tournament #3681926210, $1.84+$0.16 USD Hold'em No Limit - Level V (40/80) - 2023/12/04 15:09:55 CET [2023/12/04 9:09:55 ET]
Table '3681926210 1' 3-max Seat #2 is the button
Seat 1: SoxyD14 (890 in chips) 
Seat 2: Mahu2021 (610 in chips) 
Mahu2021: posts small blind 40
SoxyD14: posts big blind 80
*** HOLE CARDS ***
Dealt to Mahu2021 [3h 2h]
Mahu2021: folds 
Uncalled bet (40) returned to SoxyD14
SoxyD14 collected 80 from pot
SoxyD14: doesn't show hand 
*** SUMMARY ***
Total pot 80 | Rake 0 
Seat 1: SoxyD14 (big blind) collected (80)
Seat 2: Mahu2021 (button) (small blind) folded before Flop



PokerStars Hand #247474027809: Tournament #3681926210, $1.84+$0.16 USD Hold'em No Limit - Level V (40/80) - 2023/12/04 15:09:59 CET [2023/12/04 9:09:59 ET]
Table '3681926210 1' 3-max Seat #1 is the button
Seat 1: SoxyD14 (930 in chips) 
Seat 2: Mahu2021 (570 in chips) 
SoxyD14: posts small blind 40
Mahu2021: posts big blind 80
*** HOLE CARDS ***
Dealt to Mahu2021 [7d 5s]
SoxyD14: raises 80 to 160
Mahu2021: folds 
Uncalled bet (80) returned to SoxyD14
SoxyD14 collected 160 from pot
SoxyD14: doesn't show hand 
*** SUMMARY ***
Total pot 160 | Rake 0 
Seat 1: SoxyD14 (button) (small blind) collected (160)
Seat 2: Mahu2021 (big blind) folded before Flop



PokerStars Hand #247474028786: Tournament #3681926210, $1.84+$0.16 USD Hold'em No Limit - Level V (40/80) - 2023/12/04 15:10:04 CET [2023/12/04 9:10:04 ET]
Table '3681926210 1' 3-max Seat #2 is the button
Seat 1: SoxyD14 (1010 in chips) 
Seat 2: Mahu2021 (490 in chips) 
Mahu2021: posts small blind 40
SoxyD14: posts big blind 80
*** HOLE CARDS ***
Dealt to Mahu2021 [Jh 9s]
Mahu2021: raises 80 to 160
SoxyD14: calls 80
*** FLOP *** [5h 7h 5s]
SoxyD14: checks 
Mahu2021: checks 
*** TURN *** [5h 7h 5s] [Qh]
SoxyD14: bets 240
Mahu2021: raises 90 to 330 and is all-in
SoxyD14: calls 90
*** RIVER *** [5h 7h 5s Qh] [7c]
*** SHOW DOWN ***
SoxyD14: shows [5d 4h] (a full house, Fives full of Sevens)
Mahu2021: shows [Jh 9s] (two pair, Sevens and Fives)
SoxyD14 collected 980 from pot
Mahu2021 finished the tournament in 2nd place
SoxyD14 wins the tournament and receives $4.00 - congratulations!
*** SUMMARY ***
Total pot 980 | Rake 0 
Board [5h 7h 5s Qh 7c]
Seat 1: SoxyD14 (big blind) showed [5d 4h] and won (980) with a full house, Fives full of Sevens
Seat 2: Mahu2021 (button) (small blind) showed [Jh 9s] and lost with two pair, Sevens and Fives



