PokerStars Hand #253535037944: Tournament #3826558545, $0.96+$0.04 USD Hold'em No Limit - Match Round I, Level I (25/50) - 2024/11/23 15:59:49 CET [2024/11/23 9:59:49 ET]
Table '3826558545 3' 4-max Seat #1 is the button
Seat 1: DanAkiat99 (500 in chips) is sitting out
Seat 2: Mahu2021 (500 in chips) 
Seat 3: TuzDeDoba (500 in chips) 
Seat 4: Pattrik89 (500 in chips) 
DanAkiat99: posts the ante 10
Mahu2021: posts the ante 10
TuzDeDoba: posts the ante 10
Pattrik89: posts the ante 10
Mahu2021: posts small blind 25
TuzDeDoba: posts big blind 50
*** HOLE CARDS ***
Dealt to Mahu2021 [4c Jh]
Pattrik89: folds 
DanAkiat99: folds 
Mahu2021: folds 
Uncalled bet (25) returned to TuzDeDoba
TuzDeDoba collected 90 from pot
*** SUMMARY ***
Total pot 90 | Rake 0 
Seat 1: DanAkiat99 (button) folded before Flop (didn't bet)
Seat 2: Mahu2021 (small blind) folded before Flop
Seat 3: TuzDeDoba (big blind) collected (90)
Seat 4: Pattrik89 folded before Flop (didn't bet)



PokerStars Hand #253535039092: Tournament #3826558545, $0.96+$0.04 USD Hold'em No Limit - Match Round I, Level I (25/50) - 2024/11/23 15:59:57 CET [2024/11/23 9:59:57 ET]
Table '3826558545 3' 4-max Seat #2 is the button
Seat 1: DanAkiat99 (490 in chips) is sitting out
Seat 2: Mahu2021 (465 in chips) 
Seat 3: TuzDeDoba (555 in chips) 
Seat 4: Pattrik89 (490 in chips) 
DanAkiat99: posts the ante 10
Mahu2021: posts the ante 10
TuzDeDoba: posts the ante 10
Pattrik89: posts the ante 10
TuzDeDoba: posts small blind 25
Pattrik89: posts big blind 50
*** HOLE CARDS ***
Dealt to Mahu2021 [8d 2c]
DanAkiat99: folds 
Mahu2021: folds 
TuzDeDoba: calls 25
Pattrik89: checks 
*** FLOP *** [3d 8s Ks]
TuzDeDoba: checks 
Pattrik89: checks 
*** TURN *** [3d 8s Ks] [6h]
TuzDeDoba: checks 
Pattrik89: checks 
*** RIVER *** [3d 8s Ks 6h] [5s]
TuzDeDoba: checks 
Pattrik89: bets 150
TuzDeDoba: folds 
Uncalled bet (150) returned to Pattrik89
Pattrik89 collected 140 from pot
*** SUMMARY ***
Total pot 140 | Rake 0 
Board [3d 8s Ks 6h 5s]
Seat 1: DanAkiat99 folded before Flop (didn't bet)
Seat 2: Mahu2021 (button) folded before Flop (didn't bet)
Seat 3: TuzDeDoba (small blind) folded on the River
Seat 4: Pattrik89 (big blind) collected (140)



PokerStars Hand #253535042558: Tournament #3826558545, $0.96+$0.04 USD Hold'em No Limit - Match Round I, Level I (25/50) - 2024/11/23 16:00:20 CET [2024/11/23 10:00:20 ET]
Table '3826558545 3' 4-max Seat #3 is the button
Seat 1: DanAkiat99 (480 in chips) is sitting out
Seat 2: Mahu2021 (455 in chips) 
Seat 3: TuzDeDoba (495 in chips) 
Seat 4: Pattrik89 (570 in chips) 
DanAkiat99: posts the ante 10
Mahu2021: posts the ante 10
TuzDeDoba: posts the ante 10
Pattrik89: posts the ante 10
Pattrik89: posts small blind 25
DanAkiat99: posts big blind 50
*** HOLE CARDS ***
Dealt to Mahu2021 [Ah 2s]
Mahu2021: raises 395 to 445 and is all-in
TuzDeDoba: folds 
Pattrik89: folds 
DanAkiat99: folds 
Uncalled bet (395) returned to Mahu2021
Mahu2021 collected 165 from pot
Mahu2021: doesn't show hand 
*** SUMMARY ***
Total pot 165 | Rake 0 
Seat 1: DanAkiat99 (big blind) folded before Flop
Seat 2: Mahu2021 collected (165)
Seat 3: TuzDeDoba (button) folded before Flop (didn't bet)
Seat 4: Pattrik89 (small blind) folded before Flop



PokerStars Hand #253535044085: Tournament #3826558545, $0.96+$0.04 USD Hold'em No Limit - Match Round I, Level I (25/50) - 2024/11/23 16:00:30 CET [2024/11/23 10:00:30 ET]
Table '3826558545 3' 4-max Seat #4 is the button
Seat 1: DanAkiat99 (420 in chips) is sitting out
Seat 2: Mahu2021 (560 in chips) 
Seat 3: TuzDeDoba (485 in chips) 
Seat 4: Pattrik89 (535 in chips) 
DanAkiat99: posts the ante 10
Mahu2021: posts the ante 10
TuzDeDoba: posts the ante 10
Pattrik89: posts the ante 10
DanAkiat99: posts small blind 25
Mahu2021: posts big blind 50
*** HOLE CARDS ***
Dealt to Mahu2021 [Qd 7s]
TuzDeDoba: folds 
Pattrik89: calls 50
DanAkiat99: folds 
Mahu2021: checks 
*** FLOP *** [4h Jc Ts]
Mahu2021: checks 
Pattrik89: checks 
*** TURN *** [4h Jc Ts] [Kc]
Mahu2021: bets 100
Pattrik89: calls 100
*** RIVER *** [4h Jc Ts Kc] [4s]
Mahu2021: bets 100
Pattrik89: calls 100
*** SHOW DOWN ***
Mahu2021: shows [Qd 7s] (a pair of Fours)
Pattrik89: shows [9c Ks] (two pair, Kings and Fours)
Pattrik89 collected 565 from pot
*** SUMMARY ***
Total pot 565 | Rake 0 
Board [4h Jc Ts Kc 4s]
Seat 1: DanAkiat99 (small blind) folded before Flop
Seat 2: Mahu2021 (big blind) showed [Qd 7s] and lost with a pair of Fours
Seat 3: TuzDeDoba folded before Flop (didn't bet)
Seat 4: Pattrik89 (button) showed [9c Ks] and won (565) with two pair, Kings and Fours



PokerStars Hand #253535048903: Tournament #3826558545, $0.96+$0.04 USD Hold'em No Limit - Match Round I, Level I (25/50) - 2024/11/23 16:01:00 CET [2024/11/23 10:01:00 ET]
Table '3826558545 3' 4-max Seat #1 is the button
Seat 1: DanAkiat99 (385 in chips) is sitting out
Seat 2: Mahu2021 (300 in chips) 
Seat 3: TuzDeDoba (475 in chips) 
Seat 4: Pattrik89 (840 in chips) 
DanAkiat99: posts the ante 10
Mahu2021: posts the ante 10
TuzDeDoba: posts the ante 10
Pattrik89: posts the ante 10
Mahu2021: posts small blind 25
TuzDeDoba: posts big blind 50
*** HOLE CARDS ***
Dealt to Mahu2021 [4s 8d]
Pattrik89: folds 
DanAkiat99: folds 
Mahu2021: folds 
Uncalled bet (25) returned to TuzDeDoba
TuzDeDoba collected 90 from pot
*** SUMMARY ***
Total pot 90 | Rake 0 
Seat 1: DanAkiat99 (button) folded before Flop (didn't bet)
Seat 2: Mahu2021 (small blind) folded before Flop
Seat 3: TuzDeDoba (big blind) collected (90)
Seat 4: Pattrik89 folded before Flop (didn't bet)



PokerStars Hand #253535050266: Tournament #3826558545, $0.96+$0.04 USD Hold'em No Limit - Match Round I, Level I (25/50) - 2024/11/23 16:01:08 CET [2024/11/23 10:01:08 ET]
Table '3826558545 3' 4-max Seat #2 is the button
Seat 1: DanAkiat99 (375 in chips) is sitting out
Seat 2: Mahu2021 (265 in chips) 
Seat 3: TuzDeDoba (530 in chips) 
Seat 4: Pattrik89 (830 in chips) 
DanAkiat99: posts the ante 10
Mahu2021: posts the ante 10
TuzDeDoba: posts the ante 10
Pattrik89: posts the ante 10
TuzDeDoba: posts small blind 25
Pattrik89: posts big blind 50
*** HOLE CARDS ***
Dealt to Mahu2021 [Qd 6d]
DanAkiat99: folds 
Mahu2021: raises 205 to 255 and is all-in
TuzDeDoba: folds 
Pattrik89: folds 
Uncalled bet (205) returned to Mahu2021
Mahu2021 collected 165 from pot
Mahu2021: doesn't show hand 
*** SUMMARY ***
Total pot 165 | Rake 0 
Seat 1: DanAkiat99 folded before Flop (didn't bet)
Seat 2: Mahu2021 (button) collected (165)
Seat 3: TuzDeDoba (small blind) folded before Flop
Seat 4: Pattrik89 (big blind) folded before Flop



PokerStars Hand #253535053395: Tournament #3826558545, $0.96+$0.04 USD Hold'em No Limit - Match Round I, Level I (25/50) - 2024/11/23 16:01:24 CET [2024/11/23 10:01:24 ET]
Table '3826558545 3' 4-max Seat #3 is the button
Seat 1: DanAkiat99 (365 in chips) is sitting out
Seat 2: Mahu2021 (370 in chips) 
Seat 3: TuzDeDoba (495 in chips) 
Seat 4: Pattrik89 (770 in chips) 
DanAkiat99: posts the ante 10
Mahu2021: posts the ante 10
TuzDeDoba: posts the ante 10
Pattrik89: posts the ante 10
Pattrik89: posts small blind 25
DanAkiat99: posts big blind 50
*** HOLE CARDS ***
Dealt to Mahu2021 [Jc 4d]
Mahu2021: folds 
TuzDeDoba: folds 
Pattrik89: calls 25
DanAkiat99: folds 
Pattrik89 collected 140 from pot
*** SUMMARY ***
Total pot 140 | Rake 0 
Seat 1: DanAkiat99 (big blind) folded before Flop
Seat 2: Mahu2021 folded before Flop (didn't bet)
Seat 3: TuzDeDoba (button) folded before Flop (didn't bet)
Seat 4: Pattrik89 (small blind) collected (140)



PokerStars Hand #253535055204: Tournament #3826558545, $0.96+$0.04 USD Hold'em No Limit - Match Round I, Level I (25/50) - 2024/11/23 16:01:35 CET [2024/11/23 10:01:35 ET]
Table '3826558545 3' 4-max Seat #4 is the button
Seat 1: DanAkiat99 (305 in chips) is sitting out
Seat 2: Mahu2021 (360 in chips) 
Seat 3: TuzDeDoba (485 in chips) 
Seat 4: Pattrik89 (850 in chips) 
DanAkiat99: posts the ante 10
Mahu2021: posts the ante 10
TuzDeDoba: posts the ante 10
Pattrik89: posts the ante 10
DanAkiat99: posts small blind 25
Mahu2021: posts big blind 50
*** HOLE CARDS ***
Dealt to Mahu2021 [8h 7h]
TuzDeDoba: calls 50
Pattrik89: calls 50
DanAkiat99: folds 
Mahu2021: checks 
*** FLOP *** [Ts 5c 2s]
Mahu2021: checks 
TuzDeDoba: checks 
Pattrik89: checks 
*** TURN *** [Ts 5c 2s] [5s]
Mahu2021: checks 
TuzDeDoba: checks 
Pattrik89: checks 
*** RIVER *** [Ts 5c 2s 5s] [4h]
Mahu2021: checks 
TuzDeDoba: checks 
Pattrik89: checks 
*** SHOW DOWN ***
Mahu2021: shows [8h 7h] (a pair of Fives)
TuzDeDoba: shows [6h 9h] (a pair of Fives - Ten+Nine kicker)
Pattrik89: mucks hand 
TuzDeDoba collected 215 from pot
*** SUMMARY ***
Total pot 215 | Rake 0 
Board [Ts 5c 2s 5s 4h]
Seat 1: DanAkiat99 (small blind) folded before Flop
Seat 2: Mahu2021 (big blind) showed [8h 7h] and lost with a pair of Fives
Seat 3: TuzDeDoba showed [6h 9h] and won (215) with a pair of Fives
Seat 4: Pattrik89 (button) mucked [3c 9c]



PokerStars Hand #253535059384: Tournament #3826558545, $0.96+$0.04 USD Hold'em No Limit - Match Round I, Level I (25/50) - 2024/11/23 16:01:58 CET [2024/11/23 10:01:58 ET]
Table '3826558545 3' 4-max Seat #1 is the button
Seat 1: DanAkiat99 (270 in chips) is sitting out
Seat 2: Mahu2021 (300 in chips) 
Seat 3: TuzDeDoba (640 in chips) 
Seat 4: Pattrik89 (790 in chips) 
DanAkiat99: posts the ante 10
Mahu2021: posts the ante 10
TuzDeDoba: posts the ante 10
Pattrik89: posts the ante 10
Mahu2021: posts small blind 25
TuzDeDoba: posts big blind 50
*** HOLE CARDS ***
Dealt to Mahu2021 [6c 3c]
Pattrik89: calls 50
DanAkiat99: folds 
Mahu2021: folds 
TuzDeDoba: checks 
*** FLOP *** [2c Js 8d]
TuzDeDoba: checks 
Pattrik89: checks 
*** TURN *** [2c Js 8d] [4h]
TuzDeDoba: checks 
Pattrik89: checks 
*** RIVER *** [2c Js 8d 4h] [5s]
TuzDeDoba: checks 
Pattrik89: checks 
*** SHOW DOWN ***
TuzDeDoba: shows [7c 4s] (a pair of Fours)
Pattrik89: mucks hand 
TuzDeDoba collected 165 from pot
*** SUMMARY ***
Total pot 165 | Rake 0 
Board [2c Js 8d 4h 5s]
Seat 1: DanAkiat99 (button) folded before Flop (didn't bet)
Seat 2: Mahu2021 (small blind) folded before Flop
Seat 3: TuzDeDoba (big blind) showed [7c 4s] and won (165) with a pair of Fours
Seat 4: Pattrik89 mucked [Td Kd]



PokerStars Hand #253535063989: Tournament #3826558545, $0.96+$0.04 USD Hold'em No Limit - Match Round I, Level I (25/50) - 2024/11/23 16:02:23 CET [2024/11/23 10:02:23 ET]
Table '3826558545 3' 4-max Seat #2 is the button
Seat 1: DanAkiat99 (260 in chips) is sitting out
Seat 2: Mahu2021 (265 in chips) 
Seat 3: TuzDeDoba (745 in chips) 
Seat 4: Pattrik89 (730 in chips) 
DanAkiat99: posts the ante 10
Mahu2021: posts the ante 10
TuzDeDoba: posts the ante 10
Pattrik89: posts the ante 10
TuzDeDoba: posts small blind 25
Pattrik89: posts big blind 50
*** HOLE CARDS ***
Dealt to Mahu2021 [5h Ts]
DanAkiat99: folds 
Mahu2021: folds 
TuzDeDoba: calls 25
Pattrik89: checks 
*** FLOP *** [9c Ks 5s]
TuzDeDoba: bets 50
Pattrik89: folds 
Uncalled bet (50) returned to TuzDeDoba
TuzDeDoba collected 140 from pot
*** SUMMARY ***
Total pot 140 | Rake 0 
Board [9c Ks 5s]
Seat 1: DanAkiat99 folded before Flop (didn't bet)
Seat 2: Mahu2021 (button) folded before Flop (didn't bet)
Seat 3: TuzDeDoba (small blind) collected (140)
Seat 4: Pattrik89 (big blind) folded on the Flop



PokerStars Hand #253535068098: Tournament #3826558545, $0.96+$0.04 USD Hold'em No Limit - Match Round I, Level I (25/50) - 2024/11/23 16:02:44 CET [2024/11/23 10:02:44 ET]
Table '3826558545 3' 4-max Seat #3 is the button
Seat 1: DanAkiat99 (250 in chips) is sitting out
Seat 2: Mahu2021 (255 in chips) 
Seat 3: TuzDeDoba (825 in chips) 
Seat 4: Pattrik89 (670 in chips) 
DanAkiat99: posts the ante 10
Mahu2021: posts the ante 10
TuzDeDoba: posts the ante 10
Pattrik89: posts the ante 10
Pattrik89: posts small blind 25
DanAkiat99: posts big blind 50
*** HOLE CARDS ***
Dealt to Mahu2021 [2h 4c]
Mahu2021: folds 
TuzDeDoba: folds 
Pattrik89: calls 25
DanAkiat99: folds 
Pattrik89 collected 140 from pot
*** SUMMARY ***
Total pot 140 | Rake 0 
Seat 1: DanAkiat99 (big blind) folded before Flop
Seat 2: Mahu2021 folded before Flop (didn't bet)
Seat 3: TuzDeDoba (button) folded before Flop (didn't bet)
Seat 4: Pattrik89 (small blind) collected (140)



PokerStars Hand #253535070078: Tournament #3826558545, $0.96+$0.04 USD Hold'em No Limit - Match Round I, Level II (50/100) - 2024/11/23 16:02:54 CET [2024/11/23 10:02:54 ET]
Table '3826558545 3' 4-max Seat #4 is the button
Seat 1: DanAkiat99 (190 in chips) is sitting out
Seat 2: Mahu2021 (245 in chips) 
Seat 3: TuzDeDoba (815 in chips) 
Seat 4: Pattrik89 (750 in chips) 
DanAkiat99: posts the ante 20
Mahu2021: posts the ante 20
TuzDeDoba: posts the ante 20
Pattrik89: posts the ante 20
DanAkiat99: posts small blind 50
Mahu2021: posts big blind 100
*** HOLE CARDS ***
Dealt to Mahu2021 [6h 5d]
TuzDeDoba: folds 
Pattrik89: folds 
DanAkiat99: folds 
Uncalled bet (50) returned to Mahu2021
Mahu2021 collected 180 from pot
Mahu2021: doesn't show hand 
*** SUMMARY ***
Total pot 180 | Rake 0 
Seat 1: DanAkiat99 (small blind) folded before Flop
Seat 2: Mahu2021 (big blind) collected (180)
Seat 3: TuzDeDoba folded before Flop (didn't bet)
Seat 4: Pattrik89 (button) folded before Flop (didn't bet)



PokerStars Hand #253535071903: Tournament #3826558545, $0.96+$0.04 USD Hold'em No Limit - Match Round I, Level II (50/100) - 2024/11/23 16:03:04 CET [2024/11/23 10:03:04 ET]
Table '3826558545 3' 4-max Seat #1 is the button
Seat 1: DanAkiat99 (120 in chips) is sitting out
Seat 2: Mahu2021 (355 in chips) 
Seat 3: TuzDeDoba (795 in chips) 
Seat 4: Pattrik89 (730 in chips) 
DanAkiat99: posts the ante 20
Mahu2021: posts the ante 20
TuzDeDoba: posts the ante 20
Pattrik89: posts the ante 20
Mahu2021: posts small blind 50
TuzDeDoba: posts big blind 100
*** HOLE CARDS ***
Dealt to Mahu2021 [8s Kh]
Pattrik89: calls 100
DanAkiat99: folds 
Mahu2021: calls 50
TuzDeDoba: checks 
*** FLOP *** [Th 5s 2c]
Mahu2021: checks 
TuzDeDoba: checks 
Pattrik89: bets 200
Mahu2021: folds 
TuzDeDoba: folds 
Uncalled bet (200) returned to Pattrik89
Pattrik89 collected 380 from pot
*** SUMMARY ***
Total pot 380 | Rake 0 
Board [Th 5s 2c]
Seat 1: DanAkiat99 (button) folded before Flop (didn't bet)
Seat 2: Mahu2021 (small blind) folded on the Flop
Seat 3: TuzDeDoba (big blind) folded on the Flop
Seat 4: Pattrik89 collected (380)



PokerStars Hand #253535075274: Tournament #3826558545, $0.96+$0.04 USD Hold'em No Limit - Match Round I, Level II (50/100) - 2024/11/23 16:03:22 CET [2024/11/23 10:03:22 ET]
Table '3826558545 3' 4-max Seat #2 is the button
Seat 1: DanAkiat99 (100 in chips) is sitting out
Seat 2: Mahu2021 (235 in chips) 
Seat 3: TuzDeDoba (675 in chips) 
Seat 4: Pattrik89 (990 in chips) 
DanAkiat99: posts the ante 20
Mahu2021: posts the ante 20
TuzDeDoba: posts the ante 20
Pattrik89: posts the ante 20
TuzDeDoba: posts small blind 50
Pattrik89: posts big blind 100
*** HOLE CARDS ***
Dealt to Mahu2021 [8h 4h]
DanAkiat99: folds 
Mahu2021: folds 
TuzDeDoba: folds 
Uncalled bet (50) returned to Pattrik89
Pattrik89 collected 180 from pot
*** SUMMARY ***
Total pot 180 | Rake 0 
Seat 1: DanAkiat99 folded before Flop (didn't bet)
Seat 2: Mahu2021 (button) folded before Flop (didn't bet)
Seat 3: TuzDeDoba (small blind) folded before Flop
Seat 4: Pattrik89 (big blind) collected (180)



PokerStars Hand #253535076718: Tournament #3826558545, $0.96+$0.04 USD Hold'em No Limit - Match Round I, Level II (50/100) - 2024/11/23 16:03:29 CET [2024/11/23 10:03:29 ET]
Table '3826558545 3' 4-max Seat #3 is the button
Seat 1: DanAkiat99 (80 in chips) is sitting out
Seat 2: Mahu2021 (215 in chips) 
Seat 3: TuzDeDoba (605 in chips) 
Seat 4: Pattrik89 (1100 in chips) 
DanAkiat99: posts the ante 20
Mahu2021: posts the ante 20
TuzDeDoba: posts the ante 20
Pattrik89: posts the ante 20
Pattrik89: posts small blind 50
DanAkiat99: posts big blind 60 and is all-in
*** HOLE CARDS ***
Dealt to Mahu2021 [Qh 6d]
Mahu2021: folds 
TuzDeDoba: folds 
Pattrik89: calls 10
DanAkiat99: folds 
Pattrik89 collected 200 from pot
DanAkiat99 finished the tournament in 10th place
*** SUMMARY ***
Total pot 200 | Rake 0 
Seat 1: DanAkiat99 (big blind) folded before Flop
Seat 2: Mahu2021 folded before Flop (didn't bet)
Seat 3: TuzDeDoba (button) folded before Flop (didn't bet)
Seat 4: Pattrik89 (small blind) collected (200)



PokerStars Hand #253535078168: Tournament #3826558545, $0.96+$0.04 USD Hold'em No Limit - Match Round I, Level II (50/100) - 2024/11/23 16:03:36 CET [2024/11/23 10:03:36 ET]
Table '3826558545 3' 4-max Seat #4 is the button
Seat 2: Mahu2021 (195 in chips) 
Seat 3: TuzDeDoba (585 in chips) 
Seat 4: Pattrik89 (1220 in chips) 
Mahu2021: posts the ante 20
TuzDeDoba: posts the ante 20
Pattrik89: posts the ante 20
Mahu2021: posts small blind 50
TuzDeDoba: posts big blind 100
*** HOLE CARDS ***
Dealt to Mahu2021 [5s Kc]
Pattrik89: folds 
Mahu2021: raises 75 to 175 and is all-in
TuzDeDoba: calls 75
*** FLOP *** [9c 7c 7h]
*** TURN *** [9c 7c 7h] [Qs]
*** RIVER *** [9c 7c 7h Qs] [Kd]
*** SHOW DOWN ***
Mahu2021: shows [5s Kc] (two pair, Kings and Sevens)
TuzDeDoba: shows [5h 8d] (a pair of Sevens)
Mahu2021 collected 410 from pot
*** SUMMARY ***
Total pot 410 | Rake 0 
Board [9c 7c 7h Qs Kd]
Seat 2: Mahu2021 (small blind) showed [5s Kc] and won (410) with two pair, Kings and Sevens
Seat 3: TuzDeDoba (big blind) showed [5h 8d] and lost with a pair of Sevens
Seat 4: Pattrik89 (button) folded before Flop (didn't bet)



PokerStars Hand #253535081177: Tournament #3826558545, $0.96+$0.04 USD Hold'em No Limit - Match Round I, Level II (50/100) - 2024/11/23 16:03:52 CET [2024/11/23 10:03:52 ET]
Table '3826558545 3' 4-max Seat #2 is the button
Seat 2: Mahu2021 (410 in chips) 
Seat 3: TuzDeDoba (390 in chips) 
Seat 4: Pattrik89 (1200 in chips) 
Mahu2021: posts the ante 20
TuzDeDoba: posts the ante 20
Pattrik89: posts the ante 20
TuzDeDoba: posts small blind 50
Pattrik89: posts big blind 100
*** HOLE CARDS ***
Dealt to Mahu2021 [4d Qh]
Mahu2021: folds 
TuzDeDoba: raises 270 to 370 and is all-in
Pattrik89: folds 
Uncalled bet (270) returned to TuzDeDoba
TuzDeDoba collected 260 from pot
*** SUMMARY ***
Total pot 260 | Rake 0 
Seat 2: Mahu2021 (button) folded before Flop (didn't bet)
Seat 3: TuzDeDoba (small blind) collected (260)
Seat 4: Pattrik89 (big blind) folded before Flop



PokerStars Hand #253535083314: Tournament #3826558545, $0.96+$0.04 USD Hold'em No Limit - Match Round I, Level II (50/100) - 2024/11/23 16:04:03 CET [2024/11/23 10:04:03 ET]
Table '3826558545 3' 4-max Seat #3 is the button
Seat 2: Mahu2021 (390 in chips) 
Seat 3: TuzDeDoba (530 in chips) 
Seat 4: Pattrik89 (1080 in chips) 
Mahu2021: posts the ante 20
TuzDeDoba: posts the ante 20
Pattrik89: posts the ante 20
Pattrik89: posts small blind 50
Mahu2021: posts big blind 100
*** HOLE CARDS ***
Dealt to Mahu2021 [Ac 4c]
TuzDeDoba: folds 
Pattrik89: calls 50
Mahu2021: raises 270 to 370 and is all-in
Pattrik89: folds 
Uncalled bet (270) returned to Mahu2021
Mahu2021 collected 260 from pot
Mahu2021: doesn't show hand 
*** SUMMARY ***
Total pot 260 | Rake 0 
Seat 2: Mahu2021 (big blind) collected (260)
Seat 3: TuzDeDoba (button) folded before Flop (didn't bet)
Seat 4: Pattrik89 (small blind) folded before Flop



PokerStars Hand #253535085649: Tournament #3826558545, $0.96+$0.04 USD Hold'em No Limit - Match Round I, Level II (50/100) - 2024/11/23 16:04:15 CET [2024/11/23 10:04:15 ET]
Table '3826558545 3' 4-max Seat #4 is the button
Seat 2: Mahu2021 (530 in chips) 
Seat 3: TuzDeDoba (510 in chips) 
Seat 4: Pattrik89 (960 in chips) 
Mahu2021: posts the ante 20
TuzDeDoba: posts the ante 20
Pattrik89: posts the ante 20
Mahu2021: posts small blind 50
TuzDeDoba: posts big blind 100
*** HOLE CARDS ***
Dealt to Mahu2021 [4h Ts]
Pattrik89: folds 
Mahu2021: folds 
Uncalled bet (50) returned to TuzDeDoba
TuzDeDoba collected 160 from pot
*** SUMMARY ***
Total pot 160 | Rake 0 
Seat 2: Mahu2021 (small blind) folded before Flop
Seat 3: TuzDeDoba (big blind) collected (160)
Seat 4: Pattrik89 (button) folded before Flop (didn't bet)



PokerStars Hand #253535086794: Tournament #3826558545, $0.96+$0.04 USD Hold'em No Limit - Match Round I, Level II (50/100) - 2024/11/23 16:04:20 CET [2024/11/23 10:04:20 ET]
Table '3826558545 3' 4-max Seat #2 is the button
Seat 2: Mahu2021 (460 in chips) 
Seat 3: TuzDeDoba (600 in chips) 
Seat 4: Pattrik89 (940 in chips) 
Mahu2021: posts the ante 20
TuzDeDoba: posts the ante 20
Pattrik89: posts the ante 20
TuzDeDoba: posts small blind 50
Pattrik89: posts big blind 100
*** HOLE CARDS ***
Dealt to Mahu2021 [Jc Jh]
Mahu2021: raises 340 to 440 and is all-in
TuzDeDoba: folds 
Pattrik89: calls 340
*** FLOP *** [Qs Th 6c]
*** TURN *** [Qs Th 6c] [4h]
*** RIVER *** [Qs Th 6c 4h] [Kd]
*** SHOW DOWN ***
Pattrik89: shows [As Kh] (a pair of Kings)
Mahu2021: shows [Jc Jh] (a pair of Jacks)
Pattrik89 collected 990 from pot
Mahu2021 finished the tournament in 7th place
*** SUMMARY ***
Total pot 990 | Rake 0 
Board [Qs Th 6c 4h Kd]
Seat 2: Mahu2021 (button) showed [Jc Jh] and lost with a pair of Jacks
Seat 3: TuzDeDoba (small blind) folded before Flop
Seat 4: Pattrik89 (big blind) showed [As Kh] and won (990) with a pair of Kings



