PokerStars Hand #242897053641: Tournament #3572485451, $0.92+$0.08 USD Hold'em No Limit - Level I (10/20) - 2023/04/05 10:43:01 CET [2023/04/05 4:43:01 ET]
Table '3572485451 1' 3-max Seat #1 is the button
Seat 1: Mahu2021 (500 in chips) 
Seat 2: pompeyboy7 (500 in chips) 
Seat 3: tarry555 (500 in chips) 
pompeyboy7: posts small blind 10
tarry555: posts big blind 20
*** HOLE CARDS ***
Dealt to Mahu2021 [Ks Ad]
Mahu2021: raises 480 to 500 and is all-in
pompeyboy7: calls 490 and is all-in
tarry555: calls 480 and is all-in
*** FLOP *** [Ah 3h Tc]
*** TURN *** [Ah 3h Tc] [Kh]
*** RIVER *** [Ah 3h Tc Kh] [4c]
*** SHOW DOWN ***
pompeyboy7: shows [Th Qs] (a pair of Tens)
tarry555: shows [6d 6s] (a pair of Sixes)
Mahu2021: shows [Ks Ad] (two pair, Aces and Kings)
Mahu2021 collected 1500 from pot
pompeyboy7 finished the tournament in 2nd place
tarry555 finished the tournament in 2nd place
Mahu2021 wins the tournament and receives $2.00 - congratulations!
*** SUMMARY ***
Total pot 1500 | Rake 0 
Board [Ah 3h Tc Kh 4c]
Seat 1: Mahu2021 (button) showed [Ks Ad] and won (1500) with two pair, Aces and Kings
Seat 2: pompeyboy7 (small blind) showed [Th Qs] and lost with a pair of Tens
Seat 3: tarry555 (big blind) showed [6d 6s] and lost with a pair of Sixes



