PokerStars Hand #246767172845: Tournament #3664501532, $0.92+$0.08 USD Hold'em No Limit - Level I (10/20) - 2023/10/27 10:55:21 CET [2023/10/27 4:55:21 ET]
Table '3664501532 1' 3-max Seat #1 is the button
Seat 1: Mahu2021 (500 in chips) 
Seat 2: GoldFish1372 (500 in chips) 
Seat 3: Augusto0318 (500 in chips) 
GoldFish1372: posts small blind 10
Augusto0318: posts big blind 20
*** HOLE CARDS ***
Dealt to Mahu2021 [As 2c]
Mahu2021: raises 20 to 40
GoldFish1372: raises 20 to 60
Augusto0318: folds 
Mahu2021: calls 20
*** FLOP *** [9s Ah 9h]
GoldFish1372: bets 70
Mahu2021: calls 70
*** TURN *** [9s Ah 9h] [Qh]
GoldFish1372: bets 280
Mahu2021: calls 280
*** RIVER *** [9s Ah 9h Qh] [2d]
GoldFish1372: bets 90 and is all-in
Mahu2021: calls 90 and is all-in
*** SHOW DOWN ***
GoldFish1372: shows [Qc Ac] (two pair, Aces and Queens)
Mahu2021: shows [As 2c] (two pair, Aces and Nines)
GoldFish1372 collected 1020 from pot
Mahu2021 finished the tournament in 3rd place
*** SUMMARY ***
Total pot 1020 | Rake 0 
Board [9s Ah 9h Qh 2d]
Seat 1: Mahu2021 (button) showed [As 2c] and lost with two pair, Aces and Nines
Seat 2: GoldFish1372 (small blind) showed [Qc Ac] and won (1020) with two pair, Aces and Queens
Seat 3: Augusto0318 (big blind) folded before Flop



