PokerStars Zoom Hand #255135421826:  Hold'em No Limit ($0.05/$0.10) - 2025/03/04 15:32:47 CET [2025/03/04 9:32:47 ET]
Table 'Aludra' 6-max Seat #1 is the button
Seat 1: putzkedudu ($10.80 in chips) 
Seat 2: Blast4Sure ($10 in chips) 
Seat 3: Mahu2021 ($10 in chips) 
Seat 4: krkrJH ($10 in chips) 
Seat 5: luvstyle ($10.72 in chips) 
Seat 6: Lim 2589 ($15.99 in chips) 
Blast4Sure: posts small blind $0.05
Mahu2021: posts big blind $0.10
*** HOLE CARDS ***
Dealt to Mahu2021 [7s 4h]
krkrJH: folds 
luvstyle: folds 
Lim 2589: raises $0.15 to $0.25
putzkedudu: folds 
Blast4Sure: folds 
Mahu2021: folds 
Uncalled bet ($0.15) returned to Lim 2589
Lim 2589 collected $0.25 from pot
Lim 2589: doesn't show hand 
*** SUMMARY ***
Total pot $0.25 | Rake $0 
Seat 1: putzkedudu (button) folded before Flop (didn't bet)
Seat 2: Blast4Sure (small blind) folded before Flop
Seat 3: Mahu2021 (big blind) folded before Flop
Seat 4: krkrJH folded before Flop (didn't bet)
Seat 5: luvstyle folded before Flop (didn't bet)
Seat 6: Lim 2589 collected ($0.25)



PokerStars Zoom Hand #255135424268:  Hold'em No Limit ($0.05/$0.10) - 2025/03/04 15:33:01 CET [2025/03/04 9:33:01 ET]
Table 'Aludra' 6-max Seat #1 is the button
Seat 1: WT@LL ($10.60 in chips) 
Seat 2: Mahu2021 ($9.90 in chips) 
Seat 3: acd_045 ($10 in chips) 
Seat 4: Deox666 ($11.47 in chips) 
Seat 5: dhdh0506 ($10 in chips) 
Seat 6: c0pp0ck ($10 in chips) 
Mahu2021: posts small blind $0.05
acd_045: posts big blind $0.10
*** HOLE CARDS ***
Dealt to Mahu2021 [5d 7d]
Deox666: folds 
dhdh0506: folds 
c0pp0ck: raises $0.15 to $0.25
WT@LL: raises $0.35 to $0.60
Mahu2021: folds 
acd_045: raises $1.50 to $2.10
c0pp0ck: folds 
WT@LL: folds 
Uncalled bet ($1.50) returned to acd_045
acd_045 collected $1.50 from pot
acd_045: doesn't show hand 
*** SUMMARY ***
Total pot $1.50 | Rake $0 
Seat 1: WT@LL (button) folded before Flop
Seat 2: Mahu2021 (small blind) folded before Flop
Seat 3: acd_045 (big blind) collected ($1.50)
Seat 4: Deox666 folded before Flop (didn't bet)
Seat 5: dhdh0506 folded before Flop (didn't bet)
Seat 6: c0pp0ck folded before Flop



PokerStars Zoom Hand #255135428639:  Hold'em No Limit ($0.05/$0.10) - 2025/03/04 15:33:26 CET [2025/03/04 9:33:26 ET]
Table 'Aludra' 6-max Seat #1 is the button
Seat 1: Bamblbi2G ($2.41 in chips) 
Seat 2: beabest ($19 in chips) 
Seat 3: rullorh ($17.18 in chips) 
Seat 4: East_Zoo ($10.12 in chips) 
Seat 5: Clicker89 ($10 in chips) 
Seat 6: Mahu2021 ($9.75 in chips) 
beabest: posts small blind $0.05
rullorh: posts big blind $0.10
*** HOLE CARDS ***
Dealt to Mahu2021 [5c 7h]
East_Zoo: folds 
Clicker89: folds 
Mahu2021: folds 
Bamblbi2G: folds 
beabest: folds 
Uncalled bet ($0.05) returned to rullorh
rullorh collected $0.10 from pot
rullorh: doesn't show hand 
*** SUMMARY ***
Total pot $0.10 | Rake $0 
Seat 1: Bamblbi2G (button) folded before Flop (didn't bet)
Seat 2: beabest (small blind) folded before Flop
Seat 3: rullorh (big blind) collected ($0.10)
Seat 4: East_Zoo folded before Flop (didn't bet)
Seat 5: Clicker89 folded before Flop (didn't bet)
Seat 6: Mahu2021 folded before Flop (didn't bet)



PokerStars Zoom Hand #255135424930:  Hold'em No Limit ($0.05/$0.10) - 2025/03/04 15:33:05 CET [2025/03/04 9:33:05 ET]
Table 'Aludra' 6-max Seat #1 is the button
Seat 1: Mahu2021 ($9.85 in chips) 
Seat 2: Lim 2589 ($16.14 in chips) 
Seat 3: Bamblbi2G ($2.51 in chips) 
Seat 4: Mr. Dolmer ($32.53 in chips) 
Seat 5: anglinkas ($13.64 in chips) 
Seat 6: kSam44 ($8.33 in chips) 
Lim 2589: posts small blind $0.05
Bamblbi2G: posts big blind $0.10
*** HOLE CARDS ***
Dealt to Mahu2021 [Kh 6h]
Mr. Dolmer: folds 
anglinkas: calls $0.10
kSam44: folds 
Mahu2021: calls $0.10
Lim 2589: raises $0.40 to $0.50
Bamblbi2G: folds 
anglinkas: calls $0.40
Mahu2021: folds 
*** FLOP *** [5h 8s 5s]
Lim 2589: checks 
anglinkas: bets $0.30
Lim 2589: folds 
Uncalled bet ($0.30) returned to anglinkas
anglinkas collected $1.15 from pot
anglinkas: doesn't show hand 
*** SUMMARY ***
Total pot $1.20 | Rake $0.05 
Board [5h 8s 5s]
Seat 1: Mahu2021 (button) folded before Flop
Seat 2: Lim 2589 (small blind) folded on the Flop
Seat 3: Bamblbi2G (big blind) folded before Flop
Seat 4: Mr. Dolmer folded before Flop (didn't bet)
Seat 5: anglinkas collected ($1.15)
Seat 6: kSam44 folded before Flop (didn't bet)



PokerStars Zoom Hand #255135429854:  Hold'em No Limit ($0.05/$0.10) - 2025/03/04 15:33:33 CET [2025/03/04 9:33:33 ET]
Table 'Aludra' 6-max Seat #1 is the button
Seat 1: koribut ($10 in chips) 
Seat 2: Al Fr€d 69 ($9.90 in chips) 
Seat 3: acebob999 ($10.03 in chips) 
Seat 4: Mahu2021 ($9.75 in chips) 
Seat 5: Bamblbi2G ($2.41 in chips) 
Seat 6: Die8 ($11.11 in chips) 
Al Fr€d 69: posts small blind $0.05
acebob999: posts big blind $0.10
*** HOLE CARDS ***
Dealt to Mahu2021 [Td 3h]
Mahu2021: folds 
Bamblbi2G: folds 
Die8: folds 
koribut: raises $0.15 to $0.25
Al Fr€d 69: folds 
acebob999: folds 
Uncalled bet ($0.15) returned to koribut
koribut collected $0.25 from pot
koribut: doesn't show hand 
*** SUMMARY ***
Total pot $0.25 | Rake $0 
Seat 1: koribut (button) collected ($0.25)
Seat 2: Al Fr€d 69 (small blind) folded before Flop
Seat 3: acebob999 (big blind) folded before Flop
Seat 4: Mahu2021 folded before Flop (didn't bet)
Seat 5: Bamblbi2G folded before Flop (didn't bet)
Seat 6: Die8 folded before Flop (didn't bet)



PokerStars Zoom Hand #255135429280:  Hold'em No Limit ($0.05/$0.10) - 2025/03/04 15:33:30 CET [2025/03/04 9:33:30 ET]
Table 'Aludra' 6-max Seat #1 is the button
Seat 1: D_Kwal ($10 in chips) 
Seat 2: tafarel8 ($29.95 in chips) 
Seat 3: beas7m0de ($14.79 in chips) 
Seat 4: IVERNMAN ($15.58 in chips) 
Seat 5: Mahu2021 ($9.75 in chips) 
Seat 6: Bamblbi2G ($2.41 in chips) 
tafarel8: posts small blind $0.05
beas7m0de: posts big blind $0.10
*** HOLE CARDS ***
Dealt to Mahu2021 [Ts 2d]
IVERNMAN: folds 
Mahu2021: folds 
Bamblbi2G: folds 
D_Kwal: raises $0.15 to $0.25
tafarel8: folds 
beas7m0de: folds 
Uncalled bet ($0.15) returned to D_Kwal
D_Kwal collected $0.25 from pot
D_Kwal: doesn't show hand 
*** SUMMARY ***
Total pot $0.25 | Rake $0 
Seat 1: D_Kwal (button) collected ($0.25)
Seat 2: tafarel8 (small blind) folded before Flop
Seat 3: beas7m0de (big blind) folded before Flop
Seat 4: IVERNMAN folded before Flop (didn't bet)
Seat 5: Mahu2021 folded before Flop (didn't bet)
Seat 6: Bamblbi2G folded before Flop (didn't bet)



PokerStars Zoom Hand #255135430717:  Hold'em No Limit ($0.05/$0.10) - 2025/03/04 15:33:38 CET [2025/03/04 9:33:38 ET]
Table 'Aludra' 6-max Seat #1 is the button
Seat 1: royacht ($5.76 in chips) 
Seat 2: Bamblbi2G ($2.41 in chips) 
Seat 3: Mahu2021 ($9.75 in chips) 
Seat 4: krkrJH ($10 in chips) 
Seat 5: beabest ($18.61 in chips) 
Seat 6: Blast4Sure ($25.35 in chips) 
Bamblbi2G: posts small blind $0.05
Mahu2021: posts big blind $0.10
*** HOLE CARDS ***
Dealt to Mahu2021 [Ad 6h]
krkrJH: folds 
beabest: folds 
Blast4Sure: folds 
royacht: folds 
Bamblbi2G: calls $0.05
Mahu2021: raises $0.50 to $0.60
Bamblbi2G: calls $0.50
*** FLOP *** [5s 3c Th]
Bamblbi2G: checks 
Mahu2021: bets $1
Bamblbi2G: folds 
Uncalled bet ($1) returned to Mahu2021
Mahu2021 collected $1.15 from pot
Mahu2021: doesn't show hand 
*** SUMMARY ***
Total pot $1.20 | Rake $0.05 
Board [5s 3c Th]
Seat 1: royacht (button) folded before Flop (didn't bet)
Seat 2: Bamblbi2G (small blind) folded on the Flop
Seat 3: Mahu2021 (big blind) collected ($1.15)
Seat 4: krkrJH folded before Flop (didn't bet)
Seat 5: beabest folded before Flop (didn't bet)
Seat 6: Blast4Sure folded before Flop (didn't bet)



PokerStars Zoom Hand #255135436959:  Hold'em No Limit ($0.05/$0.10) - 2025/03/04 15:34:14 CET [2025/03/04 9:34:14 ET]
Table 'Aludra' 6-max Seat #1 is the button
Seat 1: Mr. Dolmer ($34.80 in chips) 
Seat 2: Mahu2021 ($10.30 in chips) 
Seat 3: Bamblbi2G ($1.81 in chips) 
Seat 4: D_Kwal ($19.20 in chips) 
Seat 5: asdf1056 ($12.81 in chips) 
Seat 6: BenCbal ($27.15 in chips) 
Mahu2021: posts small blind $0.05
Bamblbi2G: posts big blind $0.10
*** HOLE CARDS ***
Dealt to Mahu2021 [Qh Ts]
D_Kwal: raises $0.10 to $0.20
asdf1056: folds 
BenCbal: folds 
Mr. Dolmer: folds 
Mahu2021: calls $0.15
Bamblbi2G: calls $0.10
*** FLOP *** [9h 4s 3d]
Mahu2021: checks 
Bamblbi2G: checks 
D_Kwal: bets $0.29
Mahu2021: folds 
Bamblbi2G: folds 
Uncalled bet ($0.29) returned to D_Kwal
D_Kwal collected $0.57 from pot
D_Kwal: doesn't show hand 
*** SUMMARY ***
Total pot $0.60 | Rake $0.03 
Board [9h 4s 3d]
Seat 1: Mr. Dolmer (button) folded before Flop (didn't bet)
Seat 2: Mahu2021 (small blind) folded on the Flop
Seat 3: Bamblbi2G (big blind) folded on the Flop
Seat 4: D_Kwal collected ($0.57)
Seat 5: asdf1056 folded before Flop (didn't bet)
Seat 6: BenCbal folded before Flop (didn't bet)



PokerStars Zoom Hand #255135440145:  Hold'em No Limit ($0.05/$0.10) - 2025/03/04 15:34:32 CET [2025/03/04 9:34:32 ET]
Table 'Aludra' 6-max Seat #1 is the button
Seat 1: Mahu2021 ($10.10 in chips) 
Seat 2: krkrJH ($10 in chips) 
Seat 3: Deox666 ($10 in chips) 
Seat 4: dhdh0506 ($10 in chips) 
Seat 5: acd_045 ($10.57 in chips) 
Seat 6: beas7m0de ($18.19 in chips) 
krkrJH: posts small blind $0.05
Deox666: posts big blind $0.10
*** HOLE CARDS ***
Dealt to Mahu2021 [As 2d]
dhdh0506: folds 
acd_045: folds 
beas7m0de: folds 
Mahu2021: folds 
krkrJH: folds 
Uncalled bet ($0.05) returned to Deox666
Deox666 collected $0.10 from pot
Deox666: doesn't show hand 
*** SUMMARY ***
Total pot $0.10 | Rake $0 
Seat 1: Mahu2021 (button) folded before Flop (didn't bet)
Seat 2: krkrJH (small blind) folded before Flop
Seat 3: Deox666 (big blind) collected ($0.10)
Seat 4: dhdh0506 folded before Flop (didn't bet)
Seat 5: acd_045 folded before Flop (didn't bet)
Seat 6: beas7m0de folded before Flop (didn't bet)



PokerStars Zoom Hand #255135440879:  Hold'em No Limit ($0.05/$0.10) - 2025/03/04 15:34:37 CET [2025/03/04 9:34:37 ET]
Table 'Aludra' 6-max Seat #1 is the button
Seat 1: kufufu ($15 in chips) 
Seat 2: Mimick020219 ($13.21 in chips) 
Seat 3: Mr. Dolmer ($10 in chips) 
Seat 4: sigmanolimit ($25.30 in chips) 
Seat 5: Al Fr€d 69 ($9.70 in chips) 
Seat 6: Mahu2021 ($10.10 in chips) 
Mimick020219: posts small blind $0.05
Mr. Dolmer: posts big blind $0.10
*** HOLE CARDS ***
Dealt to Mahu2021 [Ts Ks]
sigmanolimit: folds 
Al Fr€d 69: folds 
Mahu2021: raises $0.14 to $0.24
kufufu: folds 
Mimick020219: folds 
Mr. Dolmer: calls $0.14
*** FLOP *** [Qs Ad 9s]
Mr. Dolmer: checks 
Mahu2021: bets $0.51
Mr. Dolmer: calls $0.51
*** TURN *** [Qs Ad 9s] [4h]
Mr. Dolmer: checks 
Mahu2021: checks 
*** RIVER *** [Qs Ad 9s 4h] [6c]
Mr. Dolmer: bets $1.15
Mahu2021: folds 
Uncalled bet ($1.15) returned to Mr. Dolmer
Mr. Dolmer collected $1.48 from pot
Mr. Dolmer: doesn't show hand 
*** SUMMARY ***
Total pot $1.55 | Rake $0.07 
Board [Qs Ad 9s 4h 6c]
Seat 1: kufufu (button) folded before Flop (didn't bet)
Seat 2: Mimick020219 (small blind) folded before Flop
Seat 3: Mr. Dolmer (big blind) collected ($1.48)
Seat 4: sigmanolimit folded before Flop (didn't bet)
Seat 5: Al Fr€d 69 folded before Flop (didn't bet)
Seat 6: Mahu2021 folded on the River



PokerStars Zoom Hand #255135449552:  Hold'em No Limit ($0.05/$0.10) - 2025/03/04 15:35:26 CET [2025/03/04 9:35:26 ET]
Table 'Aludra' 6-max Seat #1 is the button
Seat 1: Clicker89 ($10.01 in chips) 
Seat 2: Mr. Dolmer ($10.73 in chips) 
Seat 3: Die8 ($12.55 in chips) 
Seat 4: tafarel8 ($29.50 in chips) 
Seat 5: Mahu2021 ($9.35 in chips) 
Seat 6: D_Kwal ($19.37 in chips) 
Mr. Dolmer: posts small blind $0.05
Die8: posts big blind $0.10
*** HOLE CARDS ***
Dealt to Mahu2021 [9s Js]
tafarel8: folds 
Mahu2021: raises $0.14 to $0.24
D_Kwal: folds 
Clicker89: folds 
Mr. Dolmer: folds 
Die8: folds 
Uncalled bet ($0.14) returned to Mahu2021
Mahu2021 collected $0.25 from pot
Mahu2021: doesn't show hand 
*** SUMMARY ***
Total pot $0.25 | Rake $0 
Seat 1: Clicker89 (button) folded before Flop (didn't bet)
Seat 2: Mr. Dolmer (small blind) folded before Flop
Seat 3: Die8 (big blind) folded before Flop
Seat 4: tafarel8 folded before Flop (didn't bet)
Seat 5: Mahu2021 collected ($0.25)
Seat 6: D_Kwal folded before Flop (didn't bet)



PokerStars Zoom Hand #255135451827:  Hold'em No Limit ($0.05/$0.10) - 2025/03/04 15:35:39 CET [2025/03/04 9:35:39 ET]
Table 'Aludra' 6-max Seat #1 is the button
Seat 1: Mr. Dolmer ($10.68 in chips) 
Seat 2: Rhizic ($15.05 in chips) 
Seat 3: Mahu2021 ($9.50 in chips) 
Seat 4: tafarel8 ($34.64 in chips) 
Seat 5: Blast4Sure ($10.17 in chips) 
Seat 6: asdf1056 ($13.89 in chips) 
Rhizic: posts small blind $0.05
Mahu2021: posts big blind $0.10
*** HOLE CARDS ***
Dealt to Mahu2021 [Jh 7c]
tafarel8: folds 
Blast4Sure: folds 
asdf1056: folds 
Mr. Dolmer: folds 
Rhizic: raises $0.20 to $0.30
Mahu2021: folds 
Uncalled bet ($0.20) returned to Rhizic
Rhizic collected $0.20 from pot
Rhizic: doesn't show hand 
*** SUMMARY ***
Total pot $0.20 | Rake $0 
Seat 1: Mr. Dolmer (button) folded before Flop (didn't bet)
Seat 2: Rhizic (small blind) collected ($0.20)
Seat 3: Mahu2021 (big blind) folded before Flop
Seat 4: tafarel8 folded before Flop (didn't bet)
Seat 5: Blast4Sure folded before Flop (didn't bet)
Seat 6: asdf1056 folded before Flop (didn't bet)



PokerStars Zoom Hand #255135453642:  Hold'em No Limit ($0.05/$0.10) - 2025/03/04 15:35:50 CET [2025/03/04 9:35:50 ET]
Table 'Aludra' 6-max Seat #1 is the button
Seat 1: Mangostar28 ($7.77 in chips) 
Seat 2: Mahu2021 ($9.40 in chips) 
Seat 3: marcioadrs ($10 in chips) 
Seat 4: weslley:)507 ($8.84 in chips) 
Seat 5: putzkedudu ($10.18 in chips) 
Seat 6: Mimick020219 ($10.38 in chips) 
Mahu2021: posts small blind $0.05
marcioadrs: posts big blind $0.10
*** HOLE CARDS ***
Dealt to Mahu2021 [Tc Qs]
weslley:)507: raises $0.10 to $0.20
putzkedudu: folds 
Mimick020219: folds 
Mangostar28: folds 
Mahu2021: calls $0.15
marcioadrs: folds 
*** FLOP *** [5c Ac 9d]
Mahu2021: checks 
weslley:)507: bets $0.24
Mahu2021: folds 
Uncalled bet ($0.24) returned to weslley:)507
weslley:)507 collected $0.48 from pot
weslley:)507: doesn't show hand 
*** SUMMARY ***
Total pot $0.50 | Rake $0.02 
Board [5c Ac 9d]
Seat 1: Mangostar28 (button) folded before Flop (didn't bet)
Seat 2: Mahu2021 (small blind) folded on the Flop
Seat 3: marcioadrs (big blind) folded before Flop
Seat 4: weslley:)507 collected ($0.48)
Seat 5: putzkedudu folded before Flop (didn't bet)
Seat 6: Mimick020219 folded before Flop (didn't bet)



PokerStars Zoom Hand #255135456917:  Hold'em No Limit ($0.05/$0.10) - 2025/03/04 15:36:09 CET [2025/03/04 9:36:09 ET]
Table 'Aludra' 6-max Seat #1 is the button
Seat 1: Mahu2021 ($9.20 in chips) 
Seat 2: beas7m0de ($15.11 in chips) 
Seat 3: asdf1056 ($10 in chips) 
Seat 4: AceWise ($11.51 in chips) 
Seat 5: yoopek ($11.24 in chips) 
Seat 6: BenCbal ($27.77 in chips) 
beas7m0de: posts small blind $0.05
asdf1056: posts big blind $0.10
*** HOLE CARDS ***
Dealt to Mahu2021 [Kc 2s]
AceWise: folds 
yoopek: folds 
BenCbal: folds 
Mahu2021: folds 
beas7m0de: calls $0.05
asdf1056: raises $0.30 to $0.40
beas7m0de: folds 
Uncalled bet ($0.30) returned to asdf1056
asdf1056 collected $0.20 from pot
asdf1056: doesn't show hand 
*** SUMMARY ***
Total pot $0.20 | Rake $0 
Seat 1: Mahu2021 (button) folded before Flop (didn't bet)
Seat 2: beas7m0de (small blind) folded before Flop
Seat 3: asdf1056 (big blind) collected ($0.20)
Seat 4: AceWise folded before Flop (didn't bet)
Seat 5: yoopek folded before Flop (didn't bet)
Seat 6: BenCbal folded before Flop (didn't bet)



PokerStars Zoom Hand #255135457589:  Hold'em No Limit ($0.05/$0.10) - 2025/03/04 15:36:12 CET [2025/03/04 9:36:12 ET]
Table 'Aludra' 6-max Seat #1 is the button
Seat 1: zinluz ($16.06 in chips) 
Seat 2: pokerzyst222 ($9.90 in chips) 
Seat 3: marcioadrs ($10.15 in chips) 
Seat 4: kufufu ($18.10 in chips) 
Seat 5: Die8 ($11.01 in chips) 
Seat 6: Mahu2021 ($9.20 in chips) 
pokerzyst222: posts small blind $0.05
marcioadrs: posts big blind $0.10
*** HOLE CARDS ***
Dealt to Mahu2021 [9s 3h]
kufufu: folds 
Die8: raises $0.13 to $0.23
Mahu2021: folds 
zinluz: folds 
pokerzyst222: folds 
marcioadrs: folds 
Uncalled bet ($0.13) returned to Die8
Die8 collected $0.25 from pot
Die8: doesn't show hand 
*** SUMMARY ***
Total pot $0.25 | Rake $0 
Seat 1: zinluz (button) folded before Flop (didn't bet)
Seat 2: pokerzyst222 (small blind) folded before Flop
Seat 3: marcioadrs (big blind) folded before Flop
Seat 4: kufufu folded before Flop (didn't bet)
Seat 5: Die8 collected ($0.25)
Seat 6: Mahu2021 folded before Flop (didn't bet)



PokerStars Zoom Hand #255135458834:  Hold'em No Limit ($0.05/$0.10) - 2025/03/04 15:36:19 CET [2025/03/04 9:36:19 ET]
Table 'Aludra' 6-max Seat #1 is the button
Seat 1: Nannasmand ($12.03 in chips) 
Seat 2: sigmanolimit ($26.30 in chips) 
Seat 3: acd_045 ($10.59 in chips) 
Seat 4: Mahu2021 ($9.20 in chips) 
Seat 5: beabest ($19.40 in chips) 
Seat 6: JonKing75 ($27.55 in chips) 
sigmanolimit: posts small blind $0.05
acd_045: posts big blind $0.10
*** HOLE CARDS ***
Dealt to Mahu2021 [2s Jd]
Mahu2021: folds 
beabest: folds 
JonKing75: folds 
Nannasmand: folds 
sigmanolimit: folds 
Uncalled bet ($0.05) returned to acd_045
acd_045 collected $0.10 from pot
acd_045: doesn't show hand 
*** SUMMARY ***
Total pot $0.10 | Rake $0 
Seat 1: Nannasmand (button) folded before Flop (didn't bet)
Seat 2: sigmanolimit (small blind) folded before Flop
Seat 3: acd_045 (big blind) collected ($0.10)
Seat 4: Mahu2021 folded before Flop (didn't bet)
Seat 5: beabest folded before Flop (didn't bet)
Seat 6: JonKing75 folded before Flop (didn't bet)



PokerStars Zoom Hand #255135448627:  Hold'em No Limit ($0.05/$0.10) - 2025/03/04 15:35:21 CET [2025/03/04 9:35:21 ET]
Table 'Aludra' 6-max Seat #1 is the button
Seat 1: Rhizic ($10 in chips) 
Seat 2: Frieda1810 ($5.62 in chips) 
Seat 3: rullorh ($15.50 in chips) 
Seat 4: Mahu2021 ($9.35 in chips) 
Seat 5: zinluz ($16.21 in chips) 
Seat 6: yoopek ($9.48 in chips) 
Frieda1810: posts small blind $0.05
rullorh: posts big blind $0.10
*** HOLE CARDS ***
Dealt to Mahu2021 [7h 6d]
Mahu2021: folds 
zinluz: folds 
yoopek: raises $0.15 to $0.25
Rhizic: raises $0.50 to $0.75
Frieda1810: folds 
rullorh: folds 
yoopek: calls $0.50
*** FLOP *** [2c Qs 3d]
yoopek: checks 
Rhizic: bets $1.20
yoopek: calls $1.20
*** TURN *** [2c Qs 3d] [2d]
yoopek: checks 
Rhizic: checks 
*** RIVER *** [2c Qs 3d 2d] [Qd]
yoopek: bets $2.55
Rhizic: folds 
Uncalled bet ($2.55) returned to yoopek
yoopek collected $3.87 from pot
yoopek: doesn't show hand 
*** SUMMARY ***
Total pot $4.05 | Rake $0.18 
Board [2c Qs 3d 2d Qd]
Seat 1: Rhizic (button) folded on the River
Seat 2: Frieda1810 (small blind) folded before Flop
Seat 3: rullorh (big blind) folded before Flop
Seat 4: Mahu2021 folded before Flop (didn't bet)
Seat 5: zinluz folded before Flop (didn't bet)
Seat 6: yoopek collected ($3.87)



PokerStars Zoom Hand #255135460264:  Hold'em No Limit ($0.05/$0.10) - 2025/03/04 15:36:28 CET [2025/03/04 9:36:28 ET]
Table 'Aludra' 6-max Seat #1 is the button
Seat 1: Mahu2021 ($9.20 in chips) 
Seat 2: charlesws25 ($10 in chips) 
Seat 3: putzkedudu ($10.33 in chips) 
Seat 4: lukzinn11 ($13.19 in chips) 
Seat 5: Koze 72 ($21.68 in chips) 
Seat 6: Smailodon ($4.65 in chips) 
charlesws25: posts small blind $0.05
putzkedudu: posts big blind $0.10
*** HOLE CARDS ***
Dealt to Mahu2021 [2c Tc]
lukzinn11: folds 
Koze 72: folds 
Smailodon: folds 
Mahu2021: folds 
charlesws25: raises $0.20 to $0.30
putzkedudu: folds 
Uncalled bet ($0.20) returned to charlesws25
charlesws25 collected $0.20 from pot
charlesws25: doesn't show hand 
*** SUMMARY ***
Total pot $0.20 | Rake $0 
Seat 1: Mahu2021 (button) folded before Flop (didn't bet)
Seat 2: charlesws25 (small blind) collected ($0.20)
Seat 3: putzkedudu (big blind) folded before Flop
Seat 4: lukzinn11 folded before Flop (didn't bet)
Seat 5: Koze 72 folded before Flop (didn't bet)
Seat 6: Smailodon folded before Flop (didn't bet)



PokerStars Zoom Hand #255135460953:  Hold'em No Limit ($0.05/$0.10) - 2025/03/04 15:36:32 CET [2025/03/04 9:36:32 ET]
Table 'Aludra' 6-max Seat #1 is the button
Seat 1: Deox666 ($10.38 in chips) 
Seat 2: yoopek ($11.40 in chips) 
Seat 3: Mahu2021 ($9.20 in chips) 
Seat 4: asdf1056 ($13.69 in chips) 
Seat 5: marcioadrs ($12.16 in chips) 
Seat 6: Mr. Dolmer ($33.36 in chips) 
yoopek: posts small blind $0.05
Mahu2021: posts big blind $0.10
*** HOLE CARDS ***
Dealt to Mahu2021 [Qc 2d]
asdf1056: folds 
marcioadrs: folds 
Mr. Dolmer: folds 
Deox666: raises $0.15 to $0.25
yoopek: folds 
Mahu2021: folds 
Uncalled bet ($0.15) returned to Deox666
Deox666 collected $0.25 from pot
Deox666: doesn't show hand 
*** SUMMARY ***
Total pot $0.25 | Rake $0 
Seat 1: Deox666 (button) collected ($0.25)
Seat 2: yoopek (small blind) folded before Flop
Seat 3: Mahu2021 (big blind) folded before Flop
Seat 4: asdf1056 folded before Flop (didn't bet)
Seat 5: marcioadrs folded before Flop (didn't bet)
Seat 6: Mr. Dolmer folded before Flop (didn't bet)



PokerStars Zoom Hand #255135463934:  Hold'em No Limit ($0.05/$0.10) - 2025/03/04 15:36:49 CET [2025/03/04 9:36:49 ET]
Table 'Aludra' 6-max Seat #1 is the button
Seat 1: putzkedudu ($10 in chips) 
Seat 2: beas7m0de ($18.04 in chips) 
Seat 3: kufufu ($31.19 in chips) 
Seat 4: acebob999 ($10.89 in chips) 
Seat 5: aoi_0509 ($10 in chips) 
Seat 6: Mahu2021 ($9.10 in chips) 
beas7m0de: posts small blind $0.05
kufufu: posts big blind $0.10
*** HOLE CARDS ***
Dealt to Mahu2021 [Kd 5h]
acebob999: folds 
aoi_0509: folds 
Mahu2021: folds 
putzkedudu: raises $0.10 to $0.20
beas7m0de: folds 
kufufu: folds 
Uncalled bet ($0.10) returned to putzkedudu
putzkedudu collected $0.25 from pot
putzkedudu: doesn't show hand 
*** SUMMARY ***
Total pot $0.25 | Rake $0 
Seat 1: putzkedudu (button) collected ($0.25)
Seat 2: beas7m0de (small blind) folded before Flop
Seat 3: kufufu (big blind) folded before Flop
Seat 4: acebob999 folded before Flop (didn't bet)
Seat 5: aoi_0509 folded before Flop (didn't bet)
Seat 6: Mahu2021 folded before Flop (didn't bet)



PokerStars Zoom Hand #255135458152:  Hold'em No Limit ($0.05/$0.10) - 2025/03/04 15:36:16 CET [2025/03/04 9:36:16 ET]
Table 'Aludra' 6-max Seat #1 is the button
Seat 1: mlange ($3.34 in chips) 
Seat 2: Koze 72 ($11.11 in chips) 
Seat 3: Mimick020219 ($12.17 in chips) 
Seat 4: Calvis_lol ($11.86 in chips) 
Seat 5: Mahu2021 ($9.20 in chips) 
Seat 6: alvear97 ($4.70 in chips) 
Koze 72: posts small blind $0.05
Mimick020219: posts big blind $0.10
*** HOLE CARDS ***
Dealt to Mahu2021 [Ac 3h]
Calvis_lol: folds 
Mahu2021: folds 
alvear97: raises $0.12 to $0.22
mlange: calls $0.22
Koze 72: calls $0.17
Mimick020219: folds 
*** FLOP *** [9h 7h 5s]
Koze 72: checks 
alvear97: bets $0.37
mlange: calls $0.37
Koze 72: calls $0.37
*** TURN *** [9h 7h 5s] [3s]
Koze 72: checks 
alvear97: bets $0.90
mlange: folds 
Koze 72: folds 
Uncalled bet ($0.90) returned to alvear97
alvear97 collected $1.79 from pot
alvear97: doesn't show hand 
*** SUMMARY ***
Total pot $1.87 | Rake $0.08 
Board [9h 7h 5s 3s]
Seat 1: mlange (button) folded on the Turn
Seat 2: Koze 72 (small blind) folded on the Turn
Seat 3: Mimick020219 (big blind) folded before Flop
Seat 4: Calvis_lol folded before Flop (didn't bet)
Seat 5: Mahu2021 folded before Flop (didn't bet)
Seat 6: alvear97 collected ($1.79)



PokerStars Zoom Hand #255135464815:  Hold'em No Limit ($0.05/$0.10) - 2025/03/04 15:36:54 CET [2025/03/04 9:36:54 ET]
Table 'Aludra' 6-max Seat #1 is the button
Seat 1: Lim 2589 ($12.07 in chips) 
Seat 2: Mahu2021 ($9.10 in chips) 
Seat 3: dmaap1 ($10 in chips) 
Seat 4: Blast4Sure ($23.42 in chips) 
Seat 5: Mimick020219 ($11.72 in chips) 
Seat 6: Eliminate50 ($5.52 in chips) 
Mahu2021: posts small blind $0.05
dmaap1: posts big blind $0.10
*** HOLE CARDS ***
Dealt to Mahu2021 [3d Th]
Blast4Sure: folds 
Mimick020219: folds 
Eliminate50: calls $0.10
Lim 2589: folds 
Mahu2021: folds 
dmaap1: checks 
*** FLOP *** [2d Qs 6d]
dmaap1: checks 
Eliminate50: bets $0.10
dmaap1: folds 
Uncalled bet ($0.10) returned to Eliminate50
Eliminate50 collected $0.24 from pot
Eliminate50: doesn't show hand 
*** SUMMARY ***
Total pot $0.25 | Rake $0.01 
Board [2d Qs 6d]
Seat 1: Lim 2589 (button) folded before Flop (didn't bet)
Seat 2: Mahu2021 (small blind) folded before Flop
Seat 3: dmaap1 (big blind) folded on the Flop
Seat 4: Blast4Sure folded before Flop (didn't bet)
Seat 5: Mimick020219 folded before Flop (didn't bet)
Seat 6: Eliminate50 collected ($0.24)



PokerStars Zoom Hand #255135465521:  Hold'em No Limit ($0.05/$0.10) - 2025/03/04 15:36:58 CET [2025/03/04 9:36:58 ET]
Table 'Aludra' 6-max Seat #1 is the button
Seat 1: iulianortega ($8.71 in chips) 
Seat 2: Blast4Sure ($23.42 in chips) 
Seat 3: Lim 2589 ($12.07 in chips) 
Seat 4: Deox666 ($10.53 in chips) 
Seat 5: Mahu2021 ($9.05 in chips) 
Seat 6: MasterK0830 ($18.79 in chips) 
Blast4Sure: posts small blind $0.05
Lim 2589: posts big blind $0.10
*** HOLE CARDS ***
Dealt to Mahu2021 [9h Ah]
Deox666: folds 
Mahu2021: raises $0.14 to $0.24
MasterK0830: folds 
iulianortega: folds 
Blast4Sure: folds 
Lim 2589: calls $0.14
*** FLOP *** [6s 8h Ts]
Lim 2589: checks 
Mahu2021: checks 
*** TURN *** [6s 8h Ts] [Jh]
Lim 2589: checks 
Mahu2021: bets $0.51
Lim 2589: folds 
Uncalled bet ($0.51) returned to Mahu2021
Mahu2021 collected $0.51 from pot
Mahu2021: doesn't show hand 
*** SUMMARY ***
Total pot $0.53 | Rake $0.02 
Board [6s 8h Ts Jh]
Seat 1: iulianortega (button) folded before Flop (didn't bet)
Seat 2: Blast4Sure (small blind) folded before Flop
Seat 3: Lim 2589 (big blind) folded on the Turn
Seat 4: Deox666 folded before Flop (didn't bet)
Seat 5: Mahu2021 collected ($0.51)
Seat 6: MasterK0830 folded before Flop (didn't bet)



PokerStars Zoom Hand #255135472519:  Hold'em No Limit ($0.05/$0.10) - 2025/03/04 15:37:38 CET [2025/03/04 9:37:38 ET]
Table 'Aludra' 6-max Seat #1 is the button
Seat 1: WT@LL ($9.39 in chips) 
Seat 2: beabest ($19.20 in chips) 
Seat 3: Rhizic ($11.64 in chips) 
Seat 4: Mahu2021 ($9.32 in chips) 
Seat 5: P1ntail ($10.10 in chips) 
Seat 6: dhdh0506 ($10.89 in chips) 
beabest: posts small blind $0.05
Rhizic: posts big blind $0.10
*** HOLE CARDS ***
Dealt to Mahu2021 [Js 4c]
Mahu2021: folds 
P1ntail: raises $0.15 to $0.25
dhdh0506: folds 
WT@LL: raises $0.35 to $0.60
beabest: folds 
Rhizic: folds 
P1ntail: folds 
Uncalled bet ($0.35) returned to WT@LL
WT@LL collected $0.65 from pot
WT@LL: doesn't show hand 
*** SUMMARY ***
Total pot $0.65 | Rake $0 
Seat 1: WT@LL (button) collected ($0.65)
Seat 2: beabest (small blind) folded before Flop
Seat 3: Rhizic (big blind) folded before Flop
Seat 4: Mahu2021 folded before Flop (didn't bet)
Seat 5: P1ntail folded before Flop
Seat 6: dhdh0506 folded before Flop (didn't bet)



PokerStars Zoom Hand #255135473204:  Hold'em No Limit ($0.05/$0.10) - 2025/03/04 15:37:42 CET [2025/03/04 9:37:42 ET]
Table 'Aludra' 6-max Seat #1 is the button
Seat 1: beabest ($19.15 in chips) 
Seat 2: dmaap1 ($10 in chips) 
Seat 3: zinluz ($16.01 in chips) 
Seat 4: Deox666 ($10.86 in chips) 
Seat 5: Mahu2021 ($9.32 in chips) 
Seat 6: aoi_0509 ($10 in chips) 
dmaap1: posts small blind $0.05
zinluz: posts big blind $0.10
*** HOLE CARDS ***
Dealt to Mahu2021 [6s Tc]
Deox666: folds 
Mahu2021: folds 
aoi_0509: raises $0.15 to $0.25
beabest: raises $0.60 to $0.85
dmaap1: folds 
zinluz: folds 
aoi_0509: raises $1.35 to $2.20
beabest: calls $1.35
*** FLOP *** [8d 3h 6d]
aoi_0509: bets $2.18
beabest: folds 
Uncalled bet ($2.18) returned to aoi_0509
aoi_0509 collected $4.35 from pot
aoi_0509: doesn't show hand 
*** SUMMARY ***
Total pot $4.55 | Rake $0.20 
Board [8d 3h 6d]
Seat 1: beabest (button) folded on the Flop
Seat 2: dmaap1 (small blind) folded before Flop
Seat 3: zinluz (big blind) folded before Flop
Seat 4: Deox666 folded before Flop (didn't bet)
Seat 5: Mahu2021 folded before Flop (didn't bet)
Seat 6: aoi_0509 collected ($4.35)



PokerStars Zoom Hand #255135474093:  Hold'em No Limit ($0.05/$0.10) - 2025/03/04 15:37:47 CET [2025/03/04 9:37:47 ET]
Table 'Aludra' 6-max Seat #1 is the button
Seat 1: kufufu ($31.24 in chips) 
Seat 2: pokerzyst222 ($9.90 in chips) 
Seat 3: Mahu2021 ($9.32 in chips) 
Seat 4: c0pp0ck ($10 in chips) 
Seat 5: putzkedudu ($11.38 in chips) 
Seat 6: Lim 2589 ($15.09 in chips) 
pokerzyst222: posts small blind $0.05
Mahu2021: posts big blind $0.10
*** HOLE CARDS ***
Dealt to Mahu2021 [7s 6h]
c0pp0ck: folds 
putzkedudu: raises $0.10 to $0.20
Lim 2589: folds 
kufufu: folds 
pokerzyst222: folds 
Mahu2021: calls $0.10
*** FLOP *** [Qc Jh 7d]
Mahu2021: checks 
putzkedudu: bets $0.11
Mahu2021: calls $0.11
*** TURN *** [Qc Jh 7d] [Jd]
Mahu2021: checks 
putzkedudu: checks 
*** RIVER *** [Qc Jh 7d Jd] [9s]
Mahu2021: checks 
putzkedudu: bets $0.48
Mahu2021: folds 
Uncalled bet ($0.48) returned to putzkedudu
putzkedudu collected $0.64 from pot
putzkedudu: doesn't show hand 
*** SUMMARY ***
Total pot $0.67 | Rake $0.03 
Board [Qc Jh 7d Jd 9s]
Seat 1: kufufu (button) folded before Flop (didn't bet)
Seat 2: pokerzyst222 (small blind) folded before Flop
Seat 3: Mahu2021 (big blind) folded on the River
Seat 4: c0pp0ck folded before Flop (didn't bet)
Seat 5: putzkedudu collected ($0.64)
Seat 6: Lim 2589 folded before Flop (didn't bet)



PokerStars Zoom Hand #255135482091:  Hold'em No Limit ($0.05/$0.10) - 2025/03/04 15:38:33 CET [2025/03/04 9:38:33 ET]
Table 'Aludra' 6-max Seat #1 is the button
Seat 1: Mahu2021 ($9.01 in chips) 
Seat 2: Lim 2589 ($23.57 in chips) 
Seat 3: DEMONGOD9 ($8.84 in chips) 
Seat 4: rullorh ($17.39 in chips) 
Seat 5: alexx 21102 ($10.83 in chips) 
Seat 6: tafarel8 ($15.98 in chips) 
Lim 2589: posts small blind $0.05
DEMONGOD9: posts big blind $0.10
*** HOLE CARDS ***
Dealt to Mahu2021 [4h 2h]
rullorh: folds 
alexx 21102: folds 
tafarel8: folds 
Mahu2021: folds 
Lim 2589: raises $0.20 to $0.30
DEMONGOD9: calls $0.20
*** FLOP *** [Qs 2s 3h]
Lim 2589: bets $0.19
DEMONGOD9: folds 
Uncalled bet ($0.19) returned to Lim 2589
Lim 2589 collected $0.57 from pot
Lim 2589: doesn't show hand 
*** SUMMARY ***
Total pot $0.60 | Rake $0.03 
Board [Qs 2s 3h]
Seat 1: Mahu2021 (button) folded before Flop (didn't bet)
Seat 2: Lim 2589 (small blind) collected ($0.57)
Seat 3: DEMONGOD9 (big blind) folded on the Flop
Seat 4: rullorh folded before Flop (didn't bet)
Seat 5: alexx 21102 folded before Flop (didn't bet)
Seat 6: tafarel8 folded before Flop (didn't bet)



PokerStars Zoom Hand #255135483136:  Hold'em No Limit ($0.05/$0.10) - 2025/03/04 15:38:39 CET [2025/03/04 9:38:39 ET]
Table 'Aludra' 6-max Seat #1 is the button
Seat 1: Smailodon ($6.83 in chips) 
Seat 2: Mahu2021 ($9.01 in chips) 
Seat 3: Deox666 ($10.43 in chips) 
Seat 4: Lim 2589 ($24.01 in chips) 
Seat 5: dhdh0506 ($11.69 in chips) 
Seat 6: D_Kwal ($18.22 in chips) 
Mahu2021: posts small blind $0.05
Deox666: posts big blind $0.10
*** HOLE CARDS ***
Dealt to Mahu2021 [5c 4c]
Lim 2589: folds 
dhdh0506: folds 
D_Kwal: folds 
Smailodon: raises $0.10 to $0.20
Mahu2021: calls $0.15
Deox666: calls $0.10
*** FLOP *** [As 3s Qh]
Mahu2021: checks 
Deox666: checks 
Smailodon: bets $0.57
Mahu2021: folds 
Deox666: folds 
Uncalled bet ($0.57) returned to Smailodon
Smailodon collected $0.57 from pot
Smailodon: doesn't show hand 
*** SUMMARY ***
Total pot $0.60 | Rake $0.03 
Board [As 3s Qh]
Seat 1: Smailodon (button) collected ($0.57)
Seat 2: Mahu2021 (small blind) folded on the Flop
Seat 3: Deox666 (big blind) folded on the Flop
Seat 4: Lim 2589 folded before Flop (didn't bet)
Seat 5: dhdh0506 folded before Flop (didn't bet)
Seat 6: D_Kwal folded before Flop (didn't bet)



PokerStars Zoom Hand #255135488186:  Hold'em No Limit ($0.05/$0.10) - 2025/03/04 15:39:08 CET [2025/03/04 9:39:08 ET]
Table 'Aludra' 6-max Seat #1 is the button
Seat 1: kikki994 ($24.21 in chips) 
Seat 2: Mr. Dolmer ($10 in chips) 
Seat 3: Eliminate50 ($6.14 in chips) 
Seat 4: Mahu2021 ($8.81 in chips) 
Seat 5: Clicker89 ($10 in chips) 
Seat 6: Calvis_lol ($10.19 in chips) 
Mr. Dolmer: posts small blind $0.05
Eliminate50: posts big blind $0.10
*** HOLE CARDS ***
Dealt to Mahu2021 [Th 3s]
Mahu2021: folds 
Clicker89: folds 
Calvis_lol: folds 
kikki994: folds 
Mr. Dolmer: folds 
Uncalled bet ($0.05) returned to Eliminate50
Eliminate50 collected $0.10 from pot
Eliminate50: doesn't show hand 
*** SUMMARY ***
Total pot $0.10 | Rake $0 
Seat 1: kikki994 (button) folded before Flop (didn't bet)
Seat 2: Mr. Dolmer (small blind) folded before Flop
Seat 3: Eliminate50 (big blind) collected ($0.10)
Seat 4: Mahu2021 folded before Flop (didn't bet)
Seat 5: Clicker89 folded before Flop (didn't bet)
Seat 6: Calvis_lol folded before Flop (didn't bet)



PokerStars Zoom Hand #255135489544:  Hold'em No Limit ($0.05/$0.10) - 2025/03/04 15:39:16 CET [2025/03/04 9:39:16 ET]
Table 'Aludra' 6-max Seat #1 is the button
Seat 1: charlesws25 ($10.35 in chips) 
Seat 2: Al Fr€d 69 ($10 in chips) 
Seat 3: Mahu2021 ($8.81 in chips) 
Seat 4: beabest ($13.45 in chips) 
Seat 5: math2210 ($10 in chips) 
Seat 6: marcioadrs ($12.94 in chips) 
Al Fr€d 69: posts small blind $0.05
Mahu2021: posts big blind $0.10
*** HOLE CARDS ***
Dealt to Mahu2021 [Td 8c]
beabest: raises $0.17 to $0.27
math2210: folds 
marcioadrs: folds 
charlesws25: folds 
Al Fr€d 69: folds 
Mahu2021: folds 
Uncalled bet ($0.17) returned to beabest
beabest collected $0.25 from pot
beabest: doesn't show hand 
*** SUMMARY ***
Total pot $0.25 | Rake $0 
Seat 1: charlesws25 (button) folded before Flop (didn't bet)
Seat 2: Al Fr€d 69 (small blind) folded before Flop
Seat 3: Mahu2021 (big blind) folded before Flop
Seat 4: beabest collected ($0.25)
Seat 5: math2210 folded before Flop (didn't bet)
Seat 6: marcioadrs folded before Flop (didn't bet)



PokerStars Zoom Hand #255135488869:  Hold'em No Limit ($0.05/$0.10) - 2025/03/04 15:39:12 CET [2025/03/04 9:39:12 ET]
Table 'Aludra' 6-max Seat #1 is the button
Seat 1: Mr. Dolmer ($10 in chips) 
Seat 2: Clicker89 ($9.90 in chips) 
Seat 3: IVERNMAN ($14.54 in chips) 
Seat 4: yoopek ($6.88 in chips) 
Seat 5: Mahu2021 ($8.81 in chips) 
Seat 6: beabest ($13.35 in chips) 
Clicker89: posts small blind $0.05
IVERNMAN: posts big blind $0.10
*** HOLE CARDS ***
Dealt to Mahu2021 [Th 3h]
yoopek: raises $0.10 to $0.20
Mahu2021: folds 
beabest: folds 
Mr. Dolmer: folds 
Clicker89: raises $0.60 to $0.80
IVERNMAN: folds 
yoopek: raises $6.08 to $6.88 and is all-in
Clicker89: folds 
Uncalled bet ($6.08) returned to yoopek
yoopek collected $1.70 from pot
yoopek: doesn't show hand 
*** SUMMARY ***
Total pot $1.70 | Rake $0 
Seat 1: Mr. Dolmer (button) folded before Flop (didn't bet)
Seat 2: Clicker89 (small blind) folded before Flop
Seat 3: IVERNMAN (big blind) folded before Flop
Seat 4: yoopek collected ($1.70)
Seat 5: Mahu2021 folded before Flop (didn't bet)
Seat 6: beabest folded before Flop (didn't bet)



PokerStars Zoom Hand #255135487473:  Hold'em No Limit ($0.05/$0.10) - 2025/03/04 15:39:04 CET [2025/03/04 9:39:04 ET]
Table 'Aludra' 6-max Seat #1 is the button
Seat 1: Mimick020219 ($10.84 in chips) 
Seat 2: Calvis_lol ($10.24 in chips) 
Seat 3: Lim 2589 ($15.24 in chips) 
Seat 4: BenCbal ($27.64 in chips) 
Seat 5: pokerzyst222 ($9.70 in chips) 
Seat 6: Mahu2021 ($8.81 in chips) 
Calvis_lol: posts small blind $0.05
Lim 2589: posts big blind $0.10
*** HOLE CARDS ***
Dealt to Mahu2021 [2d 8h]
BenCbal: raises $0.10 to $0.20
pokerzyst222: calls $0.20
Mahu2021: folds 
Mimick020219: calls $0.20
Calvis_lol: folds 
Lim 2589: folds 
*** FLOP *** [Kd Tc 3h]
BenCbal: bets $0.24
pokerzyst222: calls $0.24
Mimick020219: calls $0.24
*** TURN *** [Kd Tc 3h] [5c]
BenCbal: checks 
pokerzyst222: bets $0.50
Mimick020219: calls $0.50
BenCbal: calls $0.50
*** RIVER *** [Kd Tc 3h 5c] [6d]
BenCbal: checks 
pokerzyst222: checks 
Mimick020219: bets $2
BenCbal: folds 
pokerzyst222: folds 
Uncalled bet ($2) returned to Mimick020219
Mimick020219 collected $2.84 from pot
Mimick020219: doesn't show hand 
*** SUMMARY ***
Total pot $2.97 | Rake $0.13 
Board [Kd Tc 3h 5c 6d]
Seat 1: Mimick020219 (button) collected ($2.84)
Seat 2: Calvis_lol (small blind) folded before Flop
Seat 3: Lim 2589 (big blind) folded before Flop
Seat 4: BenCbal folded on the River
Seat 5: pokerzyst222 folded on the River
Seat 6: Mahu2021 folded before Flop (didn't bet)



PokerStars Zoom Hand #255135492484:  Hold'em No Limit ($0.05/$0.10) - 2025/03/04 15:39:33 CET [2025/03/04 9:39:33 ET]
Table 'Aludra' 6-max Seat #1 is the button
Seat 1: Mimick020219 ($15.48 in chips) 
Seat 2: Mahu2021 ($8.71 in chips) 
Seat 3: beabest ($28.48 in chips) 
Seat 4: MasterK0830 ($10 in chips) 
Seat 5: JonKing75 ($18.18 in chips) 
Seat 6: royacht ($10.26 in chips) 
Mahu2021: posts small blind $0.05
beabest: posts big blind $0.10
*** HOLE CARDS ***
Dealt to Mahu2021 [2s 9h]
MasterK0830: folds 
JonKing75: folds 
royacht: folds 
Mimick020219: raises $0.20 to $0.30
Mahu2021: folds 
beabest: raises $0.55 to $0.85
Mimick020219: folds 
Uncalled bet ($0.55) returned to beabest
beabest collected $0.65 from pot
beabest: doesn't show hand 
*** SUMMARY ***
Total pot $0.65 | Rake $0 
Seat 1: Mimick020219 (button) folded before Flop
Seat 2: Mahu2021 (small blind) folded before Flop
Seat 3: beabest (big blind) collected ($0.65)
Seat 4: MasterK0830 folded before Flop (didn't bet)
Seat 5: JonKing75 folded before Flop (didn't bet)
Seat 6: royacht folded before Flop (didn't bet)



PokerStars Zoom Hand #255135494599:  Hold'em No Limit ($0.05/$0.10) - 2025/03/04 15:39:45 CET [2025/03/04 9:39:45 ET]
Table 'Aludra' 6-max Seat #1 is the button
Seat 1: shortstackpro ($6.87 in chips) 
Seat 2: putzkedudu ($11.51 in chips) 
Seat 3: sigmanolimit ($19.43 in chips) 
Seat 4: marcioadrs ($10.12 in chips) 
Seat 5: Rhizic ($12.27 in chips) 
Seat 6: Mahu2021 ($8.66 in chips) 
putzkedudu: posts small blind $0.05
sigmanolimit: posts big blind $0.10
*** HOLE CARDS ***
Dealt to Mahu2021 [5c 4d]
marcioadrs: folds 
Rhizic: folds 
Mahu2021: folds 
shortstackpro: raises $0.20 to $0.30
putzkedudu: folds 
sigmanolimit: folds 
Uncalled bet ($0.20) returned to shortstackpro
shortstackpro collected $0.25 from pot
shortstackpro: doesn't show hand 
*** SUMMARY ***
Total pot $0.25 | Rake $0 
Seat 1: shortstackpro (button) collected ($0.25)
Seat 2: putzkedudu (small blind) folded before Flop
Seat 3: sigmanolimit (big blind) folded before Flop
Seat 4: marcioadrs folded before Flop (didn't bet)
Seat 5: Rhizic folded before Flop (didn't bet)
Seat 6: Mahu2021 folded before Flop (didn't bet)



PokerStars Zoom Hand #255135495986:  Hold'em No Limit ($0.05/$0.10) - 2025/03/04 15:39:53 CET [2025/03/04 9:39:53 ET]
Table 'Aludra' 6-max Seat #1 is the button
Seat 1: Deox666 ($10 in chips) 
Seat 2: dhdh0506 ($10.50 in chips) 
Seat 3: Al Fr€d 69 ($9.95 in chips) 
Seat 4: tafarel8 ($18.99 in chips) 
Seat 5: alvear97 ($5.45 in chips) 
Seat 6: Mahu2021 ($8.66 in chips) 
dhdh0506: posts small blind $0.05
Al Fr€d 69: posts big blind $0.10
*** HOLE CARDS ***
Dealt to Mahu2021 [As 7h]
tafarel8: folds 
alvear97: folds 
Mahu2021: folds 
Deox666: raises $0.10 to $0.20
dhdh0506: folds 
Al Fr€d 69: folds 
Uncalled bet ($0.10) returned to Deox666
Deox666 collected $0.25 from pot
Deox666: doesn't show hand 
*** SUMMARY ***
Total pot $0.25 | Rake $0 
Seat 1: Deox666 (button) collected ($0.25)
Seat 2: dhdh0506 (small blind) folded before Flop
Seat 3: Al Fr€d 69 (big blind) folded before Flop
Seat 4: tafarel8 folded before Flop (didn't bet)
Seat 5: alvear97 folded before Flop (didn't bet)
Seat 6: Mahu2021 folded before Flop (didn't bet)



PokerStars Zoom Hand #255135495450:  Hold'em No Limit ($0.05/$0.10) - 2025/03/04 15:39:50 CET [2025/03/04 9:39:50 ET]
Table 'Aludra' 6-max Seat #1 is the button
Seat 1: c0pp0ck ($10 in chips) 
Seat 2: East_Zoo ($11.10 in chips) 
Seat 3: chsiebur ($13.10 in chips) 
Seat 4: Mahu2021 ($8.66 in chips) 
Seat 5: megaloshara ($12.17 in chips) 
Seat 6: Deox666 ($11.26 in chips) 
East_Zoo: posts small blind $0.05
chsiebur: posts big blind $0.10
*** HOLE CARDS ***
Dealt to Mahu2021 [Qh 3h]
Mahu2021: folds 
megaloshara: folds 
Deox666: folds 
c0pp0ck: folds 
East_Zoo: raises $0.20 to $0.30
chsiebur: calls $0.20
*** FLOP *** [7h Ts 3d]
East_Zoo: checks 
chsiebur: bets $0.30
East_Zoo: calls $0.30
*** TURN *** [7h Ts 3d] [9h]
East_Zoo: checks 
chsiebur: bets $0.60
East_Zoo: folds 
Uncalled bet ($0.60) returned to chsiebur
chsiebur collected $1.14 from pot
chsiebur: doesn't show hand 
*** SUMMARY ***
Total pot $1.20 | Rake $0.06 
Board [7h Ts 3d 9h]
Seat 1: c0pp0ck (button) folded before Flop (didn't bet)
Seat 2: East_Zoo (small blind) folded on the Turn
Seat 3: chsiebur (big blind) collected ($1.14)
Seat 4: Mahu2021 folded before Flop (didn't bet)
Seat 5: megaloshara folded before Flop (didn't bet)
Seat 6: Deox666 folded before Flop (didn't bet)



PokerStars Zoom Hand #255135499081:  Hold'em No Limit ($0.05/$0.10) - 2025/03/04 15:40:11 CET [2025/03/04 9:40:11 ET]
Table 'Aludra' 6-max Seat #1 is the button
Seat 1: asdf1056 ($12.33 in chips) 
Seat 2: Mahu2021 ($8.56 in chips) 
Seat 3: Mimick020219 ($30.44 in chips) 
Seat 4: DEMONGOD9 ($12.80 in chips) 
Seat 5: royacht ($10.06 in chips) 
Seat 6: JonKing75 ($25.68 in chips) 
Mahu2021: posts small blind $0.05
Mimick020219: posts big blind $0.10
*** HOLE CARDS ***
Dealt to Mahu2021 [5h Jd]
DEMONGOD9: folds 
royacht: folds 
JonKing75: folds 
asdf1056: raises $0.15 to $0.25
Mahu2021: folds 
Mimick020219: folds 
Uncalled bet ($0.15) returned to asdf1056
asdf1056 collected $0.25 from pot
asdf1056: doesn't show hand 
*** SUMMARY ***
Total pot $0.25 | Rake $0 
Seat 1: asdf1056 (button) collected ($0.25)
Seat 2: Mahu2021 (small blind) folded before Flop
Seat 3: Mimick020219 (big blind) folded before Flop
Seat 4: DEMONGOD9 folded before Flop (didn't bet)
Seat 5: royacht folded before Flop (didn't bet)
Seat 6: JonKing75 folded before Flop (didn't bet)



PokerStars Zoom Hand #255135493692:  Hold'em No Limit ($0.05/$0.10) - 2025/03/04 15:39:40 CET [2025/03/04 9:39:40 ET]
Table 'Aludra' 6-max Seat #1 is the button
Seat 1: Mahu2021 ($8.66 in chips) 
Seat 2: IVERNMAN ($19.31 in chips) 
Seat 3: GeoN1ck ($26.38 in chips) 
Seat 4: shortstackpro ($6.87 in chips) 
Seat 5: dmaap1 ($10 in chips) 
Seat 6: asdf1056 ($10.75 in chips) 
IVERNMAN: posts small blind $0.05
GeoN1ck: posts big blind $0.10
*** HOLE CARDS ***
Dealt to Mahu2021 [7d 3c]
shortstackpro: folds 
dmaap1: folds 
asdf1056: folds 
Mahu2021: folds 
IVERNMAN: raises $0.20 to $0.30
GeoN1ck: raises $0.40 to $0.70
IVERNMAN: calls $0.40
*** FLOP *** [9h 7c 9d]
IVERNMAN: checks 
GeoN1ck: checks 
*** TURN *** [9h 7c 9d] [3s]
IVERNMAN: checks 
GeoN1ck: bets $0.60
IVERNMAN: calls $0.60
*** RIVER *** [9h 7c 9d 3s] [8s]
IVERNMAN: checks 
GeoN1ck: bets $0.74
IVERNMAN: calls $0.74
*** SHOW DOWN ***
GeoN1ck: shows [Qd Qc] (two pair, Queens and Nines)
IVERNMAN: mucks hand 
GeoN1ck collected $3.90 from pot
*** SUMMARY ***
Total pot $4.08 | Rake $0.18 
Board [9h 7c 9d 3s 8s]
Seat 1: Mahu2021 (button) folded before Flop (didn't bet)
Seat 2: IVERNMAN (small blind) mucked [As 7s]
Seat 3: GeoN1ck (big blind) showed [Qd Qc] and won ($3.90) with two pair, Queens and Nines
Seat 4: shortstackpro folded before Flop (didn't bet)
Seat 5: dmaap1 folded before Flop (didn't bet)
Seat 6: asdf1056 folded before Flop (didn't bet)



PokerStars Zoom Hand #255135499751:  Hold'em No Limit ($0.05/$0.10) - 2025/03/04 15:40:15 CET [2025/03/04 9:40:15 ET]
Table 'Aludra' 6-max Seat #1 is the button
Seat 1: sigmanolimit ($13.88 in chips) 
Seat 2: Georkape3 ($12.88 in chips) 
Seat 3: royacht ($10.06 in chips) 
Seat 4: charlesws25 ($10.25 in chips) 
Seat 5: Mahu2021 ($8.51 in chips) 
Seat 6: kufufu ($17.73 in chips) 
Georkape3: posts small blind $0.05
royacht: posts big blind $0.10
*** HOLE CARDS ***
Dealt to Mahu2021 [Qc 7s]
charlesws25: folds 
Mahu2021: folds 
kufufu: folds 
sigmanolimit: raises $0.15 to $0.25
Georkape3: folds 
royacht: folds 
Uncalled bet ($0.15) returned to sigmanolimit
sigmanolimit collected $0.25 from pot
sigmanolimit: doesn't show hand 
*** SUMMARY ***
Total pot $0.25 | Rake $0 
Seat 1: sigmanolimit (button) collected ($0.25)
Seat 2: Georkape3 (small blind) folded before Flop
Seat 3: royacht (big blind) folded before Flop
Seat 4: charlesws25 folded before Flop (didn't bet)
Seat 5: Mahu2021 folded before Flop (didn't bet)
Seat 6: kufufu folded before Flop (didn't bet)



PokerStars Zoom Hand #255135500494:  Hold'em No Limit ($0.05/$0.10) - 2025/03/04 15:40:19 CET [2025/03/04 9:40:19 ET]
Table 'Aludra' 6-max Seat #1 is the button
Seat 1: koribut ($10.53 in chips) 
Seat 2: alexx 21102 ($10.28 in chips) 
Seat 3: Mahu2021 ($8.51 in chips) 
Seat 4: marcioadrs ($10.07 in chips) 
Seat 5: kufufu ($17.73 in chips) 
Seat 6: beabest ($16.21 in chips) 
alexx 21102: posts small blind $0.05
Mahu2021: posts big blind $0.10
*** HOLE CARDS ***
Dealt to Mahu2021 [Qc 7c]
marcioadrs: folds 
kufufu: folds 
beabest: folds 
koribut: folds 
alexx 21102: folds 
Uncalled bet ($0.05) returned to Mahu2021
Mahu2021 collected $0.10 from pot
Mahu2021: doesn't show hand 
*** SUMMARY ***
Total pot $0.10 | Rake $0 
Seat 1: koribut (button) folded before Flop (didn't bet)
Seat 2: alexx 21102 (small blind) folded before Flop
Seat 3: Mahu2021 (big blind) collected ($0.10)
Seat 4: marcioadrs folded before Flop (didn't bet)
Seat 5: kufufu folded before Flop (didn't bet)
Seat 6: beabest folded before Flop (didn't bet)



PokerStars Zoom Hand #255135498353:  Hold'em No Limit ($0.05/$0.10) - 2025/03/04 15:40:07 CET [2025/03/04 9:40:07 ET]
Table 'Aludra' 6-max Seat #1 is the button
Seat 1: East_Zoo ($17.73 in chips) 
Seat 2: Calvis_lol ($10.24 in chips) 
Seat 3: Deox666 ($10.15 in chips) 
Seat 4: JonKing75 ($18.03 in chips) 
Seat 5: Mahu2021 ($8.56 in chips) 
Seat 6: kufufu ($27.74 in chips) 
Calvis_lol: posts small blind $0.05
Deox666: posts big blind $0.10
*** HOLE CARDS ***
Dealt to Mahu2021 [Jc 8h]
JonKing75: raises $0.10 to $0.20
Mahu2021: folds 
kufufu: folds 
East_Zoo: calls $0.20
Calvis_lol: folds 
Deox666: calls $0.10
*** FLOP *** [5c 5s 3c]
Deox666: checks 
JonKing75: checks 
East_Zoo: checks 
*** TURN *** [5c 5s 3c] [Th]
Deox666: bets $0.48
JonKing75: folds 
East_Zoo: folds 
Uncalled bet ($0.48) returned to Deox666
Deox666 collected $0.62 from pot
Deox666: doesn't show hand 
*** SUMMARY ***
Total pot $0.65 | Rake $0.03 
Board [5c 5s 3c Th]
Seat 1: East_Zoo (button) folded on the Turn
Seat 2: Calvis_lol (small blind) folded before Flop
Seat 3: Deox666 (big blind) collected ($0.62)
Seat 4: JonKing75 folded on the Turn
Seat 5: Mahu2021 folded before Flop (didn't bet)
Seat 6: kufufu folded before Flop (didn't bet)



PokerStars Zoom Hand #255135503302:  Hold'em No Limit ($0.05/$0.10) - 2025/03/04 15:40:35 CET [2025/03/04 9:40:35 ET]
Table 'Aludra' 6-max Seat #1 is the button
Seat 1: alvear97 ($4.87 in chips) 
Seat 2: Mahu2021 ($8.56 in chips) 
Seat 3: Mimick020219 ($30.34 in chips) 
Seat 4: Footraiser ($11.31 in chips) 
Seat 5: Deox666 ($10.57 in chips) 
Seat 6: iulianortega ($8.18 in chips) 
Mahu2021: posts small blind $0.05
Mimick020219: posts big blind $0.10
*** HOLE CARDS ***
Dealt to Mahu2021 [Ad 2s]
Footraiser: folds 
Deox666: folds 
iulianortega: folds 
alvear97: folds 
Mahu2021: folds 
Uncalled bet ($0.05) returned to Mimick020219
Mimick020219 collected $0.10 from pot
Mimick020219: doesn't show hand 
*** SUMMARY ***
Total pot $0.10 | Rake $0 
Seat 1: alvear97 (button) folded before Flop (didn't bet)
Seat 2: Mahu2021 (small blind) folded before Flop
Seat 3: Mimick020219 (big blind) collected ($0.10)
Seat 4: Footraiser folded before Flop (didn't bet)
Seat 5: Deox666 folded before Flop (didn't bet)
Seat 6: iulianortega folded before Flop (didn't bet)



PokerStars Zoom Hand #255135504096:  Hold'em No Limit ($0.05/$0.10) - 2025/03/04 15:40:40 CET [2025/03/04 9:40:40 ET]
Table 'Aludra' 6-max Seat #1 is the button
Seat 1: asdf1056 ($12.43 in chips) 
Seat 2: sigmanolimit ($19.93 in chips) 
Seat 3: acd_045 ($10.24 in chips) 
Seat 4: math2210 ($10 in chips) 
Seat 5: Mr. Dolmer ($10 in chips) 
Seat 6: Mahu2021 ($8.51 in chips) 
sigmanolimit: posts small blind $0.05
acd_045: posts big blind $0.10
*** HOLE CARDS ***
Dealt to Mahu2021 [9s 2s]
math2210: folds 
Mr. Dolmer: folds 
Mahu2021: folds 
asdf1056: folds 
sigmanolimit: raises $0.10 to $0.20
acd_045: folds 
Uncalled bet ($0.10) returned to sigmanolimit
sigmanolimit collected $0.20 from pot
sigmanolimit: doesn't show hand 
*** SUMMARY ***
Total pot $0.20 | Rake $0 
Seat 1: asdf1056 (button) folded before Flop (didn't bet)
Seat 2: sigmanolimit (small blind) collected ($0.20)
Seat 3: acd_045 (big blind) folded before Flop
Seat 4: math2210 folded before Flop (didn't bet)
Seat 5: Mr. Dolmer folded before Flop (didn't bet)
Seat 6: Mahu2021 folded before Flop (didn't bet)



PokerStars Zoom Hand #255135501875:  Hold'em No Limit ($0.05/$0.10) - 2025/03/04 15:40:27 CET [2025/03/04 9:40:27 ET]
Table 'Aludra' 6-max Seat #1 is the button
Seat 1: Mahu2021 ($8.56 in chips) 
Seat 2: Rhizic ($12.02 in chips) 
Seat 3: zALEXKAYz ($10.10 in chips) 
Seat 4: royacht ($9.96 in chips) 
Seat 5: dmaap1 ($10.10 in chips) 
Seat 6: zinluz ($14.67 in chips) 
Rhizic: posts small blind $0.05
zALEXKAYz: posts big blind $0.10
*** HOLE CARDS ***
Dealt to Mahu2021 [4d 5s]
royacht: calls $0.10
dmaap1: raises $0.20 to $0.30
zinluz: folds 
Mahu2021: folds 
Rhizic: folds 
zALEXKAYz: folds 
royacht: calls $0.20
*** FLOP *** [6d 5d 8s]
royacht: checks 
dmaap1: bets $0.36
royacht: folds 
Uncalled bet ($0.36) returned to dmaap1
dmaap1 collected $0.72 from pot
dmaap1: doesn't show hand 
*** SUMMARY ***
Total pot $0.75 | Rake $0.03 
Board [6d 5d 8s]
Seat 1: Mahu2021 (button) folded before Flop (didn't bet)
Seat 2: Rhizic (small blind) folded before Flop
Seat 3: zALEXKAYz (big blind) folded before Flop
Seat 4: royacht folded on the Flop
Seat 5: dmaap1 collected ($0.72)
Seat 6: zinluz folded before Flop (didn't bet)



PokerStars Zoom Hand #255135502616:  Hold'em No Limit ($0.05/$0.10) - 2025/03/04 15:40:31 CET [2025/03/04 9:40:31 ET]
Table 'Aludra' 6-max Seat #1 is the button
Seat 1: alexx 21102 ($10.23 in chips) 
Seat 2: GeoN1ck ($28.24 in chips) 
Seat 3: D_Kwal ($10 in chips) 
Seat 4: Mahu2021 ($8.56 in chips) 
Seat 5: Deox666 ($11.91 in chips) 
Seat 6: JonKing75 ($17.83 in chips) 
GeoN1ck: posts small blind $0.05
D_Kwal: posts big blind $0.10
*** HOLE CARDS ***
Dealt to Mahu2021 [4d As]
Mahu2021: folds 
Deox666: folds 
JonKing75: raises $0.15 to $0.25
alexx 21102: raises $0.55 to $0.80
GeoN1ck: folds 
D_Kwal: folds 
JonKing75: folds 
Uncalled bet ($0.55) returned to alexx 21102
alexx 21102 collected $0.65 from pot
alexx 21102: doesn't show hand 
*** SUMMARY ***
Total pot $0.65 | Rake $0 
Seat 1: alexx 21102 (button) collected ($0.65)
Seat 2: GeoN1ck (small blind) folded before Flop
Seat 3: D_Kwal (big blind) folded before Flop
Seat 4: Mahu2021 folded before Flop (didn't bet)
Seat 5: Deox666 folded before Flop (didn't bet)
Seat 6: JonKing75 folded before Flop



PokerStars Zoom Hand #255135506039:  Hold'em No Limit ($0.05/$0.10) - 2025/03/04 15:40:51 CET [2025/03/04 9:40:51 ET]
Table 'Aludra' 6-max Seat #1 is the button
Seat 1: dhdh0506 ($11.68 in chips) 
Seat 2: Koze 72 ($15.05 in chips) 
Seat 3: Mahu2021 ($8.51 in chips) 
Seat 4: koribut ($10 in chips) 
Seat 5: mlange ($4.01 in chips) 
Seat 6: IVERNMAN ($11.31 in chips) 
Koze 72: posts small blind $0.05
Mahu2021: posts big blind $0.10
*** HOLE CARDS ***
Dealt to Mahu2021 [5d 9h]
koribut: folds 
mlange: folds 
IVERNMAN: folds 
dhdh0506: folds 
Koze 72: folds 
Uncalled bet ($0.05) returned to Mahu2021
Mahu2021 collected $0.10 from pot
Mahu2021: doesn't show hand 
*** SUMMARY ***
Total pot $0.10 | Rake $0 
Seat 1: dhdh0506 (button) folded before Flop (didn't bet)
Seat 2: Koze 72 (small blind) folded before Flop
Seat 3: Mahu2021 (big blind) collected ($0.10)
Seat 4: koribut folded before Flop (didn't bet)
Seat 5: mlange folded before Flop (didn't bet)
Seat 6: IVERNMAN folded before Flop (didn't bet)



PokerStars Zoom Hand #255135505336:  Hold'em No Limit ($0.05/$0.10) - 2025/03/04 15:40:47 CET [2025/03/04 9:40:47 ET]
Table 'Aludra' 6-max Seat #1 is the button
Seat 1: Calvis_lol ($12.84 in chips) 
Seat 2: Die8 ($10.08 in chips) 
Seat 3: math2210 ($10 in chips) 
Seat 4: c0pp0ck ($10.10 in chips) 
Seat 5: Mahu2021 ($8.51 in chips) 
Seat 6: Rhizic ($11.97 in chips) 
Die8: posts small blind $0.05
math2210: posts big blind $0.10
*** HOLE CARDS ***
Dealt to Mahu2021 [9s 6h]
c0pp0ck: folds 
Mahu2021: folds 
Rhizic: raises $0.15 to $0.25
Calvis_lol: folds 
Die8: folds 
math2210: folds 
Uncalled bet ($0.15) returned to Rhizic
Rhizic collected $0.25 from pot
Rhizic: doesn't show hand 
*** SUMMARY ***
Total pot $0.25 | Rake $0 
Seat 1: Calvis_lol (button) folded before Flop (didn't bet)
Seat 2: Die8 (small blind) folded before Flop
Seat 3: math2210 (big blind) folded before Flop
Seat 4: c0pp0ck folded before Flop (didn't bet)
Seat 5: Mahu2021 folded before Flop (didn't bet)
Seat 6: Rhizic collected ($0.25)



PokerStars Zoom Hand #255135504610:  Hold'em No Limit ($0.05/$0.10) - 2025/03/04 15:40:43 CET [2025/03/04 9:40:43 ET]
Table 'Aludra' 6-max Seat #1 is the button
Seat 1: Mahu2021 ($8.51 in chips) 
Seat 2: math2210 ($10 in chips) 
Seat 3: IVERNMAN ($14.44 in chips) 
Seat 4: pokerzyst222 ($8.36 in chips) 
Seat 5: koribut ($10 in chips) 
Seat 6: yoopek ($13.82 in chips) 
math2210: posts small blind $0.05
IVERNMAN: posts big blind $0.10
*** HOLE CARDS ***
Dealt to Mahu2021 [7c 3h]
pokerzyst222: folds 
koribut: folds 
yoopek: raises $0.15 to $0.25
Mahu2021: folds 
math2210: folds 
IVERNMAN: calls $0.15
*** FLOP *** [4c 3s Kc]
IVERNMAN: checks 
yoopek: bets $0.35
IVERNMAN: folds 
Uncalled bet ($0.35) returned to yoopek
yoopek collected $0.53 from pot
yoopek: doesn't show hand 
*** SUMMARY ***
Total pot $0.55 | Rake $0.02 
Board [4c 3s Kc]
Seat 1: Mahu2021 (button) folded before Flop (didn't bet)
Seat 2: math2210 (small blind) folded before Flop
Seat 3: IVERNMAN (big blind) folded on the Flop
Seat 4: pokerzyst222 folded before Flop (didn't bet)
Seat 5: koribut folded before Flop (didn't bet)
Seat 6: yoopek collected ($0.53)



PokerStars Zoom Hand #255135508955:  Hold'em No Limit ($0.05/$0.10) - 2025/03/04 15:41:08 CET [2025/03/04 9:41:08 ET]
Table 'Aludra' 6-max Seat #1 is the button
Seat 1: JonKing75 ($11 in chips) 
Seat 2: Mahu2021 ($8.56 in chips) 
Seat 3: c0pp0ck ($10.10 in chips) 
Seat 4: beabest ($13.50 in chips) 
Seat 5: Mr. Dolmer ($10 in chips) 
Seat 6: gabalbanez ($22.61 in chips) 
Mahu2021: posts small blind $0.05
c0pp0ck: posts big blind $0.10
*** HOLE CARDS ***
Dealt to Mahu2021 [Qd 9c]
beabest: folds 
Mr. Dolmer: raises $0.15 to $0.25
gabalbanez: folds 
JonKing75: folds 
Mahu2021: folds 
c0pp0ck: calls $0.15
*** FLOP *** [6d Qs 7d]
c0pp0ck: checks 
Mr. Dolmer: bets $0.16
c0pp0ck: folds 
Uncalled bet ($0.16) returned to Mr. Dolmer
Mr. Dolmer collected $0.53 from pot
Mr. Dolmer: doesn't show hand 
*** SUMMARY ***
Total pot $0.55 | Rake $0.02 
Board [6d Qs 7d]
Seat 1: JonKing75 (button) folded before Flop (didn't bet)
Seat 2: Mahu2021 (small blind) folded before Flop
Seat 3: c0pp0ck (big blind) folded on the Flop
Seat 4: beabest folded before Flop (didn't bet)
Seat 5: Mr. Dolmer collected ($0.53)
Seat 6: gabalbanez folded before Flop (didn't bet)



PokerStars Zoom Hand #255135496679:  Hold'em No Limit ($0.05/$0.10) - 2025/03/04 15:39:57 CET [2025/03/04 9:39:57 ET]
Table 'Aludra' 6-max Seat #1 is the button
Seat 1: beabest ($13.20 in chips) 
Seat 2: Rhizic ($12.17 in chips) 
Seat 3: Mahu2021 ($8.66 in chips) 
Seat 4: alvear97 ($5.45 in chips) 
Seat 5: math2210 ($10.94 in chips) 
Seat 6: Mimick020219 ($15.18 in chips) 
Rhizic: posts small blind $0.05
Mahu2021: posts big blind $0.10
*** HOLE CARDS ***
Dealt to Mahu2021 [7c 2h]
alvear97: folds 
math2210: raises $0.10 to $0.20
Mimick020219: folds 
beabest: raises $0.65 to $0.85
Rhizic: folds 
Mahu2021: folds 
math2210: calls $0.65
*** FLOP *** [Qh Qs 2s]
math2210: checks 
beabest: bets $0.70
math2210: calls $0.70
*** TURN *** [Qh Qs 2s] [Ac]
math2210: checks 
beabest: bets $1
math2210: raises $3.25 to $4.25
beabest: calls $3.25
*** RIVER *** [Qh Qs 2s Ac] [Ah]
math2210: checks 
beabest: checks 
*** SHOW DOWN ***
math2210: shows [Td Tc] (two pair, Aces and Queens)
beabest: shows [Qc Kc] (a full house, Queens full of Aces)
beabest collected $11.22 from pot
*** SUMMARY ***
Total pot $11.75 | Rake $0.53 
Board [Qh Qs 2s Ac Ah]
Seat 1: beabest (button) showed [Qc Kc] and won ($11.22) with a full house, Queens full of Aces
Seat 2: Rhizic (small blind) folded before Flop
Seat 3: Mahu2021 (big blind) folded before Flop
Seat 4: alvear97 folded before Flop (didn't bet)
Seat 5: math2210 showed [Td Tc] and lost with two pair, Aces and Queens
Seat 6: Mimick020219 folded before Flop (didn't bet)



PokerStars Zoom Hand #255135497682:  Hold'em No Limit ($0.05/$0.10) - 2025/03/04 15:40:03 CET [2025/03/04 9:40:03 ET]
Table 'Aludra' 6-max Seat #1 is the button
Seat 1: Mahu2021 ($8.56 in chips) 
Seat 2: van6ka89 ($10.45 in chips) 
Seat 3: dhdh0506 ($10.45 in chips) 
Seat 4: 00O-2Z ($14.63 in chips) 
Seat 5: putzkedudu ($11.46 in chips) 
Seat 6: Mr. Dolmer ($10 in chips) 
van6ka89: posts small blind $0.05
dhdh0506: posts big blind $0.10
*** HOLE CARDS ***
Dealt to Mahu2021 [Jh 7s]
00O-2Z: raises $0.20 to $0.30
putzkedudu: raises $0.45 to $0.75
Mr. Dolmer: folds 
Mahu2021: folds 
van6ka89: folds 
dhdh0506: folds 
00O-2Z: calls $0.45
*** FLOP *** [4s Js 2s]
00O-2Z: checks 
putzkedudu: checks 
*** TURN *** [4s Js 2s] [2d]
00O-2Z: checks 
putzkedudu: checks 
*** RIVER *** [4s Js 2s 2d] [9h]
00O-2Z: checks 
putzkedudu: bets $2.37
00O-2Z: folds 
Uncalled bet ($2.37) returned to putzkedudu
putzkedudu collected $1.58 from pot
putzkedudu: doesn't show hand 
*** SUMMARY ***
Total pot $1.65 | Rake $0.07 
Board [4s Js 2s 2d 9h]
Seat 1: Mahu2021 (button) folded before Flop (didn't bet)
Seat 2: van6ka89 (small blind) folded before Flop
Seat 3: dhdh0506 (big blind) folded before Flop
Seat 4: 00O-2Z folded on the River
Seat 5: putzkedudu collected ($1.58)
Seat 6: Mr. Dolmer folded before Flop (didn't bet)



PokerStars Zoom Hand #255135508265:  Hold'em No Limit ($0.05/$0.10) - 2025/03/04 15:41:04 CET [2025/03/04 9:41:04 ET]
Table 'Aludra' 6-max Seat #1 is the button
Seat 1: kufufu ($27.34 in chips) 
Seat 2: lucksmith422 ($25.18 in chips) 
Seat 3: IVERNMAN ($11.31 in chips) 
Seat 4: Koze 72 ($15 in chips) 
Seat 5: Mahu2021 ($8.56 in chips) 
Seat 6: Lim 2589 ($23.59 in chips) 
lucksmith422: posts small blind $0.05
IVERNMAN: posts big blind $0.10
*** HOLE CARDS ***
Dealt to Mahu2021 [Qh 4c]
Koze 72: folds 
Mahu2021: folds 
Lim 2589: raises $0.15 to $0.25
kufufu: folds 
lucksmith422: raises $0.35 to $0.60
IVERNMAN: folds 
Lim 2589: calls $0.35
*** FLOP *** [4d 3h Kd]
lucksmith422: bets $0.40
Lim 2589: calls $0.40
*** TURN *** [4d 3h Kd] [Tc]
lucksmith422: bets $2.01
Lim 2589: calls $2.01
*** RIVER *** [4d 3h Kd Tc] [2c]
lucksmith422: checks 
Lim 2589: checks 
*** SHOW DOWN ***
lucksmith422: shows [Ac 4h] (a pair of Fours)
Lim 2589: shows [9d Td] (a pair of Tens)
Lim 2589 collected $5.84 from pot
*** SUMMARY ***
Total pot $6.12 | Rake $0.28 
Board [4d 3h Kd Tc 2c]
Seat 1: kufufu (button) folded before Flop (didn't bet)
Seat 2: lucksmith422 (small blind) showed [Ac 4h] and lost with a pair of Fours
Seat 3: IVERNMAN (big blind) folded before Flop
Seat 4: Koze 72 folded before Flop (didn't bet)
Seat 5: Mahu2021 folded before Flop (didn't bet)
Seat 6: Lim 2589 showed [9d Td] and won ($5.84) with a pair of Tens



PokerStars Zoom Hand #255135507581:  Hold'em No Limit ($0.05/$0.10) - 2025/03/04 15:41:00 CET [2025/03/04 9:41:00 ET]
Table 'Aludra' 6-max Seat #1 is the button
Seat 1: Calvis_lol ($10.19 in chips) 
Seat 2: WT@LL ($6.89 in chips) 
Seat 3: Mimick020219 ($14.98 in chips) 
Seat 4: Mahu2021 ($8.56 in chips) 
Seat 5: DEMONGOD9 ($12.50 in chips) 
Seat 6: Koze 72 ($15 in chips) 
WT@LL: posts small blind $0.05
Mimick020219: posts big blind $0.10
*** HOLE CARDS ***
Dealt to Mahu2021 [3c Js]
Mahu2021: folds 
DEMONGOD9: folds 
Koze 72: folds 
Calvis_lol: raises $0.15 to $0.25
WT@LL: raises $0.25 to $0.50
Mimick020219: folds 
Calvis_lol: calls $0.25
*** FLOP *** [2d 8s 5h]
WT@LL: bets $0.53
Calvis_lol: calls $0.53
*** TURN *** [2d 8s 5h] [5s]
WT@LL: bets $1.03
Calvis_lol: calls $1.03
*** RIVER *** [2d 8s 5h 5s] [Th]
WT@LL: bets $2.02
Calvis_lol: calls $2.02
*** SHOW DOWN ***
WT@LL: shows [6s 9s] (a pair of Fives)
Calvis_lol: shows [8c 6c] (two pair, Eights and Fives)
Calvis_lol collected $7.89 from pot
*** SUMMARY ***
Total pot $8.26 | Rake $0.37 
Board [2d 8s 5h 5s Th]
Seat 1: Calvis_lol (button) showed [8c 6c] and won ($7.89) with two pair, Eights and Fives
Seat 2: WT@LL (small blind) showed [6s 9s] and lost with a pair of Fives
Seat 3: Mimick020219 (big blind) folded before Flop
Seat 4: Mahu2021 folded before Flop (didn't bet)
Seat 5: DEMONGOD9 folded before Flop (didn't bet)
Seat 6: Koze 72 folded before Flop (didn't bet)



PokerStars Zoom Hand #255135511229:  Hold'em No Limit ($0.05/$0.10) - 2025/03/04 15:41:21 CET [2025/03/04 9:41:21 ET]
Table 'Aludra' 6-max Seat #1 is the button
Seat 1: c0pp0ck ($10.20 in chips) 
Seat 2: dmaap1 ($11.78 in chips) 
Seat 3: Mahu2021 ($8.51 in chips) 
Seat 4: Albrecht1978 ($7.95 in chips) 
Seat 5: s1auka ($15.48 in chips) 
Seat 6: dhdh0506 ($13.70 in chips) 
dmaap1: posts small blind $0.05
Mahu2021: posts big blind $0.10
*** HOLE CARDS ***
Dealt to Mahu2021 [7s 6c]
Albrecht1978: folds 
s1auka: raises $0.15 to $0.25
dhdh0506: folds 
c0pp0ck: folds 
dmaap1: folds 
Mahu2021: calls $0.15
*** FLOP *** [Js Qd 2d]
Mahu2021: checks 
s1auka: checks 
*** TURN *** [Js Qd 2d] [Td]
Mahu2021: checks 
s1auka: bets $0.40
Mahu2021: folds 
Uncalled bet ($0.40) returned to s1auka
s1auka collected $0.53 from pot
s1auka: doesn't show hand 
*** SUMMARY ***
Total pot $0.55 | Rake $0.02 
Board [Js Qd 2d Td]
Seat 1: c0pp0ck (button) folded before Flop (didn't bet)
Seat 2: dmaap1 (small blind) folded before Flop
Seat 3: Mahu2021 (big blind) folded on the Turn
Seat 4: Albrecht1978 folded before Flop (didn't bet)
Seat 5: s1auka collected ($0.53)
Seat 6: dhdh0506 folded before Flop (didn't bet)



PokerStars Zoom Hand #255135518865:  Hold'em No Limit ($0.05/$0.10) - 2025/03/04 15:42:04 CET [2025/03/04 9:42:04 ET]
Table 'Aludra' 6-max Seat #1 is the button
Seat 1: Nannasmand ($15.09 in chips) 
Seat 2: IVERNMAN ($14.19 in chips) 
Seat 3: AceWise ($13.38 in chips) 
Seat 4: Mimick020219 ($14.28 in chips) 
Seat 5: acd_045 ($20.04 in chips) 
Seat 6: Mahu2021 ($8.26 in chips) 
IVERNMAN: posts small blind $0.05
AceWise: posts big blind $0.10
*** HOLE CARDS ***
Dealt to Mahu2021 [8h 7c]
Mimick020219: folds 
acd_045: folds 
Mahu2021: folds 
Nannasmand: raises $0.20 to $0.30
IVERNMAN: folds 
AceWise: folds 
Uncalled bet ($0.20) returned to Nannasmand
Nannasmand collected $0.25 from pot
Nannasmand: doesn't show hand 
*** SUMMARY ***
Total pot $0.25 | Rake $0 
Seat 1: Nannasmand (button) collected ($0.25)
Seat 2: IVERNMAN (small blind) folded before Flop
Seat 3: AceWise (big blind) folded before Flop
Seat 4: Mimick020219 folded before Flop (didn't bet)
Seat 5: acd_045 folded before Flop (didn't bet)
Seat 6: Mahu2021 folded before Flop (didn't bet)



PokerStars Zoom Hand #255135518147:  Hold'em No Limit ($0.05/$0.10) - 2025/03/04 15:42:00 CET [2025/03/04 9:42:00 ET]
Table 'Aludra' 6-max Seat #1 is the button
Seat 1: Mahu2021 ($8.26 in chips) 
Seat 2: Deox666 ($11.81 in chips) 
Seat 3: yoopek ($5.98 in chips) 
Seat 4: zinluz ($14.42 in chips) 
Seat 5: Calvis_lol ($14 in chips) 
Seat 6: sigmanolimit ($15.35 in chips) 
Deox666: posts small blind $0.05
yoopek: posts big blind $0.10
*** HOLE CARDS ***
Dealt to Mahu2021 [2c 3c]
zinluz: folds 
Calvis_lol: folds 
sigmanolimit: folds 
Mahu2021: folds 
Deox666: raises $0.15 to $0.25
yoopek: calls $0.15
*** FLOP *** [3d Jd 4h]
Deox666: bets $0.37
yoopek: calls $0.37
*** TURN *** [3d Jd 4h] [2s]
Deox666: bets $0.91
yoopek: calls $0.91
*** RIVER *** [3d Jd 4h 2s] [Qh]
Deox666: checks 
yoopek: checks 
*** SHOW DOWN ***
Deox666: shows [Td 2d] (a pair of Deuces)
yoopek: shows [Th Jc] (a pair of Jacks)
yoopek collected $2.92 from pot
*** SUMMARY ***
Total pot $3.06 | Rake $0.14 
Board [3d Jd 4h 2s Qh]
Seat 1: Mahu2021 (button) folded before Flop (didn't bet)
Seat 2: Deox666 (small blind) showed [Td 2d] and lost with a pair of Deuces
Seat 3: yoopek (big blind) showed [Th Jc] and won ($2.92) with a pair of Jacks
Seat 4: zinluz folded before Flop (didn't bet)
Seat 5: Calvis_lol folded before Flop (didn't bet)
Seat 6: sigmanolimit folded before Flop (didn't bet)



PokerStars Zoom Hand #255135521100:  Hold'em No Limit ($0.05/$0.10) - 2025/03/04 15:42:17 CET [2025/03/04 9:42:17 ET]
Table 'Aludra' 6-max Seat #1 is the button
Seat 1: Die8 ($12.45 in chips) 
Seat 2: AceWise ($13.28 in chips) 
Seat 3: marcioadrs ($13.06 in chips) 
Seat 4: asdf1056 ($13.70 in chips) 
Seat 5: Calvis_lol ($12.71 in chips) 
Seat 6: Mahu2021 ($8.21 in chips) 
AceWise: posts small blind $0.05
marcioadrs: posts big blind $0.10
*** HOLE CARDS ***
Dealt to Mahu2021 [2h 7d]
asdf1056: folds 
Calvis_lol: folds 
Mahu2021: folds 
Die8: folds 
AceWise: folds 
Uncalled bet ($0.05) returned to marcioadrs
marcioadrs collected $0.10 from pot
marcioadrs: doesn't show hand 
*** SUMMARY ***
Total pot $0.10 | Rake $0 
Seat 1: Die8 (button) folded before Flop (didn't bet)
Seat 2: AceWise (small blind) folded before Flop
Seat 3: marcioadrs (big blind) collected ($0.10)
Seat 4: asdf1056 folded before Flop (didn't bet)
Seat 5: Calvis_lol folded before Flop (didn't bet)
Seat 6: Mahu2021 folded before Flop (didn't bet)



PokerStars Zoom Hand #255135510572:  Hold'em No Limit ($0.05/$0.10) - 2025/03/04 15:41:17 CET [2025/03/04 9:41:17 ET]
Table 'Aludra' 6-max Seat #1 is the button
Seat 1: aletodo ($14.30 in chips) 
Seat 2: Footraiser ($11.31 in chips) 
Seat 3: alvear97 ($6.02 in chips) 
Seat 4: Mahu2021 ($8.51 in chips) 
Seat 5: math2210 ($10 in chips) 
Seat 6: Blast4Sure ($20.11 in chips) 
Footraiser: posts small blind $0.05
alvear97: posts big blind $0.10
*** HOLE CARDS ***
Dealt to Mahu2021 [6c 5d]
Mahu2021: folds 
math2210: folds 
Blast4Sure: raises $0.15 to $0.25
aletodo: calls $0.25
Footraiser: folds 
alvear97: folds 
*** FLOP *** [Jd Td 2d]
Blast4Sure: bets $0.22
aletodo: calls $0.22
*** TURN *** [Jd Td 2d] [Jh]
Blast4Sure: bets $0.36
aletodo: calls $0.36
*** RIVER *** [Jd Td 2d Jh] [5c]
Blast4Sure: bets $0.61
aletodo: raises $2.35 to $2.96
Blast4Sure: calls $2.35
*** SHOW DOWN ***
aletodo: shows [2c 2s] (a full house, Deuces full of Jacks)
Blast4Sure: mucks hand 
aletodo collected $7.38 from pot
*** SUMMARY ***
Total pot $7.73 | Rake $0.35 
Board [Jd Td 2d Jh 5c]
Seat 1: aletodo (button) showed [2c 2s] and won ($7.38) with a full house, Deuces full of Jacks
Seat 2: Footraiser (small blind) folded before Flop
Seat 3: alvear97 (big blind) folded before Flop
Seat 4: Mahu2021 folded before Flop (didn't bet)
Seat 5: math2210 folded before Flop (didn't bet)
Seat 6: Blast4Sure mucked [9d 8d]



PokerStars Zoom Hand #255135521809:  Hold'em No Limit ($0.05/$0.10) - 2025/03/04 15:42:21 CET [2025/03/04 9:42:21 ET]
Table 'Aludra' 6-max Seat #1 is the button
Seat 1: dmaap1 ($10.52 in chips) 
Seat 2: JonKing75 ($25.37 in chips) 
Seat 3: Koze 72 ($14.85 in chips) 
Seat 4: Mahu2021 ($8.21 in chips) 
Seat 5: Rhizic ($11.02 in chips) 
Seat 6: alhark69 ($4.73 in chips) 
JonKing75: posts small blind $0.05
Koze 72: posts big blind $0.10
*** HOLE CARDS ***
Dealt to Mahu2021 [7h Qh]
Mahu2021: folds 
Rhizic: raises $0.15 to $0.25
alhark69: folds 
dmaap1: folds 
JonKing75: folds 
Koze 72: folds 
Uncalled bet ($0.15) returned to Rhizic
Rhizic collected $0.25 from pot
Rhizic: doesn't show hand 
*** SUMMARY ***
Total pot $0.25 | Rake $0 
Seat 1: dmaap1 (button) folded before Flop (didn't bet)
Seat 2: JonKing75 (small blind) folded before Flop
Seat 3: Koze 72 (big blind) folded before Flop
Seat 4: Mahu2021 folded before Flop (didn't bet)
Seat 5: Rhizic collected ($0.25)
Seat 6: alhark69 folded before Flop (didn't bet)



PokerStars Zoom Hand #255135522469:  Hold'em No Limit ($0.05/$0.10) - 2025/03/04 15:42:25 CET [2025/03/04 9:42:25 ET]
Table 'Aludra' 6-max Seat #1 is the button
Seat 1: JonKing75 ($10 in chips) 
Seat 2: sigmanolimit ($17.78 in chips) 
Seat 3: Mahu2021 ($8.21 in chips) 
Seat 4: Mimick020219 ($10 in chips) 
Seat 5: alexx 21102 ($10 in chips) 
Seat 6: Deox666 ($10.67 in chips) 
sigmanolimit: posts small blind $0.05
Mahu2021: posts big blind $0.10
*** HOLE CARDS ***
Dealt to Mahu2021 [4c 3s]
Mimick020219: folds 
alexx 21102: folds 
Deox666: folds 
JonKing75: folds 
sigmanolimit: raises $0.15 to $0.25
Mahu2021: folds 
Uncalled bet ($0.15) returned to sigmanolimit
sigmanolimit collected $0.20 from pot
sigmanolimit: doesn't show hand 
*** SUMMARY ***
Total pot $0.20 | Rake $0 
Seat 1: JonKing75 (button) folded before Flop (didn't bet)
Seat 2: sigmanolimit (small blind) collected ($0.20)
Seat 3: Mahu2021 (big blind) folded before Flop
Seat 4: Mimick020219 folded before Flop (didn't bet)
Seat 5: alexx 21102 folded before Flop (didn't bet)
Seat 6: Deox666 folded before Flop (didn't bet)



PokerStars Zoom Hand #255135519551:  Hold'em No Limit ($0.05/$0.10) - 2025/03/04 15:42:08 CET [2025/03/04 9:42:08 ET]
Table 'Aludra' 6-max Seat #1 is the button
Seat 1: D_Kwal ($10 in chips) 
Seat 2: Mahu2021 ($8.26 in chips) 
Seat 3: yoopek ($13.70 in chips) 
Seat 4: math2210 ($10 in chips) 
Seat 5: Mimick020219 ($25.83 in chips) 
Seat 6: Rhizic ($12.30 in chips) 
Mahu2021: posts small blind $0.05
yoopek: posts big blind $0.10
*** HOLE CARDS ***
Dealt to Mahu2021 [9s Kc]
math2210: folds 
Mimick020219: folds 
Rhizic: raises $0.15 to $0.25
D_Kwal: folds 
Mahu2021: folds 
yoopek: calls $0.15
*** FLOP *** [2d 3c 9h]
yoopek: checks 
Rhizic: bets $0.17
yoopek: calls $0.17
*** TURN *** [2d 3c 9h] [Td]
yoopek: checks 
Rhizic: bets $0.60
yoopek: folds 
Uncalled bet ($0.60) returned to Rhizic
Rhizic collected $0.85 from pot
Rhizic: doesn't show hand 
*** SUMMARY ***
Total pot $0.89 | Rake $0.04 
Board [2d 3c 9h Td]
Seat 1: D_Kwal (button) folded before Flop (didn't bet)
Seat 2: Mahu2021 (small blind) folded before Flop
Seat 3: yoopek (big blind) folded on the Turn
Seat 4: math2210 folded before Flop (didn't bet)
Seat 5: Mimick020219 folded before Flop (didn't bet)
Seat 6: Rhizic collected ($0.85)



PokerStars Zoom Hand #255135525516:  Hold'em No Limit ($0.05/$0.10) - 2025/03/04 15:42:42 CET [2025/03/04 9:42:42 ET]
Table 'Aludra' 6-max Seat #1 is the button
Seat 1: Mahu2021 ($8.11 in chips) 
Seat 2: D_Kwal ($10.88 in chips) 
Seat 3: BenCbal ($26.52 in chips) 
Seat 4: IVERNMAN ($10.81 in chips) 
Seat 5: Al Fr€d 69 ($10.55 in chips) 
Seat 6: PECAHE ($14.13 in chips) 
D_Kwal: posts small blind $0.05
BenCbal: posts big blind $0.10
*** HOLE CARDS ***
Dealt to Mahu2021 [Qh Ks]
IVERNMAN: folds 
Al Fr€d 69: folds 
PECAHE: folds 
Mahu2021: raises $0.20 to $0.30
D_Kwal: folds 
BenCbal: calls $0.20
*** FLOP *** [Qc 8c 2s]
BenCbal: checks 
Mahu2021: bets $0.30
BenCbal: calls $0.30
*** TURN *** [Qc 8c 2s] [7h]
BenCbal: checks 
Mahu2021: bets $0.30
BenCbal: raises $0.70 to $1
Mahu2021: calls $0.70
*** RIVER *** [Qc 8c 2s 7h] [9s]
BenCbal: bets $0.10
Mahu2021: raises $1.30 to $1.40
BenCbal: calls $1.30
*** SHOW DOWN ***
Mahu2021: shows [Qh Ks] (a pair of Queens)
BenCbal: mucks hand 
Mahu2021 collected $5.78 from pot
*** SUMMARY ***
Total pot $6.05 | Rake $0.27 
Board [Qc 8c 2s 7h 9s]
Seat 1: Mahu2021 (button) showed [Qh Ks] and won ($5.78) with a pair of Queens
Seat 2: D_Kwal (small blind) folded before Flop
Seat 3: BenCbal (big blind) mucked [Jd Qs]
Seat 4: IVERNMAN folded before Flop (didn't bet)
Seat 5: Al Fr€d 69 folded before Flop (didn't bet)
Seat 6: PECAHE folded before Flop (didn't bet)



PokerStars Zoom Hand #255135532495:  Hold'em No Limit ($0.05/$0.10) - 2025/03/04 15:43:22 CET [2025/03/04 9:43:22 ET]
Table 'Aludra' 6-max Seat #1 is the button
Seat 1: math2210 ($10.10 in chips) 
Seat 2: Mahu2021 ($10.89 in chips) 
Seat 3: asdf1056 ($10 in chips) 
Seat 4: Mr. Dolmer ($10.50 in chips) 
Seat 5: Eliminate50 ($12.47 in chips) 
Seat 6: Die8 ($10 in chips) 
Mahu2021: posts small blind $0.05
asdf1056: posts big blind $0.10
*** HOLE CARDS ***
Dealt to Mahu2021 [5s 6d]
Mr. Dolmer: folds 
Eliminate50: folds 
Die8: folds 
math2210: folds 
Mahu2021: folds 
Uncalled bet ($0.05) returned to asdf1056
asdf1056 collected $0.10 from pot
asdf1056: doesn't show hand 
*** SUMMARY ***
Total pot $0.10 | Rake $0 
Seat 1: math2210 (button) folded before Flop (didn't bet)
Seat 2: Mahu2021 (small blind) folded before Flop
Seat 3: asdf1056 (big blind) collected ($0.10)
Seat 4: Mr. Dolmer folded before Flop (didn't bet)
Seat 5: Eliminate50 folded before Flop (didn't bet)
Seat 6: Die8 folded before Flop (didn't bet)



