PokerStars Hand #246703228428: Tournament #3662964637, $0.92+$0.08 USD Hold'em No Limit - Level I (10/20) - 2023/10/23 21:09:35 CET [2023/10/23 15:09:35 ET]
Table '3662964637 1' 3-max Seat #1 is the button
Seat 1: Mahu2021 (500 in chips) 
Seat 2: replayiwnl (500 in chips) 
Seat 3: WujoCHN (500 in chips) 
replayiwnl: posts small blind 10
WujoCHN: posts big blind 20
*** HOLE CARDS ***
Dealt to Mahu2021 [Tc 4s]
Mahu2021: folds 
replayiwnl: raises 20 to 40
WujoCHN: folds 
Uncalled bet (20) returned to replayiwnl
replayiwnl collected 40 from pot
replayiwnl: doesn't show hand 
*** SUMMARY ***
Total pot 40 | Rake 0 
Seat 1: Mahu2021 (button) folded before Flop (didn't bet)
Seat 2: replayiwnl (small blind) collected (40)
Seat 3: WujoCHN (big blind) folded before Flop



PokerStars Hand #246703233129: Tournament #3662964637, $0.92+$0.08 USD Hold'em No Limit - Level I (10/20) - 2023/10/23 21:09:48 CET [2023/10/23 15:09:48 ET]
Table '3662964637 1' 3-max Seat #2 is the button
Seat 1: Mahu2021 (500 in chips) 
Seat 2: replayiwnl (520 in chips) 
Seat 3: WujoCHN (480 in chips) 
WujoCHN: posts small blind 10
Mahu2021: posts big blind 20
*** HOLE CARDS ***
Dealt to Mahu2021 [6s Tc]
replayiwnl: raises 20 to 40
WujoCHN: folds 
Mahu2021: folds 
Uncalled bet (20) returned to replayiwnl
replayiwnl collected 50 from pot
replayiwnl: doesn't show hand 
*** SUMMARY ***
Total pot 50 | Rake 0 
Seat 1: Mahu2021 (big blind) folded before Flop
Seat 2: replayiwnl (button) collected (50)
Seat 3: WujoCHN (small blind) folded before Flop



PokerStars Hand #246703235676: Tournament #3662964637, $0.92+$0.08 USD Hold'em No Limit - Level I (10/20) - 2023/10/23 21:09:55 CET [2023/10/23 15:09:55 ET]
Table '3662964637 1' 3-max Seat #3 is the button
Seat 1: Mahu2021 (480 in chips) 
Seat 2: replayiwnl (550 in chips) 
Seat 3: WujoCHN (470 in chips) 
Mahu2021: posts small blind 10
replayiwnl: posts big blind 20
*** HOLE CARDS ***
Dealt to Mahu2021 [2d Kh]
WujoCHN: raises 450 to 470 and is all-in
Mahu2021: folds 
replayiwnl: calls 450
*** FLOP *** [2h 8d Js]
*** TURN *** [2h 8d Js] [4d]
*** RIVER *** [2h 8d Js 4d] [5c]
*** SHOW DOWN ***
replayiwnl: shows [Qc Kd] (high card King)
WujoCHN: shows [Kc Ad] (high card Ace)
WujoCHN collected 950 from pot
*** SUMMARY ***
Total pot 950 | Rake 0 
Board [2h 8d Js 4d 5c]
Seat 1: Mahu2021 (small blind) folded before Flop
Seat 2: replayiwnl (big blind) showed [Qc Kd] and lost with high card King
Seat 3: WujoCHN (button) showed [Kc Ad] and won (950) with high card Ace



PokerStars Hand #246703240488: Tournament #3662964637, $0.92+$0.08 USD Hold'em No Limit - Level I (10/20) - 2023/10/23 21:10:08 CET [2023/10/23 15:10:08 ET]
Table '3662964637 1' 3-max Seat #1 is the button
Seat 1: Mahu2021 (470 in chips) 
Seat 2: replayiwnl (80 in chips) 
Seat 3: WujoCHN (950 in chips) 
replayiwnl: posts small blind 10
WujoCHN: posts big blind 20
*** HOLE CARDS ***
Dealt to Mahu2021 [Ah Ad]
Mahu2021: raises 60 to 80
replayiwnl: calls 70 and is all-in
WujoCHN: folds 
*** FLOP *** [5h 3h 3c]
*** TURN *** [5h 3h 3c] [Ts]
*** RIVER *** [5h 3h 3c Ts] [Jc]
*** SHOW DOWN ***
replayiwnl: shows [5c 7c] (two pair, Fives and Threes)
Mahu2021: shows [Ah Ad] (two pair, Aces and Threes)
Mahu2021 collected 180 from pot
replayiwnl finished the tournament in 3rd place
*** SUMMARY ***
Total pot 180 | Rake 0 
Board [5h 3h 3c Ts Jc]
Seat 1: Mahu2021 (button) showed [Ah Ad] and won (180) with two pair, Aces and Threes
Seat 2: replayiwnl (small blind) showed [5c 7c] and lost with two pair, Fives and Threes
Seat 3: WujoCHN (big blind) folded before Flop



PokerStars Hand #246703249067: Tournament #3662964637, $0.92+$0.08 USD Hold'em No Limit - Level I (10/20) - 2023/10/23 21:10:31 CET [2023/10/23 15:10:31 ET]
Table '3662964637 1' 3-max Seat #3 is the button
Seat 1: Mahu2021 (570 in chips) 
Seat 3: WujoCHN (930 in chips) 
WujoCHN: posts small blind 10
Mahu2021: posts big blind 20
*** HOLE CARDS ***
Dealt to Mahu2021 [Qd 9h]
WujoCHN: calls 10
Mahu2021: checks 
*** FLOP *** [Ts Kh 2c]
Mahu2021: checks 
WujoCHN: bets 60
Mahu2021: calls 60
*** TURN *** [Ts Kh 2c] [5d]
Mahu2021: checks 
WujoCHN: checks 
*** RIVER *** [Ts Kh 2c 5d] [3d]
Mahu2021: bets 80
WujoCHN: folds 
Uncalled bet (80) returned to Mahu2021
Mahu2021 collected 160 from pot
Mahu2021: doesn't show hand 
*** SUMMARY ***
Total pot 160 | Rake 0 
Board [Ts Kh 2c 5d 3d]
Seat 1: Mahu2021 (big blind) collected (160)
Seat 3: WujoCHN (button) (small blind) folded on the River



PokerStars Hand #246703255108: Tournament #3662964637, $0.92+$0.08 USD Hold'em No Limit - Level I (10/20) - 2023/10/23 21:10:47 CET [2023/10/23 15:10:47 ET]
Table '3662964637 1' 3-max Seat #1 is the button
Seat 1: Mahu2021 (650 in chips) 
Seat 3: WujoCHN (850 in chips) 
Mahu2021: posts small blind 10
WujoCHN: posts big blind 20
*** HOLE CARDS ***
Dealt to Mahu2021 [5c 3d]
Mahu2021: calls 10
WujoCHN: raises 80 to 100
Mahu2021: folds 
Uncalled bet (80) returned to WujoCHN
WujoCHN collected 40 from pot
WujoCHN: doesn't show hand 
*** SUMMARY ***
Total pot 40 | Rake 0 
Seat 1: Mahu2021 (button) (small blind) folded before Flop
Seat 3: WujoCHN (big blind) collected (40)



PokerStars Hand #246703258046: Tournament #3662964637, $0.92+$0.08 USD Hold'em No Limit - Level I (10/20) - 2023/10/23 21:10:55 CET [2023/10/23 15:10:55 ET]
Table '3662964637 1' 3-max Seat #3 is the button
Seat 1: Mahu2021 (630 in chips) 
Seat 3: WujoCHN (870 in chips) 
WujoCHN: posts small blind 10
Mahu2021: posts big blind 20
*** HOLE CARDS ***
Dealt to Mahu2021 [7s 7c]
WujoCHN: calls 10
Mahu2021: raises 40 to 60
WujoCHN: calls 40
*** FLOP *** [5d 5h Kc]
Mahu2021: bets 570 and is all-in
WujoCHN: calls 570
*** TURN *** [5d 5h Kc] [3d]
*** RIVER *** [5d 5h Kc 3d] [Js]
*** SHOW DOWN ***
Mahu2021: shows [7s 7c] (two pair, Sevens and Fives)
WujoCHN: shows [2c 5c] (three of a kind, Fives)
WujoCHN collected 1260 from pot
Mahu2021 finished the tournament in 2nd place
WujoCHN wins the tournament and receives $2.00 - congratulations!
*** SUMMARY ***
Total pot 1260 | Rake 0 
Board [5d 5h Kc 3d Js]
Seat 1: Mahu2021 (big blind) showed [7s 7c] and lost with two pair, Sevens and Fives
Seat 3: WujoCHN (button) (small blind) showed [2c 5c] and won (1260) with three of a kind, Fives



