PokerStars Hand #247996604570: Tournament #3694566319, $1.84+$0.16 USD Hold'em No Limit - Level I (10/20) - 2024/01/01 15:37:07 CET [2024/01/01 9:37:07 ET]
Table '3694566319 1' 3-max Seat #1 is the button
Seat 1: Mahu2021 (500 in chips) 
Seat 2: fishbot16 (500 in chips) 
Seat 3: Heilmallen (500 in chips) 
fishbot16: posts small blind 10
Heilmallen: posts big blind 20
*** HOLE CARDS ***
Dealt to Mahu2021 [Jc 2d]
Mahu2021: folds 
fishbot16: calls 10
Heilmallen: raises 20 to 40
fishbot16: raises 20 to 60
Heilmallen: raises 60 to 120
fishbot16: calls 60
*** FLOP *** [2s Qs 5s]
fishbot16: bets 380 and is all-in
Heilmallen: calls 380 and is all-in
*** TURN *** [2s Qs 5s] [6s]
*** RIVER *** [2s Qs 5s 6s] [3s]
*** SHOW DOWN ***
fishbot16: shows [7s 8d] (a flush, Queen high)
Heilmallen: shows [Ac Ks] (a flush, King high)
Heilmallen collected 1000 from pot
fishbot16 finished the tournament in 3rd place
*** SUMMARY ***
Total pot 1000 | Rake 0 
Board [2s Qs 5s 6s 3s]
Seat 1: Mahu2021 (button) folded before Flop (didn't bet)
Seat 2: fishbot16 (small blind) showed [7s 8d] and lost with a flush, Queen high
Seat 3: Heilmallen (big blind) showed [Ac Ks] and won (1000) with a flush, King high



PokerStars Hand #247996610808: Tournament #3694566319, $1.84+$0.16 USD Hold'em No Limit - Level I (10/20) - 2024/01/01 15:37:31 CET [2024/01/01 9:37:31 ET]
Table '3694566319 1' 3-max Seat #3 is the button
Seat 1: Mahu2021 (500 in chips) 
Seat 3: Heilmallen (1000 in chips) 
Heilmallen: posts small blind 10
Mahu2021: posts big blind 20
*** HOLE CARDS ***
Dealt to Mahu2021 [6c 8c]
Heilmallen: folds 
Uncalled bet (10) returned to Mahu2021
Mahu2021 collected 20 from pot
Mahu2021: doesn't show hand 
*** SUMMARY ***
Total pot 20 | Rake 0 
Seat 1: Mahu2021 (big blind) collected (20)
Seat 3: Heilmallen (button) (small blind) folded before Flop



PokerStars Hand #247996611923: Tournament #3694566319, $1.84+$0.16 USD Hold'em No Limit - Level I (10/20) - 2024/01/01 15:37:36 CET [2024/01/01 9:37:36 ET]
Table '3694566319 1' 3-max Seat #1 is the button
Seat 1: Mahu2021 (510 in chips) 
Seat 3: Heilmallen (990 in chips) 
Mahu2021: posts small blind 10
Heilmallen: posts big blind 20
*** HOLE CARDS ***
Dealt to Mahu2021 [Th 7c]
Mahu2021: calls 10
Heilmallen: checks 
*** FLOP *** [7h 9d 2s]
Heilmallen: checks 
Mahu2021: bets 20
Heilmallen: calls 20
*** TURN *** [7h 9d 2s] [7s]
Heilmallen: checks 
Mahu2021: bets 40
Heilmallen: calls 40
*** RIVER *** [7h 9d 2s 7s] [9h]
Heilmallen: checks 
Mahu2021: bets 160
Heilmallen: folds 
Uncalled bet (160) returned to Mahu2021
Mahu2021 collected 160 from pot
Mahu2021: doesn't show hand 
*** SUMMARY ***
Total pot 160 | Rake 0 
Board [7h 9d 2s 7s 9h]
Seat 1: Mahu2021 (button) (small blind) collected (160)
Seat 3: Heilmallen (big blind) folded on the River



PokerStars Hand #247996621128: Tournament #3694566319, $1.84+$0.16 USD Hold'em No Limit - Level I (10/20) - 2024/01/01 15:38:12 CET [2024/01/01 9:38:12 ET]
Table '3694566319 1' 3-max Seat #3 is the button
Seat 1: Mahu2021 (590 in chips) 
Seat 3: Heilmallen (910 in chips) 
Heilmallen: posts small blind 10
Mahu2021: posts big blind 20
*** HOLE CARDS ***
Dealt to Mahu2021 [3h Kc]
Heilmallen: calls 10
Mahu2021: checks 
*** FLOP *** [As 7d 3s]
Mahu2021: checks 
Heilmallen: checks 
*** TURN *** [As 7d 3s] [Th]
Mahu2021: checks 
Heilmallen: checks 
*** RIVER *** [As 7d 3s Th] [Qd]
Mahu2021: checks 
Heilmallen: bets 20
Mahu2021: calls 20
*** SHOW DOWN ***
Heilmallen: shows [8c Qh] (a pair of Queens)
Mahu2021: mucks hand 
Heilmallen collected 80 from pot
*** SUMMARY ***
Total pot 80 | Rake 0 
Board [As 7d 3s Th Qd]
Seat 1: Mahu2021 (big blind) mucked [3h Kc]
Seat 3: Heilmallen (button) (small blind) showed [8c Qh] and won (80) with a pair of Queens



PokerStars Hand #247996624830: Tournament #3694566319, $1.84+$0.16 USD Hold'em No Limit - Level I (10/20) - 2024/01/01 15:38:27 CET [2024/01/01 9:38:27 ET]
Table '3694566319 1' 3-max Seat #1 is the button
Seat 1: Mahu2021 (550 in chips) 
Seat 3: Heilmallen (950 in chips) 
Mahu2021: posts small blind 10
Heilmallen: posts big blind 20
*** HOLE CARDS ***
Dealt to Mahu2021 [3d Qs]
Mahu2021: folds 
Uncalled bet (10) returned to Heilmallen
Heilmallen collected 20 from pot
*** SUMMARY ***
Total pot 20 | Rake 0 
Seat 1: Mahu2021 (button) (small blind) folded before Flop
Seat 3: Heilmallen (big blind) collected (20)



PokerStars Hand #247996625928: Tournament #3694566319, $1.84+$0.16 USD Hold'em No Limit - Level I (10/20) - 2024/01/01 15:38:31 CET [2024/01/01 9:38:31 ET]
Table '3694566319 1' 3-max Seat #3 is the button
Seat 1: Mahu2021 (540 in chips) 
Seat 3: Heilmallen (960 in chips) 
Heilmallen: posts small blind 10
Mahu2021: posts big blind 20
*** HOLE CARDS ***
Dealt to Mahu2021 [2c 7c]
Heilmallen: raises 20 to 40
Mahu2021: folds 
Uncalled bet (20) returned to Heilmallen
Heilmallen collected 40 from pot
*** SUMMARY ***
Total pot 40 | Rake 0 
Seat 1: Mahu2021 (big blind) folded before Flop
Seat 3: Heilmallen (button) (small blind) collected (40)



PokerStars Hand #247996627239: Tournament #3694566319, $1.84+$0.16 USD Hold'em No Limit - Level I (10/20) - 2024/01/01 15:38:36 CET [2024/01/01 9:38:36 ET]
Table '3694566319 1' 3-max Seat #1 is the button
Seat 1: Mahu2021 (520 in chips) 
Seat 3: Heilmallen (980 in chips) 
Mahu2021: posts small blind 10
Heilmallen: posts big blind 20
*** HOLE CARDS ***
Dealt to Mahu2021 [6s 7c]
Mahu2021: calls 10
Heilmallen: checks 
*** FLOP *** [Js 5h Jc]
Heilmallen: checks 
Mahu2021: checks 
*** TURN *** [Js 5h Jc] [5d]
Heilmallen: checks 
Mahu2021: checks 
*** RIVER *** [Js 5h Jc 5d] [As]
Heilmallen: checks 
Mahu2021: bets 20
Heilmallen: calls 20
*** SHOW DOWN ***
Mahu2021: shows [6s 7c] (two pair, Jacks and Fives)
Heilmallen: shows [Kh 3c] (two pair, Jacks and Fives)
Heilmallen collected 40 from pot
Mahu2021 collected 40 from pot
*** SUMMARY ***
Total pot 80 | Rake 0 
Board [Js 5h Jc 5d As]
Seat 1: Mahu2021 (button) (small blind) showed [6s 7c] and won (40) with two pair, Jacks and Fives
Seat 3: Heilmallen (big blind) showed [Kh 3c] and won (40) with two pair, Jacks and Fives



PokerStars Hand #247996630947: Tournament #3694566319, $1.84+$0.16 USD Hold'em No Limit - Level I (10/20) - 2024/01/01 15:38:51 CET [2024/01/01 9:38:51 ET]
Table '3694566319 1' 3-max Seat #3 is the button
Seat 1: Mahu2021 (520 in chips) 
Seat 3: Heilmallen (980 in chips) 
Heilmallen: posts small blind 10
Mahu2021: posts big blind 20
*** HOLE CARDS ***
Dealt to Mahu2021 [8s 9d]
Heilmallen: folds 
Uncalled bet (10) returned to Mahu2021
Mahu2021 collected 20 from pot
Mahu2021: doesn't show hand 
*** SUMMARY ***
Total pot 20 | Rake 0 
Seat 1: Mahu2021 (big blind) collected (20)
Seat 3: Heilmallen (button) (small blind) folded before Flop



PokerStars Hand #247996633533: Tournament #3694566319, $1.84+$0.16 USD Hold'em No Limit - Level I (10/20) - 2024/01/01 15:39:01 CET [2024/01/01 9:39:01 ET]
Table '3694566319 1' 3-max Seat #1 is the button
Seat 1: Mahu2021 (530 in chips) 
Seat 3: Heilmallen (970 in chips) 
Mahu2021: posts small blind 10
Heilmallen: posts big blind 20
*** HOLE CARDS ***
Dealt to Mahu2021 [Jd 6c]
Mahu2021: calls 10
Heilmallen: checks 
*** FLOP *** [9d 4h 3c]
Heilmallen: checks 
Mahu2021: checks 
*** TURN *** [9d 4h 3c] [5h]
Heilmallen: bets 20
Mahu2021: calls 20
*** RIVER *** [9d 4h 3c 5h] [9h]
Heilmallen: bets 20
Mahu2021: folds 
Uncalled bet (20) returned to Heilmallen
Heilmallen collected 80 from pot
*** SUMMARY ***
Total pot 80 | Rake 0 
Board [9d 4h 3c 5h 9h]
Seat 1: Mahu2021 (button) (small blind) folded on the River
Seat 3: Heilmallen (big blind) collected (80)



PokerStars Hand #247996637117: Tournament #3694566319, $1.84+$0.16 USD Hold'em No Limit - Level I (10/20) - 2024/01/01 15:39:15 CET [2024/01/01 9:39:15 ET]
Table '3694566319 1' 3-max Seat #3 is the button
Seat 1: Mahu2021 (490 in chips) 
Seat 3: Heilmallen (1010 in chips) 
Heilmallen: posts small blind 10
Mahu2021: posts big blind 20
*** HOLE CARDS ***
Dealt to Mahu2021 [2h 7d]
Heilmallen: calls 10
Mahu2021: checks 
*** FLOP *** [Ac Kc Ks]
Mahu2021: bets 20
Heilmallen: calls 20
*** TURN *** [Ac Kc Ks] [4h]
Mahu2021: bets 80
Heilmallen: calls 80
*** RIVER *** [Ac Kc Ks 4h] [Ad]
Mahu2021: bets 370 and is all-in
Heilmallen: folds 
Uncalled bet (370) returned to Mahu2021
Mahu2021 collected 240 from pot
Mahu2021: doesn't show hand 
*** SUMMARY ***
Total pot 240 | Rake 0 
Board [Ac Kc Ks 4h Ad]
Seat 1: Mahu2021 (big blind) collected (240)
Seat 3: Heilmallen (button) (small blind) folded on the River



PokerStars Hand #247996641210: Tournament #3694566319, $1.84+$0.16 USD Hold'em No Limit - Level I (10/20) - 2024/01/01 15:39:30 CET [2024/01/01 9:39:30 ET]
Table '3694566319 1' 3-max Seat #1 is the button
Seat 1: Mahu2021 (610 in chips) 
Seat 3: Heilmallen (890 in chips) 
Mahu2021: posts small blind 10
Heilmallen: posts big blind 20
*** HOLE CARDS ***
Dealt to Mahu2021 [Ks Qh]
Mahu2021: raises 20 to 40
Heilmallen: raises 20 to 60
Mahu2021: calls 20
*** FLOP *** [9s 9d 8d]
Heilmallen: bets 60
Mahu2021: folds 
Uncalled bet (60) returned to Heilmallen
Heilmallen collected 120 from pot
*** SUMMARY ***
Total pot 120 | Rake 0 
Board [9s 9d 8d]
Seat 1: Mahu2021 (button) (small blind) folded on the Flop
Seat 3: Heilmallen (big blind) collected (120)



PokerStars Hand #247996644226: Tournament #3694566319, $1.84+$0.16 USD Hold'em No Limit - Level I (10/20) - 2024/01/01 15:39:42 CET [2024/01/01 9:39:42 ET]
Table '3694566319 1' 3-max Seat #3 is the button
Seat 1: Mahu2021 (550 in chips) 
Seat 3: Heilmallen (950 in chips) 
Heilmallen: posts small blind 10
Mahu2021: posts big blind 20
*** HOLE CARDS ***
Dealt to Mahu2021 [Kd Ah]
Heilmallen: folds 
Uncalled bet (10) returned to Mahu2021
Mahu2021 collected 20 from pot
Mahu2021: doesn't show hand 
*** SUMMARY ***
Total pot 20 | Rake 0 
Seat 1: Mahu2021 (big blind) collected (20)
Seat 3: Heilmallen (button) (small blind) folded before Flop



PokerStars Hand #247996645480: Tournament #3694566319, $1.84+$0.16 USD Hold'em No Limit - Level I (10/20) - 2024/01/01 15:39:47 CET [2024/01/01 9:39:47 ET]
Table '3694566319 1' 3-max Seat #1 is the button
Seat 1: Mahu2021 (560 in chips) 
Seat 3: Heilmallen (940 in chips) 
Mahu2021: posts small blind 10
Heilmallen: posts big blind 20
*** HOLE CARDS ***
Dealt to Mahu2021 [Jd 9h]
Mahu2021: calls 10
Heilmallen: checks 
*** FLOP *** [Ad 9c As]
Heilmallen: checks 
Mahu2021: bets 20
Heilmallen: calls 20
*** TURN *** [Ad 9c As] [9s]
Heilmallen: checks 
Mahu2021: bets 20
Heilmallen: calls 20
*** RIVER *** [Ad 9c As 9s] [3d]
Heilmallen: checks 
Mahu2021: bets 120
Heilmallen: folds 
Uncalled bet (120) returned to Mahu2021
Mahu2021 collected 120 from pot
Mahu2021: doesn't show hand 
*** SUMMARY ***
Total pot 120 | Rake 0 
Board [Ad 9c As 9s 3d]
Seat 1: Mahu2021 (button) (small blind) collected (120)
Seat 3: Heilmallen (big blind) folded on the River



PokerStars Hand #247996654500: Tournament #3694566319, $1.84+$0.16 USD Hold'em No Limit - Level II (15/30) - 2024/01/01 15:40:23 CET [2024/01/01 9:40:23 ET]
Table '3694566319 1' 3-max Seat #3 is the button
Seat 1: Mahu2021 (620 in chips) 
Seat 3: Heilmallen (880 in chips) 
Heilmallen: posts small blind 15
Mahu2021: posts big blind 30
*** HOLE CARDS ***
Dealt to Mahu2021 [9s 2d]
Heilmallen: folds 
Uncalled bet (15) returned to Mahu2021
Mahu2021 collected 30 from pot
Mahu2021: doesn't show hand 
*** SUMMARY ***
Total pot 30 | Rake 0 
Seat 1: Mahu2021 (big blind) collected (30)
Seat 3: Heilmallen (button) (small blind) folded before Flop



PokerStars Hand #247996656761: Tournament #3694566319, $1.84+$0.16 USD Hold'em No Limit - Level II (15/30) - 2024/01/01 15:40:32 CET [2024/01/01 9:40:32 ET]
Table '3694566319 1' 3-max Seat #1 is the button
Seat 1: Mahu2021 (635 in chips) 
Seat 3: Heilmallen (865 in chips) 
Mahu2021: posts small blind 15
Heilmallen: posts big blind 30
*** HOLE CARDS ***
Dealt to Mahu2021 [4h 2d]
Mahu2021: calls 15
Heilmallen: checks 
*** FLOP *** [Kh 2c 7s]
Heilmallen: checks 
Mahu2021: bets 30
Heilmallen: calls 30
*** TURN *** [Kh 2c 7s] [3c]
Heilmallen: checks 
Mahu2021: checks 
*** RIVER *** [Kh 2c 7s 3c] [8h]
Heilmallen: checks 
Mahu2021: checks 
*** SHOW DOWN ***
Heilmallen: shows [2h Qc] (a pair of Deuces)
Mahu2021: mucks hand 
Heilmallen collected 120 from pot
*** SUMMARY ***
Total pot 120 | Rake 0 
Board [Kh 2c 7s 3c 8h]
Seat 1: Mahu2021 (button) (small blind) mucked [4h 2d]
Seat 3: Heilmallen (big blind) showed [2h Qc] and won (120) with a pair of Deuces



PokerStars Hand #247996663150: Tournament #3694566319, $1.84+$0.16 USD Hold'em No Limit - Level II (15/30) - 2024/01/01 15:40:57 CET [2024/01/01 9:40:57 ET]
Table '3694566319 1' 3-max Seat #3 is the button
Seat 1: Mahu2021 (575 in chips) 
Seat 3: Heilmallen (925 in chips) 
Heilmallen: posts small blind 15
Mahu2021: posts big blind 30
*** HOLE CARDS ***
Dealt to Mahu2021 [Kd 9s]
Heilmallen: folds 
Uncalled bet (15) returned to Mahu2021
Mahu2021 collected 30 from pot
Mahu2021: doesn't show hand 
*** SUMMARY ***
Total pot 30 | Rake 0 
Seat 1: Mahu2021 (big blind) collected (30)
Seat 3: Heilmallen (button) (small blind) folded before Flop



PokerStars Hand #247996664189: Tournament #3694566319, $1.84+$0.16 USD Hold'em No Limit - Level II (15/30) - 2024/01/01 15:41:01 CET [2024/01/01 9:41:01 ET]
Table '3694566319 1' 3-max Seat #1 is the button
Seat 1: Mahu2021 (590 in chips) 
Seat 3: Heilmallen (910 in chips) 
Mahu2021: posts small blind 15
Heilmallen: posts big blind 30
*** HOLE CARDS ***
Dealt to Mahu2021 [Qc 3h]
Mahu2021: calls 15
Heilmallen: checks 
*** FLOP *** [5c Jh Qd]
Heilmallen: bets 30
Mahu2021: calls 30
*** TURN *** [5c Jh Qd] [Kh]
Heilmallen: bets 30
Mahu2021: calls 30
*** RIVER *** [5c Jh Qd Kh] [8c]
Heilmallen: bets 30
Mahu2021: calls 30
*** SHOW DOWN ***
Heilmallen: shows [4s Jc] (a pair of Jacks)
Mahu2021: shows [Qc 3h] (a pair of Queens)
Mahu2021 collected 240 from pot
*** SUMMARY ***
Total pot 240 | Rake 0 
Board [5c Jh Qd Kh 8c]
Seat 1: Mahu2021 (button) (small blind) showed [Qc 3h] and won (240) with a pair of Queens
Seat 3: Heilmallen (big blind) showed [4s Jc] and lost with a pair of Jacks



PokerStars Hand #247996668646: Tournament #3694566319, $1.84+$0.16 USD Hold'em No Limit - Level II (15/30) - 2024/01/01 15:41:18 CET [2024/01/01 9:41:18 ET]
Table '3694566319 1' 3-max Seat #3 is the button
Seat 1: Mahu2021 (710 in chips) 
Seat 3: Heilmallen (790 in chips) 
Heilmallen: posts small blind 15
Mahu2021: posts big blind 30
*** HOLE CARDS ***
Dealt to Mahu2021 [7d 9s]
Heilmallen: calls 15
Mahu2021: checks 
*** FLOP *** [8s 9c 6c]
Mahu2021: bets 30
Heilmallen: calls 30
*** TURN *** [8s 9c 6c] [Ks]
Mahu2021: bets 30
Heilmallen: calls 30
*** RIVER *** [8s 9c 6c Ks] [9d]
Mahu2021: bets 30
Heilmallen: calls 30
*** SHOW DOWN ***
Mahu2021: shows [7d 9s] (three of a kind, Nines)
Heilmallen: mucks hand 
Mahu2021 collected 240 from pot
*** SUMMARY ***
Total pot 240 | Rake 0 
Board [8s 9c 6c Ks 9d]
Seat 1: Mahu2021 (big blind) showed [7d 9s] and won (240) with three of a kind, Nines
Seat 3: Heilmallen (button) (small blind) mucked [8h As]



PokerStars Hand #247996672691: Tournament #3694566319, $1.84+$0.16 USD Hold'em No Limit - Level II (15/30) - 2024/01/01 15:41:34 CET [2024/01/01 9:41:34 ET]
Table '3694566319 1' 3-max Seat #1 is the button
Seat 1: Mahu2021 (830 in chips) 
Seat 3: Heilmallen (670 in chips) 
Mahu2021: posts small blind 15
Heilmallen: posts big blind 30
*** HOLE CARDS ***
Dealt to Mahu2021 [7c 9h]
Mahu2021: calls 15
Heilmallen: checks 
*** FLOP *** [Jc 6d Ah]
Heilmallen: checks 
Mahu2021: checks 
*** TURN *** [Jc 6d Ah] [Qc]
Heilmallen: checks 
Mahu2021: checks 
*** RIVER *** [Jc 6d Ah Qc] [4d]
Heilmallen: checks 
Mahu2021: bets 60
Heilmallen: calls 60
*** SHOW DOWN ***
Mahu2021: shows [7c 9h] (high card Ace)
Heilmallen: shows [2c Js] (a pair of Jacks)
Heilmallen collected 180 from pot
*** SUMMARY ***
Total pot 180 | Rake 0 
Board [Jc 6d Ah Qc 4d]
Seat 1: Mahu2021 (button) (small blind) showed [7c 9h] and lost with high card Ace
Seat 3: Heilmallen (big blind) showed [2c Js] and won (180) with a pair of Jacks



PokerStars Hand #247996677079: Tournament #3694566319, $1.84+$0.16 USD Hold'em No Limit - Level II (15/30) - 2024/01/01 15:41:51 CET [2024/01/01 9:41:51 ET]
Table '3694566319 1' 3-max Seat #3 is the button
Seat 1: Mahu2021 (740 in chips) 
Seat 3: Heilmallen (760 in chips) 
Heilmallen: posts small blind 15
Mahu2021: posts big blind 30
*** HOLE CARDS ***
Dealt to Mahu2021 [5h 9h]
Heilmallen: calls 15
Mahu2021: checks 
*** FLOP *** [Qs Kd Js]
Mahu2021: checks 
Heilmallen: checks 
*** TURN *** [Qs Kd Js] [5c]
Mahu2021: checks 
Heilmallen: checks 
*** RIVER *** [Qs Kd Js 5c] [Kc]
Mahu2021: checks 
Heilmallen: checks 
*** SHOW DOWN ***
Mahu2021: shows [5h 9h] (two pair, Kings and Fives)
Heilmallen: shows [5s Ah] (two pair, Kings and Fives - Ace kicker)
Heilmallen collected 60 from pot
*** SUMMARY ***
Total pot 60 | Rake 0 
Board [Qs Kd Js 5c Kc]
Seat 1: Mahu2021 (big blind) showed [5h 9h] and lost with two pair, Kings and Fives
Seat 3: Heilmallen (button) (small blind) showed [5s Ah] and won (60) with two pair, Kings and Fives



PokerStars Hand #247996680215: Tournament #3694566319, $1.84+$0.16 USD Hold'em No Limit - Level II (15/30) - 2024/01/01 15:42:03 CET [2024/01/01 9:42:03 ET]
Table '3694566319 1' 3-max Seat #1 is the button
Seat 1: Mahu2021 (710 in chips) 
Seat 3: Heilmallen (790 in chips) 
Mahu2021: posts small blind 15
Heilmallen: posts big blind 30
*** HOLE CARDS ***
Dealt to Mahu2021 [Ah 7s]
Mahu2021: raises 30 to 60
Heilmallen: calls 30
*** FLOP *** [9s 4h Ac]
Heilmallen: checks 
Mahu2021: bets 30
Heilmallen: folds 
Uncalled bet (30) returned to Mahu2021
Mahu2021 collected 120 from pot
Mahu2021: doesn't show hand 
*** SUMMARY ***
Total pot 120 | Rake 0 
Board [9s 4h Ac]
Seat 1: Mahu2021 (button) (small blind) collected (120)
Seat 3: Heilmallen (big blind) folded on the Flop



PokerStars Hand #247996685150: Tournament #3694566319, $1.84+$0.16 USD Hold'em No Limit - Level II (15/30) - 2024/01/01 15:42:22 CET [2024/01/01 9:42:22 ET]
Table '3694566319 1' 3-max Seat #3 is the button
Seat 1: Mahu2021 (770 in chips) 
Seat 3: Heilmallen (730 in chips) 
Heilmallen: posts small blind 15
Mahu2021: posts big blind 30
*** HOLE CARDS ***
Dealt to Mahu2021 [Qd Td]
Heilmallen: folds 
Uncalled bet (15) returned to Mahu2021
Mahu2021 collected 30 from pot
Mahu2021: doesn't show hand 
*** SUMMARY ***
Total pot 30 | Rake 0 
Seat 1: Mahu2021 (big blind) collected (30)
Seat 3: Heilmallen (button) (small blind) folded before Flop



PokerStars Hand #247996686566: Tournament #3694566319, $1.84+$0.16 USD Hold'em No Limit - Level II (15/30) - 2024/01/01 15:42:28 CET [2024/01/01 9:42:28 ET]
Table '3694566319 1' 3-max Seat #1 is the button
Seat 1: Mahu2021 (785 in chips) 
Seat 3: Heilmallen (715 in chips) 
Mahu2021: posts small blind 15
Heilmallen: posts big blind 30
*** HOLE CARDS ***
Dealt to Mahu2021 [7d 8d]
Mahu2021: calls 15
Heilmallen: checks 
*** FLOP *** [2c Ad 6d]
Heilmallen: bets 30
Mahu2021: calls 30
*** TURN *** [2c Ad 6d] [9d]
Heilmallen: bets 30
Mahu2021: calls 30
*** RIVER *** [2c Ad 6d 9d] [Qc]
Heilmallen: bets 30
Mahu2021: raises 60 to 90
Heilmallen: calls 60
*** SHOW DOWN ***
Mahu2021: shows [7d 8d] (a flush, Ace high)
Heilmallen: mucks hand 
Mahu2021 collected 360 from pot
*** SUMMARY ***
Total pot 360 | Rake 0 
Board [2c Ad 6d 9d Qc]
Seat 1: Mahu2021 (button) (small blind) showed [7d 8d] and won (360) with a flush, Ace high
Seat 3: Heilmallen (big blind) mucked [2s 6c]



PokerStars Hand #247996690967: Tournament #3694566319, $1.84+$0.16 USD Hold'em No Limit - Level II (15/30) - 2024/01/01 15:42:45 CET [2024/01/01 9:42:45 ET]
Table '3694566319 1' 3-max Seat #3 is the button
Seat 1: Mahu2021 (965 in chips) 
Seat 3: Heilmallen (535 in chips) 
Heilmallen: posts small blind 15
Mahu2021: posts big blind 30
*** HOLE CARDS ***
Dealt to Mahu2021 [Th Ac]
Heilmallen: raises 30 to 60
Mahu2021: raises 905 to 965 and is all-in
Heilmallen: calls 475 and is all-in
Uncalled bet (430) returned to Mahu2021
*** FLOP *** [Qh Kd 3s]
*** TURN *** [Qh Kd 3s] [9s]
*** RIVER *** [Qh Kd 3s 9s] [7h]
*** SHOW DOWN ***
Mahu2021: shows [Th Ac] (high card Ace)
Heilmallen: shows [Js Jh] (a pair of Jacks)
Heilmallen collected 1070 from pot
*** SUMMARY ***
Total pot 1070 | Rake 0 
Board [Qh Kd 3s 9s 7h]
Seat 1: Mahu2021 (big blind) showed [Th Ac] and lost with high card Ace
Seat 3: Heilmallen (button) (small blind) showed [Js Jh] and won (1070) with a pair of Jacks



PokerStars Hand #247996694482: Tournament #3694566319, $1.84+$0.16 USD Hold'em No Limit - Level II (15/30) - 2024/01/01 15:42:58 CET [2024/01/01 9:42:58 ET]
Table '3694566319 1' 3-max Seat #1 is the button
Seat 1: Mahu2021 (430 in chips) 
Seat 3: Heilmallen (1070 in chips) 
Mahu2021: posts small blind 15
Heilmallen: posts big blind 30
*** HOLE CARDS ***
Dealt to Mahu2021 [Ad 3d]
Mahu2021: raises 30 to 60
Heilmallen: calls 30
*** FLOP *** [6d Ac 6h]
Heilmallen: checks 
Mahu2021: bets 30
Heilmallen: folds 
Uncalled bet (30) returned to Mahu2021
Mahu2021 collected 120 from pot
Mahu2021: doesn't show hand 
*** SUMMARY ***
Total pot 120 | Rake 0 
Board [6d Ac 6h]
Seat 1: Mahu2021 (button) (small blind) collected (120)
Seat 3: Heilmallen (big blind) folded on the Flop



PokerStars Hand #247996697908: Tournament #3694566319, $1.84+$0.16 USD Hold'em No Limit - Level III (20/40) - 2024/01/01 15:43:12 CET [2024/01/01 9:43:12 ET]
Table '3694566319 1' 3-max Seat #3 is the button
Seat 1: Mahu2021 (490 in chips) 
Seat 3: Heilmallen (1010 in chips) 
Heilmallen: posts small blind 20
Mahu2021: posts big blind 40
*** HOLE CARDS ***
Dealt to Mahu2021 [4d 6s]
Heilmallen: calls 20
Mahu2021: checks 
*** FLOP *** [Qs 6d 2c]
Mahu2021: bets 40
Heilmallen: calls 40
*** TURN *** [Qs 6d 2c] [3s]
Mahu2021: bets 40
Heilmallen: calls 40
*** RIVER *** [Qs 6d 2c 3s] [9h]
Mahu2021: bets 40
Heilmallen: folds 
Uncalled bet (40) returned to Mahu2021
Mahu2021 collected 240 from pot
Mahu2021: doesn't show hand 
*** SUMMARY ***
Total pot 240 | Rake 0 
Board [Qs 6d 2c 3s 9h]
Seat 1: Mahu2021 (big blind) collected (240)
Seat 3: Heilmallen (button) (small blind) folded on the River



PokerStars Hand #247996701426: Tournament #3694566319, $1.84+$0.16 USD Hold'em No Limit - Level III (20/40) - 2024/01/01 15:43:26 CET [2024/01/01 9:43:26 ET]
Table '3694566319 1' 3-max Seat #1 is the button
Seat 1: Mahu2021 (610 in chips) 
Seat 3: Heilmallen (890 in chips) 
Mahu2021: posts small blind 20
Heilmallen: posts big blind 40
*** HOLE CARDS ***
Dealt to Mahu2021 [Ad 5c]
Mahu2021: calls 20
Heilmallen: checks 
*** FLOP *** [2c 3c 9s]
Heilmallen: checks 
Mahu2021: checks 
*** TURN *** [2c 3c 9s] [Ah]
Heilmallen: checks 
Mahu2021: checks 
*** RIVER *** [2c 3c 9s Ah] [7h]
Heilmallen: bets 40
Mahu2021: calls 40
*** SHOW DOWN ***
Heilmallen: shows [Qc 5s] (high card Ace)
Mahu2021: shows [Ad 5c] (a pair of Aces)
Mahu2021 collected 160 from pot
*** SUMMARY ***
Total pot 160 | Rake 0 
Board [2c 3c 9s Ah 7h]
Seat 1: Mahu2021 (button) (small blind) showed [Ad 5c] and won (160) with a pair of Aces
Seat 3: Heilmallen (big blind) showed [Qc 5s] and lost with high card Ace



PokerStars Hand #247996704594: Tournament #3694566319, $1.84+$0.16 USD Hold'em No Limit - Level III (20/40) - 2024/01/01 15:43:38 CET [2024/01/01 9:43:38 ET]
Table '3694566319 1' 3-max Seat #3 is the button
Seat 1: Mahu2021 (690 in chips) 
Seat 3: Heilmallen (810 in chips) 
Heilmallen: posts small blind 20
Mahu2021: posts big blind 40
*** HOLE CARDS ***
Dealt to Mahu2021 [Ah 2d]
Heilmallen: calls 20
Mahu2021: checks 
*** FLOP *** [7h 5d 3s]
Mahu2021: checks 
Heilmallen: bets 40
Mahu2021: folds 
Uncalled bet (40) returned to Heilmallen
Heilmallen collected 80 from pot
*** SUMMARY ***
Total pot 80 | Rake 0 
Board [7h 5d 3s]
Seat 1: Mahu2021 (big blind) folded on the Flop
Seat 3: Heilmallen (button) (small blind) collected (80)



PokerStars Hand #247996707333: Tournament #3694566319, $1.84+$0.16 USD Hold'em No Limit - Level III (20/40) - 2024/01/01 15:43:49 CET [2024/01/01 9:43:49 ET]
Table '3694566319 1' 3-max Seat #1 is the button
Seat 1: Mahu2021 (650 in chips) 
Seat 3: Heilmallen (850 in chips) 
Mahu2021: posts small blind 20
Heilmallen: posts big blind 40
*** HOLE CARDS ***
Dealt to Mahu2021 [7d 9s]
Mahu2021: calls 20
Heilmallen: checks 
*** FLOP *** [Ts 6s Ad]
Heilmallen: bets 40
Mahu2021: folds 
Uncalled bet (40) returned to Heilmallen
Heilmallen collected 80 from pot
*** SUMMARY ***
Total pot 80 | Rake 0 
Board [Ts 6s Ad]
Seat 1: Mahu2021 (button) (small blind) folded on the Flop
Seat 3: Heilmallen (big blind) collected (80)



PokerStars Hand #247996709717: Tournament #3694566319, $1.84+$0.16 USD Hold'em No Limit - Level III (20/40) - 2024/01/01 15:43:58 CET [2024/01/01 9:43:58 ET]
Table '3694566319 1' 3-max Seat #3 is the button
Seat 1: Mahu2021 (610 in chips) 
Seat 3: Heilmallen (890 in chips) 
Heilmallen: posts small blind 20
Mahu2021: posts big blind 40
*** HOLE CARDS ***
Dealt to Mahu2021 [6h Js]
Heilmallen: raises 40 to 80
Mahu2021: calls 40
*** FLOP *** [Jh Qd 9h]
Mahu2021: checks 
Heilmallen: bets 40
Mahu2021: calls 40
*** TURN *** [Jh Qd 9h] [6c]
Mahu2021: checks 
Heilmallen: bets 40
Mahu2021: raises 80 to 120
Heilmallen: calls 80
*** RIVER *** [Jh Qd 9h 6c] [5d]
Mahu2021: bets 370 and is all-in
Heilmallen: folds 
Uncalled bet (370) returned to Mahu2021
Mahu2021 collected 480 from pot
Mahu2021: doesn't show hand 
*** SUMMARY ***
Total pot 480 | Rake 0 
Board [Jh Qd 9h 6c 5d]
Seat 1: Mahu2021 (big blind) collected (480)
Seat 3: Heilmallen (button) (small blind) folded on the River



PokerStars Hand #247996715044: Tournament #3694566319, $1.84+$0.16 USD Hold'em No Limit - Level III (20/40) - 2024/01/01 15:44:19 CET [2024/01/01 9:44:19 ET]
Table '3694566319 1' 3-max Seat #1 is the button
Seat 1: Mahu2021 (850 in chips) 
Seat 3: Heilmallen (650 in chips) 
Mahu2021: posts small blind 20
Heilmallen: posts big blind 40
*** HOLE CARDS ***
Dealt to Mahu2021 [6s As]
Mahu2021: calls 20
Heilmallen: checks 
*** FLOP *** [Qs Kd 5h]
Heilmallen: checks 
Mahu2021: checks 
*** TURN *** [Qs Kd 5h] [6h]
Heilmallen: checks 
Mahu2021: checks 
*** RIVER *** [Qs Kd 5h 6h] [3s]
Heilmallen: checks 
Mahu2021: checks 
*** SHOW DOWN ***
Heilmallen: shows [6c 2h] (a pair of Sixes)
Mahu2021: shows [6s As] (a pair of Sixes - Ace kicker)
Mahu2021 collected 80 from pot
*** SUMMARY ***
Total pot 80 | Rake 0 
Board [Qs Kd 5h 6h 3s]
Seat 1: Mahu2021 (button) (small blind) showed [6s As] and won (80) with a pair of Sixes
Seat 3: Heilmallen (big blind) showed [6c 2h] and lost with a pair of Sixes



PokerStars Hand #247996721998: Tournament #3694566319, $1.84+$0.16 USD Hold'em No Limit - Level III (20/40) - 2024/01/01 15:44:46 CET [2024/01/01 9:44:46 ET]
Table '3694566319 1' 3-max Seat #3 is the button
Seat 1: Mahu2021 (890 in chips) 
Seat 3: Heilmallen (610 in chips) 
Heilmallen: posts small blind 20
Mahu2021: posts big blind 40
*** HOLE CARDS ***
Dealt to Mahu2021 [Ad Ac]
Heilmallen: calls 20
Mahu2021: raises 850 to 890 and is all-in
Heilmallen: folds 
Uncalled bet (850) returned to Mahu2021
Mahu2021 collected 80 from pot
Mahu2021: doesn't show hand 
*** SUMMARY ***
Total pot 80 | Rake 0 
Seat 1: Mahu2021 (big blind) collected (80)
Seat 3: Heilmallen (button) (small blind) folded before Flop



PokerStars Hand #247996724062: Tournament #3694566319, $1.84+$0.16 USD Hold'em No Limit - Level III (20/40) - 2024/01/01 15:44:55 CET [2024/01/01 9:44:55 ET]
Table '3694566319 1' 3-max Seat #1 is the button
Seat 1: Mahu2021 (930 in chips) 
Seat 3: Heilmallen (570 in chips) 
Mahu2021: posts small blind 20
Heilmallen: posts big blind 40
*** HOLE CARDS ***
Dealt to Mahu2021 [4d 7h]
Mahu2021: folds 
Uncalled bet (20) returned to Heilmallen
Heilmallen collected 40 from pot
*** SUMMARY ***
Total pot 40 | Rake 0 
Seat 1: Mahu2021 (button) (small blind) folded before Flop
Seat 3: Heilmallen (big blind) collected (40)



PokerStars Hand #247996725169: Tournament #3694566319, $1.84+$0.16 USD Hold'em No Limit - Level III (20/40) - 2024/01/01 15:44:59 CET [2024/01/01 9:44:59 ET]
Table '3694566319 1' 3-max Seat #3 is the button
Seat 1: Mahu2021 (910 in chips) 
Seat 3: Heilmallen (590 in chips) 
Heilmallen: posts small blind 20
Mahu2021: posts big blind 40
*** HOLE CARDS ***
Dealt to Mahu2021 [3c 6h]
Heilmallen: calls 20
Mahu2021: checks 
*** FLOP *** [4h 5s Ks]
Mahu2021: checks 
Heilmallen: checks 
*** TURN *** [4h 5s Ks] [9h]
Mahu2021: checks 
Heilmallen: bets 40
Mahu2021: calls 40
*** RIVER *** [4h 5s Ks 9h] [Ts]
Mahu2021: checks 
Heilmallen: checks 
*** SHOW DOWN ***
Mahu2021: shows [3c 6h] (high card King)
Heilmallen: shows [4d 2d] (a pair of Fours)
Heilmallen collected 160 from pot
*** SUMMARY ***
Total pot 160 | Rake 0 
Board [4h 5s Ks 9h Ts]
Seat 1: Mahu2021 (big blind) showed [3c 6h] and lost with high card King
Seat 3: Heilmallen (button) (small blind) showed [4d 2d] and won (160) with a pair of Fours



PokerStars Hand #247996729885: Tournament #3694566319, $1.84+$0.16 USD Hold'em No Limit - Level III (20/40) - 2024/01/01 15:45:18 CET [2024/01/01 9:45:18 ET]
Table '3694566319 1' 3-max Seat #1 is the button
Seat 1: Mahu2021 (830 in chips) 
Seat 3: Heilmallen (670 in chips) 
Mahu2021: posts small blind 20
Heilmallen: posts big blind 40
*** HOLE CARDS ***
Dealt to Mahu2021 [Jc 4d]
Mahu2021: folds 
Uncalled bet (20) returned to Heilmallen
Heilmallen collected 40 from pot
*** SUMMARY ***
Total pot 40 | Rake 0 
Seat 1: Mahu2021 (button) (small blind) folded before Flop
Seat 3: Heilmallen (big blind) collected (40)



PokerStars Hand #247996731134: Tournament #3694566319, $1.84+$0.16 USD Hold'em No Limit - Level III (20/40) - 2024/01/01 15:45:23 CET [2024/01/01 9:45:23 ET]
Table '3694566319 1' 3-max Seat #3 is the button
Seat 1: Mahu2021 (810 in chips) 
Seat 3: Heilmallen (690 in chips) 
Heilmallen: posts small blind 20
Mahu2021: posts big blind 40
*** HOLE CARDS ***
Dealt to Mahu2021 [7d 9c]
Heilmallen: calls 20
Mahu2021: checks 
*** FLOP *** [Ac 3h 6c]
Mahu2021: checks 
Heilmallen: checks 
*** TURN *** [Ac 3h 6c] [Jc]
Mahu2021: checks 
Heilmallen: bets 40
Mahu2021: calls 40
*** RIVER *** [Ac 3h 6c Jc] [Kh]
Mahu2021: checks 
Heilmallen: bets 40
Mahu2021: folds 
Uncalled bet (40) returned to Heilmallen
Heilmallen collected 160 from pot
*** SUMMARY ***
Total pot 160 | Rake 0 
Board [Ac 3h 6c Jc Kh]
Seat 1: Mahu2021 (big blind) folded on the River
Seat 3: Heilmallen (button) (small blind) collected (160)



PokerStars Hand #247996735664: Tournament #3694566319, $1.84+$0.16 USD Hold'em No Limit - Level III (20/40) - 2024/01/01 15:45:41 CET [2024/01/01 9:45:41 ET]
Table '3694566319 1' 3-max Seat #1 is the button
Seat 1: Mahu2021 (730 in chips) 
Seat 3: Heilmallen (770 in chips) 
Mahu2021: posts small blind 20
Heilmallen: posts big blind 40
*** HOLE CARDS ***
Dealt to Mahu2021 [Jh 3s]
Mahu2021: folds 
Uncalled bet (20) returned to Heilmallen
Heilmallen collected 40 from pot
*** SUMMARY ***
Total pot 40 | Rake 0 
Seat 1: Mahu2021 (button) (small blind) folded before Flop
Seat 3: Heilmallen (big blind) collected (40)



PokerStars Hand #247996736715: Tournament #3694566319, $1.84+$0.16 USD Hold'em No Limit - Level III (20/40) - 2024/01/01 15:45:45 CET [2024/01/01 9:45:45 ET]
Table '3694566319 1' 3-max Seat #3 is the button
Seat 1: Mahu2021 (710 in chips) 
Seat 3: Heilmallen (790 in chips) 
Heilmallen: posts small blind 20
Mahu2021: posts big blind 40
*** HOLE CARDS ***
Dealt to Mahu2021 [8h Ac]
Heilmallen: calls 20
Mahu2021: checks 
*** FLOP *** [4s 5h 9c]
Mahu2021: checks 
Heilmallen: checks 
*** TURN *** [4s 5h 9c] [Ah]
Mahu2021: checks 
Heilmallen: checks 
*** RIVER *** [4s 5h 9c Ah] [6h]
Mahu2021: bets 40
Heilmallen: calls 40
*** SHOW DOWN ***
Mahu2021: shows [8h Ac] (a pair of Aces)
Heilmallen: mucks hand 
Mahu2021 collected 160 from pot
*** SUMMARY ***
Total pot 160 | Rake 0 
Board [4s 5h 9c Ah 6h]
Seat 1: Mahu2021 (big blind) showed [8h Ac] and won (160) with a pair of Aces
Seat 3: Heilmallen (button) (small blind) mucked [Ks Js]



PokerStars Hand #247996740371: Tournament #3694566319, $1.84+$0.16 USD Hold'em No Limit - Level III (20/40) - 2024/01/01 15:45:59 CET [2024/01/01 9:45:59 ET]
Table '3694566319 1' 3-max Seat #1 is the button
Seat 1: Mahu2021 (790 in chips) 
Seat 3: Heilmallen (710 in chips) 
Mahu2021: posts small blind 20
Heilmallen: posts big blind 40
*** HOLE CARDS ***
Dealt to Mahu2021 [As Jh]
Mahu2021: raises 40 to 80
Heilmallen: calls 40
*** FLOP *** [4s 5s 3s]
Heilmallen: checks 
Mahu2021: bets 40
Heilmallen: calls 40
*** TURN *** [4s 5s 3s] [Tc]
Heilmallen: checks 
Mahu2021: checks 
*** RIVER *** [4s 5s 3s Tc] [Ac]
Heilmallen: checks 
Mahu2021: bets 40
Heilmallen: folds 
Uncalled bet (40) returned to Mahu2021
Mahu2021 collected 240 from pot
Mahu2021: doesn't show hand 
*** SUMMARY ***
Total pot 240 | Rake 0 
Board [4s 5s 3s Tc Ac]
Seat 1: Mahu2021 (button) (small blind) collected (240)
Seat 3: Heilmallen (big blind) folded on the River



PokerStars Hand #247996746119: Tournament #3694566319, $1.84+$0.16 USD Hold'em No Limit - Level IV (30/60) - 2024/01/01 15:46:22 CET [2024/01/01 9:46:22 ET]
Table '3694566319 1' 3-max Seat #3 is the button
Seat 1: Mahu2021 (910 in chips) 
Seat 3: Heilmallen (590 in chips) 
Heilmallen: posts small blind 30
Mahu2021: posts big blind 60
*** HOLE CARDS ***
Dealt to Mahu2021 [3h 4h]
Heilmallen: calls 30
Mahu2021: checks 
*** FLOP *** [6s Ac Ah]
Mahu2021: checks 
Heilmallen: checks 
*** TURN *** [6s Ac Ah] [Jd]
Mahu2021: checks 
Heilmallen: checks 
*** RIVER *** [6s Ac Ah Jd] [8h]
Mahu2021: checks 
Heilmallen: checks 
*** SHOW DOWN ***
Mahu2021: shows [3h 4h] (a pair of Aces)
Heilmallen: shows [Kh 2h] (a pair of Aces - King kicker)
Heilmallen collected 120 from pot
*** SUMMARY ***
Total pot 120 | Rake 0 
Board [6s Ac Ah Jd 8h]
Seat 1: Mahu2021 (big blind) showed [3h 4h] and lost with a pair of Aces
Seat 3: Heilmallen (button) (small blind) showed [Kh 2h] and won (120) with a pair of Aces



PokerStars Hand #247996749305: Tournament #3694566319, $1.84+$0.16 USD Hold'em No Limit - Level IV (30/60) - 2024/01/01 15:46:34 CET [2024/01/01 9:46:34 ET]
Table '3694566319 1' 3-max Seat #1 is the button
Seat 1: Mahu2021 (850 in chips) 
Seat 3: Heilmallen (650 in chips) 
Mahu2021: posts small blind 30
Heilmallen: posts big blind 60
*** HOLE CARDS ***
Dealt to Mahu2021 [3d 6s]
Mahu2021: calls 30
Heilmallen: raises 60 to 120
Mahu2021: calls 60
*** FLOP *** [7s 5c 2c]
Heilmallen: bets 530 and is all-in
Mahu2021: folds 
Uncalled bet (530) returned to Heilmallen
Heilmallen collected 240 from pot
*** SUMMARY ***
Total pot 240 | Rake 0 
Board [7s 5c 2c]
Seat 1: Mahu2021 (button) (small blind) folded on the Flop
Seat 3: Heilmallen (big blind) collected (240)



PokerStars Hand #247996752480: Tournament #3694566319, $1.84+$0.16 USD Hold'em No Limit - Level IV (30/60) - 2024/01/01 15:46:47 CET [2024/01/01 9:46:47 ET]
Table '3694566319 1' 3-max Seat #3 is the button
Seat 1: Mahu2021 (730 in chips) 
Seat 3: Heilmallen (770 in chips) 
Heilmallen: posts small blind 30
Mahu2021: posts big blind 60
*** HOLE CARDS ***
Dealt to Mahu2021 [3s Tc]
Heilmallen: calls 30
Mahu2021: checks 
*** FLOP *** [Ac 5s 8s]
Mahu2021: checks 
Heilmallen: bets 60
Mahu2021: folds 
Uncalled bet (60) returned to Heilmallen
Heilmallen collected 120 from pot
*** SUMMARY ***
Total pot 120 | Rake 0 
Board [Ac 5s 8s]
Seat 1: Mahu2021 (big blind) folded on the Flop
Seat 3: Heilmallen (button) (small blind) collected (120)



PokerStars Hand #247996754787: Tournament #3694566319, $1.84+$0.16 USD Hold'em No Limit - Level IV (30/60) - 2024/01/01 15:46:56 CET [2024/01/01 9:46:56 ET]
Table '3694566319 1' 3-max Seat #1 is the button
Seat 1: Mahu2021 (670 in chips) 
Seat 3: Heilmallen (830 in chips) 
Mahu2021: posts small blind 30
Heilmallen: posts big blind 60
*** HOLE CARDS ***
Dealt to Mahu2021 [4s 9h]
Mahu2021: folds 
Uncalled bet (30) returned to Heilmallen
Heilmallen collected 60 from pot
*** SUMMARY ***
Total pot 60 | Rake 0 
Seat 1: Mahu2021 (button) (small blind) folded before Flop
Seat 3: Heilmallen (big blind) collected (60)



PokerStars Hand #247996755839: Tournament #3694566319, $1.84+$0.16 USD Hold'em No Limit - Level IV (30/60) - 2024/01/01 15:47:00 CET [2024/01/01 9:47:00 ET]
Table '3694566319 1' 3-max Seat #3 is the button
Seat 1: Mahu2021 (640 in chips) 
Seat 3: Heilmallen (860 in chips) 
Heilmallen: posts small blind 30
Mahu2021: posts big blind 60
*** HOLE CARDS ***
Dealt to Mahu2021 [Jc 9d]
Heilmallen: folds 
Uncalled bet (30) returned to Mahu2021
Mahu2021 collected 60 from pot
Mahu2021: doesn't show hand 
*** SUMMARY ***
Total pot 60 | Rake 0 
Seat 1: Mahu2021 (big blind) collected (60)
Seat 3: Heilmallen (button) (small blind) folded before Flop



PokerStars Hand #247996757516: Tournament #3694566319, $1.84+$0.16 USD Hold'em No Limit - Level IV (30/60) - 2024/01/01 15:47:07 CET [2024/01/01 9:47:07 ET]
Table '3694566319 1' 3-max Seat #1 is the button
Seat 1: Mahu2021 (670 in chips) 
Seat 3: Heilmallen (830 in chips) 
Mahu2021: posts small blind 30
Heilmallen: posts big blind 60
*** HOLE CARDS ***
Dealt to Mahu2021 [8c Js]
Mahu2021: calls 30
Heilmallen: checks 
*** FLOP *** [7s Ac Qd]
Heilmallen: checks 
Mahu2021: bets 60
Heilmallen: calls 60
*** TURN *** [7s Ac Qd] [Jh]
Heilmallen: checks 
Mahu2021: checks 
*** RIVER *** [7s Ac Qd Jh] [3s]
Heilmallen: checks 
Mahu2021: checks 
*** SHOW DOWN ***
Heilmallen: shows [7h Kd] (a pair of Sevens)
Mahu2021: shows [8c Js] (a pair of Jacks)
Mahu2021 collected 240 from pot
*** SUMMARY ***
Total pot 240 | Rake 0 
Board [7s Ac Qd Jh 3s]
Seat 1: Mahu2021 (button) (small blind) showed [8c Js] and won (240) with a pair of Jacks
Seat 3: Heilmallen (big blind) showed [7h Kd] and lost with a pair of Sevens



PokerStars Hand #247996761577: Tournament #3694566319, $1.84+$0.16 USD Hold'em No Limit - Level IV (30/60) - 2024/01/01 15:47:22 CET [2024/01/01 9:47:22 ET]
Table '3694566319 1' 3-max Seat #3 is the button
Seat 1: Mahu2021 (790 in chips) 
Seat 3: Heilmallen (710 in chips) 
Heilmallen: posts small blind 30
Mahu2021: posts big blind 60
*** HOLE CARDS ***
Dealt to Mahu2021 [3d 5h]
Heilmallen: folds 
Uncalled bet (30) returned to Mahu2021
Mahu2021 collected 60 from pot
Mahu2021: doesn't show hand 
*** SUMMARY ***
Total pot 60 | Rake 0 
Seat 1: Mahu2021 (big blind) collected (60)
Seat 3: Heilmallen (button) (small blind) folded before Flop



PokerStars Hand #247996762822: Tournament #3694566319, $1.84+$0.16 USD Hold'em No Limit - Level IV (30/60) - 2024/01/01 15:47:27 CET [2024/01/01 9:47:27 ET]
Table '3694566319 1' 3-max Seat #1 is the button
Seat 1: Mahu2021 (820 in chips) 
Seat 3: Heilmallen (680 in chips) 
Mahu2021: posts small blind 30
Heilmallen: posts big blind 60
*** HOLE CARDS ***
Dealt to Mahu2021 [6s Jd]
Mahu2021: calls 30
Heilmallen: raises 60 to 120
Mahu2021: calls 60
*** FLOP *** [2c 3s Ks]
Heilmallen: bets 120
Mahu2021: folds 
Uncalled bet (120) returned to Heilmallen
Heilmallen collected 240 from pot
*** SUMMARY ***
Total pot 240 | Rake 0 
Board [2c 3s Ks]
Seat 1: Mahu2021 (button) (small blind) folded on the Flop
Seat 3: Heilmallen (big blind) collected (240)



PokerStars Hand #247996765549: Tournament #3694566319, $1.84+$0.16 USD Hold'em No Limit - Level IV (30/60) - 2024/01/01 15:47:38 CET [2024/01/01 9:47:38 ET]
Table '3694566319 1' 3-max Seat #3 is the button
Seat 1: Mahu2021 (700 in chips) 
Seat 3: Heilmallen (800 in chips) 
Heilmallen: posts small blind 30
Mahu2021: posts big blind 60
*** HOLE CARDS ***
Dealt to Mahu2021 [6d Jh]
Heilmallen: folds 
Uncalled bet (30) returned to Mahu2021
Mahu2021 collected 60 from pot
Mahu2021: doesn't show hand 
*** SUMMARY ***
Total pot 60 | Rake 0 
Seat 1: Mahu2021 (big blind) collected (60)
Seat 3: Heilmallen (button) (small blind) folded before Flop



PokerStars Hand #247996766929: Tournament #3694566319, $1.84+$0.16 USD Hold'em No Limit - Level IV (30/60) - 2024/01/01 15:47:43 CET [2024/01/01 9:47:43 ET]
Table '3694566319 1' 3-max Seat #1 is the button
Seat 1: Mahu2021 (730 in chips) 
Seat 3: Heilmallen (770 in chips) 
Mahu2021: posts small blind 30
Heilmallen: posts big blind 60
*** HOLE CARDS ***
Dealt to Mahu2021 [6h Ac]
Mahu2021: raises 60 to 120
Heilmallen: folds 
Uncalled bet (60) returned to Mahu2021
Mahu2021 collected 120 from pot
Mahu2021: doesn't show hand 
*** SUMMARY ***
Total pot 120 | Rake 0 
Seat 1: Mahu2021 (button) (small blind) collected (120)
Seat 3: Heilmallen (big blind) folded before Flop



PokerStars Hand #247996768525: Tournament #3694566319, $1.84+$0.16 USD Hold'em No Limit - Level IV (30/60) - 2024/01/01 15:47:49 CET [2024/01/01 9:47:49 ET]
Table '3694566319 1' 3-max Seat #3 is the button
Seat 1: Mahu2021 (790 in chips) 
Seat 3: Heilmallen (710 in chips) 
Heilmallen: posts small blind 30
Mahu2021: posts big blind 60
*** HOLE CARDS ***
Dealt to Mahu2021 [9s 2d]
Heilmallen: calls 30
Mahu2021: checks 
*** FLOP *** [Jd 2h Js]
Mahu2021: checks 
Heilmallen: checks 
*** TURN *** [Jd 2h Js] [7s]
Mahu2021: checks 
Heilmallen: checks 
*** RIVER *** [Jd 2h Js 7s] [Jc]
Mahu2021: checks 
Heilmallen: checks 
*** SHOW DOWN ***
Mahu2021: shows [9s 2d] (a full house, Jacks full of Deuces)
Heilmallen: mucks hand 
Mahu2021 collected 120 from pot
*** SUMMARY ***
Total pot 120 | Rake 0 
Board [Jd 2h Js 7s Jc]
Seat 1: Mahu2021 (big blind) showed [9s 2d] and won (120) with a full house, Jacks full of Deuces
Seat 3: Heilmallen (button) (small blind) mucked [Qc 9h]



PokerStars Hand #247996771912: Tournament #3694566319, $1.84+$0.16 USD Hold'em No Limit - Level IV (30/60) - 2024/01/01 15:48:03 CET [2024/01/01 9:48:03 ET]
Table '3694566319 1' 3-max Seat #1 is the button
Seat 1: Mahu2021 (850 in chips) 
Seat 3: Heilmallen (650 in chips) 
Mahu2021: posts small blind 30
Heilmallen: posts big blind 60
*** HOLE CARDS ***
Dealt to Mahu2021 [2c Jc]
Mahu2021: calls 30
Heilmallen: checks 
*** FLOP *** [6h Ks 9c]
Heilmallen: bets 60
Mahu2021: folds 
Uncalled bet (60) returned to Heilmallen
Heilmallen collected 120 from pot
*** SUMMARY ***
Total pot 120 | Rake 0 
Board [6h Ks 9c]
Seat 1: Mahu2021 (button) (small blind) folded on the Flop
Seat 3: Heilmallen (big blind) collected (120)



PokerStars Hand #247996774103: Tournament #3694566319, $1.84+$0.16 USD Hold'em No Limit - Level IV (30/60) - 2024/01/01 15:48:11 CET [2024/01/01 9:48:11 ET]
Table '3694566319 1' 3-max Seat #3 is the button
Seat 1: Mahu2021 (790 in chips) 
Seat 3: Heilmallen (710 in chips) 
Heilmallen: posts small blind 30
Mahu2021: posts big blind 60
*** HOLE CARDS ***
Dealt to Mahu2021 [6h 5d]
Heilmallen: raises 60 to 120
Mahu2021: calls 60
*** FLOP *** [2h 4h 7d]
Mahu2021: checks 
Heilmallen: bets 120
Mahu2021: calls 120
*** TURN *** [2h 4h 7d] [As]
Mahu2021: checks 
Heilmallen: bets 240
Mahu2021: calls 240
*** RIVER *** [2h 4h 7d As] [8h]
Mahu2021: bets 310 and is all-in
Heilmallen: folds 
Uncalled bet (310) returned to Mahu2021
Mahu2021 collected 960 from pot
Mahu2021: doesn't show hand 
*** SUMMARY ***
Total pot 960 | Rake 0 
Board [2h 4h 7d As 8h]
Seat 1: Mahu2021 (big blind) collected (960)
Seat 3: Heilmallen (button) (small blind) folded on the River



PokerStars Hand #247996782238: Tournament #3694566319, $1.84+$0.16 USD Hold'em No Limit - Level IV (30/60) - 2024/01/01 15:48:44 CET [2024/01/01 9:48:44 ET]
Table '3694566319 1' 3-max Seat #1 is the button
Seat 1: Mahu2021 (1270 in chips) 
Seat 3: Heilmallen (230 in chips) 
Mahu2021: posts small blind 30
Heilmallen: posts big blind 60
*** HOLE CARDS ***
Dealt to Mahu2021 [9h 4h]
Mahu2021: calls 30
Heilmallen: checks 
*** FLOP *** [7h 3s Ah]
Heilmallen: checks 
Mahu2021: bets 60
Heilmallen: raises 110 to 170 and is all-in
Mahu2021: calls 110
*** TURN *** [7h 3s Ah] [2h]
*** RIVER *** [7h 3s Ah 2h] [Ac]
*** SHOW DOWN ***
Heilmallen: shows [7s 2d] (two pair, Aces and Sevens)
Mahu2021: shows [9h 4h] (a flush, Ace high)
Mahu2021 collected 460 from pot
Heilmallen finished the tournament in 2nd place
Mahu2021 wins the tournament and receives $6.00 - congratulations!
*** SUMMARY ***
Total pot 460 | Rake 0 
Board [7h 3s Ah 2h Ac]
Seat 1: Mahu2021 (button) (small blind) showed [9h 4h] and won (460) with a flush, Ace high
Seat 3: Heilmallen (big blind) showed [7s 2d] and lost with two pair, Aces and Sevens



