PokerStars Hand #244446504004: Tournament #3608508849, $0.92+$0.08 USD Hold'em No Limit - Level I (10/20) - 2023/06/24 22:37:04 CET [2023/06/24 16:37:04 ET]
Table '3608508849 1' 3-max Seat #1 is the button
Seat 1: pitbull57143 (500 in chips) 
Seat 2: Diegopro98 (500 in chips) 
Seat 3: Mahu2021 (500 in chips) 
Diegopro98: posts small blind 10
Mahu2021: posts big blind 20
*** HOLE CARDS ***
Dealt to Mahu2021 [9c 7c]
pitbull57143: calls 20
Diegopro98: calls 10
Mahu2021: checks 
*** FLOP *** [Qc 6s 4c]
Diegopro98: checks 
Mahu2021: checks 
pitbull57143: checks 
*** TURN *** [Qc 6s 4c] [6d]
Diegopro98: checks 
Mahu2021: bets 40
pitbull57143: folds 
Diegopro98: folds 
Uncalled bet (40) returned to Mahu2021
Mahu2021 collected 60 from pot
Mahu2021: doesn't show hand 
*** SUMMARY ***
Total pot 60 | Rake 0 
Board [Qc 6s 4c 6d]
Seat 1: pitbull57143 (button) folded on the Turn
Seat 2: Diegopro98 (small blind) folded on the Turn
Seat 3: Mahu2021 (big blind) collected (60)



PokerStars Hand #244446511377: Tournament #3608508849, $0.92+$0.08 USD Hold'em No Limit - Level I (10/20) - 2023/06/24 22:37:28 CET [2023/06/24 16:37:28 ET]
Table '3608508849 1' 3-max Seat #2 is the button
Seat 1: pitbull57143 (480 in chips) 
Seat 2: Diegopro98 (480 in chips) 
Seat 3: Mahu2021 (540 in chips) 
Mahu2021: posts small blind 10
pitbull57143: posts big blind 20
*** HOLE CARDS ***
Dealt to Mahu2021 [2c 2s]
Diegopro98: folds 
Mahu2021: raises 20 to 40
pitbull57143: raises 20 to 60
Mahu2021: calls 20
*** FLOP *** [7h 4d Td]
Mahu2021: checks 
pitbull57143: bets 60
Mahu2021: calls 60
*** TURN *** [7h 4d Td] [5c]
Mahu2021: checks 
pitbull57143: bets 120
Mahu2021: raises 300 to 420 and is all-in
pitbull57143: calls 240 and is all-in
Uncalled bet (60) returned to Mahu2021
*** RIVER *** [7h 4d Td 5c] [3d]
*** SHOW DOWN ***
Mahu2021: shows [2c 2s] (a pair of Deuces)
pitbull57143: shows [Ts 5d] (two pair, Tens and Fives)
pitbull57143 collected 960 from pot
*** SUMMARY ***
Total pot 960 | Rake 0 
Board [7h 4d Td 5c 3d]
Seat 1: pitbull57143 (big blind) showed [Ts 5d] and won (960) with two pair, Tens and Fives
Seat 2: Diegopro98 (button) folded before Flop (didn't bet)
Seat 3: Mahu2021 (small blind) showed [2c 2s] and lost with a pair of Deuces



PokerStars Hand #244446520717: Tournament #3608508849, $0.92+$0.08 USD Hold'em No Limit - Level I (10/20) - 2023/06/24 22:37:58 CET [2023/06/24 16:37:58 ET]
Table '3608508849 1' 3-max Seat #3 is the button
Seat 1: pitbull57143 (960 in chips) 
Seat 2: Diegopro98 (480 in chips) 
Seat 3: Mahu2021 (60 in chips) 
pitbull57143: posts small blind 10
Diegopro98: posts big blind 20
*** HOLE CARDS ***
Dealt to Mahu2021 [Kh Kd]
Mahu2021: raises 40 to 60 and is all-in
pitbull57143: raises 900 to 960 and is all-in
Diegopro98: folds 
Uncalled bet (900) returned to pitbull57143
*** FLOP *** [8d Jd 6d]
*** TURN *** [8d Jd 6d] [Qd]
*** RIVER *** [8d Jd 6d Qd] [3s]
*** SHOW DOWN ***
pitbull57143: shows [Ac Ts] (high card Ace)
Mahu2021: shows [Kh Kd] (a flush, King high)
Mahu2021 collected 140 from pot
*** SUMMARY ***
Total pot 140 | Rake 0 
Board [8d Jd 6d Qd 3s]
Seat 1: pitbull57143 (small blind) showed [Ac Ts] and lost with high card Ace
Seat 2: Diegopro98 (big blind) folded before Flop
Seat 3: Mahu2021 (button) showed [Kh Kd] and won (140) with a flush, King high



PokerStars Hand #244446525818: Tournament #3608508849, $0.92+$0.08 USD Hold'em No Limit - Level I (10/20) - 2023/06/24 22:38:14 CET [2023/06/24 16:38:14 ET]
Table '3608508849 1' 3-max Seat #1 is the button
Seat 1: pitbull57143 (900 in chips) 
Seat 2: Diegopro98 (460 in chips) 
Seat 3: Mahu2021 (140 in chips) 
Diegopro98: posts small blind 10
Mahu2021: posts big blind 20
*** HOLE CARDS ***
Dealt to Mahu2021 [8s Qc]
pitbull57143: calls 20
Diegopro98: raises 20 to 40
Mahu2021: raises 100 to 140 and is all-in
pitbull57143: folds 
Diegopro98: calls 100
*** FLOP *** [3c 7d Td]
*** TURN *** [3c 7d Td] [Ah]
*** RIVER *** [3c 7d Td Ah] [Ad]
*** SHOW DOWN ***
Diegopro98: shows [Kh Kd] (two pair, Aces and Kings)
Mahu2021: shows [8s Qc] (a pair of Aces)
Diegopro98 collected 300 from pot
Mahu2021 finished the tournament in 3rd place
*** SUMMARY ***
Total pot 300 | Rake 0 
Board [3c 7d Td Ah Ad]
Seat 1: pitbull57143 (button) folded before Flop
Seat 2: Diegopro98 (small blind) showed [Kh Kd] and won (300) with two pair, Aces and Kings
Seat 3: Mahu2021 (big blind) showed [8s Qc] and lost with a pair of Aces



