PokerStars Hand #253338928444: Tournament #3822037320, $1.84+$0.16 USD Hold'em No Limit - Level I (10/20) - 2024/11/10 9:38:38 CET [2024/11/10 3:38:38 ET]
Table '3822037320 1' 3-max Seat #1 is the button
Seat 1: kapara35 (500 in chips) 
Seat 2: kc lund (500 in chips) 
Seat 3: Mahu2021 (500 in chips) 
kc lund: posts small blind 10
Mahu2021: posts big blind 20
*** HOLE CARDS ***
Dealt to Mahu2021 [Ks Jh]
kapara35: raises 20 to 40
kc lund: folds 
Mahu2021: calls 20
*** FLOP *** [7c 2h 9c]
Mahu2021: checks 
kapara35: bets 30
Mahu2021: calls 30
*** TURN *** [7c 2h 9c] [Qd]
Mahu2021: checks 
kapara35: bets 120
Mahu2021: calls 120
*** RIVER *** [7c 2h 9c Qd] [Js]
Mahu2021: bets 310 and is all-in
kapara35: calls 310 and is all-in
*** SHOW DOWN ***
Mahu2021: shows [Ks Jh] (a pair of Jacks)
kapara35: shows [8h Qh] (a pair of Queens)
kapara35 collected 1010 from pot
Mahu2021 finished the tournament in 3rd place
*** SUMMARY ***
Total pot 1010 | Rake 0 
Board [7c 2h 9c Qd Js]
Seat 1: kapara35 (button) showed [8h Qh] and won (1010) with a pair of Queens
Seat 2: kc lund (small blind) folded before Flop
Seat 3: Mahu2021 (big blind) showed [Ks Jh] and lost with a pair of Jacks



