PokerStars Hand #247732797105: Tournament #3688176957, $1.84+$0.16 USD Hold'em No Limit - Level I (10/20) - 2023/12/18 18:53:21 CET [2023/12/18 12:53:21 ET]
Table '3688176957 1' 3-max Seat #1 is the button
Seat 1: Mahu2021 (500 in chips) 
Seat 2: depelzer1603 (500 in chips) 
Seat 3: Sanckra (500 in chips) 
depelzer1603: posts small blind 10
Sanckra: posts big blind 20
*** HOLE CARDS ***
Dealt to Mahu2021 [2h 7s]
Mahu2021: folds 
depelzer1603: raises 20 to 40
Sanckra: folds 
Uncalled bet (20) returned to depelzer1603
depelzer1603 collected 40 from pot
*** SUMMARY ***
Total pot 40 | Rake 0 
Seat 1: Mahu2021 (button) folded before Flop (didn't bet)
Seat 2: depelzer1603 (small blind) collected (40)
Seat 3: Sanckra (big blind) folded before Flop



PokerStars Hand #247732799197: Tournament #3688176957, $1.84+$0.16 USD Hold'em No Limit - Level I (10/20) - 2023/12/18 18:53:28 CET [2023/12/18 12:53:28 ET]
Table '3688176957 1' 3-max Seat #2 is the button
Seat 1: Mahu2021 (500 in chips) 
Seat 2: depelzer1603 (520 in chips) 
Seat 3: Sanckra (480 in chips) 
Sanckra: posts small blind 10
Mahu2021: posts big blind 20
*** HOLE CARDS ***
Dealt to Mahu2021 [Jc 6h]
depelzer1603: folds 
Sanckra: raises 40 to 60
Mahu2021: folds 
Uncalled bet (40) returned to Sanckra
Sanckra collected 40 from pot
Sanckra: doesn't show hand 
*** SUMMARY ***
Total pot 40 | Rake 0 
Seat 1: Mahu2021 (big blind) folded before Flop
Seat 2: depelzer1603 (button) folded before Flop (didn't bet)
Seat 3: Sanckra (small blind) collected (40)



PokerStars Hand #247732802375: Tournament #3688176957, $1.84+$0.16 USD Hold'em No Limit - Level I (10/20) - 2023/12/18 18:53:38 CET [2023/12/18 12:53:38 ET]
Table '3688176957 1' 3-max Seat #3 is the button
Seat 1: Mahu2021 (480 in chips) 
Seat 2: depelzer1603 (520 in chips) 
Seat 3: Sanckra (500 in chips) 
Mahu2021: posts small blind 10
depelzer1603: posts big blind 20
*** HOLE CARDS ***
Dealt to Mahu2021 [Qd Th]
Sanckra: folds 
Mahu2021: raises 20 to 40
depelzer1603: raises 20 to 60
Mahu2021: calls 20
*** FLOP *** [Jc Ks 7s]
Mahu2021: checks 
depelzer1603: bets 120
Mahu2021: calls 120
*** TURN *** [Jc Ks 7s] [Js]
Mahu2021: checks 
depelzer1603: bets 340 and is all-in
Mahu2021: folds 
Uncalled bet (340) returned to depelzer1603
depelzer1603 collected 360 from pot
*** SUMMARY ***
Total pot 360 | Rake 0 
Board [Jc Ks 7s Js]
Seat 1: Mahu2021 (small blind) folded on the Turn
Seat 2: depelzer1603 (big blind) collected (360)
Seat 3: Sanckra (button) folded before Flop (didn't bet)



PokerStars Hand #247732808958: Tournament #3688176957, $1.84+$0.16 USD Hold'em No Limit - Level I (10/20) - 2023/12/18 18:54:00 CET [2023/12/18 12:54:00 ET]
Table '3688176957 1' 3-max Seat #1 is the button
Seat 1: Mahu2021 (300 in chips) 
Seat 2: depelzer1603 (700 in chips) 
Seat 3: Sanckra (500 in chips) 
depelzer1603: posts small blind 10
Sanckra: posts big blind 20
*** HOLE CARDS ***
Dealt to Mahu2021 [7d 2h]
Mahu2021: folds 
depelzer1603: calls 10
Sanckra: raises 40 to 60
depelzer1603: calls 40
*** FLOP *** [2c 5s 5h]
depelzer1603: checks 
Sanckra: bets 30
depelzer1603: calls 30
*** TURN *** [2c 5s 5h] [2s]
depelzer1603: checks 
Sanckra: checks 
*** RIVER *** [2c 5s 5h 2s] [Jd]
depelzer1603: checks 
Sanckra: checks 
*** SHOW DOWN ***
depelzer1603: shows [3s 4h] (two pair, Fives and Deuces)
Sanckra: shows [Qd Ts] (two pair, Fives and Deuces - Queen kicker)
Sanckra collected 180 from pot
*** SUMMARY ***
Total pot 180 | Rake 0 
Board [2c 5s 5h 2s Jd]
Seat 1: Mahu2021 (button) folded before Flop (didn't bet)
Seat 2: depelzer1603 (small blind) showed [3s 4h] and lost with two pair, Fives and Deuces
Seat 3: Sanckra (big blind) showed [Qd Ts] and won (180) with two pair, Fives and Deuces



PokerStars Hand #247732820079: Tournament #3688176957, $1.84+$0.16 USD Hold'em No Limit - Level I (10/20) - 2023/12/18 18:54:37 CET [2023/12/18 12:54:37 ET]
Table '3688176957 1' 3-max Seat #2 is the button
Seat 1: Mahu2021 (300 in chips) 
Seat 2: depelzer1603 (610 in chips) 
Seat 3: Sanckra (590 in chips) 
Sanckra: posts small blind 10
Mahu2021: posts big blind 20
*** HOLE CARDS ***
Dealt to Mahu2021 [Ad Jd]
depelzer1603: folds 
Sanckra: raises 30 to 50
Mahu2021: raises 250 to 300 and is all-in
Sanckra: folds 
Uncalled bet (250) returned to Mahu2021
Mahu2021 collected 100 from pot
Mahu2021: doesn't show hand 
*** SUMMARY ***
Total pot 100 | Rake 0 
Seat 1: Mahu2021 (big blind) collected (100)
Seat 2: depelzer1603 (button) folded before Flop (didn't bet)
Seat 3: Sanckra (small blind) folded before Flop



PokerStars Hand #247732824440: Tournament #3688176957, $1.84+$0.16 USD Hold'em No Limit - Level I (10/20) - 2023/12/18 18:54:51 CET [2023/12/18 12:54:51 ET]
Table '3688176957 1' 3-max Seat #3 is the button
Seat 1: Mahu2021 (350 in chips) 
Seat 2: depelzer1603 (610 in chips) 
Seat 3: Sanckra (540 in chips) 
Mahu2021: posts small blind 10
depelzer1603: posts big blind 20
*** HOLE CARDS ***
Dealt to Mahu2021 [Jd Qc]
Sanckra: folds 
Mahu2021: calls 10
depelzer1603: checks 
*** FLOP *** [7s 9d 6c]
Mahu2021: checks 
depelzer1603: checks 
*** TURN *** [7s 9d 6c] [Ad]
Mahu2021: checks 
depelzer1603: checks 
*** RIVER *** [7s 9d 6c Ad] [8s]
Mahu2021: checks 
depelzer1603: checks 
*** SHOW DOWN ***
Mahu2021: shows [Jd Qc] (high card Ace)
depelzer1603: mucks hand 
Mahu2021 collected 40 from pot
*** SUMMARY ***
Total pot 40 | Rake 0 
Board [7s 9d 6c Ad 8s]
Seat 1: Mahu2021 (small blind) showed [Jd Qc] and won (40) with high card Ace
Seat 2: depelzer1603 (big blind) mucked [4c 2h]
Seat 3: Sanckra (button) folded before Flop (didn't bet)



PokerStars Hand #247732829029: Tournament #3688176957, $1.84+$0.16 USD Hold'em No Limit - Level I (10/20) - 2023/12/18 18:55:07 CET [2023/12/18 12:55:07 ET]
Table '3688176957 1' 3-max Seat #1 is the button
Seat 1: Mahu2021 (370 in chips) 
Seat 2: depelzer1603 (590 in chips) 
Seat 3: Sanckra (540 in chips) 
depelzer1603: posts small blind 10
Sanckra: posts big blind 20
*** HOLE CARDS ***
Dealt to Mahu2021 [2h Kd]
Mahu2021: folds 
depelzer1603: raises 20 to 40
Sanckra: folds 
Uncalled bet (20) returned to depelzer1603
depelzer1603 collected 40 from pot
*** SUMMARY ***
Total pot 40 | Rake 0 
Seat 1: Mahu2021 (button) folded before Flop (didn't bet)
Seat 2: depelzer1603 (small blind) collected (40)
Seat 3: Sanckra (big blind) folded before Flop



PokerStars Hand #247732831430: Tournament #3688176957, $1.84+$0.16 USD Hold'em No Limit - Level I (10/20) - 2023/12/18 18:55:16 CET [2023/12/18 12:55:16 ET]
Table '3688176957 1' 3-max Seat #2 is the button
Seat 1: Mahu2021 (370 in chips) 
Seat 2: depelzer1603 (610 in chips) 
Seat 3: Sanckra (520 in chips) 
Sanckra: posts small blind 10
Mahu2021: posts big blind 20
*** HOLE CARDS ***
Dealt to Mahu2021 [5c 4h]
depelzer1603: raises 20 to 40
Sanckra: raises 80 to 120
Mahu2021: folds 
depelzer1603: raises 490 to 610 and is all-in
Sanckra: calls 400 and is all-in
Uncalled bet (90) returned to depelzer1603
*** FLOP *** [2s Tc 7d]
*** TURN *** [2s Tc 7d] [6c]
*** RIVER *** [2s Tc 7d 6c] [5s]
*** SHOW DOWN ***
Sanckra: shows [Kh Ks] (a pair of Kings)
depelzer1603: shows [Ad Jd] (high card Ace)
Sanckra collected 1060 from pot
*** SUMMARY ***
Total pot 1060 | Rake 0 
Board [2s Tc 7d 6c 5s]
Seat 1: Mahu2021 (big blind) folded before Flop
Seat 2: depelzer1603 (button) showed [Ad Jd] and lost with high card Ace
Seat 3: Sanckra (small blind) showed [Kh Ks] and won (1060) with a pair of Kings



PokerStars Hand #247732836710: Tournament #3688176957, $1.84+$0.16 USD Hold'em No Limit - Level I (10/20) - 2023/12/18 18:55:39 CET [2023/12/18 12:55:39 ET]
Table '3688176957 1' 3-max Seat #3 is the button
Seat 1: Mahu2021 (350 in chips) 
Seat 2: depelzer1603 (90 in chips) 
Seat 3: Sanckra (1060 in chips) 
Mahu2021: posts small blind 10
depelzer1603: posts big blind 20
*** HOLE CARDS ***
Dealt to Mahu2021 [6c Kh]
Sanckra: raises 20 to 40
Mahu2021: folds 
depelzer1603: raises 50 to 90 and is all-in
Sanckra: calls 50
*** FLOP *** [As Ac 4h]
*** TURN *** [As Ac 4h] [7s]
*** RIVER *** [As Ac 4h 7s] [8h]
*** SHOW DOWN ***
depelzer1603: shows [9h 9d] (two pair, Aces and Nines)
Sanckra: shows [Td Kd] (a pair of Aces)
depelzer1603 collected 190 from pot
*** SUMMARY ***
Total pot 190 | Rake 0 
Board [As Ac 4h 7s 8h]
Seat 1: Mahu2021 (small blind) folded before Flop
Seat 2: depelzer1603 (big blind) showed [9h 9d] and won (190) with two pair, Aces and Nines
Seat 3: Sanckra (button) showed [Td Kd] and lost with a pair of Aces



PokerStars Hand #247732840411: Tournament #3688176957, $1.84+$0.16 USD Hold'em No Limit - Level I (10/20) - 2023/12/18 18:55:55 CET [2023/12/18 12:55:55 ET]
Table '3688176957 1' 3-max Seat #1 is the button
Seat 1: Mahu2021 (340 in chips) 
Seat 2: depelzer1603 (190 in chips) 
Seat 3: Sanckra (970 in chips) 
depelzer1603: posts small blind 10
Sanckra: posts big blind 20
*** HOLE CARDS ***
Dealt to Mahu2021 [Qd Th]
Mahu2021: folds 
depelzer1603: raises 170 to 190 and is all-in
Sanckra: calls 170
*** FLOP *** [Kc 3s Ks]
*** TURN *** [Kc 3s Ks] [5s]
*** RIVER *** [Kc 3s Ks 5s] [6c]
*** SHOW DOWN ***
depelzer1603: shows [As 5c] (two pair, Kings and Fives)
Sanckra: shows [Tc Ah] (a pair of Kings)
depelzer1603 collected 380 from pot
*** SUMMARY ***
Total pot 380 | Rake 0 
Board [Kc 3s Ks 5s 6c]
Seat 1: Mahu2021 (button) folded before Flop (didn't bet)
Seat 2: depelzer1603 (small blind) showed [As 5c] and won (380) with two pair, Kings and Fives
Seat 3: Sanckra (big blind) showed [Tc Ah] and lost with a pair of Kings



PokerStars Hand #247732843866: Tournament #3688176957, $1.84+$0.16 USD Hold'em No Limit - Level I (10/20) - 2023/12/18 18:56:10 CET [2023/12/18 12:56:10 ET]
Table '3688176957 1' 3-max Seat #2 is the button
Seat 1: Mahu2021 (340 in chips) 
Seat 2: depelzer1603 (380 in chips) 
Seat 3: Sanckra (780 in chips) 
Sanckra: posts small blind 10
Mahu2021: posts big blind 20
*** HOLE CARDS ***
Dealt to Mahu2021 [Jc 6d]
depelzer1603: raises 360 to 380 and is all-in
Sanckra: raises 400 to 780 and is all-in
Mahu2021: folds 
Uncalled bet (400) returned to Sanckra
*** FLOP *** [9h 8h 8d]
*** TURN *** [9h 8h 8d] [2c]
*** RIVER *** [9h 8h 8d 2c] [9s]
*** SHOW DOWN ***
Sanckra: shows [Ah 9d] (a full house, Nines full of Eights)
depelzer1603: shows [4c As] (two pair, Nines and Eights)
Sanckra collected 780 from pot
depelzer1603 finished the tournament in 3rd place
*** SUMMARY ***
Total pot 780 | Rake 0 
Board [9h 8h 8d 2c 9s]
Seat 1: Mahu2021 (big blind) folded before Flop
Seat 2: depelzer1603 (button) showed [4c As] and lost with two pair, Nines and Eights
Seat 3: Sanckra (small blind) showed [Ah 9d] and won (780) with a full house, Nines full of Eights



PokerStars Hand #247732848072: Tournament #3688176957, $1.84+$0.16 USD Hold'em No Limit - Level II (15/30) - 2023/12/18 18:56:27 CET [2023/12/18 12:56:27 ET]
Table '3688176957 1' 3-max Seat #1 is the button
Seat 1: Mahu2021 (320 in chips) 
Seat 3: Sanckra (1180 in chips) 
Mahu2021: posts small blind 15
Sanckra: posts big blind 30
*** HOLE CARDS ***
Dealt to Mahu2021 [Jh 5c]
Mahu2021: folds 
Uncalled bet (15) returned to Sanckra
Sanckra collected 30 from pot
Sanckra: doesn't show hand 
*** SUMMARY ***
Total pot 30 | Rake 0 
Seat 1: Mahu2021 (button) (small blind) folded before Flop
Seat 3: Sanckra (big blind) collected (30)



PokerStars Hand #247732849079: Tournament #3688176957, $1.84+$0.16 USD Hold'em No Limit - Level II (15/30) - 2023/12/18 18:56:31 CET [2023/12/18 12:56:31 ET]
Table '3688176957 1' 3-max Seat #3 is the button
Seat 1: Mahu2021 (305 in chips) 
Seat 3: Sanckra (1195 in chips) 
Sanckra: posts small blind 15
Mahu2021: posts big blind 30
*** HOLE CARDS ***
Dealt to Mahu2021 [6c 3d]
Sanckra: folds 
Uncalled bet (15) returned to Mahu2021
Mahu2021 collected 30 from pot
Mahu2021: doesn't show hand 
*** SUMMARY ***
Total pot 30 | Rake 0 
Seat 1: Mahu2021 (big blind) collected (30)
Seat 3: Sanckra (button) (small blind) folded before Flop



PokerStars Hand #247732849811: Tournament #3688176957, $1.84+$0.16 USD Hold'em No Limit - Level II (15/30) - 2023/12/18 18:56:34 CET [2023/12/18 12:56:34 ET]
Table '3688176957 1' 3-max Seat #1 is the button
Seat 1: Mahu2021 (320 in chips) 
Seat 3: Sanckra (1180 in chips) 
Mahu2021: posts small blind 15
Sanckra: posts big blind 30
*** HOLE CARDS ***
Dealt to Mahu2021 [Jh 9s]
Mahu2021: calls 15
Sanckra: raises 1150 to 1180 and is all-in
Mahu2021: folds 
Uncalled bet (1150) returned to Sanckra
Sanckra collected 60 from pot
Sanckra: doesn't show hand 
*** SUMMARY ***
Total pot 60 | Rake 0 
Seat 1: Mahu2021 (button) (small blind) folded before Flop
Seat 3: Sanckra (big blind) collected (60)



PokerStars Hand #247732851705: Tournament #3688176957, $1.84+$0.16 USD Hold'em No Limit - Level II (15/30) - 2023/12/18 18:56:42 CET [2023/12/18 12:56:42 ET]
Table '3688176957 1' 3-max Seat #3 is the button
Seat 1: Mahu2021 (290 in chips) 
Seat 3: Sanckra (1210 in chips) 
Sanckra: posts small blind 15
Mahu2021: posts big blind 30
*** HOLE CARDS ***
Dealt to Mahu2021 [7d 3c]
Sanckra: calls 15
Mahu2021: checks 
*** FLOP *** [Js Ah 3s]
Mahu2021: checks 
Sanckra: bets 30
Mahu2021: calls 30
*** TURN *** [Js Ah 3s] [2d]
Mahu2021: checks 
Sanckra: checks 
*** RIVER *** [Js Ah 3s 2d] [6h]
Mahu2021: bets 120
Sanckra: folds 
Uncalled bet (120) returned to Mahu2021
Mahu2021 collected 120 from pot
Mahu2021: doesn't show hand 
*** SUMMARY ***
Total pot 120 | Rake 0 
Board [Js Ah 3s 2d 6h]
Seat 1: Mahu2021 (big blind) collected (120)
Seat 3: Sanckra (button) (small blind) folded on the River



PokerStars Hand #247732856500: Tournament #3688176957, $1.84+$0.16 USD Hold'em No Limit - Level II (15/30) - 2023/12/18 18:57:02 CET [2023/12/18 12:57:02 ET]
Table '3688176957 1' 3-max Seat #1 is the button
Seat 1: Mahu2021 (350 in chips) 
Seat 3: Sanckra (1150 in chips) 
Mahu2021: posts small blind 15
Sanckra: posts big blind 30
*** HOLE CARDS ***
Dealt to Mahu2021 [Jh Th]
Mahu2021: raises 30 to 60
Sanckra: calls 30
*** FLOP *** [Ks Jc 2s]
Sanckra: checks 
Mahu2021: bets 60
Sanckra: calls 60
*** TURN *** [Ks Jc 2s] [Td]
Sanckra: checks 
Mahu2021: bets 60
Sanckra: calls 60
*** RIVER *** [Ks Jc 2s Td] [Ac]
Sanckra: checks 
Mahu2021: bets 60
Sanckra: calls 60
*** SHOW DOWN ***
Mahu2021: shows [Jh Th] (two pair, Jacks and Tens)
Sanckra: mucks hand 
Mahu2021 collected 480 from pot
*** SUMMARY ***
Total pot 480 | Rake 0 
Board [Ks Jc 2s Td Ac]
Seat 1: Mahu2021 (button) (small blind) showed [Jh Th] and won (480) with two pair, Jacks and Tens
Seat 3: Sanckra (big blind) mucked [Jd 9h]



PokerStars Hand #247732860765: Tournament #3688176957, $1.84+$0.16 USD Hold'em No Limit - Level II (15/30) - 2023/12/18 18:57:20 CET [2023/12/18 12:57:20 ET]
Table '3688176957 1' 3-max Seat #3 is the button
Seat 1: Mahu2021 (590 in chips) 
Seat 3: Sanckra (910 in chips) 
Sanckra: posts small blind 15
Mahu2021: posts big blind 30
*** HOLE CARDS ***
Dealt to Mahu2021 [6d 9s]
Sanckra: raises 30 to 60
Mahu2021: folds 
Uncalled bet (30) returned to Sanckra
Sanckra collected 60 from pot
Sanckra: doesn't show hand 
*** SUMMARY ***
Total pot 60 | Rake 0 
Seat 1: Mahu2021 (big blind) folded before Flop
Seat 3: Sanckra (button) (small blind) collected (60)



PokerStars Hand #247732861840: Tournament #3688176957, $1.84+$0.16 USD Hold'em No Limit - Level II (15/30) - 2023/12/18 18:57:25 CET [2023/12/18 12:57:25 ET]
Table '3688176957 1' 3-max Seat #1 is the button
Seat 1: Mahu2021 (560 in chips) 
Seat 3: Sanckra (940 in chips) 
Mahu2021: posts small blind 15
Sanckra: posts big blind 30
*** HOLE CARDS ***
Dealt to Mahu2021 [5s 4s]
Mahu2021: calls 15
Sanckra: checks 
*** FLOP *** [Kc Jc 6c]
Sanckra: checks 
Mahu2021: bets 30
Sanckra: folds 
Uncalled bet (30) returned to Mahu2021
Mahu2021 collected 60 from pot
Mahu2021: doesn't show hand 
*** SUMMARY ***
Total pot 60 | Rake 0 
Board [Kc Jc 6c]
Seat 1: Mahu2021 (button) (small blind) collected (60)
Seat 3: Sanckra (big blind) folded on the Flop



PokerStars Hand #247732864806: Tournament #3688176957, $1.84+$0.16 USD Hold'em No Limit - Level II (15/30) - 2023/12/18 18:57:37 CET [2023/12/18 12:57:37 ET]
Table '3688176957 1' 3-max Seat #3 is the button
Seat 1: Mahu2021 (590 in chips) 
Seat 3: Sanckra (910 in chips) 
Sanckra: posts small blind 15
Mahu2021: posts big blind 30
*** HOLE CARDS ***
Dealt to Mahu2021 [5d 7d]
Sanckra: raises 30 to 60
Mahu2021: calls 30
*** FLOP *** [Jh 7c Kc]
Mahu2021: checks 
Sanckra: bets 30
Mahu2021: calls 30
*** TURN *** [Jh 7c Kc] [Ks]
Mahu2021: checks 
Sanckra: checks 
*** RIVER *** [Jh 7c Kc Ks] [9d]
Mahu2021: checks 
Sanckra: bets 120
Mahu2021: folds 
Uncalled bet (120) returned to Sanckra
Sanckra collected 180 from pot
Sanckra: doesn't show hand 
*** SUMMARY ***
Total pot 180 | Rake 0 
Board [Jh 7c Kc Ks 9d]
Seat 1: Mahu2021 (big blind) folded on the River
Seat 3: Sanckra (button) (small blind) collected (180)



PokerStars Hand #247732869248: Tournament #3688176957, $1.84+$0.16 USD Hold'em No Limit - Level II (15/30) - 2023/12/18 18:57:56 CET [2023/12/18 12:57:56 ET]
Table '3688176957 1' 3-max Seat #1 is the button
Seat 1: Mahu2021 (500 in chips) 
Seat 3: Sanckra (1000 in chips) 
Mahu2021: posts small blind 15
Sanckra: posts big blind 30
*** HOLE CARDS ***
Dealt to Mahu2021 [2d 8c]
Mahu2021: folds 
Uncalled bet (15) returned to Sanckra
Sanckra collected 30 from pot
Sanckra: doesn't show hand 
*** SUMMARY ***
Total pot 30 | Rake 0 
Seat 1: Mahu2021 (button) (small blind) folded before Flop
Seat 3: Sanckra (big blind) collected (30)



PokerStars Hand #247732870276: Tournament #3688176957, $1.84+$0.16 USD Hold'em No Limit - Level II (15/30) - 2023/12/18 18:58:00 CET [2023/12/18 12:58:00 ET]
Table '3688176957 1' 3-max Seat #3 is the button
Seat 1: Mahu2021 (485 in chips) 
Seat 3: Sanckra (1015 in chips) 
Sanckra: posts small blind 15
Mahu2021: posts big blind 30
*** HOLE CARDS ***
Dealt to Mahu2021 [3d 8d]
Sanckra: raises 30 to 60
Mahu2021: folds 
Uncalled bet (30) returned to Sanckra
Sanckra collected 60 from pot
Sanckra: doesn't show hand 
*** SUMMARY ***
Total pot 60 | Rake 0 
Seat 1: Mahu2021 (big blind) folded before Flop
Seat 3: Sanckra (button) (small blind) collected (60)



PokerStars Hand #247732871743: Tournament #3688176957, $1.84+$0.16 USD Hold'em No Limit - Level II (15/30) - 2023/12/18 18:58:06 CET [2023/12/18 12:58:06 ET]
Table '3688176957 1' 3-max Seat #1 is the button
Seat 1: Mahu2021 (455 in chips) 
Seat 3: Sanckra (1045 in chips) 
Mahu2021: posts small blind 15
Sanckra: posts big blind 30
*** HOLE CARDS ***
Dealt to Mahu2021 [Qc 7h]
Mahu2021: calls 15
Sanckra: raises 1015 to 1045 and is all-in
Mahu2021: folds 
Uncalled bet (1015) returned to Sanckra
Sanckra collected 60 from pot
Sanckra: doesn't show hand 
*** SUMMARY ***
Total pot 60 | Rake 0 
Seat 1: Mahu2021 (button) (small blind) folded before Flop
Seat 3: Sanckra (big blind) collected (60)



PokerStars Hand #247732873179: Tournament #3688176957, $1.84+$0.16 USD Hold'em No Limit - Level II (15/30) - 2023/12/18 18:58:13 CET [2023/12/18 12:58:13 ET]
Table '3688176957 1' 3-max Seat #3 is the button
Seat 1: Mahu2021 (425 in chips) 
Seat 3: Sanckra (1075 in chips) 
Sanckra: posts small blind 15
Mahu2021: posts big blind 30
*** HOLE CARDS ***
Dealt to Mahu2021 [6c 3d]
Sanckra: raises 30 to 60
Mahu2021: folds 
Uncalled bet (30) returned to Sanckra
Sanckra collected 60 from pot
Sanckra: doesn't show hand 
*** SUMMARY ***
Total pot 60 | Rake 0 
Seat 1: Mahu2021 (big blind) folded before Flop
Seat 3: Sanckra (button) (small blind) collected (60)



PokerStars Hand #247732874201: Tournament #3688176957, $1.84+$0.16 USD Hold'em No Limit - Level II (15/30) - 2023/12/18 18:58:17 CET [2023/12/18 12:58:17 ET]
Table '3688176957 1' 3-max Seat #1 is the button
Seat 1: Mahu2021 (395 in chips) 
Seat 3: Sanckra (1105 in chips) 
Mahu2021: posts small blind 15
Sanckra: posts big blind 30
*** HOLE CARDS ***
Dealt to Mahu2021 [6c 5h]
Mahu2021: calls 15
Sanckra: raises 45 to 75
Mahu2021: folds 
Uncalled bet (45) returned to Sanckra
Sanckra collected 60 from pot
Sanckra: doesn't show hand 
*** SUMMARY ***
Total pot 60 | Rake 0 
Seat 1: Mahu2021 (button) (small blind) folded before Flop
Seat 3: Sanckra (big blind) collected (60)



PokerStars Hand #247732876397: Tournament #3688176957, $1.84+$0.16 USD Hold'em No Limit - Level II (15/30) - 2023/12/18 18:58:26 CET [2023/12/18 12:58:26 ET]
Table '3688176957 1' 3-max Seat #3 is the button
Seat 1: Mahu2021 (365 in chips) 
Seat 3: Sanckra (1135 in chips) 
Sanckra: posts small blind 15
Mahu2021: posts big blind 30
*** HOLE CARDS ***
Dealt to Mahu2021 [9s 9d]
Sanckra: raises 1105 to 1135 and is all-in
Mahu2021: calls 335 and is all-in
Uncalled bet (770) returned to Sanckra
*** FLOP *** [5d 2d Kd]
*** TURN *** [5d 2d Kd] [Tc]
*** RIVER *** [5d 2d Kd Tc] [Jd]
*** SHOW DOWN ***
Mahu2021: shows [9s 9d] (a flush, King high)
Sanckra: shows [6s Ad] (a flush, Ace high)
Sanckra collected 730 from pot
Mahu2021 finished the tournament in 2nd place
Sanckra wins the tournament and receives $6.00 - congratulations!
*** SUMMARY ***
Total pot 730 | Rake 0 
Board [5d 2d Kd Tc Jd]
Seat 1: Mahu2021 (big blind) showed [9s 9d] and lost with a flush, King high
Seat 3: Sanckra (button) (small blind) showed [6s Ad] and won (730) with a flush, Ace high



