PokerStars Hand #249718925302: Tournament #3735854496, $1.84+$0.16 USD Hold'em No Limit - Level I (10/20) - 2024/03/31 10:25:39 CET [2024/03/31 4:25:39 ET]
Table '3735854496 1' 3-max Seat #1 is the button
Seat 1: bigdale0403 (500 in chips) 
Seat 2: Mahu2021 (500 in chips) 
Seat 3: santi131322 (500 in chips) 
Mahu2021: posts small blind 10
santi131322: posts big blind 20
*** HOLE CARDS ***
Dealt to Mahu2021 [2d 4c]
bigdale0403: folds 
Mahu2021: folds 
Uncalled bet (10) returned to santi131322
santi131322 collected 20 from pot
santi131322: doesn't show hand 
*** SUMMARY ***
Total pot 20 | Rake 0 
Seat 1: bigdale0403 (button) folded before Flop (didn't bet)
Seat 2: Mahu2021 (small blind) folded before Flop
Seat 3: santi131322 (big blind) collected (20)



PokerStars Hand #249718925923: Tournament #3735854496, $1.84+$0.16 USD Hold'em No Limit - Level I (10/20) - 2024/03/31 10:25:45 CET [2024/03/31 4:25:45 ET]
Table '3735854496 1' 3-max Seat #2 is the button
Seat 1: bigdale0403 (500 in chips) 
Seat 2: Mahu2021 (490 in chips) 
Seat 3: santi131322 (510 in chips) 
santi131322: posts small blind 10
bigdale0403: posts big blind 20
*** HOLE CARDS ***
Dealt to Mahu2021 [5c 6c]
Mahu2021: calls 20
santi131322: raises 40 to 60
bigdale0403: folds 
Mahu2021: calls 40
*** FLOP *** [Qh 7h As]
santi131322: checks 
Mahu2021: bets 40
santi131322: calls 40
*** TURN *** [Qh 7h As] [6h]
santi131322: checks 
Mahu2021: bets 390 and is all-in
santi131322: folds 
Uncalled bet (390) returned to Mahu2021
Mahu2021 collected 220 from pot
Mahu2021: doesn't show hand 
*** SUMMARY ***
Total pot 220 | Rake 0 
Board [Qh 7h As 6h]
Seat 1: bigdale0403 (big blind) folded before Flop
Seat 2: Mahu2021 (button) collected (220)
Seat 3: santi131322 (small blind) folded on the Turn



PokerStars Hand #249718932784: Tournament #3735854496, $1.84+$0.16 USD Hold'em No Limit - Level I (10/20) - 2024/03/31 10:26:48 CET [2024/03/31 4:26:48 ET]
Table '3735854496 1' 3-max Seat #3 is the button
Seat 1: bigdale0403 (480 in chips) 
Seat 2: Mahu2021 (610 in chips) 
Seat 3: santi131322 (410 in chips) 
bigdale0403: posts small blind 10
Mahu2021: posts big blind 20
*** HOLE CARDS ***
Dealt to Mahu2021 [6d 4s]
santi131322: raises 40 to 60
bigdale0403: folds 
Mahu2021: folds 
Uncalled bet (40) returned to santi131322
santi131322 collected 50 from pot
santi131322: doesn't show hand 
*** SUMMARY ***
Total pot 50 | Rake 0 
Seat 1: bigdale0403 (small blind) folded before Flop
Seat 2: Mahu2021 (big blind) folded before Flop
Seat 3: santi131322 (button) collected (50)



PokerStars Hand #249718934222: Tournament #3735854496, $1.84+$0.16 USD Hold'em No Limit - Level I (10/20) - 2024/03/31 10:27:02 CET [2024/03/31 4:27:02 ET]
Table '3735854496 1' 3-max Seat #1 is the button
Seat 1: bigdale0403 (470 in chips) 
Seat 2: Mahu2021 (590 in chips) 
Seat 3: santi131322 (440 in chips) 
Mahu2021: posts small blind 10
santi131322: posts big blind 20
*** HOLE CARDS ***
Dealt to Mahu2021 [6c 8h]
bigdale0403: folds 
Mahu2021: folds 
Uncalled bet (10) returned to santi131322
santi131322 collected 20 from pot
santi131322: doesn't show hand 
*** SUMMARY ***
Total pot 20 | Rake 0 
Seat 1: bigdale0403 (button) folded before Flop (didn't bet)
Seat 2: Mahu2021 (small blind) folded before Flop
Seat 3: santi131322 (big blind) collected (20)



PokerStars Hand #249718934803: Tournament #3735854496, $1.84+$0.16 USD Hold'em No Limit - Level I (10/20) - 2024/03/31 10:27:07 CET [2024/03/31 4:27:07 ET]
Table '3735854496 1' 3-max Seat #2 is the button
Seat 1: bigdale0403 (470 in chips) 
Seat 2: Mahu2021 (580 in chips) 
Seat 3: santi131322 (450 in chips) 
santi131322: posts small blind 10
bigdale0403: posts big blind 20
*** HOLE CARDS ***
Dealt to Mahu2021 [5d 2d]
Mahu2021: folds 
santi131322: raises 20 to 40
bigdale0403: folds 
Uncalled bet (20) returned to santi131322
santi131322 collected 40 from pot
santi131322: doesn't show hand 
*** SUMMARY ***
Total pot 40 | Rake 0 
Seat 1: bigdale0403 (big blind) folded before Flop
Seat 2: Mahu2021 (button) folded before Flop (didn't bet)
Seat 3: santi131322 (small blind) collected (40)



PokerStars Hand #249718935652: Tournament #3735854496, $1.84+$0.16 USD Hold'em No Limit - Level I (10/20) - 2024/03/31 10:27:15 CET [2024/03/31 4:27:15 ET]
Table '3735854496 1' 3-max Seat #3 is the button
Seat 1: bigdale0403 (450 in chips) 
Seat 2: Mahu2021 (580 in chips) 
Seat 3: santi131322 (470 in chips) 
bigdale0403: posts small blind 10
Mahu2021: posts big blind 20
*** HOLE CARDS ***
Dealt to Mahu2021 [6d 7s]
santi131322: folds 
bigdale0403: raises 40 to 60
Mahu2021: folds 
Uncalled bet (40) returned to bigdale0403
bigdale0403 collected 40 from pot
*** SUMMARY ***
Total pot 40 | Rake 0 
Seat 1: bigdale0403 (small blind) collected (40)
Seat 2: Mahu2021 (big blind) folded before Flop
Seat 3: santi131322 (button) folded before Flop (didn't bet)



PokerStars Hand #249718937052: Tournament #3735854496, $1.84+$0.16 USD Hold'em No Limit - Level I (10/20) - 2024/03/31 10:27:28 CET [2024/03/31 4:27:28 ET]
Table '3735854496 1' 3-max Seat #1 is the button
Seat 1: bigdale0403 (470 in chips) 
Seat 2: Mahu2021 (560 in chips) 
Seat 3: santi131322 (470 in chips) 
Mahu2021: posts small blind 10
santi131322: posts big blind 20
*** HOLE CARDS ***
Dealt to Mahu2021 [9h 5d]
bigdale0403: folds 
Mahu2021: folds 
Uncalled bet (10) returned to santi131322
santi131322 collected 20 from pot
*** SUMMARY ***
Total pot 20 | Rake 0 
Seat 1: bigdale0403 (button) folded before Flop (didn't bet)
Seat 2: Mahu2021 (small blind) folded before Flop
Seat 3: santi131322 (big blind) collected (20)



PokerStars Hand #249718937539: Tournament #3735854496, $1.84+$0.16 USD Hold'em No Limit - Level I (10/20) - 2024/03/31 10:27:33 CET [2024/03/31 4:27:33 ET]
Table '3735854496 1' 3-max Seat #2 is the button
Seat 1: bigdale0403 (470 in chips) 
Seat 2: Mahu2021 (550 in chips) 
Seat 3: santi131322 (480 in chips) 
santi131322: posts small blind 10
bigdale0403: posts big blind 20
*** HOLE CARDS ***
Dealt to Mahu2021 [As Td]
Mahu2021: raises 20 to 40
santi131322: folds 
bigdale0403: calls 20
*** FLOP *** [3s 3c Kh]
bigdale0403: bets 40
Mahu2021: folds 
Uncalled bet (40) returned to bigdale0403
bigdale0403 collected 90 from pot
*** SUMMARY ***
Total pot 90 | Rake 0 
Board [3s 3c Kh]
Seat 1: bigdale0403 (big blind) collected (90)
Seat 2: Mahu2021 (button) folded on the Flop
Seat 3: santi131322 (small blind) folded before Flop



PokerStars Hand #249718940474: Tournament #3735854496, $1.84+$0.16 USD Hold'em No Limit - Level II (15/30) - 2024/03/31 10:28:00 CET [2024/03/31 4:28:00 ET]
Table '3735854496 1' 3-max Seat #3 is the button
Seat 1: bigdale0403 (520 in chips) 
Seat 2: Mahu2021 (510 in chips) 
Seat 3: santi131322 (470 in chips) 
bigdale0403: posts small blind 15
Mahu2021: posts big blind 30
*** HOLE CARDS ***
Dealt to Mahu2021 [Jc 3d]
santi131322: folds 
bigdale0403: raises 30 to 60
Mahu2021: calls 30
*** FLOP *** [6c 6s 7h]
bigdale0403: checks 
Mahu2021: checks 
*** TURN *** [6c 6s 7h] [9h]
bigdale0403: bets 60
Mahu2021: folds 
Uncalled bet (60) returned to bigdale0403
bigdale0403 collected 120 from pot
*** SUMMARY ***
Total pot 120 | Rake 0 
Board [6c 6s 7h 9h]
Seat 1: bigdale0403 (small blind) collected (120)
Seat 2: Mahu2021 (big blind) folded on the Turn
Seat 3: santi131322 (button) folded before Flop (didn't bet)



PokerStars Hand #249718944085: Tournament #3735854496, $1.84+$0.16 USD Hold'em No Limit - Level II (15/30) - 2024/03/31 10:28:33 CET [2024/03/31 4:28:33 ET]
Table '3735854496 1' 3-max Seat #1 is the button
Seat 1: bigdale0403 (580 in chips) 
Seat 2: Mahu2021 (450 in chips) 
Seat 3: santi131322 (470 in chips) 
Mahu2021: posts small blind 15
santi131322: posts big blind 30
*** HOLE CARDS ***
Dealt to Mahu2021 [3d 2d]
bigdale0403: folds 
Mahu2021: folds 
Uncalled bet (15) returned to santi131322
santi131322 collected 30 from pot
santi131322: doesn't show hand 
*** SUMMARY ***
Total pot 30 | Rake 0 
Seat 1: bigdale0403 (button) folded before Flop (didn't bet)
Seat 2: Mahu2021 (small blind) folded before Flop
Seat 3: santi131322 (big blind) collected (30)



PokerStars Hand #249718944587: Tournament #3735854496, $1.84+$0.16 USD Hold'em No Limit - Level II (15/30) - 2024/03/31 10:28:38 CET [2024/03/31 4:28:38 ET]
Table '3735854496 1' 3-max Seat #2 is the button
Seat 1: bigdale0403 (580 in chips) 
Seat 2: Mahu2021 (435 in chips) 
Seat 3: santi131322 (485 in chips) 
santi131322: posts small blind 15
bigdale0403: posts big blind 30
*** HOLE CARDS ***
Dealt to Mahu2021 [Qs Kd]
Mahu2021: raises 30 to 60
santi131322: calls 45
bigdale0403: folds 
*** FLOP *** [3c 5d 7h]
santi131322: bets 120
Mahu2021: folds 
Uncalled bet (120) returned to santi131322
santi131322 collected 150 from pot
santi131322: doesn't show hand 
*** SUMMARY ***
Total pot 150 | Rake 0 
Board [3c 5d 7h]
Seat 1: bigdale0403 (big blind) folded before Flop
Seat 2: Mahu2021 (button) folded on the Flop
Seat 3: santi131322 (small blind) collected (150)



PokerStars Hand #249718948194: Tournament #3735854496, $1.84+$0.16 USD Hold'em No Limit - Level II (15/30) - 2024/03/31 10:29:11 CET [2024/03/31 4:29:11 ET]
Table '3735854496 1' 3-max Seat #3 is the button
Seat 1: bigdale0403 (550 in chips) 
Seat 2: Mahu2021 (375 in chips) 
Seat 3: santi131322 (575 in chips) 
bigdale0403: posts small blind 15
Mahu2021: posts big blind 30
*** HOLE CARDS ***
Dealt to Mahu2021 [Jd Tc]
santi131322: folds 
bigdale0403: raises 30 to 60
Mahu2021: calls 30
*** FLOP *** [7h 8c Ac]
bigdale0403: checks 
Mahu2021: bets 120
bigdale0403: folds 
Uncalled bet (120) returned to Mahu2021
Mahu2021 collected 120 from pot
Mahu2021: doesn't show hand 
*** SUMMARY ***
Total pot 120 | Rake 0 
Board [7h 8c Ac]
Seat 1: bigdale0403 (small blind) folded on the Flop
Seat 2: Mahu2021 (big blind) collected (120)
Seat 3: santi131322 (button) folded before Flop (didn't bet)



PokerStars Hand #249718951691: Tournament #3735854496, $1.84+$0.16 USD Hold'em No Limit - Level III (20/40) - 2024/03/31 10:29:44 CET [2024/03/31 4:29:44 ET]
Table '3735854496 1' 3-max Seat #1 is the button
Seat 1: bigdale0403 (490 in chips) 
Seat 2: Mahu2021 (435 in chips) 
Seat 3: santi131322 (575 in chips) 
Mahu2021: posts small blind 20
santi131322: posts big blind 40
*** HOLE CARDS ***
Dealt to Mahu2021 [Ks Ah]
bigdale0403: folds 
Mahu2021: raises 120 to 160
santi131322: folds 
Uncalled bet (120) returned to Mahu2021
Mahu2021 collected 80 from pot
Mahu2021: doesn't show hand 
*** SUMMARY ***
Total pot 80 | Rake 0 
Seat 1: bigdale0403 (button) folded before Flop (didn't bet)
Seat 2: Mahu2021 (small blind) collected (80)
Seat 3: santi131322 (big blind) folded before Flop



PokerStars Hand #249718953102: Tournament #3735854496, $1.84+$0.16 USD Hold'em No Limit - Level III (20/40) - 2024/03/31 10:29:58 CET [2024/03/31 4:29:58 ET]
Table '3735854496 1' 3-max Seat #2 is the button
Seat 1: bigdale0403 (490 in chips) 
Seat 2: Mahu2021 (475 in chips) 
Seat 3: santi131322 (535 in chips) 
santi131322: posts small blind 20
bigdale0403: posts big blind 40
*** HOLE CARDS ***
Dealt to Mahu2021 [Ts 4c]
Mahu2021: folds 
santi131322: raises 495 to 535 and is all-in
bigdale0403: folds 
Uncalled bet (495) returned to santi131322
santi131322 collected 80 from pot
santi131322: doesn't show hand 
*** SUMMARY ***
Total pot 80 | Rake 0 
Seat 1: bigdale0403 (big blind) folded before Flop
Seat 2: Mahu2021 (button) folded before Flop (didn't bet)
Seat 3: santi131322 (small blind) collected (80)



PokerStars Hand #249718954572: Tournament #3735854496, $1.84+$0.16 USD Hold'em No Limit - Level III (20/40) - 2024/03/31 10:30:11 CET [2024/03/31 4:30:11 ET]
Table '3735854496 1' 3-max Seat #3 is the button
Seat 1: bigdale0403 (450 in chips) 
Seat 2: Mahu2021 (475 in chips) 
Seat 3: santi131322 (575 in chips) 
bigdale0403: posts small blind 20
Mahu2021: posts big blind 40
*** HOLE CARDS ***
Dealt to Mahu2021 [6s 6c]
santi131322: folds 
bigdale0403: folds 
Uncalled bet (20) returned to Mahu2021
Mahu2021 collected 40 from pot
Mahu2021: doesn't show hand 
*** SUMMARY ***
Total pot 40 | Rake 0 
Seat 1: bigdale0403 (small blind) folded before Flop
Seat 2: Mahu2021 (big blind) collected (40)
Seat 3: santi131322 (button) folded before Flop (didn't bet)



PokerStars Hand #249718955476: Tournament #3735854496, $1.84+$0.16 USD Hold'em No Limit - Level III (20/40) - 2024/03/31 10:30:19 CET [2024/03/31 4:30:19 ET]
Table '3735854496 1' 3-max Seat #1 is the button
Seat 1: bigdale0403 (430 in chips) 
Seat 2: Mahu2021 (495 in chips) 
Seat 3: santi131322 (575 in chips) 
Mahu2021: posts small blind 20
santi131322: posts big blind 40
*** HOLE CARDS ***
Dealt to Mahu2021 [8d 6c]
bigdale0403: folds 
Mahu2021: folds 
Uncalled bet (20) returned to santi131322
santi131322 collected 40 from pot
santi131322: doesn't show hand 
*** SUMMARY ***
Total pot 40 | Rake 0 
Seat 1: bigdale0403 (button) folded before Flop (didn't bet)
Seat 2: Mahu2021 (small blind) folded before Flop
Seat 3: santi131322 (big blind) collected (40)



PokerStars Hand #249718956138: Tournament #3735854496, $1.84+$0.16 USD Hold'em No Limit - Level III (20/40) - 2024/03/31 10:30:25 CET [2024/03/31 4:30:25 ET]
Table '3735854496 1' 3-max Seat #2 is the button
Seat 1: bigdale0403 (430 in chips) 
Seat 2: Mahu2021 (475 in chips) 
Seat 3: santi131322 (595 in chips) 
santi131322: posts small blind 20
bigdale0403: posts big blind 40
*** HOLE CARDS ***
Dealt to Mahu2021 [9s 4d]
Mahu2021: folds 
santi131322: raises 555 to 595 and is all-in
bigdale0403: folds 
Uncalled bet (555) returned to santi131322
santi131322 collected 80 from pot
santi131322: doesn't show hand 
*** SUMMARY ***
Total pot 80 | Rake 0 
Seat 1: bigdale0403 (big blind) folded before Flop
Seat 2: Mahu2021 (button) folded before Flop (didn't bet)
Seat 3: santi131322 (small blind) collected (80)



PokerStars Hand #249718957655: Tournament #3735854496, $1.84+$0.16 USD Hold'em No Limit - Level III (20/40) - 2024/03/31 10:30:39 CET [2024/03/31 4:30:39 ET]
Table '3735854496 1' 3-max Seat #3 is the button
Seat 1: bigdale0403 (390 in chips) 
Seat 2: Mahu2021 (475 in chips) 
Seat 3: santi131322 (635 in chips) 
bigdale0403: posts small blind 20
Mahu2021: posts big blind 40
*** HOLE CARDS ***
Dealt to Mahu2021 [6d 2h]
santi131322: folds 
bigdale0403: folds 
Uncalled bet (20) returned to Mahu2021
Mahu2021 collected 40 from pot
Mahu2021: doesn't show hand 
*** SUMMARY ***
Total pot 40 | Rake 0 
Seat 1: bigdale0403 (small blind) folded before Flop
Seat 2: Mahu2021 (big blind) collected (40)
Seat 3: santi131322 (button) folded before Flop (didn't bet)



PokerStars Hand #249718960011: Tournament #3735854496, $1.84+$0.16 USD Hold'em No Limit - Level III (20/40) - 2024/03/31 10:31:02 CET [2024/03/31 4:31:02 ET]
Table '3735854496 1' 3-max Seat #1 is the button
Seat 1: bigdale0403 (370 in chips) 
Seat 2: Mahu2021 (495 in chips) 
Seat 3: santi131322 (635 in chips) 
Mahu2021: posts small blind 20
santi131322: posts big blind 40
*** HOLE CARDS ***
Dealt to Mahu2021 [4c Qs]
bigdale0403: raises 40 to 80
Mahu2021: folds 
santi131322: folds 
Uncalled bet (40) returned to bigdale0403
bigdale0403 collected 100 from pot
*** SUMMARY ***
Total pot 100 | Rake 0 
Seat 1: bigdale0403 (button) collected (100)
Seat 2: Mahu2021 (small blind) folded before Flop
Seat 3: santi131322 (big blind) folded before Flop



PokerStars Hand #249718962812: Tournament #3735854496, $1.84+$0.16 USD Hold'em No Limit - Level III (20/40) - 2024/03/31 10:31:27 CET [2024/03/31 4:31:27 ET]
Table '3735854496 1' 3-max Seat #2 is the button
Seat 1: bigdale0403 (430 in chips) 
Seat 2: Mahu2021 (475 in chips) 
Seat 3: santi131322 (595 in chips) 
santi131322: posts small blind 20
bigdale0403: posts big blind 40
*** HOLE CARDS ***
Dealt to Mahu2021 [Kh 4h]
Mahu2021: calls 40
santi131322: folds 
bigdale0403: checks 
*** FLOP *** [Kd Jh 8h]
bigdale0403: checks 
Mahu2021: checks 
*** TURN *** [Kd Jh 8h] [5h]
bigdale0403: checks 
Mahu2021: bets 40
bigdale0403: folds 
Uncalled bet (40) returned to Mahu2021
Mahu2021 collected 100 from pot
Mahu2021: doesn't show hand 
*** SUMMARY ***
Total pot 100 | Rake 0 
Board [Kd Jh 8h 5h]
Seat 1: bigdale0403 (big blind) folded on the Turn
Seat 2: Mahu2021 (button) collected (100)
Seat 3: santi131322 (small blind) folded before Flop



PokerStars Hand #249718967062: Tournament #3735854496, $1.84+$0.16 USD Hold'em No Limit - Level IV (30/60) - 2024/03/31 10:32:06 CET [2024/03/31 4:32:06 ET]
Table '3735854496 1' 3-max Seat #3 is the button
Seat 1: bigdale0403 (390 in chips) 
Seat 2: Mahu2021 (535 in chips) 
Seat 3: santi131322 (575 in chips) 
bigdale0403: posts small blind 30
Mahu2021: posts big blind 60
*** HOLE CARDS ***
Dealt to Mahu2021 [5h 9s]
santi131322: folds 
bigdale0403: folds 
Uncalled bet (30) returned to Mahu2021
Mahu2021 collected 60 from pot
Mahu2021: doesn't show hand 
*** SUMMARY ***
Total pot 60 | Rake 0 
Seat 1: bigdale0403 (small blind) folded before Flop
Seat 2: Mahu2021 (big blind) collected (60)
Seat 3: santi131322 (button) folded before Flop (didn't bet)



PokerStars Hand #249718968398: Tournament #3735854496, $1.84+$0.16 USD Hold'em No Limit - Level IV (30/60) - 2024/03/31 10:32:19 CET [2024/03/31 4:32:19 ET]
Table '3735854496 1' 3-max Seat #1 is the button
Seat 1: bigdale0403 (360 in chips) 
Seat 2: Mahu2021 (565 in chips) 
Seat 3: santi131322 (575 in chips) 
Mahu2021: posts small blind 30
santi131322: posts big blind 60
*** HOLE CARDS ***
Dealt to Mahu2021 [9h 8d]
bigdale0403: raises 60 to 120
Mahu2021: folds 
santi131322: folds 
Uncalled bet (60) returned to bigdale0403
bigdale0403 collected 150 from pot
*** SUMMARY ***
Total pot 150 | Rake 0 
Seat 1: bigdale0403 (button) collected (150)
Seat 2: Mahu2021 (small blind) folded before Flop
Seat 3: santi131322 (big blind) folded before Flop



PokerStars Hand #249718971344: Tournament #3735854496, $1.84+$0.16 USD Hold'em No Limit - Level IV (30/60) - 2024/03/31 10:32:45 CET [2024/03/31 4:32:45 ET]
Table '3735854496 1' 3-max Seat #2 is the button
Seat 1: bigdale0403 (450 in chips) 
Seat 2: Mahu2021 (535 in chips) 
Seat 3: santi131322 (515 in chips) 
santi131322: posts small blind 30
bigdale0403: posts big blind 60
*** HOLE CARDS ***
Dealt to Mahu2021 [3h Ad]
Mahu2021: raises 120 to 180
santi131322: raises 335 to 515 and is all-in
bigdale0403: folds 
Mahu2021: folds 
Uncalled bet (335) returned to santi131322
santi131322 collected 420 from pot
santi131322: doesn't show hand 
*** SUMMARY ***
Total pot 420 | Rake 0 
Seat 1: bigdale0403 (big blind) folded before Flop
Seat 2: Mahu2021 (button) folded before Flop
Seat 3: santi131322 (small blind) collected (420)



PokerStars Hand #249718973445: Tournament #3735854496, $1.84+$0.16 USD Hold'em No Limit - Level IV (30/60) - 2024/03/31 10:33:04 CET [2024/03/31 4:33:04 ET]
Table '3735854496 1' 3-max Seat #3 is the button
Seat 1: bigdale0403 (390 in chips) 
Seat 2: Mahu2021 (355 in chips) 
Seat 3: santi131322 (755 in chips) 
bigdale0403: posts small blind 30
Mahu2021: posts big blind 60
*** HOLE CARDS ***
Dealt to Mahu2021 [5s Ah]
santi131322: folds 
bigdale0403: folds 
Uncalled bet (30) returned to Mahu2021
Mahu2021 collected 60 from pot
Mahu2021: doesn't show hand 
*** SUMMARY ***
Total pot 60 | Rake 0 
Seat 1: bigdale0403 (small blind) folded before Flop
Seat 2: Mahu2021 (big blind) collected (60)
Seat 3: santi131322 (button) folded before Flop (didn't bet)



PokerStars Hand #249718974549: Tournament #3735854496, $1.84+$0.16 USD Hold'em No Limit - Level IV (30/60) - 2024/03/31 10:33:14 CET [2024/03/31 4:33:14 ET]
Table '3735854496 1' 3-max Seat #1 is the button
Seat 1: bigdale0403 (360 in chips) 
Seat 2: Mahu2021 (385 in chips) 
Seat 3: santi131322 (755 in chips) 
Mahu2021: posts small blind 30
santi131322: posts big blind 60
*** HOLE CARDS ***
Dealt to Mahu2021 [5c 6c]
bigdale0403: folds 
Mahu2021: calls 30
santi131322: checks 
*** FLOP *** [Ah 5s 6h]
Mahu2021: checks 
santi131322: checks 
*** TURN *** [Ah 5s 6h] [5h]
Mahu2021: checks 
santi131322: checks 
*** RIVER *** [Ah 5s 6h 5h] [4h]
Mahu2021: bets 325 and is all-in
santi131322: folds 
Uncalled bet (325) returned to Mahu2021
Mahu2021 collected 120 from pot
Mahu2021: doesn't show hand 
*** SUMMARY ***
Total pot 120 | Rake 0 
Board [Ah 5s 6h 5h 4h]
Seat 1: bigdale0403 (button) folded before Flop (didn't bet)
Seat 2: Mahu2021 (small blind) collected (120)
Seat 3: santi131322 (big blind) folded on the River



PokerStars Hand #249718978165: Tournament #3735854496, $1.84+$0.16 USD Hold'em No Limit - Level V (40/80) - 2024/03/31 10:33:47 CET [2024/03/31 4:33:47 ET]
Table '3735854496 1' 3-max Seat #2 is the button
Seat 1: bigdale0403 (360 in chips) 
Seat 2: Mahu2021 (445 in chips) 
Seat 3: santi131322 (695 in chips) 
santi131322: posts small blind 40
bigdale0403: posts big blind 80
*** HOLE CARDS ***
Dealt to Mahu2021 [4d Ts]
Mahu2021: folds 
santi131322: raises 615 to 695 and is all-in
bigdale0403: calls 280 and is all-in
Uncalled bet (335) returned to santi131322
*** FLOP *** [8d Jh 7h]
*** TURN *** [8d Jh 7h] [2c]
*** RIVER *** [8d Jh 7h 2c] [6c]
*** SHOW DOWN ***
santi131322: shows [Kh As] (high card Ace)
bigdale0403: shows [Js Ad] (a pair of Jacks)
bigdale0403 collected 720 from pot
*** SUMMARY ***
Total pot 720 | Rake 0 
Board [8d Jh 7h 2c 6c]
Seat 1: bigdale0403 (big blind) showed [Js Ad] and won (720) with a pair of Jacks
Seat 2: Mahu2021 (button) folded before Flop (didn't bet)
Seat 3: santi131322 (small blind) showed [Kh As] and lost with high card Ace



PokerStars Hand #249718980007: Tournament #3735854496, $1.84+$0.16 USD Hold'em No Limit - Level V (40/80) - 2024/03/31 10:34:04 CET [2024/03/31 4:34:04 ET]
Table '3735854496 1' 3-max Seat #3 is the button
Seat 1: bigdale0403 (720 in chips) 
Seat 2: Mahu2021 (445 in chips) 
Seat 3: santi131322 (335 in chips) 
bigdale0403: posts small blind 40
Mahu2021: posts big blind 80
*** HOLE CARDS ***
Dealt to Mahu2021 [5s 7h]
santi131322: folds 
bigdale0403: folds 
Uncalled bet (40) returned to Mahu2021
Mahu2021 collected 80 from pot
Mahu2021: doesn't show hand 
*** SUMMARY ***
Total pot 80 | Rake 0 
Seat 1: bigdale0403 (small blind) folded before Flop
Seat 2: Mahu2021 (big blind) collected (80)
Seat 3: santi131322 (button) folded before Flop (didn't bet)



PokerStars Hand #249718981299: Tournament #3735854496, $1.84+$0.16 USD Hold'em No Limit - Level V (40/80) - 2024/03/31 10:34:15 CET [2024/03/31 4:34:15 ET]
Table '3735854496 1' 3-max Seat #1 is the button
Seat 1: bigdale0403 (680 in chips) 
Seat 2: Mahu2021 (485 in chips) 
Seat 3: santi131322 (335 in chips) 
Mahu2021: posts small blind 40
santi131322: posts big blind 80
*** HOLE CARDS ***
Dealt to Mahu2021 [Qs Td]
bigdale0403: folds 
Mahu2021: raises 405 to 485 and is all-in
santi131322: folds 
Uncalled bet (405) returned to Mahu2021
Mahu2021 collected 160 from pot
Mahu2021: doesn't show hand 
*** SUMMARY ***
Total pot 160 | Rake 0 
Seat 1: bigdale0403 (button) folded before Flop (didn't bet)
Seat 2: Mahu2021 (small blind) collected (160)
Seat 3: santi131322 (big blind) folded before Flop



PokerStars Hand #249718982387: Tournament #3735854496, $1.84+$0.16 USD Hold'em No Limit - Level V (40/80) - 2024/03/31 10:34:25 CET [2024/03/31 4:34:25 ET]
Table '3735854496 1' 3-max Seat #2 is the button
Seat 1: bigdale0403 (680 in chips) 
Seat 2: Mahu2021 (565 in chips) 
Seat 3: santi131322 (255 in chips) 
santi131322: posts small blind 40
bigdale0403: posts big blind 80
*** HOLE CARDS ***
Dealt to Mahu2021 [Jd 6s]
Mahu2021: folds 
santi131322: raises 175 to 255 and is all-in
bigdale0403: folds 
Uncalled bet (175) returned to santi131322
santi131322 collected 160 from pot
santi131322: doesn't show hand 
*** SUMMARY ***
Total pot 160 | Rake 0 
Seat 1: bigdale0403 (big blind) folded before Flop
Seat 2: Mahu2021 (button) folded before Flop (didn't bet)
Seat 3: santi131322 (small blind) collected (160)



PokerStars Hand #249718983312: Tournament #3735854496, $1.84+$0.16 USD Hold'em No Limit - Level V (40/80) - 2024/03/31 10:34:33 CET [2024/03/31 4:34:33 ET]
Table '3735854496 1' 3-max Seat #3 is the button
Seat 1: bigdale0403 (600 in chips) 
Seat 2: Mahu2021 (565 in chips) 
Seat 3: santi131322 (335 in chips) 
bigdale0403: posts small blind 40
Mahu2021: posts big blind 80
*** HOLE CARDS ***
Dealt to Mahu2021 [6d 4d]
santi131322: folds 
bigdale0403: folds 
Uncalled bet (40) returned to Mahu2021
Mahu2021 collected 80 from pot
Mahu2021: doesn't show hand 
*** SUMMARY ***
Total pot 80 | Rake 0 
Seat 1: bigdale0403 (small blind) folded before Flop
Seat 2: Mahu2021 (big blind) collected (80)
Seat 3: santi131322 (button) folded before Flop (didn't bet)



PokerStars Hand #249718984378: Tournament #3735854496, $1.84+$0.16 USD Hold'em No Limit - Level V (40/80) - 2024/03/31 10:34:43 CET [2024/03/31 4:34:43 ET]
Table '3735854496 1' 3-max Seat #1 is the button
Seat 1: bigdale0403 (560 in chips) 
Seat 2: Mahu2021 (605 in chips) 
Seat 3: santi131322 (335 in chips) 
Mahu2021: posts small blind 40
santi131322: posts big blind 80
*** HOLE CARDS ***
Dealt to Mahu2021 [6d 4d]
bigdale0403: folds 
Mahu2021: folds 
Uncalled bet (40) returned to santi131322
santi131322 collected 80 from pot
santi131322: doesn't show hand 
*** SUMMARY ***
Total pot 80 | Rake 0 
Seat 1: bigdale0403 (button) folded before Flop (didn't bet)
Seat 2: Mahu2021 (small blind) folded before Flop
Seat 3: santi131322 (big blind) collected (80)



PokerStars Hand #249718985047: Tournament #3735854496, $1.84+$0.16 USD Hold'em No Limit - Level V (40/80) - 2024/03/31 10:34:49 CET [2024/03/31 4:34:49 ET]
Table '3735854496 1' 3-max Seat #2 is the button
Seat 1: bigdale0403 (560 in chips) 
Seat 2: Mahu2021 (565 in chips) 
Seat 3: santi131322 (375 in chips) 
santi131322: posts small blind 40
bigdale0403: posts big blind 80
*** HOLE CARDS ***
Dealt to Mahu2021 [Tc 6d]
Mahu2021: folds 
santi131322: folds 
Uncalled bet (40) returned to bigdale0403
bigdale0403 collected 80 from pot
*** SUMMARY ***
Total pot 80 | Rake 0 
Seat 1: bigdale0403 (big blind) collected (80)
Seat 2: Mahu2021 (button) folded before Flop (didn't bet)
Seat 3: santi131322 (small blind) folded before Flop



PokerStars Hand #249718985865: Tournament #3735854496, $1.84+$0.16 USD Hold'em No Limit - Level V (40/80) - 2024/03/31 10:34:57 CET [2024/03/31 4:34:57 ET]
Table '3735854496 1' 3-max Seat #3 is the button
Seat 1: bigdale0403 (600 in chips) 
Seat 2: Mahu2021 (565 in chips) 
Seat 3: santi131322 (335 in chips) 
bigdale0403: posts small blind 40
Mahu2021: posts big blind 80
*** HOLE CARDS ***
Dealt to Mahu2021 [Th Jh]
santi131322: raises 255 to 335 and is all-in
bigdale0403: folds 
Mahu2021: folds 
Uncalled bet (255) returned to santi131322
santi131322 collected 200 from pot
santi131322: doesn't show hand 
*** SUMMARY ***
Total pot 200 | Rake 0 
Seat 1: bigdale0403 (small blind) folded before Flop
Seat 2: Mahu2021 (big blind) folded before Flop
Seat 3: santi131322 (button) collected (200)



PokerStars Hand #249718986871: Tournament #3735854496, $1.84+$0.16 USD Hold'em No Limit - Level V (40/80) - 2024/03/31 10:35:07 CET [2024/03/31 4:35:07 ET]
Table '3735854496 1' 3-max Seat #1 is the button
Seat 1: bigdale0403 (560 in chips) 
Seat 2: Mahu2021 (485 in chips) 
Seat 3: santi131322 (455 in chips) 
Mahu2021: posts small blind 40
santi131322: posts big blind 80
*** HOLE CARDS ***
Dealt to Mahu2021 [7c 5d]
bigdale0403: folds 
Mahu2021: folds 
Uncalled bet (40) returned to santi131322
santi131322 collected 80 from pot
santi131322: doesn't show hand 
*** SUMMARY ***
Total pot 80 | Rake 0 
Seat 1: bigdale0403 (button) folded before Flop (didn't bet)
Seat 2: Mahu2021 (small blind) folded before Flop
Seat 3: santi131322 (big blind) collected (80)



PokerStars Hand #249718987559: Tournament #3735854496, $1.84+$0.16 USD Hold'em No Limit - Level V (40/80) - 2024/03/31 10:35:13 CET [2024/03/31 4:35:13 ET]
Table '3735854496 1' 3-max Seat #2 is the button
Seat 1: bigdale0403 (560 in chips) 
Seat 2: Mahu2021 (445 in chips) 
Seat 3: santi131322 (495 in chips) 
santi131322: posts small blind 40
bigdale0403: posts big blind 80
*** HOLE CARDS ***
Dealt to Mahu2021 [3d 2c]
Mahu2021: folds 
santi131322: folds 
Uncalled bet (40) returned to bigdale0403
bigdale0403 collected 80 from pot
*** SUMMARY ***
Total pot 80 | Rake 0 
Seat 1: bigdale0403 (big blind) collected (80)
Seat 2: Mahu2021 (button) folded before Flop (didn't bet)
Seat 3: santi131322 (small blind) folded before Flop



PokerStars Hand #249718988854: Tournament #3735854496, $1.84+$0.16 USD Hold'em No Limit - Level V (40/80) - 2024/03/31 10:35:24 CET [2024/03/31 4:35:24 ET]
Table '3735854496 1' 3-max Seat #3 is the button
Seat 1: bigdale0403 (600 in chips) 
Seat 2: Mahu2021 (445 in chips) 
Seat 3: santi131322 (455 in chips) 
bigdale0403: posts small blind 40
Mahu2021: posts big blind 80
*** HOLE CARDS ***
Dealt to Mahu2021 [5h Kh]
santi131322: raises 375 to 455 and is all-in
bigdale0403: folds 
Mahu2021: folds 
Uncalled bet (375) returned to santi131322
santi131322 collected 200 from pot
santi131322: doesn't show hand 
*** SUMMARY ***
Total pot 200 | Rake 0 
Seat 1: bigdale0403 (small blind) folded before Flop
Seat 2: Mahu2021 (big blind) folded before Flop
Seat 3: santi131322 (button) collected (200)



PokerStars Hand #249718990066: Tournament #3735854496, $1.84+$0.16 USD Hold'em No Limit - Level V (40/80) - 2024/03/31 10:35:36 CET [2024/03/31 4:35:36 ET]
Table '3735854496 1' 3-max Seat #1 is the button
Seat 1: bigdale0403 (560 in chips) 
Seat 2: Mahu2021 (365 in chips) 
Seat 3: santi131322 (575 in chips) 
Mahu2021: posts small blind 40
santi131322: posts big blind 80
*** HOLE CARDS ***
Dealt to Mahu2021 [2c Qh]
bigdale0403: folds 
Mahu2021: folds 
Uncalled bet (40) returned to santi131322
santi131322 collected 80 from pot
santi131322: doesn't show hand 
*** SUMMARY ***
Total pot 80 | Rake 0 
Seat 1: bigdale0403 (button) folded before Flop (didn't bet)
Seat 2: Mahu2021 (small blind) folded before Flop
Seat 3: santi131322 (big blind) collected (80)



PokerStars Hand #249718990544: Tournament #3735854496, $1.84+$0.16 USD Hold'em No Limit - Level V (40/80) - 2024/03/31 10:35:40 CET [2024/03/31 4:35:40 ET]
Table '3735854496 1' 3-max Seat #2 is the button
Seat 1: bigdale0403 (560 in chips) 
Seat 2: Mahu2021 (325 in chips) 
Seat 3: santi131322 (615 in chips) 
santi131322: posts small blind 40
bigdale0403: posts big blind 80
*** HOLE CARDS ***
Dealt to Mahu2021 [7h 9c]
Mahu2021: folds 
santi131322: calls 40
bigdale0403: checks 
*** FLOP *** [Ah 3h Th]
santi131322: checks 
bigdale0403: checks 
*** TURN *** [Ah 3h Th] [Ac]
santi131322: bets 535 and is all-in
bigdale0403: folds 
Uncalled bet (535) returned to santi131322
santi131322 collected 160 from pot
santi131322: doesn't show hand 
*** SUMMARY ***
Total pot 160 | Rake 0 
Board [Ah 3h Th Ac]
Seat 1: bigdale0403 (big blind) folded on the Turn
Seat 2: Mahu2021 (button) folded before Flop (didn't bet)
Seat 3: santi131322 (small blind) collected (160)



PokerStars Hand #249718992914: Tournament #3735854496, $1.84+$0.16 USD Hold'em No Limit - Level VI (50/100) - 2024/03/31 10:36:02 CET [2024/03/31 4:36:02 ET]
Table '3735854496 1' 3-max Seat #3 is the button
Seat 1: bigdale0403 (480 in chips) 
Seat 2: Mahu2021 (325 in chips) 
Seat 3: santi131322 (695 in chips) 
bigdale0403: posts small blind 50
Mahu2021: posts big blind 100
*** HOLE CARDS ***
Dealt to Mahu2021 [7s Ac]
santi131322: raises 595 to 695 and is all-in
bigdale0403: calls 430 and is all-in
Mahu2021: calls 225 and is all-in
Uncalled bet (215) returned to santi131322
*** FLOP *** [Qc Qh 5d]
*** TURN *** [Qc Qh 5d] [Kc]
*** RIVER *** [Qc Qh 5d Kc] [9c]
*** SHOW DOWN ***
bigdale0403: shows [Qs Qd] (four of a kind, Queens)
santi131322: shows [Jc 4c] (a flush, King high)
bigdale0403 collected 310 from side pot
Mahu2021: shows [7s Ac] (a pair of Queens)
bigdale0403 collected 975 from main pot
Mahu2021 finished the tournament in 3rd place
*** SUMMARY ***
Total pot 1285 Main pot 975. Side pot 310. | Rake 0 
Board [Qc Qh 5d Kc 9c]
Seat 1: bigdale0403 (small blind) showed [Qs Qd] and won (1285) with four of a kind, Queens
Seat 2: Mahu2021 (big blind) showed [7s Ac] and lost with a pair of Queens
Seat 3: santi131322 (button) showed [Jc 4c] and lost with a flush, King high



