PokerStars Hand #243223890703: Tournament #3580547410, $0.92+$0.08 USD Hold'em No Limit - Level I (10/20) - 2023/04/21 12:00:44 CET [2023/04/21 6:00:44 ET]
Table '3580547410 1' 3-max Seat #1 is the button
Seat 1: Sailsbury (500 in chips) 
Seat 2: bumblebear91 (500 in chips) 
Seat 3: Mahu2021 (500 in chips) 
bumblebear91: posts small blind 10
Mahu2021: posts big blind 20
*** HOLE CARDS ***
Dealt to Mahu2021 [3h Ac]
Sailsbury: calls 20
bumblebear91: calls 10
Mahu2021: checks 
*** FLOP *** [Qs 3s Ah]
bumblebear91: checks 
Mahu2021: bets 20
Sailsbury: folds 
bumblebear91: folds 
Uncalled bet (20) returned to Mahu2021
Mahu2021 collected 60 from pot
Mahu2021: doesn't show hand 
*** SUMMARY ***
Total pot 60 | Rake 0 
Board [Qs 3s Ah]
Seat 1: Sailsbury (button) folded on the Flop
Seat 2: bumblebear91 (small blind) folded on the Flop
Seat 3: Mahu2021 (big blind) collected (60)



PokerStars Hand #243223892764: Tournament #3580547410, $0.92+$0.08 USD Hold'em No Limit - Level I (10/20) - 2023/04/21 12:00:58 CET [2023/04/21 6:00:58 ET]
Table '3580547410 1' 3-max Seat #2 is the button
Seat 1: Sailsbury (480 in chips) 
Seat 2: bumblebear91 (480 in chips) 
Seat 3: Mahu2021 (540 in chips) 
Mahu2021: posts small blind 10
Sailsbury: posts big blind 20
*** HOLE CARDS ***
Dealt to Mahu2021 [Qh Jh]
bumblebear91: raises 40 to 60
Mahu2021: calls 50
Sailsbury: calls 40
*** FLOP *** [2h 7s 6d]
Mahu2021: checks 
Sailsbury: bets 90
bumblebear91: calls 90
Mahu2021: folds 
*** TURN *** [2h 7s 6d] [Ts]
Sailsbury: bets 330 and is all-in
bumblebear91: folds 
Uncalled bet (330) returned to Sailsbury
Sailsbury collected 360 from pot
*** SUMMARY ***
Total pot 360 | Rake 0 
Board [2h 7s 6d Ts]
Seat 1: Sailsbury (big blind) collected (360)
Seat 2: bumblebear91 (button) folded on the Turn
Seat 3: Mahu2021 (small blind) folded on the Flop



PokerStars Hand #243223897698: Tournament #3580547410, $0.92+$0.08 USD Hold'em No Limit - Level I (10/20) - 2023/04/21 12:01:32 CET [2023/04/21 6:01:32 ET]
Table '3580547410 1' 3-max Seat #3 is the button
Seat 1: Sailsbury (690 in chips) 
Seat 2: bumblebear91 (330 in chips) 
Seat 3: Mahu2021 (480 in chips) 
Sailsbury: posts small blind 10
bumblebear91: posts big blind 20
*** HOLE CARDS ***
Dealt to Mahu2021 [4d 9d]
Mahu2021: folds 
Sailsbury: calls 10
bumblebear91 has timed out
bumblebear91: checks 
*** FLOP *** [Qh 5d 2c]
Sailsbury: checks 
bumblebear91: bets 40
Sailsbury: folds 
Uncalled bet (40) returned to bumblebear91
bumblebear91 collected 40 from pot
*** SUMMARY ***
Total pot 40 | Rake 0 
Board [Qh 5d 2c]
Seat 1: Sailsbury (small blind) folded on the Flop
Seat 2: bumblebear91 (big blind) collected (40)
Seat 3: Mahu2021 (button) folded before Flop (didn't bet)



PokerStars Hand #243223904757: Tournament #3580547410, $0.92+$0.08 USD Hold'em No Limit - Level I (10/20) - 2023/04/21 12:02:21 CET [2023/04/21 6:02:21 ET]
Table '3580547410 1' 3-max Seat #1 is the button
Seat 1: Sailsbury (670 in chips) 
Seat 2: bumblebear91 (350 in chips) 
Seat 3: Mahu2021 (480 in chips) 
bumblebear91: posts small blind 10
Mahu2021: posts big blind 20
*** HOLE CARDS ***
Dealt to Mahu2021 [6d 9c]
Sailsbury: folds 
bumblebear91: calls 10
Mahu2021: checks 
*** FLOP *** [Ts 3s Qd]
bumblebear91: bets 40
Mahu2021: folds 
Uncalled bet (40) returned to bumblebear91
bumblebear91 collected 40 from pot
*** SUMMARY ***
Total pot 40 | Rake 0 
Board [Ts 3s Qd]
Seat 1: Sailsbury (button) folded before Flop (didn't bet)
Seat 2: bumblebear91 (small blind) collected (40)
Seat 3: Mahu2021 (big blind) folded on the Flop



PokerStars Hand #243223906516: Tournament #3580547410, $0.92+$0.08 USD Hold'em No Limit - Level I (10/20) - 2023/04/21 12:02:33 CET [2023/04/21 6:02:33 ET]
Table '3580547410 1' 3-max Seat #2 is the button
Seat 1: Sailsbury (670 in chips) 
Seat 2: bumblebear91 (370 in chips) 
Seat 3: Mahu2021 (460 in chips) 
Mahu2021: posts small blind 10
Sailsbury: posts big blind 20
*** HOLE CARDS ***
Dealt to Mahu2021 [7c 2c]
bumblebear91: raises 50 to 70
Mahu2021: folds 
Sailsbury: calls 50
*** FLOP *** [Ah 7s 4c]
Sailsbury: checks 
bumblebear91: checks 
*** TURN *** [Ah 7s 4c] [7h]
Sailsbury: checks 
bumblebear91: bets 150
Sailsbury: folds 
Uncalled bet (150) returned to bumblebear91
bumblebear91 collected 150 from pot
*** SUMMARY ***
Total pot 150 | Rake 0 
Board [Ah 7s 4c 7h]
Seat 1: Sailsbury (big blind) folded on the Turn
Seat 2: bumblebear91 (button) collected (150)
Seat 3: Mahu2021 (small blind) folded before Flop



PokerStars Hand #243223909673: Tournament #3580547410, $0.92+$0.08 USD Hold'em No Limit - Level I (10/20) - 2023/04/21 12:02:54 CET [2023/04/21 6:02:54 ET]
Table '3580547410 1' 3-max Seat #3 is the button
Seat 1: Sailsbury (600 in chips) 
Seat 2: bumblebear91 (450 in chips) 
Seat 3: Mahu2021 (450 in chips) 
Sailsbury: posts small blind 10
bumblebear91: posts big blind 20
*** HOLE CARDS ***
Dealt to Mahu2021 [9s Jh]
Mahu2021: calls 20
Sailsbury: raises 80 to 100
bumblebear91: folds 
Mahu2021: folds 
Uncalled bet (80) returned to Sailsbury
Sailsbury collected 60 from pot
*** SUMMARY ***
Total pot 60 | Rake 0 
Seat 1: Sailsbury (small blind) collected (60)
Seat 2: bumblebear91 (big blind) folded before Flop
Seat 3: Mahu2021 (button) folded before Flop



PokerStars Hand #243223911413: Tournament #3580547410, $0.92+$0.08 USD Hold'em No Limit - Level I (10/20) - 2023/04/21 12:03:06 CET [2023/04/21 6:03:06 ET]
Table '3580547410 1' 3-max Seat #1 is the button
Seat 1: Sailsbury (640 in chips) 
Seat 2: bumblebear91 (430 in chips) 
Seat 3: Mahu2021 (430 in chips) 
bumblebear91: posts small blind 10
Mahu2021: posts big blind 20
*** HOLE CARDS ***
Dealt to Mahu2021 [8s 4s]
Sailsbury: raises 20 to 40
bumblebear91: folds 
Mahu2021: calls 20
*** FLOP *** [6h 6d 8d]
Mahu2021: bets 390 and is all-in
Sailsbury: folds 
Uncalled bet (390) returned to Mahu2021
Mahu2021 collected 90 from pot
Mahu2021: doesn't show hand 
*** SUMMARY ***
Total pot 90 | Rake 0 
Board [6h 6d 8d]
Seat 1: Sailsbury (button) folded on the Flop
Seat 2: bumblebear91 (small blind) folded before Flop
Seat 3: Mahu2021 (big blind) collected (90)



PokerStars Hand #243223914415: Tournament #3580547410, $0.92+$0.08 USD Hold'em No Limit - Level I (10/20) - 2023/04/21 12:03:27 CET [2023/04/21 6:03:27 ET]
Table '3580547410 1' 3-max Seat #2 is the button
Seat 1: Sailsbury (600 in chips) 
Seat 2: bumblebear91 (420 in chips) 
Seat 3: Mahu2021 (480 in chips) 
Mahu2021: posts small blind 10
Sailsbury: posts big blind 20
*** HOLE CARDS ***
Dealt to Mahu2021 [Qh 7d]
bumblebear91: raises 50 to 70
Mahu2021: folds 
Sailsbury: folds 
Uncalled bet (50) returned to bumblebear91
bumblebear91 collected 50 from pot
*** SUMMARY ***
Total pot 50 | Rake 0 
Seat 1: Sailsbury (big blind) folded before Flop
Seat 2: bumblebear91 (button) collected (50)
Seat 3: Mahu2021 (small blind) folded before Flop



PokerStars Hand #243223915632: Tournament #3580547410, $0.92+$0.08 USD Hold'em No Limit - Level I (10/20) - 2023/04/21 12:03:35 CET [2023/04/21 6:03:35 ET]
Table '3580547410 1' 3-max Seat #3 is the button
Seat 1: Sailsbury (580 in chips) 
Seat 2: bumblebear91 (450 in chips) 
Seat 3: Mahu2021 (470 in chips) 
Sailsbury: posts small blind 10
bumblebear91: posts big blind 20
*** HOLE CARDS ***
Dealt to Mahu2021 [5c Qc]
Mahu2021: calls 20
Sailsbury: calls 10
bumblebear91: raises 80 to 100
Mahu2021: folds 
Sailsbury: calls 80
*** FLOP *** [8s 2h 6d]
Sailsbury: bets 220
bumblebear91: raises 130 to 350 and is all-in
Sailsbury: calls 130
*** TURN *** [8s 2h 6d] [7c]
*** RIVER *** [8s 2h 6d 7c] [Kh]
*** SHOW DOWN ***
Sailsbury: shows [Kc 4c] (a pair of Kings)
bumblebear91: shows [5s 5h] (a pair of Fives)
Sailsbury collected 920 from pot
bumblebear91 finished the tournament in 3rd place
*** SUMMARY ***
Total pot 920 | Rake 0 
Board [8s 2h 6d 7c Kh]
Seat 1: Sailsbury (small blind) showed [Kc 4c] and won (920) with a pair of Kings
Seat 2: bumblebear91 (big blind) showed [5s 5h] and lost with a pair of Fives
Seat 3: Mahu2021 (button) folded before Flop



PokerStars Hand #243223919648: Tournament #3580547410, $0.92+$0.08 USD Hold'em No Limit - Level II (15/30) - 2023/04/21 12:04:02 CET [2023/04/21 6:04:02 ET]
Table '3580547410 1' 3-max Seat #1 is the button
Seat 1: Sailsbury (1050 in chips) 
Seat 3: Mahu2021 (450 in chips) 
Sailsbury: posts small blind 15
Mahu2021: posts big blind 30
*** HOLE CARDS ***
Dealt to Mahu2021 [Ad 7c]
Sailsbury: calls 15
Mahu2021: checks 
*** FLOP *** [6d Kh Ac]
Mahu2021: checks 
Sailsbury: bets 30
Mahu2021: calls 30
*** TURN *** [6d Kh Ac] [2c]
Mahu2021: bets 30
Sailsbury: raises 180 to 210
Mahu2021: raises 180 to 390 and is all-in
Sailsbury: calls 180
*** RIVER *** [6d Kh Ac 2c] [4c]
*** SHOW DOWN ***
Mahu2021: shows [Ad 7c] (a pair of Aces)
Sailsbury: shows [2d 6h] (two pair, Sixes and Deuces)
Sailsbury collected 900 from pot
Mahu2021 finished the tournament in 2nd place
Sailsbury wins the tournament and receives $3.00 - congratulations!
*** SUMMARY ***
Total pot 900 | Rake 0 
Board [6d Kh Ac 2c 4c]
Seat 1: Sailsbury (button) (small blind) showed [2d 6h] and won (900) with two pair, Sixes and Deuces
Seat 3: Mahu2021 (big blind) showed [Ad 7c] and lost with a pair of Aces



