PokerStars Hand #243010046823: Tournament #3575618681, $0.92+$0.08 USD Hold'em No Limit - Level I (10/20) - 2023/04/10 20:51:00 CET [2023/04/10 14:51:00 ET]
Table '3575618681 1' 3-max Seat #1 is the button
Seat 1: tomgrollo (500 in chips) 
Seat 2: Mahu2021 (500 in chips) 
Seat 3: elforgeron67 (500 in chips) 
Mahu2021: posts small blind 10
elforgeron67: posts big blind 20
*** HOLE CARDS ***
Dealt to Mahu2021 [4s 5c]
tomgrollo: calls 20
Mahu2021: calls 10
elforgeron67: checks 
*** FLOP *** [Kc Td As]
Mahu2021: checks 
elforgeron67: checks 
tomgrollo: bets 30
Mahu2021: folds 
elforgeron67: calls 30
*** TURN *** [Kc Td As] [8c]
elforgeron67: checks 
tomgrollo: bets 80
elforgeron67: calls 80
*** RIVER *** [Kc Td As 8c] [Qd]
elforgeron67: checks 
tomgrollo: bets 280
elforgeron67: folds 
Uncalled bet (280) returned to tomgrollo
tomgrollo collected 280 from pot
*** SUMMARY ***
Total pot 280 | Rake 0 
Board [Kc Td As 8c Qd]
Seat 1: tomgrollo (button) collected (280)
Seat 2: Mahu2021 (small blind) folded on the Flop
Seat 3: elforgeron67 (big blind) folded on the River



PokerStars Hand #243010065194: Tournament #3575618681, $0.92+$0.08 USD Hold'em No Limit - Level I (10/20) - 2023/04/10 20:51:47 CET [2023/04/10 14:51:47 ET]
Table '3575618681 1' 3-max Seat #2 is the button
Seat 1: tomgrollo (650 in chips) 
Seat 2: Mahu2021 (480 in chips) 
Seat 3: elforgeron67 (370 in chips) 
elforgeron67: posts small blind 10
tomgrollo: posts big blind 20
*** HOLE CARDS ***
Dealt to Mahu2021 [6c Jd]
Mahu2021: folds 
elforgeron67: folds 
Uncalled bet (10) returned to tomgrollo
tomgrollo collected 20 from pot
*** SUMMARY ***
Total pot 20 | Rake 0 
Seat 1: tomgrollo (big blind) collected (20)
Seat 2: Mahu2021 (button) folded before Flop (didn't bet)
Seat 3: elforgeron67 (small blind) folded before Flop



PokerStars Hand #243010067450: Tournament #3575618681, $0.92+$0.08 USD Hold'em No Limit - Level I (10/20) - 2023/04/10 20:51:53 CET [2023/04/10 14:51:53 ET]
Table '3575618681 1' 3-max Seat #3 is the button
Seat 1: tomgrollo (660 in chips) 
Seat 2: Mahu2021 (480 in chips) 
Seat 3: elforgeron67 (360 in chips) 
tomgrollo: posts small blind 10
Mahu2021: posts big blind 20
*** HOLE CARDS ***
Dealt to Mahu2021 [6c 7s]
elforgeron67: folds 
tomgrollo: calls 10
Mahu2021: checks 
*** FLOP *** [9s 4h 5s]
tomgrollo: checks 
Mahu2021: bets 40
tomgrollo: calls 40
*** TURN *** [9s 4h 5s] [Jh]
tomgrollo: checks 
Mahu2021: checks 
*** RIVER *** [9s 4h 5s Jh] [Ad]
tomgrollo: bets 100
Mahu2021: folds 
Uncalled bet (100) returned to tomgrollo
tomgrollo collected 120 from pot
*** SUMMARY ***
Total pot 120 | Rake 0 
Board [9s 4h 5s Jh Ad]
Seat 1: tomgrollo (small blind) collected (120)
Seat 2: Mahu2021 (big blind) folded on the River
Seat 3: elforgeron67 (button) folded before Flop (didn't bet)



PokerStars Hand #243010076440: Tournament #3575618681, $0.92+$0.08 USD Hold'em No Limit - Level I (10/20) - 2023/04/10 20:52:15 CET [2023/04/10 14:52:15 ET]
Table '3575618681 1' 3-max Seat #1 is the button
Seat 1: tomgrollo (720 in chips) 
Seat 2: Mahu2021 (420 in chips) 
Seat 3: elforgeron67 (360 in chips) 
Mahu2021: posts small blind 10
elforgeron67: posts big blind 20
*** HOLE CARDS ***
Dealt to Mahu2021 [8c 7c]
tomgrollo: folds 
Mahu2021: raises 20 to 40
elforgeron67: folds 
Uncalled bet (20) returned to Mahu2021
Mahu2021 collected 40 from pot
Mahu2021: doesn't show hand 
*** SUMMARY ***
Total pot 40 | Rake 0 
Seat 1: tomgrollo (button) folded before Flop (didn't bet)
Seat 2: Mahu2021 (small blind) collected (40)
Seat 3: elforgeron67 (big blind) folded before Flop



PokerStars Hand #243010080149: Tournament #3575618681, $0.92+$0.08 USD Hold'em No Limit - Level I (10/20) - 2023/04/10 20:52:25 CET [2023/04/10 14:52:25 ET]
Table '3575618681 1' 3-max Seat #2 is the button
Seat 1: tomgrollo (720 in chips) 
Seat 2: Mahu2021 (440 in chips) 
Seat 3: elforgeron67 (340 in chips) 
elforgeron67: posts small blind 10
tomgrollo: posts big blind 20
*** HOLE CARDS ***
Dealt to Mahu2021 [3h Th]
Mahu2021: folds 
elforgeron67: folds 
Uncalled bet (10) returned to tomgrollo
tomgrollo collected 20 from pot
*** SUMMARY ***
Total pot 20 | Rake 0 
Seat 1: tomgrollo (big blind) collected (20)
Seat 2: Mahu2021 (button) folded before Flop (didn't bet)
Seat 3: elforgeron67 (small blind) folded before Flop



PokerStars Hand #243010082619: Tournament #3575618681, $0.92+$0.08 USD Hold'em No Limit - Level I (10/20) - 2023/04/10 20:52:31 CET [2023/04/10 14:52:31 ET]
Table '3575618681 1' 3-max Seat #3 is the button
Seat 1: tomgrollo (730 in chips) 
Seat 2: Mahu2021 (440 in chips) 
Seat 3: elforgeron67 (330 in chips) 
tomgrollo: posts small blind 10
Mahu2021: posts big blind 20
*** HOLE CARDS ***
Dealt to Mahu2021 [Jd 2c]
elforgeron67: calls 20
tomgrollo: calls 10
Mahu2021: checks 
*** FLOP *** [7h Jc 2h]
tomgrollo: checks 
Mahu2021: bets 20
elforgeron67: folds 
tomgrollo: calls 20
*** TURN *** [7h Jc 2h] [4h]
tomgrollo: checks 
Mahu2021: bets 20
tomgrollo: calls 20
*** RIVER *** [7h Jc 2h 4h] [4s]
tomgrollo: checks 
Mahu2021: checks 
*** SHOW DOWN ***
tomgrollo: shows [7c Th] (two pair, Sevens and Fours)
Mahu2021: shows [Jd 2c] (two pair, Jacks and Fours)
Mahu2021 collected 140 from pot
*** SUMMARY ***
Total pot 140 | Rake 0 
Board [7h Jc 2h 4h 4s]
Seat 1: tomgrollo (small blind) showed [7c Th] and lost with two pair, Sevens and Fours
Seat 2: Mahu2021 (big blind) showed [Jd 2c] and won (140) with two pair, Jacks and Fours
Seat 3: elforgeron67 (button) folded on the Flop



PokerStars Hand #243010091010: Tournament #3575618681, $0.92+$0.08 USD Hold'em No Limit - Level I (10/20) - 2023/04/10 20:52:53 CET [2023/04/10 14:52:53 ET]
Table '3575618681 1' 3-max Seat #1 is the button
Seat 1: tomgrollo (670 in chips) 
Seat 2: Mahu2021 (520 in chips) 
Seat 3: elforgeron67 (310 in chips) 
Mahu2021: posts small blind 10
elforgeron67: posts big blind 20
*** HOLE CARDS ***
Dealt to Mahu2021 [4d Tc]
tomgrollo: calls 20
Mahu2021: folds 
elforgeron67: raises 290 to 310 and is all-in
tomgrollo: folds 
Uncalled bet (290) returned to elforgeron67
elforgeron67 collected 50 from pot
elforgeron67: doesn't show hand 
*** SUMMARY ***
Total pot 50 | Rake 0 
Seat 1: tomgrollo (button) folded before Flop
Seat 2: Mahu2021 (small blind) folded before Flop
Seat 3: elforgeron67 (big blind) collected (50)



PokerStars Hand #243010095875: Tournament #3575618681, $0.92+$0.08 USD Hold'em No Limit - Level II (15/30) - 2023/04/10 20:53:05 CET [2023/04/10 14:53:05 ET]
Table '3575618681 1' 3-max Seat #2 is the button
Seat 1: tomgrollo (650 in chips) 
Seat 2: Mahu2021 (510 in chips) 
Seat 3: elforgeron67 (340 in chips) 
elforgeron67: posts small blind 15
tomgrollo: posts big blind 30
*** HOLE CARDS ***
Dealt to Mahu2021 [Qs 2s]
Mahu2021: calls 30
elforgeron67: calls 15
tomgrollo: checks 
*** FLOP *** [6s Kc Js]
elforgeron67: checks 
tomgrollo: checks 
Mahu2021: bets 30
elforgeron67: calls 30
tomgrollo: folds 
*** TURN *** [6s Kc Js] [Qd]
elforgeron67: checks 
Mahu2021: checks 
*** RIVER *** [6s Kc Js Qd] [Ts]
elforgeron67: bets 150
Mahu2021: raises 300 to 450 and is all-in
elforgeron67: calls 130 and is all-in
Uncalled bet (170) returned to Mahu2021
*** SHOW DOWN ***
Mahu2021: shows [Qs 2s] (a flush, Queen high)
elforgeron67: shows [As 4s] (a flush, Ace high)
elforgeron67 collected 710 from pot
*** SUMMARY ***
Total pot 710 | Rake 0 
Board [6s Kc Js Qd Ts]
Seat 1: tomgrollo (big blind) folded on the Flop
Seat 2: Mahu2021 (button) showed [Qs 2s] and lost with a flush, Queen high
Seat 3: elforgeron67 (small blind) showed [As 4s] and won (710) with a flush, Ace high



PokerStars Hand #243010107202: Tournament #3575618681, $0.92+$0.08 USD Hold'em No Limit - Level II (15/30) - 2023/04/10 20:53:34 CET [2023/04/10 14:53:34 ET]
Table '3575618681 1' 3-max Seat #3 is the button
Seat 1: tomgrollo (620 in chips) 
Seat 2: Mahu2021 (170 in chips) 
Seat 3: elforgeron67 (710 in chips) 
tomgrollo: posts small blind 15
Mahu2021: posts big blind 30
*** HOLE CARDS ***
Dealt to Mahu2021 [Jd Jc]
elforgeron67: folds 
tomgrollo: calls 15
Mahu2021: raises 140 to 170 and is all-in
tomgrollo: calls 140
*** FLOP *** [4d Kh Kc]
*** TURN *** [4d Kh Kc] [6c]
*** RIVER *** [4d Kh Kc 6c] [7h]
*** SHOW DOWN ***
tomgrollo: shows [Ac 9c] (a pair of Kings)
Mahu2021: shows [Jd Jc] (two pair, Kings and Jacks)
Mahu2021 collected 340 from pot
*** SUMMARY ***
Total pot 340 | Rake 0 
Board [4d Kh Kc 6c 7h]
Seat 1: tomgrollo (small blind) showed [Ac 9c] and lost with a pair of Kings
Seat 2: Mahu2021 (big blind) showed [Jd Jc] and won (340) with two pair, Kings and Jacks
Seat 3: elforgeron67 (button) folded before Flop (didn't bet)



PokerStars Hand #243010114538: Tournament #3575618681, $0.92+$0.08 USD Hold'em No Limit - Level II (15/30) - 2023/04/10 20:53:52 CET [2023/04/10 14:53:52 ET]
Table '3575618681 1' 3-max Seat #1 is the button
Seat 1: tomgrollo (450 in chips) 
Seat 2: Mahu2021 (340 in chips) 
Seat 3: elforgeron67 (710 in chips) 
Mahu2021: posts small blind 15
elforgeron67: posts big blind 30
*** HOLE CARDS ***
Dealt to Mahu2021 [Jc 5d]
tomgrollo: raises 60 to 90
Mahu2021: folds 
elforgeron67: calls 60
*** FLOP *** [8c 6d 8h]
elforgeron67: checks 
tomgrollo: bets 128
elforgeron67: folds 
Uncalled bet (128) returned to tomgrollo
tomgrollo collected 195 from pot
*** SUMMARY ***
Total pot 195 | Rake 0 
Board [8c 6d 8h]
Seat 1: tomgrollo (button) collected (195)
Seat 2: Mahu2021 (small blind) folded before Flop
Seat 3: elforgeron67 (big blind) folded on the Flop



PokerStars Hand #243010124237: Tournament #3575618681, $0.92+$0.08 USD Hold'em No Limit - Level II (15/30) - 2023/04/10 20:54:17 CET [2023/04/10 14:54:17 ET]
Table '3575618681 1' 3-max Seat #2 is the button
Seat 1: tomgrollo (555 in chips) 
Seat 2: Mahu2021 (325 in chips) 
Seat 3: elforgeron67 (620 in chips) 
elforgeron67: posts small blind 15
tomgrollo: posts big blind 30
*** HOLE CARDS ***
Dealt to Mahu2021 [3h 3s]
Mahu2021: raises 295 to 325 and is all-in
elforgeron67: folds 
tomgrollo: folds 
Uncalled bet (295) returned to Mahu2021
Mahu2021 collected 75 from pot
Mahu2021: doesn't show hand 
*** SUMMARY ***
Total pot 75 | Rake 0 
Seat 1: tomgrollo (big blind) folded before Flop
Seat 2: Mahu2021 (button) collected (75)
Seat 3: elforgeron67 (small blind) folded before Flop



PokerStars Hand #243010127451: Tournament #3575618681, $0.92+$0.08 USD Hold'em No Limit - Level II (15/30) - 2023/04/10 20:54:25 CET [2023/04/10 14:54:25 ET]
Table '3575618681 1' 3-max Seat #3 is the button
Seat 1: tomgrollo (525 in chips) 
Seat 2: Mahu2021 (370 in chips) 
Seat 3: elforgeron67 (605 in chips) 
tomgrollo: posts small blind 15
Mahu2021: posts big blind 30
*** HOLE CARDS ***
Dealt to Mahu2021 [Ah 4s]
elforgeron67: folds 
tomgrollo: calls 15
Mahu2021: checks 
*** FLOP *** [Ac Qc 9s]
tomgrollo: checks 
Mahu2021: bets 30
tomgrollo: folds 
Uncalled bet (30) returned to Mahu2021
Mahu2021 collected 60 from pot
Mahu2021: doesn't show hand 
*** SUMMARY ***
Total pot 60 | Rake 0 
Board [Ac Qc 9s]
Seat 1: tomgrollo (small blind) folded on the Flop
Seat 2: Mahu2021 (big blind) collected (60)
Seat 3: elforgeron67 (button) folded before Flop (didn't bet)



PokerStars Hand #243010132850: Tournament #3575618681, $0.92+$0.08 USD Hold'em No Limit - Level II (15/30) - 2023/04/10 20:54:39 CET [2023/04/10 14:54:39 ET]
Table '3575618681 1' 3-max Seat #1 is the button
Seat 1: tomgrollo (495 in chips) 
Seat 2: Mahu2021 (400 in chips) 
Seat 3: elforgeron67 (605 in chips) 
Mahu2021: posts small blind 15
elforgeron67: posts big blind 30
*** HOLE CARDS ***
Dealt to Mahu2021 [7h 2d]
tomgrollo: folds 
Mahu2021: folds 
Uncalled bet (15) returned to elforgeron67
elforgeron67 collected 30 from pot
elforgeron67: doesn't show hand 
*** SUMMARY ***
Total pot 30 | Rake 0 
Seat 1: tomgrollo (button) folded before Flop (didn't bet)
Seat 2: Mahu2021 (small blind) folded before Flop
Seat 3: elforgeron67 (big blind) collected (30)



PokerStars Hand #243010134680: Tournament #3575618681, $0.92+$0.08 USD Hold'em No Limit - Level II (15/30) - 2023/04/10 20:54:44 CET [2023/04/10 14:54:44 ET]
Table '3575618681 1' 3-max Seat #2 is the button
Seat 1: tomgrollo (495 in chips) 
Seat 2: Mahu2021 (385 in chips) 
Seat 3: elforgeron67 (620 in chips) 
elforgeron67: posts small blind 15
tomgrollo: posts big blind 30
*** HOLE CARDS ***
Dealt to Mahu2021 [4s 2s]
Mahu2021: folds 
elforgeron67: folds 
Uncalled bet (15) returned to tomgrollo
tomgrollo collected 30 from pot
*** SUMMARY ***
Total pot 30 | Rake 0 
Seat 1: tomgrollo (big blind) collected (30)
Seat 2: Mahu2021 (button) folded before Flop (didn't bet)
Seat 3: elforgeron67 (small blind) folded before Flop



PokerStars Hand #243010137188: Tournament #3575618681, $0.92+$0.08 USD Hold'em No Limit - Level II (15/30) - 2023/04/10 20:54:50 CET [2023/04/10 14:54:50 ET]
Table '3575618681 1' 3-max Seat #3 is the button
Seat 1: tomgrollo (510 in chips) 
Seat 2: Mahu2021 (385 in chips) 
Seat 3: elforgeron67 (605 in chips) 
tomgrollo: posts small blind 15
Mahu2021: posts big blind 30
*** HOLE CARDS ***
Dealt to Mahu2021 [9c 8s]
elforgeron67: folds 
tomgrollo: calls 15
Mahu2021: checks 
*** FLOP *** [Js 9h 8d]
tomgrollo: checks 
Mahu2021: bets 30
tomgrollo: calls 30
*** TURN *** [Js 9h 8d] [Qd]
tomgrollo: checks 
Mahu2021: checks 
*** RIVER *** [Js 9h 8d Qd] [Tc]
tomgrollo: bets 120
Mahu2021: calls 120
*** SHOW DOWN ***
tomgrollo: shows [4c 3s] (a straight, Eight to Queen)
Mahu2021: shows [9c 8s] (a straight, Eight to Queen)
tomgrollo collected 180 from pot
Mahu2021 collected 180 from pot
*** SUMMARY ***
Total pot 360 | Rake 0 
Board [Js 9h 8d Qd Tc]
Seat 1: tomgrollo (small blind) showed [4c 3s] and won (180) with a straight, Eight to Queen
Seat 2: Mahu2021 (big blind) showed [9c 8s] and won (180) with a straight, Eight to Queen
Seat 3: elforgeron67 (button) folded before Flop (didn't bet)



PokerStars Hand #243010147744: Tournament #3575618681, $0.92+$0.08 USD Hold'em No Limit - Level III (20/40) - 2023/04/10 20:55:20 CET [2023/04/10 14:55:20 ET]
Table '3575618681 1' 3-max Seat #1 is the button
Seat 1: tomgrollo (510 in chips) 
Seat 2: Mahu2021 (385 in chips) 
Seat 3: elforgeron67 (605 in chips) 
Mahu2021: posts small blind 20
elforgeron67: posts big blind 40
*** HOLE CARDS ***
Dealt to Mahu2021 [9d Kc]
tomgrollo: folds 
Mahu2021: raises 40 to 80
elforgeron67: calls 40
*** FLOP *** [8d 6d 3s]
Mahu2021: checks 
elforgeron67: checks 
*** TURN *** [8d 6d 3s] [8c]
Mahu2021: bets 80
elforgeron67: folds 
Uncalled bet (80) returned to Mahu2021
Mahu2021 collected 160 from pot
Mahu2021: doesn't show hand 
*** SUMMARY ***
Total pot 160 | Rake 0 
Board [8d 6d 3s 8c]
Seat 1: tomgrollo (button) folded before Flop (didn't bet)
Seat 2: Mahu2021 (small blind) collected (160)
Seat 3: elforgeron67 (big blind) folded on the Turn



PokerStars Hand #243010152247: Tournament #3575618681, $0.92+$0.08 USD Hold'em No Limit - Level III (20/40) - 2023/04/10 20:55:36 CET [2023/04/10 14:55:36 ET]
Table '3575618681 1' 3-max Seat #2 is the button
Seat 1: tomgrollo (510 in chips) 
Seat 2: Mahu2021 (465 in chips) 
Seat 3: elforgeron67 (525 in chips) 
elforgeron67: posts small blind 20
tomgrollo: posts big blind 40
*** HOLE CARDS ***
Dealt to Mahu2021 [8d 2s]
Mahu2021: folds 
elforgeron67: folds 
Uncalled bet (20) returned to tomgrollo
tomgrollo collected 40 from pot
*** SUMMARY ***
Total pot 40 | Rake 0 
Seat 1: tomgrollo (big blind) collected (40)
Seat 2: Mahu2021 (button) folded before Flop (didn't bet)
Seat 3: elforgeron67 (small blind) folded before Flop



PokerStars Hand #243010154197: Tournament #3575618681, $0.92+$0.08 USD Hold'em No Limit - Level III (20/40) - 2023/04/10 20:55:43 CET [2023/04/10 14:55:43 ET]
Table '3575618681 1' 3-max Seat #3 is the button
Seat 1: tomgrollo (530 in chips) 
Seat 2: Mahu2021 (465 in chips) 
Seat 3: elforgeron67 (505 in chips) 
tomgrollo: posts small blind 20
Mahu2021: posts big blind 40
*** HOLE CARDS ***
Dealt to Mahu2021 [Ah 8d]
elforgeron67: folds 
tomgrollo: calls 20
Mahu2021: checks 
*** FLOP *** [3s 6h 3h]
tomgrollo: checks 
Mahu2021: checks 
*** TURN *** [3s 6h 3h] [4s]
tomgrollo: checks 
Mahu2021: checks 
*** RIVER *** [3s 6h 3h 4s] [3c]
tomgrollo: bets 40
Mahu2021: calls 40
*** SHOW DOWN ***
tomgrollo: shows [9h Jc] (three of a kind, Threes)
Mahu2021: shows [Ah 8d] (three of a kind, Threes - Ace kicker)
Mahu2021 collected 160 from pot
*** SUMMARY ***
Total pot 160 | Rake 0 
Board [3s 6h 3h 4s 3c]
Seat 1: tomgrollo (small blind) showed [9h Jc] and lost with three of a kind, Threes
Seat 2: Mahu2021 (big blind) showed [Ah 8d] and won (160) with three of a kind, Threes
Seat 3: elforgeron67 (button) folded before Flop (didn't bet)



PokerStars Hand #243010159302: Tournament #3575618681, $0.92+$0.08 USD Hold'em No Limit - Level III (20/40) - 2023/04/10 20:56:01 CET [2023/04/10 14:56:01 ET]
Table '3575618681 1' 3-max Seat #1 is the button
Seat 1: tomgrollo (450 in chips) 
Seat 2: Mahu2021 (545 in chips) 
Seat 3: elforgeron67 (505 in chips) 
Mahu2021: posts small blind 20
elforgeron67: posts big blind 40
*** HOLE CARDS ***
Dealt to Mahu2021 [5d 6s]
tomgrollo: folds 
Mahu2021: calls 20
elforgeron67: checks 
*** FLOP *** [6c 4d Th]
Mahu2021: checks 
elforgeron67: checks 
*** TURN *** [6c 4d Th] [Qc]
Mahu2021: checks 
elforgeron67: checks 
*** RIVER *** [6c 4d Th Qc] [Tc]
Mahu2021: checks 
elforgeron67: checks 
*** SHOW DOWN ***
Mahu2021: shows [5d 6s] (two pair, Tens and Sixes)
elforgeron67: mucks hand 
Mahu2021 collected 80 from pot
*** SUMMARY ***
Total pot 80 | Rake 0 
Board [6c 4d Th Qc Tc]
Seat 1: tomgrollo (button) folded before Flop (didn't bet)
Seat 2: Mahu2021 (small blind) showed [5d 6s] and won (80) with two pair, Tens and Sixes
Seat 3: elforgeron67 (big blind) mucked [3c 7h]



PokerStars Hand #243010164479: Tournament #3575618681, $0.92+$0.08 USD Hold'em No Limit - Level III (20/40) - 2023/04/10 20:56:19 CET [2023/04/10 14:56:19 ET]
Table '3575618681 1' 3-max Seat #2 is the button
Seat 1: tomgrollo (450 in chips) 
Seat 2: Mahu2021 (585 in chips) 
Seat 3: elforgeron67 (465 in chips) 
elforgeron67: posts small blind 20
tomgrollo: posts big blind 40
*** HOLE CARDS ***
Dealt to Mahu2021 [Qd 8d]
Mahu2021: calls 40
elforgeron67: calls 20
tomgrollo: checks 
*** FLOP *** [6h 2c Ad]
elforgeron67: checks 
tomgrollo: checks 
Mahu2021: checks 
*** TURN *** [6h 2c Ad] [Jh]
elforgeron67: checks 
tomgrollo: checks 
Mahu2021: checks 
*** RIVER *** [6h 2c Ad Jh] [4s]
elforgeron67: checks 
tomgrollo: checks 
Mahu2021: checks 
*** SHOW DOWN ***
elforgeron67: shows [9c Qc] (high card Ace)
tomgrollo: shows [6c 3h] (a pair of Sixes)
Mahu2021: mucks hand 
tomgrollo collected 120 from pot
*** SUMMARY ***
Total pot 120 | Rake 0 
Board [6h 2c Ad Jh 4s]
Seat 1: tomgrollo (big blind) showed [6c 3h] and won (120) with a pair of Sixes
Seat 2: Mahu2021 (button) mucked [Qd 8d]
Seat 3: elforgeron67 (small blind) showed [9c Qc] and lost with high card Ace



PokerStars Hand #243010170467: Tournament #3575618681, $0.92+$0.08 USD Hold'em No Limit - Level III (20/40) - 2023/04/10 20:56:40 CET [2023/04/10 14:56:40 ET]
Table '3575618681 1' 3-max Seat #3 is the button
Seat 1: tomgrollo (530 in chips) 
Seat 2: Mahu2021 (545 in chips) 
Seat 3: elforgeron67 (425 in chips) 
tomgrollo: posts small blind 20
Mahu2021: posts big blind 40
*** HOLE CARDS ***
Dealt to Mahu2021 [Qs 7h]
elforgeron67: raises 40 to 80
tomgrollo: folds 
Mahu2021: folds 
Uncalled bet (40) returned to elforgeron67
elforgeron67 collected 100 from pot
elforgeron67: doesn't show hand 
*** SUMMARY ***
Total pot 100 | Rake 0 
Seat 1: tomgrollo (small blind) folded before Flop
Seat 2: Mahu2021 (big blind) folded before Flop
Seat 3: elforgeron67 (button) collected (100)



PokerStars Hand #243010172695: Tournament #3575618681, $0.92+$0.08 USD Hold'em No Limit - Level III (20/40) - 2023/04/10 20:56:48 CET [2023/04/10 14:56:48 ET]
Table '3575618681 1' 3-max Seat #1 is the button
Seat 1: tomgrollo (510 in chips) 
Seat 2: Mahu2021 (505 in chips) 
Seat 3: elforgeron67 (485 in chips) 
Mahu2021: posts small blind 20
elforgeron67: posts big blind 40
*** HOLE CARDS ***
Dealt to Mahu2021 [Js 4d]
tomgrollo: folds 
Mahu2021: calls 20
elforgeron67: checks 
*** FLOP *** [7d 4c 5c]
Mahu2021: bets 40
elforgeron67: calls 40
*** TURN *** [7d 4c 5c] [6h]
Mahu2021: checks 
elforgeron67: checks 
*** RIVER *** [7d 4c 5c 6h] [9d]
Mahu2021: checks 
elforgeron67: checks 
*** SHOW DOWN ***
Mahu2021: shows [Js 4d] (a pair of Fours)
elforgeron67: mucks hand 
Mahu2021 collected 160 from pot
*** SUMMARY ***
Total pot 160 | Rake 0 
Board [7d 4c 5c 6h 9d]
Seat 1: tomgrollo (button) folded before Flop (didn't bet)
Seat 2: Mahu2021 (small blind) showed [Js 4d] and won (160) with a pair of Fours
Seat 3: elforgeron67 (big blind) mucked [Ah 2d]



PokerStars Hand #243010179001: Tournament #3575618681, $0.92+$0.08 USD Hold'em No Limit - Level IV (30/60) - 2023/04/10 20:57:10 CET [2023/04/10 14:57:10 ET]
Table '3575618681 1' 3-max Seat #2 is the button
Seat 1: tomgrollo (510 in chips) 
Seat 2: Mahu2021 (585 in chips) 
Seat 3: elforgeron67 (405 in chips) 
elforgeron67: posts small blind 30
tomgrollo: posts big blind 60
*** HOLE CARDS ***
Dealt to Mahu2021 [7s 9d]
Mahu2021: folds 
elforgeron67: calls 30
tomgrollo: raises 120 to 180
elforgeron67: folds 
Uncalled bet (120) returned to tomgrollo
tomgrollo collected 120 from pot
*** SUMMARY ***
Total pot 120 | Rake 0 
Seat 1: tomgrollo (big blind) collected (120)
Seat 2: Mahu2021 (button) folded before Flop (didn't bet)
Seat 3: elforgeron67 (small blind) folded before Flop



PokerStars Hand #243010182086: Tournament #3575618681, $0.92+$0.08 USD Hold'em No Limit - Level IV (30/60) - 2023/04/10 20:57:21 CET [2023/04/10 14:57:21 ET]
Table '3575618681 1' 3-max Seat #3 is the button
Seat 1: tomgrollo (570 in chips) 
Seat 2: Mahu2021 (585 in chips) 
Seat 3: elforgeron67 (345 in chips) 
tomgrollo: posts small blind 30
Mahu2021: posts big blind 60
*** HOLE CARDS ***
Dealt to Mahu2021 [Kd 4s]
elforgeron67: folds 
tomgrollo: raises 120 to 180
Mahu2021: folds 
Uncalled bet (120) returned to tomgrollo
tomgrollo collected 120 from pot
*** SUMMARY ***
Total pot 120 | Rake 0 
Seat 1: tomgrollo (small blind) collected (120)
Seat 2: Mahu2021 (big blind) folded before Flop
Seat 3: elforgeron67 (button) folded before Flop (didn't bet)



PokerStars Hand #243010185195: Tournament #3575618681, $0.92+$0.08 USD Hold'em No Limit - Level IV (30/60) - 2023/04/10 20:57:32 CET [2023/04/10 14:57:32 ET]
Table '3575618681 1' 3-max Seat #1 is the button
Seat 1: tomgrollo (630 in chips) 
Seat 2: Mahu2021 (525 in chips) 
Seat 3: elforgeron67 (345 in chips) 
Mahu2021: posts small blind 30
elforgeron67: posts big blind 60
*** HOLE CARDS ***
Dealt to Mahu2021 [Qs Ac]
tomgrollo: folds 
Mahu2021: raises 465 to 525 and is all-in
elforgeron67: folds 
Uncalled bet (465) returned to Mahu2021
Mahu2021 collected 120 from pot
Mahu2021: doesn't show hand 
*** SUMMARY ***
Total pot 120 | Rake 0 
Seat 1: tomgrollo (button) folded before Flop (didn't bet)
Seat 2: Mahu2021 (small blind) collected (120)
Seat 3: elforgeron67 (big blind) folded before Flop



PokerStars Hand #243010188257: Tournament #3575618681, $0.92+$0.08 USD Hold'em No Limit - Level IV (30/60) - 2023/04/10 20:57:43 CET [2023/04/10 14:57:43 ET]
Table '3575618681 1' 3-max Seat #2 is the button
Seat 1: tomgrollo (630 in chips) 
Seat 2: Mahu2021 (585 in chips) 
Seat 3: elforgeron67 (285 in chips) 
elforgeron67: posts small blind 30
tomgrollo: posts big blind 60
*** HOLE CARDS ***
Dealt to Mahu2021 [2d 7d]
Mahu2021: folds 
elforgeron67: folds 
Uncalled bet (30) returned to tomgrollo
tomgrollo collected 60 from pot
*** SUMMARY ***
Total pot 60 | Rake 0 
Seat 1: tomgrollo (big blind) collected (60)
Seat 2: Mahu2021 (button) folded before Flop (didn't bet)
Seat 3: elforgeron67 (small blind) folded before Flop



PokerStars Hand #243010189874: Tournament #3575618681, $0.92+$0.08 USD Hold'em No Limit - Level IV (30/60) - 2023/04/10 20:57:48 CET [2023/04/10 14:57:48 ET]
Table '3575618681 1' 3-max Seat #3 is the button
Seat 1: tomgrollo (660 in chips) 
Seat 2: Mahu2021 (585 in chips) 
Seat 3: elforgeron67 (255 in chips) 
tomgrollo: posts small blind 30
Mahu2021: posts big blind 60
*** HOLE CARDS ***
Dealt to Mahu2021 [2c 5h]
elforgeron67: folds 
tomgrollo: folds 
Uncalled bet (30) returned to Mahu2021
Mahu2021 collected 60 from pot
Mahu2021: doesn't show hand 
*** SUMMARY ***
Total pot 60 | Rake 0 
Seat 1: tomgrollo (small blind) folded before Flop
Seat 2: Mahu2021 (big blind) collected (60)
Seat 3: elforgeron67 (button) folded before Flop (didn't bet)



PokerStars Hand #243010191552: Tournament #3575618681, $0.92+$0.08 USD Hold'em No Limit - Level IV (30/60) - 2023/04/10 20:57:54 CET [2023/04/10 14:57:54 ET]
Table '3575618681 1' 3-max Seat #1 is the button
Seat 1: tomgrollo (630 in chips) 
Seat 2: Mahu2021 (615 in chips) 
Seat 3: elforgeron67 (255 in chips) 
Mahu2021: posts small blind 30
elforgeron67: posts big blind 60
*** HOLE CARDS ***
Dealt to Mahu2021 [Td 2d]
tomgrollo: raises 120 to 180
Mahu2021: folds 
elforgeron67: folds 
Uncalled bet (120) returned to tomgrollo
tomgrollo collected 150 from pot
*** SUMMARY ***
Total pot 150 | Rake 0 
Seat 1: tomgrollo (button) collected (150)
Seat 2: Mahu2021 (small blind) folded before Flop
Seat 3: elforgeron67 (big blind) folded before Flop



PokerStars Hand #243010195126: Tournament #3575618681, $0.92+$0.08 USD Hold'em No Limit - Level IV (30/60) - 2023/04/10 20:58:07 CET [2023/04/10 14:58:07 ET]
Table '3575618681 1' 3-max Seat #2 is the button
Seat 1: tomgrollo (720 in chips) 
Seat 2: Mahu2021 (585 in chips) 
Seat 3: elforgeron67 (195 in chips) 
elforgeron67: posts small blind 30
tomgrollo: posts big blind 60
*** HOLE CARDS ***
Dealt to Mahu2021 [8c 9s]
Mahu2021: folds 
elforgeron67: folds 
Uncalled bet (30) returned to tomgrollo
tomgrollo collected 60 from pot
*** SUMMARY ***
Total pot 60 | Rake 0 
Seat 1: tomgrollo (big blind) collected (60)
Seat 2: Mahu2021 (button) folded before Flop (didn't bet)
Seat 3: elforgeron67 (small blind) folded before Flop



PokerStars Hand #243010196779: Tournament #3575618681, $0.92+$0.08 USD Hold'em No Limit - Level IV (30/60) - 2023/04/10 20:58:13 CET [2023/04/10 14:58:13 ET]
Table '3575618681 1' 3-max Seat #3 is the button
Seat 1: tomgrollo (750 in chips) 
Seat 2: Mahu2021 (585 in chips) 
Seat 3: elforgeron67 (165 in chips) 
tomgrollo: posts small blind 30
Mahu2021: posts big blind 60
*** HOLE CARDS ***
Dealt to Mahu2021 [Kd Ah]
elforgeron67: folds 
tomgrollo: folds 
Uncalled bet (30) returned to Mahu2021
Mahu2021 collected 60 from pot
Mahu2021: doesn't show hand 
*** SUMMARY ***
Total pot 60 | Rake 0 
Seat 1: tomgrollo (small blind) folded before Flop
Seat 2: Mahu2021 (big blind) collected (60)
Seat 3: elforgeron67 (button) folded before Flop (didn't bet)



PokerStars Hand #243010199232: Tournament #3575618681, $0.92+$0.08 USD Hold'em No Limit - Level IV (30/60) - 2023/04/10 20:58:22 CET [2023/04/10 14:58:22 ET]
Table '3575618681 1' 3-max Seat #1 is the button
Seat 1: tomgrollo (720 in chips) 
Seat 2: Mahu2021 (615 in chips) 
Seat 3: elforgeron67 (165 in chips) 
Mahu2021: posts small blind 30
elforgeron67: posts big blind 60
*** HOLE CARDS ***
Dealt to Mahu2021 [2s 4s]
tomgrollo: raises 120 to 180
Mahu2021: folds 
elforgeron67: folds 
Uncalled bet (120) returned to tomgrollo
tomgrollo collected 150 from pot
*** SUMMARY ***
Total pot 150 | Rake 0 
Seat 1: tomgrollo (button) collected (150)
Seat 2: Mahu2021 (small blind) folded before Flop
Seat 3: elforgeron67 (big blind) folded before Flop



PokerStars Hand #243010201949: Tournament #3575618681, $0.92+$0.08 USD Hold'em No Limit - Level IV (30/60) - 2023/04/10 20:58:31 CET [2023/04/10 14:58:31 ET]
Table '3575618681 1' 3-max Seat #2 is the button
Seat 1: tomgrollo (810 in chips) 
Seat 2: Mahu2021 (585 in chips) 
Seat 3: elforgeron67 (105 in chips) 
elforgeron67: posts small blind 30
tomgrollo: posts big blind 60
*** HOLE CARDS ***
Dealt to Mahu2021 [6h 8h]
Mahu2021: folds 
elforgeron67: folds 
Uncalled bet (30) returned to tomgrollo
tomgrollo collected 60 from pot
*** SUMMARY ***
Total pot 60 | Rake 0 
Seat 1: tomgrollo (big blind) collected (60)
Seat 2: Mahu2021 (button) folded before Flop (didn't bet)
Seat 3: elforgeron67 (small blind) folded before Flop



PokerStars Hand #243010203618: Tournament #3575618681, $0.92+$0.08 USD Hold'em No Limit - Level IV (30/60) - 2023/04/10 20:58:37 CET [2023/04/10 14:58:37 ET]
Table '3575618681 1' 3-max Seat #3 is the button
Seat 1: tomgrollo (840 in chips) 
Seat 2: Mahu2021 (585 in chips) 
Seat 3: elforgeron67 (75 in chips) 
tomgrollo: posts small blind 30
Mahu2021: posts big blind 60
*** HOLE CARDS ***
Dealt to Mahu2021 [7s Th]
elforgeron67: folds 
tomgrollo: folds 
Uncalled bet (30) returned to Mahu2021
Mahu2021 collected 60 from pot
Mahu2021: doesn't show hand 
*** SUMMARY ***
Total pot 60 | Rake 0 
Seat 1: tomgrollo (small blind) folded before Flop
Seat 2: Mahu2021 (big blind) collected (60)
Seat 3: elforgeron67 (button) folded before Flop (didn't bet)



PokerStars Hand #243010205690: Tournament #3575618681, $0.92+$0.08 USD Hold'em No Limit - Level IV (30/60) - 2023/04/10 20:58:44 CET [2023/04/10 14:58:44 ET]
Table '3575618681 1' 3-max Seat #1 is the button
Seat 1: tomgrollo (810 in chips) 
Seat 2: Mahu2021 (615 in chips) 
Seat 3: elforgeron67 (75 in chips) 
Mahu2021: posts small blind 30
elforgeron67: posts big blind 60
*** HOLE CARDS ***
Dealt to Mahu2021 [6c Kh]
tomgrollo: folds 
Mahu2021: raises 60 to 120
elforgeron67: calls 15 and is all-in
Uncalled bet (45) returned to Mahu2021
*** FLOP *** [3c 6h Td]
*** TURN *** [3c 6h Td] [7h]
*** RIVER *** [3c 6h Td 7h] [5d]
*** SHOW DOWN ***
Mahu2021: shows [6c Kh] (a pair of Sixes)
elforgeron67: shows [2s 7s] (a pair of Sevens)
elforgeron67 collected 150 from pot
*** SUMMARY ***
Total pot 150 | Rake 0 
Board [3c 6h Td 7h 5d]
Seat 1: tomgrollo (button) folded before Flop (didn't bet)
Seat 2: Mahu2021 (small blind) showed [6c Kh] and lost with a pair of Sixes
Seat 3: elforgeron67 (big blind) showed [2s 7s] and won (150) with a pair of Sevens



PokerStars Hand #243010209723: Tournament #3575618681, $0.92+$0.08 USD Hold'em No Limit - Level IV (30/60) - 2023/04/10 20:58:59 CET [2023/04/10 14:58:59 ET]
Table '3575618681 1' 3-max Seat #2 is the button
Seat 1: tomgrollo (810 in chips) 
Seat 2: Mahu2021 (540 in chips) 
Seat 3: elforgeron67 (150 in chips) 
elforgeron67: posts small blind 30
tomgrollo: posts big blind 60
*** HOLE CARDS ***
Dealt to Mahu2021 [Th Qh]
Mahu2021: raises 60 to 120
elforgeron67: folds 
tomgrollo: calls 60
*** FLOP *** [Ks 6c 5h]
tomgrollo: checks 
Mahu2021: bets 120
tomgrollo: folds 
Uncalled bet (120) returned to Mahu2021
Mahu2021 collected 270 from pot
Mahu2021: doesn't show hand 
*** SUMMARY ***
Total pot 270 | Rake 0 
Board [Ks 6c 5h]
Seat 1: tomgrollo (big blind) folded on the Flop
Seat 2: Mahu2021 (button) collected (270)
Seat 3: elforgeron67 (small blind) folded before Flop



PokerStars Hand #243010215482: Tournament #3575618681, $0.92+$0.08 USD Hold'em No Limit - Level V (40/80) - 2023/04/10 20:59:19 CET [2023/04/10 14:59:19 ET]
Table '3575618681 1' 3-max Seat #3 is the button
Seat 1: tomgrollo (690 in chips) 
Seat 2: Mahu2021 (690 in chips) 
Seat 3: elforgeron67 (120 in chips) 
tomgrollo: posts small blind 40
Mahu2021: posts big blind 80
*** HOLE CARDS ***
Dealt to Mahu2021 [Js 9d]
elforgeron67: raises 40 to 120 and is all-in
tomgrollo: calls 80
Mahu2021: calls 40
*** FLOP *** [3s 3c Kh]
tomgrollo: checks 
Mahu2021: checks 
*** TURN *** [3s 3c Kh] [5d]
tomgrollo: checks 
Mahu2021: checks 
*** RIVER *** [3s 3c Kh 5d] [6c]
tomgrollo: checks 
Mahu2021: checks 
*** SHOW DOWN ***
tomgrollo: shows [4c Qd] (a pair of Threes)
Mahu2021: mucks hand 
elforgeron67: shows [Td Qc] (a pair of Threes - King+Queen+Ten kicker)
elforgeron67 collected 360 from pot
*** SUMMARY ***
Total pot 360 | Rake 0 
Board [3s 3c Kh 5d 6c]
Seat 1: tomgrollo (small blind) showed [4c Qd] and lost with a pair of Threes
Seat 2: Mahu2021 (big blind) mucked [Js 9d]
Seat 3: elforgeron67 (button) showed [Td Qc] and won (360) with a pair of Threes



PokerStars Hand #243010220815: Tournament #3575618681, $0.92+$0.08 USD Hold'em No Limit - Level V (40/80) - 2023/04/10 20:59:38 CET [2023/04/10 14:59:38 ET]
Table '3575618681 1' 3-max Seat #1 is the button
Seat 1: tomgrollo (570 in chips) 
Seat 2: Mahu2021 (570 in chips) 
Seat 3: elforgeron67 (360 in chips) 
Mahu2021: posts small blind 40
elforgeron67: posts big blind 80
*** HOLE CARDS ***
Dealt to Mahu2021 [2d 6h]
tomgrollo: folds 
Mahu2021: folds 
Uncalled bet (40) returned to elforgeron67
elforgeron67 collected 80 from pot
elforgeron67: doesn't show hand 
*** SUMMARY ***
Total pot 80 | Rake 0 
Seat 1: tomgrollo (button) folded before Flop (didn't bet)
Seat 2: Mahu2021 (small blind) folded before Flop
Seat 3: elforgeron67 (big blind) collected (80)



PokerStars Hand #243010222206: Tournament #3575618681, $0.92+$0.08 USD Hold'em No Limit - Level V (40/80) - 2023/04/10 20:59:43 CET [2023/04/10 14:59:43 ET]
Table '3575618681 1' 3-max Seat #2 is the button
Seat 1: tomgrollo (570 in chips) 
Seat 2: Mahu2021 (530 in chips) 
Seat 3: elforgeron67 (400 in chips) 
elforgeron67: posts small blind 40
tomgrollo: posts big blind 80
*** HOLE CARDS ***
Dealt to Mahu2021 [9c 3s]
Mahu2021: folds 
elforgeron67: calls 40
tomgrollo: checks 
*** FLOP *** [5h Ac 8c]
elforgeron67: checks 
tomgrollo: bets 80
elforgeron67: folds 
Uncalled bet (80) returned to tomgrollo
tomgrollo collected 160 from pot
*** SUMMARY ***
Total pot 160 | Rake 0 
Board [5h Ac 8c]
Seat 1: tomgrollo (big blind) collected (160)
Seat 2: Mahu2021 (button) folded before Flop (didn't bet)
Seat 3: elforgeron67 (small blind) folded on the Flop



PokerStars Hand #243010226387: Tournament #3575618681, $0.92+$0.08 USD Hold'em No Limit - Level V (40/80) - 2023/04/10 20:59:57 CET [2023/04/10 14:59:57 ET]
Table '3575618681 1' 3-max Seat #3 is the button
Seat 1: tomgrollo (650 in chips) 
Seat 2: Mahu2021 (530 in chips) 
Seat 3: elforgeron67 (320 in chips) 
tomgrollo: posts small blind 40
Mahu2021: posts big blind 80
*** HOLE CARDS ***
Dealt to Mahu2021 [3s Qh]
elforgeron67: folds 
tomgrollo: raises 570 to 650 and is all-in
Mahu2021: folds 
Uncalled bet (570) returned to tomgrollo
tomgrollo collected 160 from pot
*** SUMMARY ***
Total pot 160 | Rake 0 
Seat 1: tomgrollo (small blind) collected (160)
Seat 2: Mahu2021 (big blind) folded before Flop
Seat 3: elforgeron67 (button) folded before Flop (didn't bet)



PokerStars Hand #243010228786: Tournament #3575618681, $0.92+$0.08 USD Hold'em No Limit - Level V (40/80) - 2023/04/10 21:00:05 CET [2023/04/10 15:00:05 ET]
Table '3575618681 1' 3-max Seat #1 is the button
Seat 1: tomgrollo (730 in chips) 
Seat 2: Mahu2021 (450 in chips) 
Seat 3: elforgeron67 (320 in chips) 
Mahu2021: posts small blind 40
elforgeron67: posts big blind 80
*** HOLE CARDS ***
Dealt to Mahu2021 [5h 5d]
tomgrollo: raises 650 to 730 and is all-in
Mahu2021: calls 410 and is all-in
elforgeron67: folds 
Uncalled bet (280) returned to tomgrollo
*** FLOP *** [3c 2c 5s]
*** TURN *** [3c 2c 5s] [4c]
*** RIVER *** [3c 2c 5s 4c] [4d]
*** SHOW DOWN ***
Mahu2021: shows [5h 5d] (a full house, Fives full of Fours)
tomgrollo: shows [Kh Qs] (a pair of Fours)
Mahu2021 collected 980 from pot
*** SUMMARY ***
Total pot 980 | Rake 0 
Board [3c 2c 5s 4c 4d]
Seat 1: tomgrollo (button) showed [Kh Qs] and lost with a pair of Fours
Seat 2: Mahu2021 (small blind) showed [5h 5d] and won (980) with a full house, Fives full of Fours
Seat 3: elforgeron67 (big blind) folded before Flop



PokerStars Hand #243010232801: Tournament #3575618681, $0.92+$0.08 USD Hold'em No Limit - Level V (40/80) - 2023/04/10 21:00:18 CET [2023/04/10 15:00:18 ET]
Table '3575618681 1' 3-max Seat #2 is the button
Seat 1: tomgrollo (280 in chips) 
Seat 2: Mahu2021 (980 in chips) 
Seat 3: elforgeron67 (240 in chips) 
elforgeron67: posts small blind 40
tomgrollo: posts big blind 80
*** HOLE CARDS ***
Dealt to Mahu2021 [Kh 2h]
Mahu2021: raises 900 to 980 and is all-in
elforgeron67: calls 200 and is all-in
tomgrollo: folds 
Uncalled bet (740) returned to Mahu2021
*** FLOP *** [5h 3c Td]
*** TURN *** [5h 3c Td] [Ah]
*** RIVER *** [5h 3c Td Ah] [Qc]
*** SHOW DOWN ***
elforgeron67: shows [Qh Ad] (two pair, Aces and Queens)
Mahu2021: shows [Kh 2h] (high card Ace)
elforgeron67 collected 560 from pot
*** SUMMARY ***
Total pot 560 | Rake 0 
Board [5h 3c Td Ah Qc]
Seat 1: tomgrollo (big blind) folded before Flop
Seat 2: Mahu2021 (button) showed [Kh 2h] and lost with high card Ace
Seat 3: elforgeron67 (small blind) showed [Qh Ad] and won (560) with two pair, Aces and Queens



PokerStars Hand #243010237946: Tournament #3575618681, $0.92+$0.08 USD Hold'em No Limit - Level V (40/80) - 2023/04/10 21:00:35 CET [2023/04/10 15:00:35 ET]
Table '3575618681 1' 3-max Seat #3 is the button
Seat 1: tomgrollo (200 in chips) 
Seat 2: Mahu2021 (740 in chips) 
Seat 3: elforgeron67 (560 in chips) 
tomgrollo: posts small blind 40
Mahu2021: posts big blind 80
*** HOLE CARDS ***
Dealt to Mahu2021 [3h 5d]
elforgeron67: raises 80 to 160
tomgrollo: folds 
Mahu2021: folds 
Uncalled bet (80) returned to elforgeron67
elforgeron67 collected 200 from pot
elforgeron67: doesn't show hand 
*** SUMMARY ***
Total pot 200 | Rake 0 
Seat 1: tomgrollo (small blind) folded before Flop
Seat 2: Mahu2021 (big blind) folded before Flop
Seat 3: elforgeron67 (button) collected (200)



PokerStars Hand #243010240473: Tournament #3575618681, $0.92+$0.08 USD Hold'em No Limit - Level V (40/80) - 2023/04/10 21:00:43 CET [2023/04/10 15:00:43 ET]
Table '3575618681 1' 3-max Seat #1 is the button
Seat 1: tomgrollo (160 in chips) 
Seat 2: Mahu2021 (660 in chips) 
Seat 3: elforgeron67 (680 in chips) 
Mahu2021: posts small blind 40
elforgeron67: posts big blind 80
*** HOLE CARDS ***
Dealt to Mahu2021 [4d Jh]
tomgrollo: raises 80 to 160 and is all-in
Mahu2021: folds 
elforgeron67: calls 80
*** FLOP *** [9h 6h 6s]
*** TURN *** [9h 6h 6s] [2h]
*** RIVER *** [9h 6h 6s 2h] [Ks]
*** SHOW DOWN ***
elforgeron67: shows [5c Qs] (a pair of Sixes)
tomgrollo: shows [4s Ac] (a pair of Sixes - Ace kicker)
tomgrollo collected 360 from pot
*** SUMMARY ***
Total pot 360 | Rake 0 
Board [9h 6h 6s 2h Ks]
Seat 1: tomgrollo (button) showed [4s Ac] and won (360) with a pair of Sixes
Seat 2: Mahu2021 (small blind) folded before Flop
Seat 3: elforgeron67 (big blind) showed [5c Qs] and lost with a pair of Sixes



PokerStars Hand #243010245100: Tournament #3575618681, $0.92+$0.08 USD Hold'em No Limit - Level V (40/80) - 2023/04/10 21:00:58 CET [2023/04/10 15:00:58 ET]
Table '3575618681 1' 3-max Seat #2 is the button
Seat 1: tomgrollo (360 in chips) 
Seat 2: Mahu2021 (620 in chips) 
Seat 3: elforgeron67 (520 in chips) 
elforgeron67: posts small blind 40
tomgrollo: posts big blind 80
*** HOLE CARDS ***
Dealt to Mahu2021 [3s 7h]
Mahu2021: folds 
elforgeron67: folds 
Uncalled bet (40) returned to tomgrollo
tomgrollo collected 80 from pot
*** SUMMARY ***
Total pot 80 | Rake 0 
Seat 1: tomgrollo (big blind) collected (80)
Seat 2: Mahu2021 (button) folded before Flop (didn't bet)
Seat 3: elforgeron67 (small blind) folded before Flop



PokerStars Hand #243010247985: Tournament #3575618681, $0.92+$0.08 USD Hold'em No Limit - Level VI (50/100) - 2023/04/10 21:01:07 CET [2023/04/10 15:01:07 ET]
Table '3575618681 1' 3-max Seat #3 is the button
Seat 1: tomgrollo (400 in chips) 
Seat 2: Mahu2021 (620 in chips) 
Seat 3: elforgeron67 (480 in chips) 
tomgrollo: posts small blind 50
Mahu2021: posts big blind 100
*** HOLE CARDS ***
Dealt to Mahu2021 [Kh 4c]
elforgeron67: raises 100 to 200
tomgrollo: folds 
Mahu2021: raises 420 to 620 and is all-in
elforgeron67: calls 280 and is all-in
Uncalled bet (140) returned to Mahu2021
*** FLOP *** [8c 4d 7h]
*** TURN *** [8c 4d 7h] [3h]
*** RIVER *** [8c 4d 7h 3h] [3c]
*** SHOW DOWN ***
Mahu2021: shows [Kh 4c] (two pair, Fours and Threes)
elforgeron67: shows [7s Ad] (two pair, Sevens and Threes)
elforgeron67 collected 1010 from pot
*** SUMMARY ***
Total pot 1010 | Rake 0 
Board [8c 4d 7h 3h 3c]
Seat 1: tomgrollo (small blind) folded before Flop
Seat 2: Mahu2021 (big blind) showed [Kh 4c] and lost with two pair, Fours and Threes
Seat 3: elforgeron67 (button) showed [7s Ad] and won (1010) with two pair, Sevens and Threes



PokerStars Hand #243010253917: Tournament #3575618681, $0.92+$0.08 USD Hold'em No Limit - Level VI (50/100) - 2023/04/10 21:01:24 CET [2023/04/10 15:01:24 ET]
Table '3575618681 1' 3-max Seat #1 is the button
Seat 1: tomgrollo (350 in chips) 
Seat 2: Mahu2021 (140 in chips) 
Seat 3: elforgeron67 (1010 in chips) 
Mahu2021: posts small blind 50
elforgeron67: posts big blind 100
*** HOLE CARDS ***
Dealt to Mahu2021 [Jc 7d]
tomgrollo: folds 
Mahu2021: raises 40 to 140 and is all-in
elforgeron67: calls 40
*** FLOP *** [9c Th 9h]
*** TURN *** [9c Th 9h] [7s]
*** RIVER *** [9c Th 9h 7s] [Qc]
*** SHOW DOWN ***
Mahu2021: shows [Jc 7d] (two pair, Nines and Sevens)
elforgeron67: shows [Ks Js] (a straight, Nine to King)
elforgeron67 collected 280 from pot
Mahu2021 finished the tournament in 3rd place
*** SUMMARY ***
Total pot 280 | Rake 0 
Board [9c Th 9h 7s Qc]
Seat 1: tomgrollo (button) folded before Flop (didn't bet)
Seat 2: Mahu2021 (small blind) showed [Jc 7d] and lost with two pair, Nines and Sevens
Seat 3: elforgeron67 (big blind) showed [Ks Js] and won (280) with a straight, Nine to King



