PokerStars Hand #242895945239: Tournament #3572454958, $0.92+$0.08 USD Hold'em No Limit - Level I (10/20) - 2023/04/05 7:56:14 CET [2023/04/05 1:56:14 ET]
Table '3572454958 1' 3-max Seat #1 is the button
Seat 1: Mahu2021 (500 in chips) 
Seat 2: Hertzgalo (500 in chips) 
Seat 3: Argen.2023 (500 in chips) 
Hertzgalo: posts small blind 10
Argen.2023: posts big blind 20
*** HOLE CARDS ***
Dealt to Mahu2021 [4c 2c]
Mahu2021: folds 
Hertzgalo: calls 10
Argen.2023: checks 
*** FLOP *** [Kd Ks As]
Hertzgalo: checks 
Argen.2023: bets 20
Hertzgalo: folds 
Uncalled bet (20) returned to Argen.2023
Argen.2023 collected 40 from pot
*** SUMMARY ***
Total pot 40 | Rake 0 
Board [Kd Ks As]
Seat 1: Mahu2021 (button) folded before Flop (didn't bet)
Seat 2: Hertzgalo (small blind) folded on the Flop
Seat 3: Argen.2023 (big blind) collected (40)



PokerStars Hand #242895947690: Tournament #3572454958, $0.92+$0.08 USD Hold'em No Limit - Level I (10/20) - 2023/04/05 7:56:41 CET [2023/04/05 1:56:41 ET]
Table '3572454958 1' 3-max Seat #2 is the button
Seat 1: Mahu2021 (500 in chips) 
Seat 2: Hertzgalo (480 in chips) 
Seat 3: Argen.2023 (520 in chips) 
Argen.2023: posts small blind 10
Mahu2021: posts big blind 20
*** HOLE CARDS ***
Dealt to Mahu2021 [Js 2s]
Hertzgalo: calls 20
Argen.2023: raises 20 to 40
Mahu2021: calls 20
Hertzgalo: calls 20
*** FLOP *** [Td 4h Qh]
Argen.2023: checks 
Mahu2021: checks 
Hertzgalo: checks 
*** TURN *** [Td 4h Qh] [4c]
Argen.2023: bets 40
Mahu2021: folds 
Hertzgalo: calls 40
*** RIVER *** [Td 4h Qh 4c] [5s]
Argen.2023: bets 140
Hertzgalo: folds 
Uncalled bet (140) returned to Argen.2023
Argen.2023 collected 200 from pot
*** SUMMARY ***
Total pot 200 | Rake 0 
Board [Td 4h Qh 4c 5s]
Seat 1: Mahu2021 (big blind) folded on the Turn
Seat 2: Hertzgalo (button) folded on the River
Seat 3: Argen.2023 (small blind) collected (200)



PokerStars Hand #242895950774: Tournament #3572454958, $0.92+$0.08 USD Hold'em No Limit - Level I (10/20) - 2023/04/05 7:57:15 CET [2023/04/05 1:57:15 ET]
Table '3572454958 1' 3-max Seat #3 is the button
Seat 1: Mahu2021 (460 in chips) 
Seat 2: Hertzgalo (400 in chips) 
Seat 3: Argen.2023 (640 in chips) 
Mahu2021: posts small blind 10
Hertzgalo: posts big blind 20
*** HOLE CARDS ***
Dealt to Mahu2021 [Td Qs]
Argen.2023: calls 20
Mahu2021: calls 10
Hertzgalo: checks 
*** FLOP *** [2h As 6h]
Mahu2021: checks 
Hertzgalo: checks 
Argen.2023: bets 20
Mahu2021: folds 
Hertzgalo: folds 
Uncalled bet (20) returned to Argen.2023
Argen.2023 collected 60 from pot
*** SUMMARY ***
Total pot 60 | Rake 0 
Board [2h As 6h]
Seat 1: Mahu2021 (small blind) folded on the Flop
Seat 2: Hertzgalo (big blind) folded on the Flop
Seat 3: Argen.2023 (button) collected (60)



PokerStars Hand #242895953480: Tournament #3572454958, $0.92+$0.08 USD Hold'em No Limit - Level I (10/20) - 2023/04/05 7:57:45 CET [2023/04/05 1:57:45 ET]
Table '3572454958 1' 3-max Seat #1 is the button
Seat 1: Mahu2021 (440 in chips) 
Seat 2: Hertzgalo (380 in chips) 
Seat 3: Argen.2023 (680 in chips) 
Hertzgalo: posts small blind 10
Argen.2023: posts big blind 20
*** HOLE CARDS ***
Dealt to Mahu2021 [7d 6c]
Mahu2021: folds 
Hertzgalo: calls 10
Argen.2023: checks 
*** FLOP *** [3d 2h Jc]
Hertzgalo: bets 20
Argen.2023: calls 20
*** TURN *** [3d 2h Jc] [Qc]
Hertzgalo: checks 
Argen.2023: checks 
*** RIVER *** [3d 2h Jc Qc] [3s]
Hertzgalo: checks 
Argen.2023: bets 40
Hertzgalo: calls 40
*** SHOW DOWN ***
Argen.2023: shows [Ah 3h] (three of a kind, Threes)
Hertzgalo: mucks hand 
Argen.2023 collected 160 from pot
*** SUMMARY ***
Total pot 160 | Rake 0 
Board [3d 2h Jc Qc 3s]
Seat 1: Mahu2021 (button) folded before Flop (didn't bet)
Seat 2: Hertzgalo (small blind) mucked [As 4h]
Seat 3: Argen.2023 (big blind) showed [Ah 3h] and won (160) with three of a kind, Threes



PokerStars Hand #242895957016: Tournament #3572454958, $0.92+$0.08 USD Hold'em No Limit - Level II (15/30) - 2023/04/05 7:58:25 CET [2023/04/05 1:58:25 ET]
Table '3572454958 1' 3-max Seat #2 is the button
Seat 1: Mahu2021 (440 in chips) 
Seat 2: Hertzgalo (300 in chips) 
Seat 3: Argen.2023 (760 in chips) 
Argen.2023: posts small blind 15
Mahu2021: posts big blind 30
*** HOLE CARDS ***
Dealt to Mahu2021 [Ac Jh]
Hertzgalo: folds 
Argen.2023: calls 15
Mahu2021: raises 90 to 120
Argen.2023: calls 90
*** FLOP *** [9h 3s 2c]
Argen.2023: checks 
Mahu2021: bets 320 and is all-in
Argen.2023: folds 
Uncalled bet (320) returned to Mahu2021
Mahu2021 collected 240 from pot
Mahu2021: doesn't show hand 
*** SUMMARY ***
Total pot 240 | Rake 0 
Board [9h 3s 2c]
Seat 1: Mahu2021 (big blind) collected (240)
Seat 2: Hertzgalo (button) folded before Flop (didn't bet)
Seat 3: Argen.2023 (small blind) folded on the Flop



PokerStars Hand #242895959184: Tournament #3572454958, $0.92+$0.08 USD Hold'em No Limit - Level II (15/30) - 2023/04/05 7:58:49 CET [2023/04/05 1:58:49 ET]
Table '3572454958 1' 3-max Seat #3 is the button
Seat 1: Mahu2021 (560 in chips) 
Seat 2: Hertzgalo (300 in chips) 
Seat 3: Argen.2023 (640 in chips) 
Mahu2021: posts small blind 15
Hertzgalo: posts big blind 30
*** HOLE CARDS ***
Dealt to Mahu2021 [8s 5h]
Argen.2023: calls 30
Mahu2021: folds 
Hertzgalo: checks 
*** FLOP *** [Th Kd 7s]
Hertzgalo: checks 
Argen.2023: checks 
*** TURN *** [Th Kd 7s] [3c]
Hertzgalo: checks 
Argen.2023: bets 30
Hertzgalo: calls 30
*** RIVER *** [Th Kd 7s 3c] [9s]
Hertzgalo: checks 
Argen.2023: checks 
*** SHOW DOWN ***
Hertzgalo: shows [5d 6s] (high card King)
Argen.2023: shows [Qs 9h] (a pair of Nines)
Argen.2023 collected 135 from pot
*** SUMMARY ***
Total pot 135 | Rake 0 
Board [Th Kd 7s 3c 9s]
Seat 1: Mahu2021 (small blind) folded before Flop
Seat 2: Hertzgalo (big blind) showed [5d 6s] and lost with high card King
Seat 3: Argen.2023 (button) showed [Qs 9h] and won (135) with a pair of Nines



PokerStars Hand #242895961956: Tournament #3572454958, $0.92+$0.08 USD Hold'em No Limit - Level II (15/30) - 2023/04/05 7:59:20 CET [2023/04/05 1:59:20 ET]
Table '3572454958 1' 3-max Seat #1 is the button
Seat 1: Mahu2021 (545 in chips) 
Seat 2: Hertzgalo (240 in chips) 
Seat 3: Argen.2023 (715 in chips) 
Hertzgalo: posts small blind 15
Argen.2023: posts big blind 30
*** HOLE CARDS ***
Dealt to Mahu2021 [Qs 9d]
Mahu2021: calls 30
Hertzgalo: calls 15
Argen.2023: raises 30 to 60
Mahu2021: calls 30
Hertzgalo: calls 30
*** FLOP *** [7c Qd Jh]
Hertzgalo: checks 
Argen.2023: bets 60
Mahu2021: raises 425 to 485 and is all-in
Hertzgalo: folds 
Argen.2023: calls 425
*** TURN *** [7c Qd Jh] [7h]
*** RIVER *** [7c Qd Jh 7h] [3d]
*** SHOW DOWN ***
Argen.2023: shows [Qc 3c] (two pair, Queens and Sevens)
Mahu2021: shows [Qs 9d] (two pair, Queens and Sevens)
Argen.2023 collected 575 from pot
Mahu2021 collected 575 from pot
*** SUMMARY ***
Total pot 1150 | Rake 0 
Board [7c Qd Jh 7h 3d]
Seat 1: Mahu2021 (button) showed [Qs 9d] and won (575) with two pair, Queens and Sevens
Seat 2: Hertzgalo (small blind) folded on the Flop
Seat 3: Argen.2023 (big blind) showed [Qc 3c] and won (575) with two pair, Queens and Sevens



PokerStars Hand #242895966056: Tournament #3572454958, $0.92+$0.08 USD Hold'em No Limit - Level II (15/30) - 2023/04/05 8:00:05 CET [2023/04/05 2:00:05 ET]
Table '3572454958 1' 3-max Seat #2 is the button
Seat 1: Mahu2021 (575 in chips) 
Seat 2: Hertzgalo (180 in chips) 
Seat 3: Argen.2023 (745 in chips) 
Argen.2023: posts small blind 15
Mahu2021: posts big blind 30
*** HOLE CARDS ***
Dealt to Mahu2021 [Qc 6h]
Hertzgalo: calls 30
Argen.2023: raises 30 to 60
Mahu2021: folds 
Hertzgalo: calls 30
*** FLOP *** [2s 3h Tc]
Argen.2023: bets 30
Hertzgalo: folds 
Uncalled bet (30) returned to Argen.2023
Argen.2023 collected 150 from pot
*** SUMMARY ***
Total pot 150 | Rake 0 
Board [2s 3h Tc]
Seat 1: Mahu2021 (big blind) folded before Flop
Seat 2: Hertzgalo (button) folded on the Flop
Seat 3: Argen.2023 (small blind) collected (150)



PokerStars Hand #242895967909: Tournament #3572454958, $0.92+$0.08 USD Hold'em No Limit - Level III (20/40) - 2023/04/05 8:00:25 CET [2023/04/05 2:00:25 ET]
Table '3572454958 1' 3-max Seat #3 is the button
Seat 1: Mahu2021 (545 in chips) 
Seat 2: Hertzgalo (120 in chips) 
Seat 3: Argen.2023 (835 in chips) 
Mahu2021: posts small blind 20
Hertzgalo: posts big blind 40
*** HOLE CARDS ***
Dealt to Mahu2021 [Td Qc]
Argen.2023: calls 40
Mahu2021: calls 20
Hertzgalo: checks 
*** FLOP *** [4c 6d Tc]
Mahu2021: bets 80
Hertzgalo: calls 80 and is all-in
Argen.2023: calls 80
*** TURN *** [4c 6d Tc] [7s]
Mahu2021: checks 
Argen.2023: checks 
*** RIVER *** [4c 6d Tc 7s] [8d]
Mahu2021: checks 
Argen.2023: checks 
*** SHOW DOWN ***
Mahu2021: shows [Td Qc] (a pair of Tens)
Hertzgalo: shows [Th 8h] (two pair, Tens and Eights)
Argen.2023: mucks hand 
Hertzgalo collected 360 from pot
*** SUMMARY ***
Total pot 360 | Rake 0 
Board [4c 6d Tc 7s 8d]
Seat 1: Mahu2021 (small blind) showed [Td Qc] and lost with a pair of Tens
Seat 2: Hertzgalo (big blind) showed [Th 8h] and won (360) with two pair, Tens and Eights
Seat 3: Argen.2023 (button) mucked [3h 7c]



PokerStars Hand #242895971178: Tournament #3572454958, $0.92+$0.08 USD Hold'em No Limit - Level III (20/40) - 2023/04/05 8:00:59 CET [2023/04/05 2:00:59 ET]
Table '3572454958 1' 3-max Seat #1 is the button
Seat 1: Mahu2021 (425 in chips) 
Seat 2: Hertzgalo (360 in chips) 
Seat 3: Argen.2023 (715 in chips) 
Hertzgalo: posts small blind 20
Argen.2023: posts big blind 40
*** HOLE CARDS ***
Dealt to Mahu2021 [6h 5h]
Mahu2021: calls 40
Hertzgalo: calls 20
Argen.2023: checks 
*** FLOP *** [3h Qc 7c]
Hertzgalo: bets 40
Argen.2023: calls 40
Mahu2021: calls 40
*** TURN *** [3h Qc 7c] [6d]
Hertzgalo: bets 40
Argen.2023: raises 40 to 80
Mahu2021: folds 
Hertzgalo: folds 
Uncalled bet (40) returned to Argen.2023
Argen.2023 collected 320 from pot
*** SUMMARY ***
Total pot 320 | Rake 0 
Board [3h Qc 7c 6d]
Seat 1: Mahu2021 (button) folded on the Turn
Seat 2: Hertzgalo (small blind) folded on the Turn
Seat 3: Argen.2023 (big blind) collected (320)



PokerStars Hand #242895974018: Tournament #3572454958, $0.92+$0.08 USD Hold'em No Limit - Level III (20/40) - 2023/04/05 8:01:27 CET [2023/04/05 2:01:27 ET]
Table '3572454958 1' 3-max Seat #2 is the button
Seat 1: Mahu2021 (345 in chips) 
Seat 2: Hertzgalo (240 in chips) 
Seat 3: Argen.2023 (915 in chips) 
Argen.2023: posts small blind 20
Mahu2021: posts big blind 40
*** HOLE CARDS ***
Dealt to Mahu2021 [6c Tc]
Hertzgalo: calls 40
Argen.2023: calls 20
Mahu2021: checks 
*** FLOP *** [Kh Jh Th]
Argen.2023: checks 
Mahu2021: checks 
Hertzgalo: checks 
*** TURN *** [Kh Jh Th] [2d]
Argen.2023: checks 
Mahu2021: checks 
Hertzgalo: checks 
*** RIVER *** [Kh Jh Th 2d] [Qh]
Argen.2023: checks 
Mahu2021: checks 
Hertzgalo: checks 
*** SHOW DOWN ***
Argen.2023: shows [5d Td] (a pair of Tens)
Mahu2021: shows [6c Tc] (a pair of Tens)
Hertzgalo: shows [7c Qd] (a pair of Queens)
Hertzgalo collected 120 from pot
*** SUMMARY ***
Total pot 120 | Rake 0 
Board [Kh Jh Th 2d Qh]
Seat 1: Mahu2021 (big blind) showed [6c Tc] and lost with a pair of Tens
Seat 2: Hertzgalo (button) showed [7c Qd] and won (120) with a pair of Queens
Seat 3: Argen.2023 (small blind) showed [5d Td] and lost with a pair of Tens



PokerStars Hand #242895975986: Tournament #3572454958, $0.92+$0.08 USD Hold'em No Limit - Level III (20/40) - 2023/04/05 8:01:47 CET [2023/04/05 2:01:47 ET]
Table '3572454958 1' 3-max Seat #3 is the button
Seat 1: Mahu2021 (305 in chips) 
Seat 2: Hertzgalo (320 in chips) 
Seat 3: Argen.2023 (875 in chips) 
Mahu2021: posts small blind 20
Hertzgalo: posts big blind 40
*** HOLE CARDS ***
Dealt to Mahu2021 [9s 3h]
Argen.2023: calls 40
Mahu2021: folds 
Hertzgalo: checks 
*** FLOP *** [Js As Kh]
Hertzgalo: checks 
Argen.2023: bets 40
Hertzgalo: folds 
Uncalled bet (40) returned to Argen.2023
Argen.2023 collected 100 from pot
*** SUMMARY ***
Total pot 100 | Rake 0 
Board [Js As Kh]
Seat 1: Mahu2021 (small blind) folded before Flop
Seat 2: Hertzgalo (big blind) folded on the Flop
Seat 3: Argen.2023 (button) collected (100)



PokerStars Hand #242895977445: Tournament #3572454958, $0.92+$0.08 USD Hold'em No Limit - Level III (20/40) - 2023/04/05 8:02:03 CET [2023/04/05 2:02:03 ET]
Table '3572454958 1' 3-max Seat #1 is the button
Seat 1: Mahu2021 (285 in chips) 
Seat 2: Hertzgalo (280 in chips) 
Seat 3: Argen.2023 (935 in chips) 
Hertzgalo: posts small blind 20
Argen.2023: posts big blind 40
*** HOLE CARDS ***
Dealt to Mahu2021 [6h 3d]
Mahu2021: folds 
Hertzgalo: calls 20
Argen.2023: checks 
*** FLOP *** [4c 8s 3h]
Hertzgalo: bets 40
Argen.2023: calls 40
*** TURN *** [4c 8s 3h] [2s]
Hertzgalo: bets 80
Argen.2023: raises 80 to 160
Hertzgalo: calls 80
*** RIVER *** [4c 8s 3h 2s] [8h]
Hertzgalo: checks 
Argen.2023: bets 40
Hertzgalo: folds 
Uncalled bet (40) returned to Argen.2023
Argen.2023 collected 480 from pot
*** SUMMARY ***
Total pot 480 | Rake 0 
Board [4c 8s 3h 2s 8h]
Seat 1: Mahu2021 (button) folded before Flop (didn't bet)
Seat 2: Hertzgalo (small blind) folded on the River
Seat 3: Argen.2023 (big blind) collected (480)



PokerStars Hand #242895981787: Tournament #3572454958, $0.92+$0.08 USD Hold'em No Limit - Level IV (30/60) - 2023/04/05 8:02:46 CET [2023/04/05 2:02:46 ET]
Table '3572454958 1' 3-max Seat #2 is the button
Seat 1: Mahu2021 (285 in chips) 
Seat 2: Hertzgalo (40 in chips) 
Seat 3: Argen.2023 (1175 in chips) 
Argen.2023: posts small blind 30
Mahu2021: posts big blind 60
*** HOLE CARDS ***
Dealt to Mahu2021 [7s Kc]
Hertzgalo: calls 40 and is all-in
Argen.2023: calls 30
Mahu2021: checks 
*** FLOP *** [2c 2h Js]
Argen.2023: bets 60
Mahu2021: raises 165 to 225 and is all-in
Argen.2023: calls 165
*** TURN *** [2c 2h Js] [Ac]
*** RIVER *** [2c 2h Js Ac] [Qh]
*** SHOW DOWN ***
Argen.2023: shows [Jc 9d] (two pair, Jacks and Deuces)
Mahu2021: shows [7s Kc] (a pair of Deuces)
Argen.2023 collected 490 from side pot
Hertzgalo: shows [3d 8d] (a pair of Deuces)
Argen.2023 collected 120 from main pot
Mahu2021 finished the tournament in 2nd place
Hertzgalo finished the tournament in 3rd place
Argen.2023 wins the tournament and receives $2.00 - congratulations!
*** SUMMARY ***
Total pot 610 Main pot 120. Side pot 490. | Rake 0 
Board [2c 2h Js Ac Qh]
Seat 1: Mahu2021 (big blind) showed [7s Kc] and lost with a pair of Deuces
Seat 2: Hertzgalo (button) showed [3d 8d] and lost with a pair of Deuces
Seat 3: Argen.2023 (small blind) showed [Jc 9d] and won (610) with two pair, Jacks and Deuces



