PokerStars Hand #248083440620: Tournament #3696595243, $1.84+$0.16 USD Hold'em No Limit - Level I (10/20) - 2024/01/05 20:26:00 CET [2024/01/05 14:26:00 ET]
Table '3696595243 1' 3-max Seat #1 is the button
Seat 1: Mahu2021 (500 in chips) 
Seat 2: MaksimLazarau (500 in chips) 
Seat 3: rodrigonnegro (500 in chips) 
MaksimLazarau: posts small blind 10
rodrigonnegro: posts big blind 20
*** HOLE CARDS ***
Dealt to Mahu2021 [7c Kc]
Mahu2021: calls 20
MaksimLazarau: folds 
rodrigonnegro: checks 
*** FLOP *** [Jd 6c 4h]
rodrigonnegro: bets 40
Mahu2021: folds 
Uncalled bet (40) returned to rodrigonnegro
rodrigonnegro collected 50 from pot
*** SUMMARY ***
Total pot 50 | Rake 0 
Board [Jd 6c 4h]
Seat 1: Mahu2021 (button) folded on the Flop
Seat 2: MaksimLazarau (small blind) folded before Flop
Seat 3: rodrigonnegro (big blind) collected (50)



PokerStars Hand #248083449651: Tournament #3696595243, $1.84+$0.16 USD Hold'em No Limit - Level I (10/20) - 2024/01/05 20:26:24 CET [2024/01/05 14:26:24 ET]
Table '3696595243 1' 3-max Seat #2 is the button
Seat 1: Mahu2021 (480 in chips) 
Seat 2: MaksimLazarau (490 in chips) 
Seat 3: rodrigonnegro (530 in chips) 
rodrigonnegro: posts small blind 10
Mahu2021: posts big blind 20
*** HOLE CARDS ***
Dealt to Mahu2021 [Qs 6s]
MaksimLazarau: raises 20 to 40
rodrigonnegro: folds 
Mahu2021: calls 20
*** FLOP *** [8s 9d 8d]
Mahu2021: checks 
MaksimLazarau: bets 45
Mahu2021: folds 
Uncalled bet (45) returned to MaksimLazarau
MaksimLazarau collected 90 from pot
MaksimLazarau: doesn't show hand 
*** SUMMARY ***
Total pot 90 | Rake 0 
Board [8s 9d 8d]
Seat 1: Mahu2021 (big blind) folded on the Flop
Seat 2: MaksimLazarau (button) collected (90)
Seat 3: rodrigonnegro (small blind) folded before Flop



PokerStars Hand #248083454537: Tournament #3696595243, $1.84+$0.16 USD Hold'em No Limit - Level I (10/20) - 2024/01/05 20:26:37 CET [2024/01/05 14:26:37 ET]
Table '3696595243 1' 3-max Seat #3 is the button
Seat 1: Mahu2021 (440 in chips) 
Seat 2: MaksimLazarau (540 in chips) 
Seat 3: rodrigonnegro (520 in chips) 
Mahu2021: posts small blind 10
MaksimLazarau: posts big blind 20
*** HOLE CARDS ***
Dealt to Mahu2021 [4d 2d]
rodrigonnegro: calls 20
Mahu2021: calls 10
MaksimLazarau: checks 
*** FLOP *** [4c 7d As]
Mahu2021: checks 
MaksimLazarau: bets 20
rodrigonnegro: folds 
Mahu2021: calls 20
*** TURN *** [4c 7d As] [8d]
Mahu2021: checks 
MaksimLazarau: bets 40
Mahu2021: calls 40
*** RIVER *** [4c 7d As 8d] [5d]
Mahu2021: bets 180
MaksimLazarau: folds 
Uncalled bet (180) returned to Mahu2021
Mahu2021 collected 180 from pot
Mahu2021: doesn't show hand 
*** SUMMARY ***
Total pot 180 | Rake 0 
Board [4c 7d As 8d 5d]
Seat 1: Mahu2021 (small blind) collected (180)
Seat 2: MaksimLazarau (big blind) folded on the River
Seat 3: rodrigonnegro (button) folded on the Flop



PokerStars Hand #248083464886: Tournament #3696595243, $1.84+$0.16 USD Hold'em No Limit - Level I (10/20) - 2024/01/05 20:27:04 CET [2024/01/05 14:27:04 ET]
Table '3696595243 1' 3-max Seat #1 is the button
Seat 1: Mahu2021 (540 in chips) 
Seat 2: MaksimLazarau (460 in chips) 
Seat 3: rodrigonnegro (500 in chips) 
MaksimLazarau: posts small blind 10
rodrigonnegro: posts big blind 20
*** HOLE CARDS ***
Dealt to Mahu2021 [9d 6h]
Mahu2021: folds 
MaksimLazarau: raises 20 to 40
rodrigonnegro: folds 
Uncalled bet (20) returned to MaksimLazarau
MaksimLazarau collected 40 from pot
MaksimLazarau: doesn't show hand 
*** SUMMARY ***
Total pot 40 | Rake 0 
Seat 1: Mahu2021 (button) folded before Flop (didn't bet)
Seat 2: MaksimLazarau (small blind) collected (40)
Seat 3: rodrigonnegro (big blind) folded before Flop



PokerStars Hand #248083468740: Tournament #3696595243, $1.84+$0.16 USD Hold'em No Limit - Level I (10/20) - 2024/01/05 20:27:14 CET [2024/01/05 14:27:14 ET]
Table '3696595243 1' 3-max Seat #2 is the button
Seat 1: Mahu2021 (540 in chips) 
Seat 2: MaksimLazarau (480 in chips) 
Seat 3: rodrigonnegro (480 in chips) 
rodrigonnegro: posts small blind 10
Mahu2021: posts big blind 20
*** HOLE CARDS ***
Dealt to Mahu2021 [6s Jd]
MaksimLazarau: folds 
rodrigonnegro: calls 10
Mahu2021: checks 
*** FLOP *** [5c Ac 3h]
rodrigonnegro: bets 60
Mahu2021: folds 
Uncalled bet (60) returned to rodrigonnegro
rodrigonnegro collected 40 from pot
*** SUMMARY ***
Total pot 40 | Rake 0 
Board [5c Ac 3h]
Seat 1: Mahu2021 (big blind) folded on the Flop
Seat 2: MaksimLazarau (button) folded before Flop (didn't bet)
Seat 3: rodrigonnegro (small blind) collected (40)



PokerStars Hand #248083474670: Tournament #3696595243, $1.84+$0.16 USD Hold'em No Limit - Level I (10/20) - 2024/01/05 20:27:30 CET [2024/01/05 14:27:30 ET]
Table '3696595243 1' 3-max Seat #3 is the button
Seat 1: Mahu2021 (520 in chips) 
Seat 2: MaksimLazarau (480 in chips) 
Seat 3: rodrigonnegro (500 in chips) 
Mahu2021: posts small blind 10
MaksimLazarau: posts big blind 20
*** HOLE CARDS ***
Dealt to Mahu2021 [Tc 7c]
rodrigonnegro: raises 100 to 120
Mahu2021: folds 
MaksimLazarau: raises 360 to 480 and is all-in
rodrigonnegro: calls 360
*** FLOP *** [5h 2s 7s]
*** TURN *** [5h 2s 7s] [Ah]
*** RIVER *** [5h 2s 7s Ah] [Ks]
*** SHOW DOWN ***
MaksimLazarau: shows [Ac 2c] (two pair, Aces and Deuces)
rodrigonnegro: shows [As 9d] (a pair of Aces)
MaksimLazarau collected 970 from pot
*** SUMMARY ***
Total pot 970 | Rake 0 
Board [5h 2s 7s Ah Ks]
Seat 1: Mahu2021 (small blind) folded before Flop
Seat 2: MaksimLazarau (big blind) showed [Ac 2c] and won (970) with two pair, Aces and Deuces
Seat 3: rodrigonnegro (button) showed [As 9d] and lost with a pair of Aces



PokerStars Hand #248083481809: Tournament #3696595243, $1.84+$0.16 USD Hold'em No Limit - Level I (10/20) - 2024/01/05 20:27:49 CET [2024/01/05 14:27:49 ET]
Table '3696595243 1' 3-max Seat #1 is the button
Seat 1: Mahu2021 (510 in chips) 
Seat 2: MaksimLazarau (970 in chips) 
Seat 3: rodrigonnegro (20 in chips) 
MaksimLazarau: posts small blind 10
rodrigonnegro: posts big blind 20 and is all-in
*** HOLE CARDS ***
Dealt to Mahu2021 [Js Ts]
Mahu2021: calls 20
MaksimLazarau: raises 60 to 80
Mahu2021: calls 60
*** FLOP *** [9h Kd 7d]
MaksimLazarau: bets 890 and is all-in
Mahu2021: calls 430 and is all-in
Uncalled bet (460) returned to MaksimLazarau
*** TURN *** [9h Kd 7d] [2d]
*** RIVER *** [9h Kd 7d 2d] [Jh]
*** SHOW DOWN ***
MaksimLazarau: shows [2s 2c] (three of a kind, Deuces)
Mahu2021: shows [Js Ts] (a pair of Jacks)
MaksimLazarau collected 980 from side pot
rodrigonnegro: shows [Td Ks] (a pair of Kings)
MaksimLazarau collected 60 from main pot
Mahu2021 finished the tournament in 2nd place
rodrigonnegro finished the tournament in 3rd place
MaksimLazarau wins the tournament and receives $4.00 - congratulations!
*** SUMMARY ***
Total pot 1040 Main pot 60. Side pot 980. | Rake 0 
Board [9h Kd 7d 2d Jh]
Seat 1: Mahu2021 (button) showed [Js Ts] and lost with a pair of Jacks
Seat 2: MaksimLazarau (small blind) showed [2s 2c] and won (1040) with three of a kind, Deuces
Seat 3: rodrigonnegro (big blind) showed [Td Ks] and lost with a pair of Kings



