PokerStars Hand #242992294820: Tournament #3575213949, $0.92+$0.08 USD Hold'em No Limit - Level I (10/20) - 2023/04/09 22:53:18 CET [2023/04/09 16:53:18 ET]
Table '3575213949 1' 3-max Seat #1 is the button
Seat 1: rayben55 (500 in chips) 
Seat 2: bolsonarop18 (500 in chips) 
Seat 3: Mahu2021 (500 in chips) 
bolsonarop18: posts small blind 10
Mahu2021: posts big blind 20
*** HOLE CARDS ***
Dealt to Mahu2021 [8h Qd]
rayben55: folds 
bolsonarop18: raises 20 to 40
Mahu2021: calls 20
*** FLOP *** [6s Js Ad]
bolsonarop18: bets 460 and is all-in
Mahu2021: folds 
Uncalled bet (460) returned to bolsonarop18
bolsonarop18 collected 80 from pot
*** SUMMARY ***
Total pot 80 | Rake 0 
Board [6s Js Ad]
Seat 1: rayben55 (button) folded before Flop (didn't bet)
Seat 2: bolsonarop18 (small blind) collected (80)
Seat 3: Mahu2021 (big blind) folded on the Flop



PokerStars Hand #242992304188: Tournament #3575213949, $0.92+$0.08 USD Hold'em No Limit - Level I (10/20) - 2023/04/09 22:53:38 CET [2023/04/09 16:53:38 ET]
Table '3575213949 1' 3-max Seat #2 is the button
Seat 1: rayben55 (500 in chips) 
Seat 2: bolsonarop18 (540 in chips) 
Seat 3: Mahu2021 (460 in chips) 
Mahu2021: posts small blind 10
rayben55: posts big blind 20
*** HOLE CARDS ***
Dealt to Mahu2021 [Ah Th]
bolsonarop18: raises 20 to 40
Mahu2021: calls 30
rayben55: raises 460 to 500 and is all-in
bolsonarop18: raises 40 to 540 and is all-in
Mahu2021: calls 420 and is all-in
Uncalled bet (40) returned to bolsonarop18
*** FLOP *** [5h 8s 3s]
*** TURN *** [5h 8s 3s] [Qd]
*** RIVER *** [5h 8s 3s Qd] [Qs]
*** SHOW DOWN ***
rayben55: shows [7h Ac] (a pair of Queens)
bolsonarop18: shows [7s 7c] (two pair, Queens and Sevens)
bolsonarop18 collected 80 from side pot
Mahu2021: shows [Ah Th] (a pair of Queens)
bolsonarop18 collected 1380 from main pot
rayben55 finished the tournament in 2nd place
Mahu2021 finished the tournament in 3rd place
bolsonarop18 wins the tournament and receives $2.00 - congratulations!
*** SUMMARY ***
Total pot 1460 Main pot 1380. Side pot 80. | Rake 0 
Board [5h 8s 3s Qd Qs]
Seat 1: rayben55 (big blind) showed [7h Ac] and lost with a pair of Queens
Seat 2: bolsonarop18 (button) showed [7s 7c] and won (1460) with two pair, Queens and Sevens
Seat 3: Mahu2021 (small blind) showed [Ah Th] and lost with a pair of Queens



