PokerStars Hand #253613327194: Tournament #3827888478, $1.40+$0.10 USD Hold'em No Limit - Level III (100/200) - 2024/11/28 21:11:16 CET [2024/11/28 15:11:16 ET]
Table '3827888478 29' 8-max Seat #2 is the button
Seat 2: Squall40 (18115 in chips) 
Seat 3: triverson9 (7855 in chips) 
Seat 4: Arnukas8 (25350 in chips) 
Seat 5: sckorpyon89 (9955 in chips) 
Seat 6: Miri11112 (9970 in chips) 
Seat 7: Mahu2021 (10000 in chips) 
Seat 8: BoomZuzis (10000 in chips) 
Squall40: posts the ante 20
triverson9: posts the ante 20
Arnukas8: posts the ante 20
sckorpyon89: posts the ante 20
Miri11112: posts the ante 20
Mahu2021: posts the ante 20
BoomZuzis: posts the ante 20
triverson9: posts small blind 100
Arnukas8: posts big blind 200
*** HOLE CARDS ***
Dealt to Mahu2021 [Js 6c]
sckorpyon89: folds 
Miri11112: folds 
Mahu2021: folds 
BoomZuzis: calls 200
Squall40: folds 
triverson9: folds 
Arnukas8: checks 
*** FLOP *** [Ad 4s 8h]
Arnukas8: bets 400
BoomZuzis: folds 
Uncalled bet (400) returned to Arnukas8
Arnukas8 collected 640 from pot
*** SUMMARY ***
Total pot 640 | Rake 0 
Board [Ad 4s 8h]
Seat 2: Squall40 (button) folded before Flop (didn't bet)
Seat 3: triverson9 (small blind) folded before Flop
Seat 4: Arnukas8 (big blind) collected (640)
Seat 5: sckorpyon89 folded before Flop (didn't bet)
Seat 6: Miri11112 folded before Flop (didn't bet)
Seat 7: Mahu2021 folded before Flop (didn't bet)
Seat 8: BoomZuzis folded on the Flop



PokerStars Hand #253613336050: Tournament #3827888478, $1.40+$0.10 USD Hold'em No Limit - Level III (100/200) - 2024/11/28 21:11:48 CET [2024/11/28 15:11:48 ET]
Table '3827888478 29' 8-max Seat #3 is the button
Seat 1: Morava05 (10000 in chips) 
Seat 2: Squall40 (18095 in chips) 
Seat 3: triverson9 (7735 in chips) 
Seat 4: Arnukas8 (25770 in chips) 
Seat 5: sckorpyon89 (9935 in chips) 
Seat 6: Miri11112 (9950 in chips) 
Seat 7: Mahu2021 (9980 in chips) 
Seat 8: BoomZuzis (9780 in chips) 
Morava05: posts the ante 20
Squall40: posts the ante 20
triverson9: posts the ante 20
Arnukas8: posts the ante 20
sckorpyon89: posts the ante 20
Miri11112: posts the ante 20
Mahu2021: posts the ante 20
BoomZuzis: posts the ante 20
Arnukas8: posts small blind 100
sckorpyon89: posts big blind 200
*** HOLE CARDS ***
Dealt to Mahu2021 [5c 2c]
Miri11112: folds 
Mahu2021: folds 
BoomZuzis: folds 
Morava05: calls 200
Squall40: calls 200
triverson9: calls 200
Arnukas8: raises 600 to 800
sckorpyon89: folds 
Morava05: calls 600
Squall40: folds 
triverson9: calls 600
*** FLOP *** [2d 4h 5s]
Arnukas8: bets 600
Morava05: calls 600
triverson9: calls 600
*** TURN *** [2d 4h 5s] [Td]
Arnukas8: checks 
Morava05: bets 1000
triverson9: calls 1000
Arnukas8: calls 1000
*** RIVER *** [2d 4h 5s Td] [Ac]
Arnukas8: checks 
Morava05: bets 7580 and is all-in
triverson9: folds 
Arnukas8: folds 
Uncalled bet (7580) returned to Morava05
Morava05 collected 7760 from pot
*** SUMMARY ***
Total pot 7760 | Rake 0 
Board [2d 4h 5s Td Ac]
Seat 1: Morava05 collected (7760)
Seat 2: Squall40 folded before Flop
Seat 3: triverson9 (button) folded on the River
Seat 4: Arnukas8 (small blind) folded on the River
Seat 5: sckorpyon89 (big blind) folded before Flop
Seat 6: Miri11112 folded before Flop (didn't bet)
Seat 7: Mahu2021 folded before Flop (didn't bet)
Seat 8: BoomZuzis folded before Flop (didn't bet)



PokerStars Hand #253613353474: Tournament #3827888478, $1.40+$0.10 USD Hold'em No Limit - Level III (100/200) - 2024/11/28 21:12:52 CET [2024/11/28 15:12:52 ET]
Table '3827888478 29' 8-max Seat #4 is the button
Seat 1: Morava05 (15340 in chips) 
Seat 2: Squall40 (17875 in chips) 
Seat 3: triverson9 (5315 in chips) 
Seat 4: Arnukas8 (23350 in chips) 
Seat 5: sckorpyon89 (9715 in chips) 
Seat 6: Miri11112 (9930 in chips) 
Seat 7: Mahu2021 (9960 in chips) 
Seat 8: BoomZuzis (9760 in chips) 
Morava05: posts the ante 20
Squall40: posts the ante 20
triverson9: posts the ante 20
Arnukas8: posts the ante 20
sckorpyon89: posts the ante 20
Miri11112: posts the ante 20
Mahu2021: posts the ante 20
BoomZuzis: posts the ante 20
sckorpyon89: posts small blind 100
Miri11112: posts big blind 200
*** HOLE CARDS ***
Dealt to Mahu2021 [9s Qd]
Mahu2021: folds 
BoomZuzis: folds 
Morava05: calls 200
Squall40: folds 
triverson9: folds 
Arnukas8 is disconnected 
Arnukas8 has timed out while disconnected
Arnukas8: folds 
Arnukas8 is sitting out
sckorpyon89: raises 700 to 900
Miri11112: folds 
Morava05: calls 700
*** FLOP *** [5d 8c 6h]
Arnukas8 is disconnected 
Arnukas8 has returned
sckorpyon89: bets 1188
Morava05: calls 1188
*** TURN *** [5d 8c 6h] [7c]
sckorpyon89: bets 1225
Morava05: calls 1225
*** RIVER *** [5d 8c 6h 7c] [6s]
sckorpyon89: bets 1686
Morava05: raises 10321 to 12007 and is all-in
sckorpyon89: folds 
Uncalled bet (10321) returned to Morava05
Morava05 collected 10358 from pot
*** SUMMARY ***
Total pot 10358 | Rake 0 
Board [5d 8c 6h 7c 6s]
Seat 1: Morava05 collected (10358)
Seat 2: Squall40 folded before Flop (didn't bet)
Seat 3: triverson9 folded before Flop (didn't bet)
Seat 4: Arnukas8 (button) folded before Flop (didn't bet)
Seat 5: sckorpyon89 (small blind) folded on the River
Seat 6: Miri11112 (big blind) folded before Flop
Seat 7: Mahu2021 folded before Flop (didn't bet)
Seat 8: BoomZuzis folded before Flop (didn't bet)



PokerStars Hand #253613382777: Tournament #3827888478, $1.40+$0.10 USD Hold'em No Limit - Level IV (150/300) - 2024/11/28 21:14:41 CET [2024/11/28 15:14:41 ET]
Table '3827888478 29' 8-max Seat #5 is the button
Seat 1: Morava05 (20679 in chips) 
Seat 2: Squall40 (17855 in chips) 
Seat 3: triverson9 (5295 in chips) 
Seat 4: Arnukas8 (23330 in chips) 
Seat 5: sckorpyon89 (4696 in chips) 
Seat 6: Miri11112 (9710 in chips) 
Seat 7: Mahu2021 (9940 in chips) 
Seat 8: BoomZuzis (9740 in chips) 
Morava05: posts the ante 30
Squall40: posts the ante 30
triverson9: posts the ante 30
Arnukas8: posts the ante 30
sckorpyon89: posts the ante 30
Miri11112: posts the ante 30
Mahu2021: posts the ante 30
BoomZuzis: posts the ante 30
Miri11112: posts small blind 150
Mahu2021: posts big blind 300
*** HOLE CARDS ***
Dealt to Mahu2021 [Jc 6h]
BoomZuzis: folds 
Morava05: calls 300
Squall40: folds 
triverson9: folds 
Arnukas8: raises 1290 to 1590
sckorpyon89: folds 
Miri11112: folds 
Mahu2021: folds 
Morava05: folds 
Uncalled bet (1290) returned to Arnukas8
Arnukas8 collected 1290 from pot
*** SUMMARY ***
Total pot 1290 | Rake 0 
Seat 1: Morava05 folded before Flop
Seat 2: Squall40 folded before Flop (didn't bet)
Seat 3: triverson9 folded before Flop (didn't bet)
Seat 4: Arnukas8 collected (1290)
Seat 5: sckorpyon89 (button) folded before Flop (didn't bet)
Seat 6: Miri11112 (small blind) folded before Flop
Seat 7: Mahu2021 (big blind) folded before Flop
Seat 8: BoomZuzis folded before Flop (didn't bet)



PokerStars Hand #253613388791: Tournament #3827888478, $1.40+$0.10 USD Hold'em No Limit - Level IV (150/300) - 2024/11/28 21:15:03 CET [2024/11/28 15:15:03 ET]
Table '3827888478 29' 8-max Seat #6 is the button
Seat 1: Morava05 (20349 in chips) 
Seat 2: Squall40 (17825 in chips) 
Seat 3: triverson9 (5265 in chips) 
Seat 4: Arnukas8 (24290 in chips) 
Seat 5: sckorpyon89 (4666 in chips) 
Seat 6: Miri11112 (9530 in chips) 
Seat 7: Mahu2021 (9610 in chips) 
Seat 8: BoomZuzis (9710 in chips) 
Morava05: posts the ante 30
Squall40: posts the ante 30
triverson9: posts the ante 30
Arnukas8: posts the ante 30
sckorpyon89: posts the ante 30
Miri11112: posts the ante 30
Mahu2021: posts the ante 30
BoomZuzis: posts the ante 30
Mahu2021: posts small blind 150
BoomZuzis: posts big blind 300
*** HOLE CARDS ***
Dealt to Mahu2021 [Qc 5c]
Morava05: calls 300
Squall40: calls 300
triverson9: raises 4935 to 5235 and is all-in
Arnukas8: calls 5235
sckorpyon89: folds 
Miri11112: folds 
Mahu2021: folds 
BoomZuzis: folds 
Morava05: folds 
Squall40: folds 
*** FLOP *** [Qd 3h Kd]
*** TURN *** [Qd 3h Kd] [Jh]
*** RIVER *** [Qd 3h Kd Jh] [2s]
*** SHOW DOWN ***
triverson9: shows [4d 4s] (a pair of Fours)
Arnukas8: shows [7h Ad] (high card Ace)
triverson9 collected 11760 from pot
*** SUMMARY ***
Total pot 11760 | Rake 0 
Board [Qd 3h Kd Jh 2s]
Seat 1: Morava05 folded before Flop
Seat 2: Squall40 folded before Flop
Seat 3: triverson9 showed [4d 4s] and won (11760) with a pair of Fours
Seat 4: Arnukas8 showed [7h Ad] and lost with high card Ace
Seat 5: sckorpyon89 folded before Flop (didn't bet)
Seat 6: Miri11112 (button) folded before Flop (didn't bet)
Seat 7: Mahu2021 (small blind) folded before Flop
Seat 8: BoomZuzis (big blind) folded before Flop



PokerStars Hand #253613397430: Tournament #3827888478, $1.40+$0.10 USD Hold'em No Limit - Level IV (150/300) - 2024/11/28 21:15:34 CET [2024/11/28 15:15:34 ET]
Table '3827888478 29' 8-max Seat #7 is the button
Seat 1: Morava05 (20019 in chips) 
Seat 2: Squall40 (17495 in chips) 
Seat 3: triverson9 (11760 in chips) 
Seat 4: Arnukas8 (19025 in chips) 
Seat 5: sckorpyon89 (4636 in chips) 
Seat 6: Miri11112 (9500 in chips) 
Seat 7: Mahu2021 (9430 in chips) 
Seat 8: BoomZuzis (9380 in chips) 
Morava05: posts the ante 30
Squall40: posts the ante 30
triverson9: posts the ante 30
Arnukas8: posts the ante 30
sckorpyon89: posts the ante 30
Miri11112: posts the ante 30
Mahu2021: posts the ante 30
BoomZuzis: posts the ante 30
BoomZuzis: posts small blind 150
Morava05: posts big blind 300
*** HOLE CARDS ***
Dealt to Mahu2021 [5s 9d]
Squall40: raises 300 to 600
triverson9: calls 600
Arnukas8: raises 2490 to 3090
sckorpyon89: folds 
Miri11112: folds 
Mahu2021: folds 
BoomZuzis: calls 2940
Morava05: folds 
Squall40: calls 2490
triverson9: calls 2490
*** FLOP *** [8d Jh Tc]
BoomZuzis: bets 6260 and is all-in
Squall40: calls 6260
triverson9: calls 6260
Arnukas8: folds 
*** TURN *** [8d Jh Tc] [Jc]
Squall40: checks 
triverson9: bets 2380 and is all-in
Squall40: calls 2380
*** RIVER *** [8d Jh Tc Jc] [5h]
*** SHOW DOWN ***
Squall40: shows [Qd Kd] (a pair of Jacks)
triverson9: shows [9c 7c] (a straight, Seven to Jack)
triverson9 collected 4760 from side pot
BoomZuzis: shows [Js Ts] (a full house, Jacks full of Tens)
BoomZuzis collected 31680 from main pot
*** SUMMARY ***
Total pot 36440 Main pot 31680. Side pot 4760. | Rake 0 
Board [8d Jh Tc Jc 5h]
Seat 1: Morava05 (big blind) folded before Flop
Seat 2: Squall40 showed [Qd Kd] and lost with a pair of Jacks
Seat 3: triverson9 showed [9c 7c] and won (4760) with a straight, Seven to Jack
Seat 4: Arnukas8 folded on the Flop
Seat 5: sckorpyon89 folded before Flop (didn't bet)
Seat 6: Miri11112 folded before Flop (didn't bet)
Seat 7: Mahu2021 (button) folded before Flop (didn't bet)
Seat 8: BoomZuzis (small blind) showed [Js Ts] and won (31680) with a full house, Jacks full of Tens



PokerStars Hand #253613420438: Tournament #3827888478, $1.40+$0.10 USD Hold'em No Limit - Level IV (150/300) - 2024/11/28 21:16:59 CET [2024/11/28 15:16:59 ET]
Table '3827888478 29' 8-max Seat #8 is the button
Seat 1: Morava05 (19689 in chips) 
Seat 2: Squall40 (5735 in chips) 
Seat 3: triverson9 (4760 in chips) 
Seat 4: Arnukas8 (15905 in chips) 
Seat 5: sckorpyon89 (4606 in chips) 
Seat 6: Miri11112 (9470 in chips) 
Seat 7: Mahu2021 (9400 in chips) 
Seat 8: BoomZuzis (31680 in chips) 
Morava05: posts the ante 30
Squall40: posts the ante 30
triverson9: posts the ante 30
Arnukas8: posts the ante 30
sckorpyon89: posts the ante 30
Miri11112: posts the ante 30
Mahu2021: posts the ante 30
BoomZuzis: posts the ante 30
Morava05: posts small blind 150
Squall40: posts big blind 300
*** HOLE CARDS ***
Dealt to Mahu2021 [Tc Qs]
triverson9: raises 4430 to 4730 and is all-in
Arnukas8: folds 
sckorpyon89: folds 
Miri11112: folds 
Mahu2021: folds 
BoomZuzis: calls 4730
Morava05: calls 4580
Squall40: folds 
*** FLOP *** [5h Ks 3d]
Morava05: bets 900
BoomZuzis: raises 26020 to 26920 and is all-in
Morava05: folds 
Uncalled bet (26020) returned to BoomZuzis
*** TURN *** [5h Ks 3d] [Jh]
*** RIVER *** [5h Ks 3d Jh] [2c]
*** SHOW DOWN ***
BoomZuzis: shows [Ah Kc] (a pair of Kings)
BoomZuzis collected 1800 from side pot
triverson9: shows [Qc Kh] (a pair of Kings - lower kicker)
BoomZuzis collected 14730 from main pot
triverson9 finished the tournament
*** SUMMARY ***
Total pot 16530 Main pot 14730. Side pot 1800. | Rake 0 
Board [5h Ks 3d Jh 2c]
Seat 1: Morava05 (small blind) folded on the Flop
Seat 2: Squall40 (big blind) folded before Flop
Seat 3: triverson9 showed [Qc Kh] and lost with a pair of Kings
Seat 4: Arnukas8 folded before Flop (didn't bet)
Seat 5: sckorpyon89 folded before Flop (didn't bet)
Seat 6: Miri11112 folded before Flop (didn't bet)
Seat 7: Mahu2021 folded before Flop (didn't bet)
Seat 8: BoomZuzis (button) showed [Ah Kc] and won (16530) with a pair of Kings



PokerStars Hand #253613431538: Tournament #3827888478, $1.40+$0.10 USD Hold'em No Limit - Level V (200/400) - 2024/11/28 21:17:40 CET [2024/11/28 15:17:40 ET]
Table '3827888478 29' 8-max Seat #1 is the button
Seat 1: Morava05 (14029 in chips) 
Seat 2: Squall40 (5405 in chips) 
Seat 4: Arnukas8 (15875 in chips) 
Seat 5: sckorpyon89 (4576 in chips) 
Seat 6: Miri11112 (9440 in chips) 
Seat 7: Mahu2021 (9370 in chips) 
Seat 8: BoomZuzis (42550 in chips) 
Morava05: posts the ante 40
Squall40: posts the ante 40
Arnukas8: posts the ante 40
sckorpyon89: posts the ante 40
Miri11112: posts the ante 40
Mahu2021: posts the ante 40
BoomZuzis: posts the ante 40
Squall40: posts small blind 200
Arnukas8: posts big blind 400
*** HOLE CARDS ***
Dealt to Mahu2021 [9s Jd]
sckorpyon89: folds 
triverson9 is disconnected 
Miri11112: raises 9000 to 9400 and is all-in
Mahu2021: folds 
BoomZuzis: folds 
Morava05: folds 
Squall40: folds 
Arnukas8: folds 
Uncalled bet (9000) returned to Miri11112
Miri11112 collected 1280 from pot
Miri11112: doesn't show hand 
*** SUMMARY ***
Total pot 1280 | Rake 0 
Seat 1: Morava05 (button) folded before Flop (didn't bet)
Seat 2: Squall40 (small blind) folded before Flop
Seat 4: Arnukas8 (big blind) folded before Flop
Seat 5: sckorpyon89 folded before Flop (didn't bet)
Seat 6: Miri11112 collected (1280)
Seat 7: Mahu2021 folded before Flop (didn't bet)
Seat 8: BoomZuzis folded before Flop (didn't bet)



PokerStars Hand #253613437842: Tournament #3827888478, $1.40+$0.10 USD Hold'em No Limit - Level V (200/400) - 2024/11/28 21:18:02 CET [2024/11/28 15:18:02 ET]
Table '3827888478 29' 8-max Seat #2 is the button
Seat 1: Morava05 (13989 in chips) 
Seat 2: Squall40 (5165 in chips) 
Seat 3: triverson9 (10000 in chips) out of hand (moved from another table into small blind)
Seat 4: Arnukas8 (15435 in chips) 
Seat 5: sckorpyon89 (4536 in chips) 
Seat 6: Miri11112 (10280 in chips) 
Seat 7: Mahu2021 (9330 in chips) 
Seat 8: BoomZuzis (42510 in chips) 
triverson9 will be allowed to play after the button
Morava05: posts the ante 40
Squall40: posts the ante 40
Arnukas8: posts the ante 40
sckorpyon89: posts the ante 40
Miri11112: posts the ante 40
Mahu2021: posts the ante 40
BoomZuzis: posts the ante 40
Arnukas8: posts small blind 200
sckorpyon89: posts big blind 400
*** HOLE CARDS ***
Dealt to Mahu2021 [9h Qc]
Miri11112: folds 
Mahu2021: folds 
BoomZuzis: calls 400
Morava05: folds 
Squall40: folds 
Arnukas8: raises 800 to 1200
sckorpyon89: raises 3296 to 4496 and is all-in
BoomZuzis: calls 4096
Arnukas8: calls 3296
*** FLOP *** [Ks 6s Qd]
Arnukas8: checks 
BoomZuzis: bets 37974 and is all-in
Arnukas8: calls 10899 and is all-in
Uncalled bet (27075) returned to BoomZuzis
*** TURN *** [Ks 6s Qd] [Kd]
*** RIVER *** [Ks 6s Qd Kd] [6c]
*** SHOW DOWN ***
Arnukas8: shows [5s Ts] (two pair, Kings and Sixes)
BoomZuzis: shows [Jc Qs] (two pair, Kings and Queens)
BoomZuzis collected 21798 from side pot
sckorpyon89: shows [Ac Jh] (two pair, Kings and Sixes)
BoomZuzis collected 13768 from main pot
Arnukas8 finished the tournament
sckorpyon89 finished the tournament
*** SUMMARY ***
Total pot 35566 Main pot 13768. Side pot 21798. | Rake 0 
Board [Ks 6s Qd Kd 6c]
Seat 1: Morava05 folded before Flop (didn't bet)
Seat 2: Squall40 (button) folded before Flop (didn't bet)
Seat 4: Arnukas8 (small blind) showed [5s Ts] and lost with two pair, Kings and Sixes
Seat 5: sckorpyon89 (big blind) showed [Ac Jh] and lost with two pair, Kings and Sixes
Seat 6: Miri11112 folded before Flop (didn't bet)
Seat 7: Mahu2021 folded before Flop (didn't bet)
Seat 8: BoomZuzis showed [Jc Qs] and won (35566) with two pair, Kings and Queens



PokerStars Hand #253613449027: Tournament #3827888478, $1.40+$0.10 USD Hold'em No Limit - Level V (200/400) - 2024/11/28 21:18:43 CET [2024/11/28 15:18:43 ET]
Table '3827888478 29' 8-max Seat #6 is the button
Seat 1: Morava05 (13949 in chips) 
Seat 2: Squall40 (5125 in chips) 
Seat 3: triverson9 (10000 in chips) 
Seat 6: Miri11112 (10240 in chips) 
Seat 7: Mahu2021 (9290 in chips) 
Seat 8: BoomZuzis (62641 in chips) 
Morava05: posts the ante 40
Squall40: posts the ante 40
triverson9: posts the ante 40
Miri11112: posts the ante 40
Mahu2021: posts the ante 40
BoomZuzis: posts the ante 40
Mahu2021: posts small blind 200
BoomZuzis: posts big blind 400
*** HOLE CARDS ***
Dealt to Mahu2021 [2h Jc]
Morava05: calls 400
Squall40: folds 
triverson9: calls 400
Miri11112: raises 9800 to 10200 and is all-in
Mahu2021: folds 
BoomZuzis: folds 
Morava05: calls 9800
triverson9: calls 9560 and is all-in
*** FLOP *** [8c 3h 9s]
*** TURN *** [8c 3h 9s] [2c]
*** RIVER *** [8c 3h 9s 2c] [Kd]
*** SHOW DOWN ***
Morava05: shows [Kh Jd] (a pair of Kings)
Miri11112: shows [Qd As] (high card Ace)
Morava05 collected 480 from side pot
triverson9: shows [Th 7h] (high card King)
Morava05 collected 30720 from main pot
Miri11112 finished the tournament
triverson9 finished the tournament
Bubble16348 is disconnected 
*** SUMMARY ***
Total pot 31200 Main pot 30720. Side pot 480. | Rake 0 
Board [8c 3h 9s 2c Kd]
Seat 1: Morava05 showed [Kh Jd] and won (31200) with a pair of Kings
Seat 2: Squall40 folded before Flop (didn't bet)
Seat 3: triverson9 showed [Th 7h] and lost with high card King
Seat 6: Miri11112 (button) showed [Qd As] and lost with high card Ace
Seat 7: Mahu2021 (small blind) folded before Flop
Seat 8: BoomZuzis (big blind) folded before Flop



PokerStars Hand #253613460813: Tournament #3827888478, $1.40+$0.10 USD Hold'em No Limit - Level V (200/400) - 2024/11/28 21:19:25 CET [2024/11/28 15:19:25 ET]
Table '3827888478 29' 8-max Seat #7 is the button
Seat 1: Morava05 (34909 in chips) 
Seat 2: Squall40 (5085 in chips) 
Seat 3: ballista1 (9880 in chips) 
Seat 4: dandinamo (9930 in chips) 
Seat 5: Bubble16348 (19565 in chips) 
Seat 7: Mahu2021 (9050 in chips) 
Seat 8: BoomZuzis (62201 in chips) 
Morava05: posts the ante 40
Squall40: posts the ante 40
ballista1: posts the ante 40
dandinamo: posts the ante 40
Bubble16348: posts the ante 40
Mahu2021: posts the ante 40
BoomZuzis: posts the ante 40
BoomZuzis: posts small blind 200
Morava05: posts big blind 400
*** HOLE CARDS ***
Dealt to Mahu2021 [As Qd]
Squall40: raises 400 to 800
ballista1: folds 
dandinamo: folds 
Bubble16348 has timed out
Bubble16348: folds 
Bubble16348 is sitting out
Mahu2021: calls 800
BoomZuzis: calls 600
Bubble16348 has returned
Morava05: calls 400
*** FLOP *** [6d 2h 5h]
BoomZuzis: checks 
Morava05: bets 400
Squall40: raises 3845 to 4245 and is all-in
Mahu2021: folds 
BoomZuzis: folds 
Morava05: calls 3845
*** TURN *** [6d 2h 5h] [Jc]
*** RIVER *** [6d 2h 5h Jc] [Th]
*** SHOW DOWN ***
Morava05: shows [3s 2c] (a pair of Deuces)
Squall40: shows [5d Ac] (a pair of Fives)
Squall40 collected 11970 from pot
*** SUMMARY ***
Total pot 11970 | Rake 0 
Board [6d 2h 5h Jc Th]
Seat 1: Morava05 (big blind) showed [3s 2c] and lost with a pair of Deuces
Seat 2: Squall40 showed [5d Ac] and won (11970) with a pair of Fives
Seat 3: ballista1 folded before Flop (didn't bet)
Seat 4: dandinamo folded before Flop (didn't bet)
Seat 5: Bubble16348 folded before Flop (didn't bet)
Seat 7: Mahu2021 (button) folded on the Flop
Seat 8: BoomZuzis (small blind) folded on the Flop



PokerStars Hand #253613480831: Tournament #3827888478, $1.40+$0.10 USD Hold'em No Limit - Level VI (250/500) - 2024/11/28 21:20:39 CET [2024/11/28 15:20:39 ET]
Table '3827888478 29' 8-max Seat #8 is the button
Seat 1: Morava05 (29824 in chips) 
Seat 2: Squall40 (11970 in chips) 
Seat 3: ballista1 (9840 in chips) 
Seat 4: dandinamo (9890 in chips) 
Seat 5: Bubble16348 (19525 in chips) 
Seat 6: jcarr420 (10000 in chips) 
Seat 7: Mahu2021 (8210 in chips) 
Seat 8: BoomZuzis (61361 in chips) 
Morava05: posts the ante 50
Squall40: posts the ante 50
ballista1: posts the ante 50
dandinamo: posts the ante 50
Bubble16348: posts the ante 50
jcarr420: posts the ante 50
Mahu2021: posts the ante 50
BoomZuzis: posts the ante 50
Morava05: posts small blind 250
Squall40: posts big blind 500
*** HOLE CARDS ***
Dealt to Mahu2021 [3c 6h]
ballista1: calls 500
dandinamo: folds 
Bubble16348: folds 
jcarr420: raises 1500 to 2000
Mahu2021: folds 
BoomZuzis: calls 2000
Morava05: folds 
Squall40: calls 1500
ballista1: raises 7790 to 9790 and is all-in
jcarr420: raises 160 to 9950 and is all-in
BoomZuzis: folds 
Squall40: folds 
Uncalled bet (160) returned to jcarr420
*** FLOP *** [3h 3d Kd]
*** TURN *** [3h 3d Kd] [3s]
*** RIVER *** [3h 3d Kd 3s] [Ts]
*** SHOW DOWN ***
ballista1: shows [8d 8s] (a full house, Threes full of Eights)
jcarr420: shows [Qh Ks] (a full house, Threes full of Kings)
jcarr420 collected 24230 from pot
ballista1 finished the tournament
*** SUMMARY ***
Total pot 24230 | Rake 0 
Board [3h 3d Kd 3s Ts]
Seat 1: Morava05 (small blind) folded before Flop
Seat 2: Squall40 (big blind) folded before Flop
Seat 3: ballista1 showed [8d 8s] and lost with a full house, Threes full of Eights
Seat 4: dandinamo folded before Flop (didn't bet)
Seat 5: Bubble16348 folded before Flop (didn't bet)
Seat 6: jcarr420 showed [Qh Ks] and won (24230) with a full house, Threes full of Kings
Seat 7: Mahu2021 folded before Flop (didn't bet)
Seat 8: BoomZuzis (button) folded before Flop



PokerStars Hand #253613490022: Tournament #3827888478, $1.40+$0.10 USD Hold'em No Limit - Level VI (250/500) - 2024/11/28 21:21:13 CET [2024/11/28 15:21:13 ET]
Table '3827888478 29' 8-max Seat #1 is the button
Seat 1: Morava05 (29524 in chips) 
Seat 2: Squall40 (9920 in chips) 
Seat 4: dandinamo (9840 in chips) 
Seat 5: Bubble16348 (19475 in chips) 
Seat 6: jcarr420 (24390 in chips) 
Seat 7: Mahu2021 (8160 in chips) 
Seat 8: BoomZuzis (59311 in chips) 
Morava05: posts the ante 50
Squall40: posts the ante 50
dandinamo: posts the ante 50
Bubble16348: posts the ante 50
jcarr420: posts the ante 50
Mahu2021: posts the ante 50
BoomZuzis: posts the ante 50
Squall40: posts small blind 250
dandinamo: posts big blind 500
*** HOLE CARDS ***
Dealt to Mahu2021 [7d Td]
RNGadmin is disconnected 
Bubble16348: folds 
jcarr420: folds 
Mahu2021: folds 
BoomZuzis: folds 
Morava05: calls 500
Squall40: calls 250
dandinamo: raises 9290 to 9790 and is all-in
Morava05: calls 9290
Squall40: folds 
*** FLOP *** [7c Ac Tc]
*** TURN *** [7c Ac Tc] [As]
*** RIVER *** [7c Ac Tc As] [Th]
*** SHOW DOWN ***
dandinamo: shows [9h 2h] (two pair, Aces and Tens)
Morava05: shows [8s 7s] (two pair, Aces and Tens - lower kicker)
dandinamo collected 20430 from pot
*** SUMMARY ***
Total pot 20430 | Rake 0 
Board [7c Ac Tc As Th]
Seat 1: Morava05 (button) showed [8s 7s] and lost with two pair, Aces and Tens
Seat 2: Squall40 (small blind) folded before Flop
Seat 4: dandinamo (big blind) showed [9h 2h] and won (20430) with two pair, Aces and Tens
Seat 5: Bubble16348 folded before Flop (didn't bet)
Seat 6: jcarr420 folded before Flop (didn't bet)
Seat 7: Mahu2021 folded before Flop (didn't bet)
Seat 8: BoomZuzis folded before Flop (didn't bet)



PokerStars Hand #253613500883: Tournament #3827888478, $1.40+$0.10 USD Hold'em No Limit - Level VI (250/500) - 2024/11/28 21:21:53 CET [2024/11/28 15:21:53 ET]
Table '3827888478 29' 8-max Seat #2 is the button
Seat 1: Morava05 (19684 in chips) 
Seat 2: Squall40 (9370 in chips) 
Seat 3: RNGadmin (10000 in chips) out of hand (moved from another table into small blind)
Seat 4: dandinamo (20430 in chips) 
Seat 5: Bubble16348 (19425 in chips) 
Seat 6: jcarr420 (24340 in chips) 
Seat 7: Mahu2021 (8110 in chips) 
Seat 8: BoomZuzis (59261 in chips) 
RNGadmin will be allowed to play after the button
Morava05: posts the ante 50
Squall40: posts the ante 50
dandinamo: posts the ante 50
Bubble16348: posts the ante 50
jcarr420: posts the ante 50
Mahu2021: posts the ante 50
BoomZuzis: posts the ante 50
dandinamo: posts small blind 250
Bubble16348: posts big blind 500
*** HOLE CARDS ***
Dealt to Mahu2021 [Qc 4s]
jcarr420: raises 1000 to 1500
Mahu2021: folds 
BoomZuzis: calls 1500
Morava05: folds 
Squall40: folds 
dandinamo: folds 
Bubble16348: calls 1000
*** FLOP *** [Ah Ac 2c]
Bubble16348: checks 
jcarr420: checks 
BoomZuzis: bets 500
Bubble16348: raises 3050 to 3550
jcarr420: folds 
BoomZuzis: folds [7s 7d]
Uncalled bet (3050) returned to Bubble16348
Bubble16348 collected 6100 from pot
Bubble16348: doesn't show hand 
*** SUMMARY ***
Total pot 6100 | Rake 0 
Board [Ah Ac 2c]
Seat 1: Morava05 folded before Flop (didn't bet)
Seat 2: Squall40 (button) folded before Flop (didn't bet)
Seat 4: dandinamo (small blind) folded before Flop
Seat 5: Bubble16348 (big blind) collected (6100)
Seat 6: jcarr420 folded on the Flop
Seat 7: Mahu2021 folded before Flop (didn't bet)
Seat 8: BoomZuzis folded on the Flop



PokerStars Hand #253613520250: Tournament #3827888478, $1.40+$0.10 USD Hold'em No Limit - Level VII (300/600) - 2024/11/28 21:23:06 CET [2024/11/28 15:23:06 ET]
Table '3827888478 29' 8-max Seat #4 is the button
Seat 1: Morava05 (19634 in chips) 
Seat 2: Squall40 (9320 in chips) 
Seat 3: RNGadmin (10000 in chips) 
Seat 4: dandinamo (20130 in chips) 
Seat 5: Bubble16348 (23475 in chips) 
Seat 6: jcarr420 (22790 in chips) 
Seat 7: Mahu2021 (8060 in chips) 
Seat 8: BoomZuzis (57211 in chips) 
Morava05: posts the ante 60
Squall40: posts the ante 60
RNGadmin: posts the ante 60
dandinamo: posts the ante 60
Bubble16348: posts the ante 60
jcarr420: posts the ante 60
Mahu2021: posts the ante 60
BoomZuzis: posts the ante 60
Bubble16348: posts small blind 300
jcarr420: posts big blind 600
*** HOLE CARDS ***
Dealt to Mahu2021 [5s 2h]
Mahu2021: folds 
BoomZuzis: folds 
Morava05: folds 
Squall40: raises 600 to 1200
RNGadmin: folds 
dandinamo: folds 
Bubble16348: calls 900
jcarr420: calls 600
*** FLOP *** [Kh 8s Qs]
Bubble16348: checks 
jcarr420: checks 
Squall40: checks 
*** TURN *** [Kh 8s Qs] [4c]
Bubble16348: bets 1200
jcarr420: calls 1200
Squall40: calls 1200
*** RIVER *** [Kh 8s Qs 4c] [Tc]
Bubble16348: bets 21015 and is all-in
jcarr420: folds 
Squall40: folds [Ts As]
Uncalled bet (21015) returned to Bubble16348
Bubble16348 collected 7680 from pot
Bubble16348: doesn't show hand 
*** SUMMARY ***
Total pot 7680 | Rake 0 
Board [Kh 8s Qs 4c Tc]
Seat 1: Morava05 folded before Flop (didn't bet)
Seat 2: Squall40 folded on the River
Seat 3: RNGadmin folded before Flop (didn't bet)
Seat 4: dandinamo (button) folded before Flop (didn't bet)
Seat 5: Bubble16348 (small blind) collected (7680)
Seat 6: jcarr420 (big blind) folded on the River
Seat 7: Mahu2021 folded before Flop (didn't bet)
Seat 8: BoomZuzis folded before Flop (didn't bet)



PokerStars Hand #253613538205: Tournament #3827888478, $1.40+$0.10 USD Hold'em No Limit - Level VII (300/600) - 2024/11/28 21:24:13 CET [2024/11/28 15:24:13 ET]
Table '3827888478 29' 8-max Seat #5 is the button
Seat 1: Morava05 (19574 in chips) 
Seat 2: Squall40 (6860 in chips) 
Seat 3: RNGadmin (9940 in chips) 
Seat 4: dandinamo (20070 in chips) 
Seat 5: Bubble16348 (28695 in chips) 
Seat 6: jcarr420 (20330 in chips) 
Seat 7: Mahu2021 (8000 in chips) 
Seat 8: BoomZuzis (57151 in chips) 
Morava05: posts the ante 60
Squall40: posts the ante 60
RNGadmin: posts the ante 60
dandinamo: posts the ante 60
Bubble16348: posts the ante 60
jcarr420: posts the ante 60
Mahu2021: posts the ante 60
BoomZuzis: posts the ante 60
jcarr420: posts small blind 300
Mahu2021: posts big blind 600
*** HOLE CARDS ***
Dealt to Mahu2021 [Jh 3s]
BoomZuzis: folds 
Morava05: calls 600
Squall40: calls 600
RNGadmin: folds 
dandinamo: calls 600
Bubble16348: folds 
jcarr420: calls 300
Mahu2021: checks 
*** FLOP *** [2d 6d Qc]
jcarr420: checks 
Mahu2021: checks 
Morava05: bets 1200
Squall40: calls 1200
dandinamo: calls 1200
jcarr420: calls 1200
Mahu2021: folds 
*** TURN *** [2d 6d Qc] [Jc]
jcarr420: checks 
Morava05: checks 
Squall40: checks 
dandinamo: checks 
*** RIVER *** [2d 6d Qc Jc] [Ad]
jcarr420: bets 7080
Morava05: calls 7080
Squall40: calls 5000 and is all-in
dandinamo: folds 
*** SHOW DOWN ***
jcarr420: shows [4d 8d] (a flush, Ace high)
Morava05: mucks hand 
jcarr420 collected 4160 from side pot
Squall40: mucks hand 
jcarr420 collected 23280 from main pot
Squall40 finished the tournament
*** SUMMARY ***
Total pot 27440 Main pot 23280. Side pot 4160. | Rake 0 
Board [2d 6d Qc Jc Ad]
Seat 1: Morava05 mucked [8h Ah]
Seat 2: Squall40 mucked [7d As]
Seat 3: RNGadmin folded before Flop (didn't bet)
Seat 4: dandinamo folded on the River
Seat 5: Bubble16348 (button) folded before Flop (didn't bet)
Seat 6: jcarr420 (small blind) showed [4d 8d] and won (27440) with a flush, Ace high
Seat 7: Mahu2021 (big blind) folded on the Flop
Seat 8: BoomZuzis folded before Flop (didn't bet)



PokerStars Hand #253613561385: Tournament #3827888478, $1.40+$0.10 USD Hold'em No Limit - Level VII (300/600) - 2024/11/28 21:25:40 CET [2024/11/28 15:25:40 ET]
Table '3827888478 29' 8-max Seat #6 is the button
Seat 1: Morava05 (10634 in chips) 
Seat 3: RNGadmin (9880 in chips) 
Seat 4: dandinamo (18210 in chips) 
Seat 5: Bubble16348 (28635 in chips) 
Seat 6: jcarr420 (38830 in chips) 
Seat 7: Mahu2021 (7340 in chips) 
Seat 8: BoomZuzis (57091 in chips) 
Morava05: posts the ante 60
RNGadmin: posts the ante 60
dandinamo: posts the ante 60
Bubble16348: posts the ante 60
jcarr420: posts the ante 60
Mahu2021: posts the ante 60
BoomZuzis: posts the ante 60
Mahu2021: posts small blind 300
BoomZuzis: posts big blind 600
*** HOLE CARDS ***
Dealt to Mahu2021 [7h Ah]
Morava05: calls 600
RNGadmin: folds 
dandinamo: folds 
Bubble16348: folds 
jcarr420: raises 1800 to 2400
Mahu2021: calls 2100
BoomZuzis: folds 
Morava05: calls 1800
*** FLOP *** [Jh Ad 4h]
Mahu2021: bets 4880 and is all-in
Morava05: folds 
jcarr420: calls 4880
*** TURN *** [Jh Ad 4h] [6d]
*** RIVER *** [Jh Ad 4h 6d] [Ac]
*** SHOW DOWN ***
Mahu2021: shows [7h Ah] (three of a kind, Aces)
jcarr420: shows [3h 3d] (two pair, Aces and Threes)
Mahu2021 collected 17980 from pot
*** SUMMARY ***
Total pot 17980 | Rake 0 
Board [Jh Ad 4h 6d Ac]
Seat 1: Morava05 folded on the Flop
Seat 3: RNGadmin folded before Flop (didn't bet)
Seat 4: dandinamo folded before Flop (didn't bet)
Seat 5: Bubble16348 folded before Flop (didn't bet)
Seat 6: jcarr420 (button) showed [3h 3d] and lost with two pair, Aces and Threes
Seat 7: Mahu2021 (small blind) showed [7h Ah] and won (17980) with three of a kind, Aces
Seat 8: BoomZuzis (big blind) folded before Flop



PokerStars Hand #253613575355: Tournament #3827888478, $1.40+$0.10 USD Hold'em No Limit - Level VIII (350/700) - 2024/11/28 21:26:33 CET [2024/11/28 15:26:33 ET]
Table '3827888478 29' 8-max Seat #7 is the button
Seat 1: Morava05 (8174 in chips) 
Seat 2: Il Caro (10000 in chips) 
Seat 3: RNGadmin (9820 in chips) 
Seat 4: dandinamo (18150 in chips) 
Seat 5: Bubble16348 (28575 in chips) 
Seat 6: jcarr420 (31490 in chips) 
Seat 7: Mahu2021 (17980 in chips) 
Seat 8: BoomZuzis (56431 in chips) 
Morava05: posts the ante 70
Il Caro: posts the ante 70
RNGadmin: posts the ante 70
dandinamo: posts the ante 70
Bubble16348: posts the ante 70
jcarr420: posts the ante 70
Mahu2021: posts the ante 70
BoomZuzis: posts the ante 70
BoomZuzis: posts small blind 350
Morava05: posts big blind 700
*** HOLE CARDS ***
Dealt to Mahu2021 [2d 7d]
Il Caro: folds 
RNGadmin: raises 700 to 1400
dandinamo: folds 
Bubble16348: raises 1400 to 2800
jcarr420: calls 2800
Mahu2021: folds 
BoomZuzis: folds 
Morava05: calls 2100
RNGadmin: calls 1400
*** FLOP *** [Ks 6d Qd]
Morava05: checks 
RNGadmin: checks 
Bubble16348: bets 25705 and is all-in
jcarr420: folds 
Morava05: folds 
RNGadmin: folds 
Uncalled bet (25705) returned to Bubble16348
Bubble16348 collected 12110 from pot
Bubble16348: doesn't show hand 
*** SUMMARY ***
Total pot 12110 | Rake 0 
Board [Ks 6d Qd]
Seat 1: Morava05 (big blind) folded on the Flop
Seat 2: Il Caro folded before Flop (didn't bet)
Seat 3: RNGadmin folded on the Flop
Seat 4: dandinamo folded before Flop (didn't bet)
Seat 5: Bubble16348 collected (12110)
Seat 6: jcarr420 folded on the Flop
Seat 7: Mahu2021 (button) folded before Flop (didn't bet)
Seat 8: BoomZuzis (small blind) folded before Flop



PokerStars Hand #253613597505: Tournament #3827888478, $1.40+$0.10 USD Hold'em No Limit - Level VIII (350/700) - 2024/11/28 21:27:57 CET [2024/11/28 15:27:57 ET]
Table '3827888478 29' 8-max Seat #8 is the button
Seat 1: Morava05 (5304 in chips) 
Seat 2: Il Caro (9930 in chips) 
Seat 3: RNGadmin (6950 in chips) 
Seat 4: dandinamo (18080 in chips) 
Seat 5: Bubble16348 (37815 in chips) 
Seat 6: jcarr420 (28620 in chips) 
Seat 7: Mahu2021 (17910 in chips) 
Seat 8: BoomZuzis (56011 in chips) 
Morava05: posts the ante 70
Il Caro: posts the ante 70
RNGadmin: posts the ante 70
dandinamo: posts the ante 70
Bubble16348: posts the ante 70
jcarr420: posts the ante 70
Mahu2021: posts the ante 70
BoomZuzis: posts the ante 70
Morava05: posts small blind 350
Il Caro: posts big blind 700
*** HOLE CARDS ***
Dealt to Mahu2021 [5c 6s]
RNGadmin: folds 
dandinamo: folds 
Bubble16348: raises 1400 to 2100
jcarr420: folds 
Mahu2021: folds 
BoomZuzis: folds 
Morava05: folds 
Il Caro: calls 1400
*** FLOP *** [As 6c 7d]
Il Caro: checks 
Bubble16348: checks 
*** TURN *** [As 6c 7d] [Jh]
Il Caro: bets 2555
Bubble16348: raises 33090 to 35645 and is all-in
Il Caro: folds 
Uncalled bet (33090) returned to Bubble16348
Bubble16348 collected 10220 from pot
Bubble16348: doesn't show hand 
*** SUMMARY ***
Total pot 10220 | Rake 0 
Board [As 6c 7d Jh]
Seat 1: Morava05 (small blind) folded before Flop
Seat 2: Il Caro (big blind) folded on the Turn
Seat 3: RNGadmin folded before Flop (didn't bet)
Seat 4: dandinamo folded before Flop (didn't bet)
Seat 5: Bubble16348 collected (10220)
Seat 6: jcarr420 folded before Flop (didn't bet)
Seat 7: Mahu2021 folded before Flop (didn't bet)
Seat 8: BoomZuzis (button) folded before Flop (didn't bet)



PokerStars Hand #253613610204: Tournament #3827888478, $1.40+$0.10 USD Hold'em No Limit - Level VIII (350/700) - 2024/11/28 21:28:44 CET [2024/11/28 15:28:44 ET]
Table '3827888478 29' 8-max Seat #1 is the button
Seat 1: Morava05 (4884 in chips) 
Seat 2: Il Caro (5205 in chips) 
Seat 3: RNGadmin (6880 in chips) 
Seat 4: dandinamo (18010 in chips) 
Seat 5: Bubble16348 (43310 in chips) 
Seat 6: jcarr420 (28550 in chips) 
Seat 7: Mahu2021 (17840 in chips) 
Seat 8: BoomZuzis (55941 in chips) 
Morava05: posts the ante 70
Il Caro: posts the ante 70
RNGadmin: posts the ante 70
dandinamo: posts the ante 70
Bubble16348: posts the ante 70
jcarr420: posts the ante 70
Mahu2021: posts the ante 70
BoomZuzis: posts the ante 70
Il Caro: posts small blind 350
RNGadmin: posts big blind 700
*** HOLE CARDS ***
Dealt to Mahu2021 [3d Jh]
dandinamo: calls 700
Bubble16348: folds 
jcarr420 is disconnected 
jcarr420 has timed out while being disconnected
jcarr420: folds 
jcarr420 is sitting out
Mahu2021: folds 
BoomZuzis: calls 700
Morava05: calls 700
Il Caro: calls 350
RNGadmin: raises 6110 to 6810 and is all-in
dandinamo: calls 6110
jcarr420 is disconnected 
BoomZuzis: calls 6110
jcarr420 has returned
Morava05: calls 4114 and is all-in
Il Caro: folds 
*** FLOP *** [Ts 4d Js]
dandinamo: checks 
BoomZuzis: bets 49061 and is all-in
dandinamo: folds 
Uncalled bet (49061) returned to BoomZuzis
*** TURN *** [Ts 4d Js] [Ks]
*** RIVER *** [Ts 4d Js Ks] [Kh]
*** SHOW DOWN ***
RNGadmin: shows [Ad As] (two pair, Aces and Kings)
BoomZuzis: shows [9h Th] (two pair, Kings and Tens)
RNGadmin collected 5988 from side pot
Morava05: shows [7s 7c] (two pair, Kings and Sevens)
RNGadmin collected 20516 from main pot
Morava05 finished the tournament
*** SUMMARY ***
Total pot 26504 Main pot 20516. Side pot 5988. | Rake 0 
Board [Ts 4d Js Ks Kh]
Seat 1: Morava05 (button) showed [7s 7c] and lost with two pair, Kings and Sevens
Seat 2: Il Caro (small blind) folded before Flop
Seat 3: RNGadmin (big blind) showed [Ad As] and won (26504) with two pair, Aces and Kings
Seat 4: dandinamo folded on the Flop
Seat 5: Bubble16348 folded before Flop (didn't bet)
Seat 6: jcarr420 folded before Flop (didn't bet)
Seat 7: Mahu2021 folded before Flop (didn't bet)
Seat 8: BoomZuzis showed [9h Th] and lost with two pair, Kings and Tens



PokerStars Hand #253613641356: Tournament #3827888478, $1.40+$0.10 USD Hold'em No Limit - Level IX (400/800) - 2024/11/28 21:30:41 CET [2024/11/28 15:30:41 ET]
Table '3827888478 29' 8-max Seat #2 is the button
Seat 2: Il Caro (4435 in chips) 
Seat 3: RNGadmin (26504 in chips) 
Seat 4: dandinamo (11130 in chips) 
Seat 5: Bubble16348 (43240 in chips) 
Seat 6: jcarr420 (28480 in chips) 
Seat 7: Mahu2021 (17770 in chips) 
Seat 8: BoomZuzis (49061 in chips) 
Il Caro: posts the ante 80
RNGadmin: posts the ante 80
dandinamo: posts the ante 80
Bubble16348: posts the ante 80
jcarr420: posts the ante 80
Mahu2021: posts the ante 80
BoomZuzis: posts the ante 80
RNGadmin: posts small blind 400
dandinamo: posts big blind 800
*** HOLE CARDS ***
Dealt to Mahu2021 [Td Tc]
Bubble16348: folds 
jcarr420: raises 27600 to 28400 and is all-in
Mahu2021: folds 
BoomZuzis: folds 
Il Caro: folds 
RNGadmin: folds 
dandinamo: folds 
Uncalled bet (27600) returned to jcarr420
jcarr420 collected 2560 from pot
*** SUMMARY ***
Total pot 2560 | Rake 0 
Seat 2: Il Caro (button) folded before Flop (didn't bet)
Seat 3: RNGadmin (small blind) folded before Flop
Seat 4: dandinamo (big blind) folded before Flop
Seat 5: Bubble16348 folded before Flop (didn't bet)
Seat 6: jcarr420 collected (2560)
Seat 7: Mahu2021 folded before Flop (didn't bet)
Seat 8: BoomZuzis folded before Flop (didn't bet)



PokerStars Hand #253613646032: Tournament #3827888478, $1.40+$0.10 USD Hold'em No Limit - Level IX (400/800) - 2024/11/28 21:30:59 CET [2024/11/28 15:30:59 ET]
Table '3827888478 29' 8-max Seat #3 is the button
Seat 2: Il Caro (4355 in chips) 
Seat 3: RNGadmin (26024 in chips) 
Seat 4: dandinamo (10250 in chips) 
Seat 5: Bubble16348 (43160 in chips) 
Seat 6: jcarr420 (30160 in chips) 
Seat 7: Mahu2021 (17690 in chips) 
Seat 8: BoomZuzis (48981 in chips) 
Il Caro: posts the ante 80
RNGadmin: posts the ante 80
dandinamo: posts the ante 80
Bubble16348: posts the ante 80
jcarr420: posts the ante 80
Mahu2021: posts the ante 80
BoomZuzis: posts the ante 80
dandinamo: posts small blind 400
Bubble16348: posts big blind 800
*** HOLE CARDS ***
Dealt to Mahu2021 [7d Qc]
jcarr420: raises 29280 to 30080 and is all-in
Mahu2021: folds 
BoomZuzis: folds 
Il Caro: folds 
RNGadmin: folds 
dandinamo: calls 9770 and is all-in
Bubble16348: folds 
Uncalled bet (19910) returned to jcarr420
*** FLOP *** [8c 9c Ac]
*** TURN *** [8c 9c Ac] [Kh]
*** RIVER *** [8c 9c Ac Kh] [7h]
*** SHOW DOWN ***
dandinamo: shows [8h Ah] (two pair, Aces and Eights)
jcarr420: shows [5h Qs] (high card Ace)
dandinamo collected 21700 from pot
*** SUMMARY ***
Total pot 21700 | Rake 0 
Board [8c 9c Ac Kh 7h]
Seat 2: Il Caro folded before Flop (didn't bet)
Seat 3: RNGadmin (button) folded before Flop (didn't bet)
Seat 4: dandinamo (small blind) showed [8h Ah] and won (21700) with two pair, Aces and Eights
Seat 5: Bubble16348 (big blind) folded before Flop
Seat 6: jcarr420 showed [5h Qs] and lost with high card Ace
Seat 7: Mahu2021 folded before Flop (didn't bet)
Seat 8: BoomZuzis folded before Flop (didn't bet)



PokerStars Hand #253613653587: Tournament #3827888478, $1.40+$0.10 USD Hold'em No Limit - Level IX (400/800) - 2024/11/28 21:31:27 CET [2024/11/28 15:31:27 ET]
Table '3827888478 29' 8-max Seat #4 is the button
Seat 2: Il Caro (4275 in chips) 
Seat 3: RNGadmin (25944 in chips) 
Seat 4: dandinamo (21700 in chips) 
Seat 5: Bubble16348 (42280 in chips) 
Seat 6: jcarr420 (19910 in chips) 
Seat 7: Mahu2021 (17610 in chips) 
Seat 8: BoomZuzis (48901 in chips) 
Il Caro: posts the ante 80
RNGadmin: posts the ante 80
dandinamo: posts the ante 80
Bubble16348: posts the ante 80
jcarr420: posts the ante 80
Mahu2021: posts the ante 80
BoomZuzis: posts the ante 80
Bubble16348: posts small blind 400
jcarr420: posts big blind 800
*** HOLE CARDS ***
Dealt to Mahu2021 [9d 3c]
Mahu2021: folds 
BoomZuzis: folds 
Il Caro: folds 
RNGadmin: folds 
dandinamo: calls 800
Bubble16348: calls 400
jcarr420: raises 19030 to 19830 and is all-in
dandinamo: folds 
Bubble16348: calls 19030
*** FLOP *** [5c 9s Jc]
*** TURN *** [5c 9s Jc] [7c]
*** RIVER *** [5c 9s Jc 7c] [2s]
*** SHOW DOWN ***
Bubble16348: shows [Th 9c] (a pair of Nines)
jcarr420: shows [As Jd] (a pair of Jacks)
jcarr420 collected 41020 from pot
*** SUMMARY ***
Total pot 41020 | Rake 0 
Board [5c 9s Jc 7c 2s]
Seat 2: Il Caro folded before Flop (didn't bet)
Seat 3: RNGadmin folded before Flop (didn't bet)
Seat 4: dandinamo (button) folded before Flop
Seat 5: Bubble16348 (small blind) showed [Th 9c] and lost with a pair of Nines
Seat 6: jcarr420 (big blind) showed [As Jd] and won (41020) with a pair of Jacks
Seat 7: Mahu2021 folded before Flop (didn't bet)
Seat 8: BoomZuzis folded before Flop (didn't bet)



PokerStars Hand #253613662320: Tournament #3827888478, $1.40+$0.10 USD Hold'em No Limit - Level IX (400/800) - 2024/11/28 21:32:01 CET [2024/11/28 15:32:01 ET]
Table '3827888478 29' 8-max Seat #5 is the button
Seat 1: professore_z (12256 in chips) 
Seat 2: Il Caro (4195 in chips) 
Seat 3: RNGadmin (25864 in chips) 
Seat 4: dandinamo (20820 in chips) 
Seat 5: Bubble16348 (22370 in chips) 
Seat 6: jcarr420 (41020 in chips) 
Seat 7: Mahu2021 (17530 in chips) 
Seat 8: BoomZuzis (48821 in chips) 
professore_z: posts the ante 80
Il Caro: posts the ante 80
RNGadmin: posts the ante 80
dandinamo: posts the ante 80
Bubble16348: posts the ante 80
jcarr420: posts the ante 80
Mahu2021: posts the ante 80
BoomZuzis: posts the ante 80
jcarr420: posts small blind 400
Mahu2021: posts big blind 800
*** HOLE CARDS ***
Dealt to Mahu2021 [8h 9c]
BoomZuzis: calls 800
professore_z: folds 
Il Caro: raises 3315 to 4115 and is all-in
RNGadmin: folds 
dandinamo: folds 
Bubble16348: raises 18175 to 22290 and is all-in
jcarr420: folds 
Mahu2021: folds 
BoomZuzis: calls 21490
*** FLOP *** [Td Kd 6s]
*** TURN *** [Td Kd 6s] [Kh]
*** RIVER *** [Td Kd 6s Kh] [4h]
*** SHOW DOWN ***
BoomZuzis: shows [Qc Ts] (two pair, Kings and Tens)
Bubble16348: shows [Ad 3c] (a pair of Kings)
BoomZuzis collected 36350 from side pot
Il Caro: shows [Ks 3h] (three of a kind, Kings)
Il Caro collected 14185 from main pot
Bubble16348 finished the tournament in 201st place
*** SUMMARY ***
Total pot 50535 Main pot 14185. Side pot 36350. | Rake 0 
Board [Td Kd 6s Kh 4h]
Seat 1: professore_z folded before Flop (didn't bet)
Seat 2: Il Caro showed [Ks 3h] and won (14185) with three of a kind, Kings
Seat 3: RNGadmin folded before Flop (didn't bet)
Seat 4: dandinamo folded before Flop (didn't bet)
Seat 5: Bubble16348 (button) showed [Ad 3c] and lost with a pair of Kings
Seat 6: jcarr420 (small blind) folded before Flop
Seat 7: Mahu2021 (big blind) folded before Flop
Seat 8: BoomZuzis showed [Qc Ts] and won (36350) with two pair, Kings and Tens



PokerStars Hand #253613690592: Tournament #3827888478, $1.40+$0.10 USD Hold'em No Limit - Level X (500/1000) - 2024/11/28 21:33:47 CET [2024/11/28 15:33:47 ET]
Table '3827888478 12' 8-max Seat #1 is the button
Seat 1: Alfayed51 (24480 in chips) 
Seat 2: Loicledru15 (18805 in chips) 
Seat 3: freshcash7 (6035 in chips) 
Seat 4: me4pne (17360 in chips) 
Seat 5: LuckyMarck7 (21680 in chips) 
Seat 6: Mikson92 (21630 in chips) 
Seat 8: Mahu2021 (16650 in chips) 
Alfayed51: posts the ante 100
Loicledru15: posts the ante 100
freshcash7: posts the ante 100
me4pne: posts the ante 100
LuckyMarck7: posts the ante 100
Mikson92: posts the ante 100
Mahu2021: posts the ante 100
Loicledru15: posts small blind 500
freshcash7: posts big blind 1000
*** HOLE CARDS ***
Dealt to Mahu2021 [3s 8d]
me4pne: raises 3200 to 4200
LuckyMarck7: calls 4200
Mikson92: folds 
Mahu2021: folds 
Alfayed51: folds 
Loicledru15: folds 
freshcash7: folds 
*** FLOP *** [3c 2s Tc]
me4pne: bets 10600
LuckyMarck7: raises 6780 to 17380 and is all-in
me4pne: calls 2460 and is all-in
Uncalled bet (4320) returned to LuckyMarck7
*** TURN *** [3c 2s Tc] [2h]
*** RIVER *** [3c 2s Tc 2h] [9c]
*** SHOW DOWN ***
me4pne: shows [Kh Kd] (two pair, Kings and Deuces)
LuckyMarck7: shows [Kc Qd] (a pair of Deuces)
me4pne collected 36720 from pot
haymon23 is disconnected 
*** SUMMARY ***
Total pot 36720 | Rake 0 
Board [3c 2s Tc 2h 9c]
Seat 1: Alfayed51 (button) folded before Flop (didn't bet)
Seat 2: Loicledru15 (small blind) folded before Flop
Seat 3: freshcash7 (big blind) folded before Flop
Seat 4: me4pne showed [Kh Kd] and won (36720) with two pair, Kings and Deuces
Seat 5: LuckyMarck7 showed [Kc Qd] and lost with a pair of Deuces
Seat 6: Mikson92 folded before Flop (didn't bet)
Seat 8: Mahu2021 folded before Flop (didn't bet)



PokerStars Hand #253613698822: Tournament #3827888478, $1.40+$0.10 USD Hold'em No Limit - Level X (500/1000) - 2024/11/28 21:34:18 CET [2024/11/28 15:34:18 ET]
Table '3827888478 12' 8-max Seat #2 is the button
Seat 1: Alfayed51 (24380 in chips) 
Seat 2: Loicledru15 (18205 in chips) 
Seat 3: freshcash7 (4935 in chips) 
Seat 4: me4pne (36720 in chips) 
Seat 5: LuckyMarck7 (4320 in chips) 
Seat 6: Mikson92 (21530 in chips) 
Seat 7: haymon23 (44517 in chips) 
Seat 8: Mahu2021 (16550 in chips) 
Alfayed51: posts the ante 100
Loicledru15: posts the ante 100
freshcash7: posts the ante 100
me4pne: posts the ante 100
LuckyMarck7: posts the ante 100
Mikson92: posts the ante 100
haymon23: posts the ante 100
Mahu2021: posts the ante 100
freshcash7: posts small blind 500
me4pne: posts big blind 1000
*** HOLE CARDS ***
Dealt to Mahu2021 [2s 6s]
LuckyMarck7: folds 
Mikson92: raises 1100 to 2100
haymon23: folds 
Mahu2021: folds 
Alfayed51: folds 
Loicledru15: folds 
freshcash7: folds 
me4pne: calls 1100
*** FLOP *** [9c Qc Kd]
me4pne: bets 2750
Mikson92: calls 2750
*** TURN *** [9c Qc Kd] [7h]
me4pne: checks 
Mikson92: checks 
*** RIVER *** [9c Qc Kd 7h] [7c]
me4pne: bets 1000
Mikson92: folds 
Uncalled bet (1000) returned to me4pne
me4pne collected 11000 from pot
*** SUMMARY ***
Total pot 11000 | Rake 0 
Board [9c Qc Kd 7h 7c]
Seat 1: Alfayed51 folded before Flop (didn't bet)
Seat 2: Loicledru15 (button) folded before Flop (didn't bet)
Seat 3: freshcash7 (small blind) folded before Flop
Seat 4: me4pne (big blind) collected (11000)
Seat 5: LuckyMarck7 folded before Flop (didn't bet)
Seat 6: Mikson92 folded on the River
Seat 7: haymon23 folded before Flop (didn't bet)
Seat 8: Mahu2021 folded before Flop (didn't bet)



PokerStars Hand #253613710405: Tournament #3827888478, $1.40+$0.10 USD Hold'em No Limit - Level X (500/1000) - 2024/11/28 21:35:01 CET [2024/11/28 15:35:01 ET]
Table '3827888478 12' 8-max Seat #3 is the button
Seat 1: Alfayed51 (24280 in chips) 
Seat 2: Loicledru15 (18105 in chips) 
Seat 3: freshcash7 (4335 in chips) 
Seat 4: me4pne (42770 in chips) 
Seat 5: LuckyMarck7 (4220 in chips) 
Seat 6: Mikson92 (16580 in chips) 
Seat 7: haymon23 (44417 in chips) 
Seat 8: Mahu2021 (16450 in chips) 
Alfayed51: posts the ante 100
Loicledru15: posts the ante 100
freshcash7: posts the ante 100
me4pne: posts the ante 100
LuckyMarck7: posts the ante 100
Mikson92: posts the ante 100
haymon23: posts the ante 100
Mahu2021: posts the ante 100
me4pne: posts small blind 500
LuckyMarck7: posts big blind 1000
*** HOLE CARDS ***
Dealt to Mahu2021 [Kh 4s]
Mikson92: folds 
haymon23: folds 
Mahu2021: folds 
Alfayed51: folds 
Loicledru15: folds 
freshcash7: calls 1000
me4pne: raises 1000 to 2000
LuckyMarck7: folds 
freshcash7: calls 1000
*** FLOP *** [6c Kc Tc]
me4pne: bets 5800
freshcash7: folds 
Uncalled bet (5800) returned to me4pne
me4pne collected 5800 from pot
*** SUMMARY ***
Total pot 5800 | Rake 0 
Board [6c Kc Tc]
Seat 1: Alfayed51 folded before Flop (didn't bet)
Seat 2: Loicledru15 folded before Flop (didn't bet)
Seat 3: freshcash7 (button) folded on the Flop
Seat 4: me4pne (small blind) collected (5800)
Seat 5: LuckyMarck7 (big blind) folded before Flop
Seat 6: Mikson92 folded before Flop (didn't bet)
Seat 7: haymon23 folded before Flop (didn't bet)
Seat 8: Mahu2021 folded before Flop (didn't bet)



PokerStars Hand #253613717685: Tournament #3827888478, $1.40+$0.10 USD Hold'em No Limit - Level XI (600/1200) - 2024/11/28 21:35:29 CET [2024/11/28 15:35:29 ET]
Table '3827888478 12' 8-max Seat #4 is the button
Seat 1: Alfayed51 (24180 in chips) 
Seat 2: Loicledru15 (18005 in chips) 
Seat 3: freshcash7 (2235 in chips) 
Seat 4: me4pne (46470 in chips) 
Seat 5: LuckyMarck7 (3120 in chips) 
Seat 6: Mikson92 (16480 in chips) 
Seat 7: haymon23 (44317 in chips) 
Seat 8: Mahu2021 (16350 in chips) 
Alfayed51: posts the ante 120
Loicledru15: posts the ante 120
freshcash7: posts the ante 120
me4pne: posts the ante 120
LuckyMarck7: posts the ante 120
Mikson92: posts the ante 120
haymon23: posts the ante 120
Mahu2021: posts the ante 120
LuckyMarck7: posts small blind 600
Mikson92: posts big blind 1200
*** HOLE CARDS ***
Dealt to Mahu2021 [2c 5s]
haymon23: folds 
Mahu2021: folds 
Alfayed51: folds 
Loicledru15: raises 1200 to 2400
freshcash7: folds 
me4pne: calls 2400
LuckyMarck7: raises 600 to 3000 and is all-in
Mikson92: calls 1800
Loicledru15: calls 600
me4pne: calls 600
*** FLOP *** [7d 2h Tc]
Mikson92: checks 
Loicledru15: checks 
me4pne: checks 
*** TURN *** [7d 2h Tc] [8d]
Mikson92: checks 
Loicledru15: bets 5184
me4pne: folds 
Mikson92: folds 
Uncalled bet (5184) returned to Loicledru15
*** RIVER *** [7d 2h Tc 8d] [Qh]
*** SHOW DOWN ***
LuckyMarck7: shows [6h 7h] (a pair of Sevens)
Loicledru15: shows [Ac As] (a pair of Aces)
Loicledru15 collected 12960 from pot
LuckyMarck7 finished the tournament in 166th place
*** SUMMARY ***
Total pot 12960 | Rake 0 
Board [7d 2h Tc 8d Qh]
Seat 1: Alfayed51 folded before Flop (didn't bet)
Seat 2: Loicledru15 showed [Ac As] and won (12960) with a pair of Aces
Seat 3: freshcash7 folded before Flop (didn't bet)
Seat 4: me4pne (button) folded on the Turn
Seat 5: LuckyMarck7 (small blind) showed [6h 7h] and lost with a pair of Sevens
Seat 6: Mikson92 (big blind) folded on the Turn
Seat 7: haymon23 folded before Flop (didn't bet)
Seat 8: Mahu2021 folded before Flop (didn't bet)



PokerStars Hand #253613731245: Tournament #3827888478, $1.40+$0.10 USD Hold'em No Limit - Level XI (600/1200) - 2024/11/28 21:36:20 CET [2024/11/28 15:36:20 ET]
Table '3827888478 12' 8-max Seat #6 is the button
Seat 1: Alfayed51 (24060 in chips) 
Seat 2: Loicledru15 (27845 in chips) 
Seat 3: freshcash7 (2115 in chips) 
Seat 4: me4pne (43350 in chips) 
Seat 6: Mikson92 (13360 in chips) 
Seat 7: haymon23 (44197 in chips) 
Seat 8: Mahu2021 (16230 in chips) 
Alfayed51: posts the ante 120
Loicledru15: posts the ante 120
freshcash7: posts the ante 120
me4pne: posts the ante 120
Mikson92: posts the ante 120
haymon23: posts the ante 120
Mahu2021: posts the ante 120
haymon23: posts small blind 600
Mahu2021: posts big blind 1200
*** HOLE CARDS ***
Dealt to Mahu2021 [Jh 8c]
Alfayed51: folds 
Loicledru15: folds 
freshcash7: folds 
me4pne: calls 1200
Mikson92: folds 
haymon23: calls 600
Mahu2021: checks 
*** FLOP *** [Ad 9h 7d]
haymon23: checks 
Mahu2021: checks 
me4pne: bets 2220
DanLad7 is disconnected 
haymon23: folds 
Mahu2021: folds 
Uncalled bet (2220) returned to me4pne
me4pne collected 4440 from pot
*** SUMMARY ***
Total pot 4440 | Rake 0 
Board [Ad 9h 7d]
Seat 1: Alfayed51 folded before Flop (didn't bet)
Seat 2: Loicledru15 folded before Flop (didn't bet)
Seat 3: freshcash7 folded before Flop (didn't bet)
Seat 4: me4pne collected (4440)
Seat 6: Mikson92 (button) folded before Flop (didn't bet)
Seat 7: haymon23 (small blind) folded on the Flop
Seat 8: Mahu2021 (big blind) folded on the Flop



PokerStars Hand #253613743106: Tournament #3827888478, $1.40+$0.10 USD Hold'em No Limit - Level XI (600/1200) - 2024/11/28 21:37:04 CET [2024/11/28 15:37:04 ET]
Table '3827888478 12' 8-max Seat #7 is the button
Seat 1: Alfayed51 (23940 in chips) 
Seat 2: Loicledru15 (27725 in chips) 
Seat 3: freshcash7 (1995 in chips) 
Seat 4: me4pne (46470 in chips) 
Seat 5: DanLad7 (58865 in chips) 
Seat 6: Mikson92 (13240 in chips) 
Seat 7: haymon23 (42877 in chips) 
Seat 8: Mahu2021 (14910 in chips) 
Alfayed51: posts the ante 120
Loicledru15: posts the ante 120
freshcash7: posts the ante 120
me4pne: posts the ante 120
DanLad7: posts the ante 120
Mikson92: posts the ante 120
haymon23: posts the ante 120
Mahu2021: posts the ante 120
Mahu2021: posts small blind 600
Alfayed51: posts big blind 1200
*** HOLE CARDS ***
Dealt to Mahu2021 [3d 2h]
Loicledru15: folds 
freshcash7: raises 675 to 1875 and is all-in
me4pne: folds 
DanLad7 has timed out
DanLad7: folds 
DanLad7 is sitting out
Mikson92: folds 
haymon23: calls 1875
Mahu2021: folds 
DanLad7 has returned
Alfayed51: calls 675
*** FLOP *** [4s 7d Jd]
Alfayed51: checks 
haymon23: checks 
*** TURN *** [4s 7d Jd] [8d]
Alfayed51: checks 
haymon23: bets 2400
Alfayed51: folds 
Uncalled bet (2400) returned to haymon23
*** RIVER *** [4s 7d Jd 8d] [3c]
*** SHOW DOWN ***
freshcash7: shows [Qd 5d] (a flush, Queen high)
haymon23: shows [9d Th] (a straight, Seven to Jack)
freshcash7 collected 7185 from pot
*** SUMMARY ***
Total pot 7185 | Rake 0 
Board [4s 7d Jd 8d 3c]
Seat 1: Alfayed51 (big blind) folded on the Turn
Seat 2: Loicledru15 folded before Flop (didn't bet)
Seat 3: freshcash7 showed [Qd 5d] and won (7185) with a flush, Queen high
Seat 4: me4pne folded before Flop (didn't bet)
Seat 5: DanLad7 folded before Flop (didn't bet)
Seat 6: Mikson92 folded before Flop (didn't bet)
Seat 7: haymon23 (button) showed [9d Th] and lost with a straight, Seven to Jack
Seat 8: Mahu2021 (small blind) folded before Flop



PokerStars Hand #253613761504: Tournament #3827888478, $1.40+$0.10 USD Hold'em No Limit - Level XII (800/1600) - 2024/11/28 21:38:14 CET [2024/11/28 15:38:14 ET]
Table '3827888478 12' 8-max Seat #8 is the button
Seat 1: Alfayed51 (21945 in chips) 
Seat 2: Loicledru15 (27605 in chips) 
Seat 3: freshcash7 (7185 in chips) 
Seat 4: me4pne (46350 in chips) 
Seat 5: DanLad7 (58745 in chips) 
Seat 6: Mikson92 (13120 in chips) 
Seat 7: haymon23 (40882 in chips) 
Seat 8: Mahu2021 (14190 in chips) 
Alfayed51: posts the ante 160
Loicledru15: posts the ante 160
freshcash7: posts the ante 160
me4pne: posts the ante 160
DanLad7: posts the ante 160
Mikson92: posts the ante 160
haymon23: posts the ante 160
Mahu2021: posts the ante 160
Alfayed51: posts small blind 800
Loicledru15: posts big blind 1600
*** HOLE CARDS ***
Dealt to Mahu2021 [Jh 6h]
freshcash7: folds 
me4pne: calls 1600
DanLad7: raises 4800 to 6400
Mikson92: folds 
haymon23: folds 
Mahu2021: folds 
Alfayed51: folds 
Loicledru15: raises 21045 to 27445 and is all-in
me4pne: folds 
DanLad7: calls 21045
*** FLOP *** [Ts 4c 2h]
*** TURN *** [Ts 4c 2h] [8c]
*** RIVER *** [Ts 4c 2h 8c] [Js]
*** SHOW DOWN ***
Loicledru15: shows [As Kh] (high card Ace)
DanLad7: shows [Qc Ac] (high card Ace - lower kicker)
Loicledru15 collected 58570 from pot
*** SUMMARY ***
Total pot 58570 | Rake 0 
Board [Ts 4c 2h 8c Js]
Seat 1: Alfayed51 (small blind) folded before Flop
Seat 2: Loicledru15 (big blind) showed [As Kh] and won (58570) with high card Ace
Seat 3: freshcash7 folded before Flop (didn't bet)
Seat 4: me4pne folded before Flop
Seat 5: DanLad7 showed [Qc Ac] and lost with high card Ace
Seat 6: Mikson92 folded before Flop (didn't bet)
Seat 7: haymon23 folded before Flop (didn't bet)
Seat 8: Mahu2021 (button) folded before Flop (didn't bet)



PokerStars Hand #253613773155: Tournament #3827888478, $1.40+$0.10 USD Hold'em No Limit - Level XII (800/1600) - 2024/11/28 21:38:59 CET [2024/11/28 15:38:59 ET]
Table '3827888478 12' 8-max Seat #1 is the button
Seat 1: Alfayed51 (20985 in chips) 
Seat 2: Loicledru15 (58570 in chips) 
Seat 3: freshcash7 (7025 in chips) 
Seat 4: me4pne (44590 in chips) 
Seat 5: DanLad7 (31140 in chips) 
Seat 6: Mikson92 (12960 in chips) 
Seat 7: haymon23 (40722 in chips) 
Seat 8: Mahu2021 (14030 in chips) 
Alfayed51: posts the ante 160
Loicledru15: posts the ante 160
freshcash7: posts the ante 160
me4pne: posts the ante 160
DanLad7: posts the ante 160
Mikson92: posts the ante 160
haymon23: posts the ante 160
Mahu2021: posts the ante 160
Loicledru15: posts small blind 800
freshcash7: posts big blind 1600
*** HOLE CARDS ***
Dealt to Mahu2021 [6d 2d]
me4pne: folds 
DanLad7: folds 
Mikson92: raises 11200 to 12800 and is all-in
haymon23: folds 
Mahu2021: folds 
Alfayed51: folds 
Loicledru15: folds 
freshcash7: calls 5265 and is all-in
Uncalled bet (5935) returned to Mikson92
*** FLOP *** [Tc 8d Qh]
*** TURN *** [Tc 8d Qh] [5s]
*** RIVER *** [Tc 8d Qh 5s] [Kc]
*** SHOW DOWN ***
freshcash7: shows [Kh 4d] (a pair of Kings)
Mikson92: shows [Ah 9d] (high card Ace)
freshcash7 collected 15810 from pot
*** SUMMARY ***
Total pot 15810 | Rake 0 
Board [Tc 8d Qh 5s Kc]
Seat 1: Alfayed51 (button) folded before Flop (didn't bet)
Seat 2: Loicledru15 (small blind) folded before Flop
Seat 3: freshcash7 (big blind) showed [Kh 4d] and won (15810) with a pair of Kings
Seat 4: me4pne folded before Flop (didn't bet)
Seat 5: DanLad7 folded before Flop (didn't bet)
Seat 6: Mikson92 showed [Ah 9d] and lost with high card Ace
Seat 7: haymon23 folded before Flop (didn't bet)
Seat 8: Mahu2021 folded before Flop (didn't bet)



PokerStars Hand #253613781943: Tournament #3827888478, $1.40+$0.10 USD Hold'em No Limit - Level XII (800/1600) - 2024/11/28 21:39:33 CET [2024/11/28 15:39:33 ET]
Table '3827888478 12' 8-max Seat #2 is the button
Seat 1: Alfayed51 (20825 in chips) 
Seat 2: Loicledru15 (57610 in chips) 
Seat 3: freshcash7 (15810 in chips) 
Seat 4: me4pne (44430 in chips) 
Seat 5: DanLad7 (30980 in chips) 
Seat 6: Mikson92 (5935 in chips) 
Seat 7: haymon23 (40562 in chips) 
Seat 8: Mahu2021 (13870 in chips) 
Alfayed51: posts the ante 160
Loicledru15: posts the ante 160
freshcash7: posts the ante 160
me4pne: posts the ante 160
DanLad7: posts the ante 160
Mikson92: posts the ante 160
haymon23: posts the ante 160
Mahu2021: posts the ante 160
freshcash7: posts small blind 800
me4pne: posts big blind 1600
*** HOLE CARDS ***
Dealt to Mahu2021 [4h 8s]
DanLad7: folds 
Mikson92: raises 4175 to 5775 and is all-in
haymon23: folds 
Mahu2021: folds 
Alfayed51: folds 
Loicledru15: folds 
freshcash7: folds 
me4pne: folds 
Uncalled bet (4175) returned to Mikson92
Mikson92 collected 5280 from pot
*** SUMMARY ***
Total pot 5280 | Rake 0 
Seat 1: Alfayed51 folded before Flop (didn't bet)
Seat 2: Loicledru15 (button) folded before Flop (didn't bet)
Seat 3: freshcash7 (small blind) folded before Flop
Seat 4: me4pne (big blind) folded before Flop
Seat 5: DanLad7 folded before Flop (didn't bet)
Seat 6: Mikson92 collected (5280)
Seat 7: haymon23 folded before Flop (didn't bet)
Seat 8: Mahu2021 folded before Flop (didn't bet)



PokerStars Hand #253613787413: Tournament #3827888478, $1.40+$0.10 USD Hold'em No Limit - Level XII (800/1600) - 2024/11/28 21:39:54 CET [2024/11/28 15:39:54 ET]
Table '3827888478 12' 8-max Seat #3 is the button
Seat 1: Alfayed51 (20665 in chips) 
Seat 2: Loicledru15 (57450 in chips) 
Seat 3: freshcash7 (14850 in chips) 
Seat 4: me4pne (42670 in chips) 
Seat 5: DanLad7 (30820 in chips) 
Seat 6: Mikson92 (9455 in chips) 
Seat 7: haymon23 (40402 in chips) 
Seat 8: Mahu2021 (13710 in chips) 
Alfayed51: posts the ante 160
Loicledru15: posts the ante 160
freshcash7: posts the ante 160
me4pne: posts the ante 160
DanLad7: posts the ante 160
Mikson92: posts the ante 160
haymon23: posts the ante 160
Mahu2021: posts the ante 160
me4pne: posts small blind 800
DanLad7: posts big blind 1600
*** HOLE CARDS ***
Dealt to Mahu2021 [Kc Js]
Mikson92: folds 
haymon23: folds 
Mahu2021: raises 3200 to 4800
Alfayed51: folds 
Loicledru15: folds 
freshcash7: folds 
me4pne: folds 
DanLad7: folds 
Uncalled bet (3200) returned to Mahu2021
Mahu2021 collected 5280 from pot
Mahu2021: doesn't show hand 
*** SUMMARY ***
Total pot 5280 | Rake 0 
Seat 1: Alfayed51 folded before Flop (didn't bet)
Seat 2: Loicledru15 folded before Flop (didn't bet)
Seat 3: freshcash7 (button) folded before Flop (didn't bet)
Seat 4: me4pne (small blind) folded before Flop
Seat 5: DanLad7 (big blind) folded before Flop
Seat 6: Mikson92 folded before Flop (didn't bet)
Seat 7: haymon23 folded before Flop (didn't bet)
Seat 8: Mahu2021 collected (5280)



PokerStars Hand #253613796564: Tournament #3827888478, $1.40+$0.10 USD Hold'em No Limit - Level XII (800/1600) - 2024/11/28 21:40:29 CET [2024/11/28 15:40:29 ET]
Table '3827888478 12' 8-max Seat #4 is the button
Seat 1: Alfayed51 (20505 in chips) 
Seat 2: Loicledru15 (57290 in chips) 
Seat 3: freshcash7 (14690 in chips) 
Seat 4: me4pne (41710 in chips) 
Seat 5: DanLad7 (29060 in chips) 
Seat 6: Mikson92 (9295 in chips) 
Seat 7: haymon23 (40242 in chips) 
Seat 8: Mahu2021 (17230 in chips) 
Alfayed51: posts the ante 160
Loicledru15: posts the ante 160
freshcash7: posts the ante 160
me4pne: posts the ante 160
DanLad7: posts the ante 160
Mikson92: posts the ante 160
haymon23: posts the ante 160
Mahu2021: posts the ante 160
DanLad7: posts small blind 800
Mikson92: posts big blind 1600
*** HOLE CARDS ***
Dealt to Mahu2021 [5s Th]
haymon23: folds 
Mahu2021: folds 
Alfayed51: folds 
Loicledru15: folds 
freshcash7: folds 
me4pne: calls 1600
DanLad7: folds 
Mikson92: checks 
*** FLOP *** [7s Ac 9h]
Mikson92: checks 
me4pne: bets 5280
Mikson92: folds 
Uncalled bet (5280) returned to me4pne
me4pne collected 5280 from pot
*** SUMMARY ***
Total pot 5280 | Rake 0 
Board [7s Ac 9h]
Seat 1: Alfayed51 folded before Flop (didn't bet)
Seat 2: Loicledru15 folded before Flop (didn't bet)
Seat 3: freshcash7 folded before Flop (didn't bet)
Seat 4: me4pne (button) collected (5280)
Seat 5: DanLad7 (small blind) folded before Flop
Seat 6: Mikson92 (big blind) folded on the Flop
Seat 7: haymon23 folded before Flop (didn't bet)
Seat 8: Mahu2021 folded before Flop (didn't bet)



PokerStars Hand #253613807310: Tournament #3827888478, $1.40+$0.10 USD Hold'em No Limit - Level XIII (1000/2000) - 2024/11/28 21:41:10 CET [2024/11/28 15:41:10 ET]
Table '3827888478 12' 8-max Seat #5 is the button
Seat 1: Alfayed51 (20345 in chips) 
Seat 2: Loicledru15 (57130 in chips) 
Seat 3: freshcash7 (14530 in chips) 
Seat 4: me4pne (45230 in chips) 
Seat 5: DanLad7 (28100 in chips) 
Seat 6: Mikson92 (7535 in chips) 
Seat 7: haymon23 (40082 in chips) 
Seat 8: Mahu2021 (17070 in chips) 
Alfayed51: posts the ante 200
Loicledru15: posts the ante 200
freshcash7: posts the ante 200
me4pne: posts the ante 200
DanLad7: posts the ante 200
Mikson92: posts the ante 200
haymon23: posts the ante 200
Mahu2021: posts the ante 200
Mikson92: posts small blind 1000
haymon23: posts big blind 2000
*** HOLE CARDS ***
Dealt to Mahu2021 [Kc 2h]
Mahu2021: folds 
Alfayed51: folds 
Loicledru15: raises 2000 to 4000
freshcash7: folds 
me4pne: calls 4000
DanLad7: folds 
Mikson92: folds 
haymon23: calls 2000
*** FLOP *** [3s 3h 8h]
haymon23: checks 
Loicledru15: checks 
me4pne: bets 14600
haymon23 has timed out
haymon23: folds 
haymon23 is sitting out
haymon23 has returned
Loicledru15: folds 
Uncalled bet (14600) returned to me4pne
me4pne collected 14600 from pot
*** SUMMARY ***
Total pot 14600 | Rake 0 
Board [3s 3h 8h]
Seat 1: Alfayed51 folded before Flop (didn't bet)
Seat 2: Loicledru15 folded on the Flop
Seat 3: freshcash7 folded before Flop (didn't bet)
Seat 4: me4pne collected (14600)
Seat 5: DanLad7 (button) folded before Flop (didn't bet)
Seat 6: Mikson92 (small blind) folded before Flop
Seat 7: haymon23 (big blind) folded on the Flop
Seat 8: Mahu2021 folded before Flop (didn't bet)



PokerStars Hand #253613826190: Tournament #3827888478, $1.40+$0.10 USD Hold'em No Limit - Level XIII (1000/2000) - 2024/11/28 21:42:22 CET [2024/11/28 15:42:22 ET]
Table '3827888478 12' 8-max Seat #6 is the button
Seat 1: Alfayed51 (20145 in chips) 
Seat 2: Loicledru15 (52930 in chips) 
Seat 3: freshcash7 (14330 in chips) 
Seat 4: me4pne (55630 in chips) 
Seat 5: DanLad7 (27900 in chips) 
Seat 6: Mikson92 (6335 in chips) 
Seat 7: haymon23 (35882 in chips) 
Seat 8: Mahu2021 (16870 in chips) 
Alfayed51: posts the ante 200
Loicledru15: posts the ante 200
freshcash7: posts the ante 200
me4pne: posts the ante 200
DanLad7: posts the ante 200
Mikson92: posts the ante 200
haymon23: posts the ante 200
Mahu2021: posts the ante 200
haymon23: posts small blind 1000
Mahu2021: posts big blind 2000
*** HOLE CARDS ***
Dealt to Mahu2021 [3s 2c]
Alfayed51: folds 
Loicledru15: folds 
freshcash7: folds 
me4pne: raises 4000 to 6000
DanLad7: folds 
Mikson92: folds 
haymon23: folds 
Mahu2021: folds 
Uncalled bet (4000) returned to me4pne
me4pne collected 6600 from pot
*** SUMMARY ***
Total pot 6600 | Rake 0 
Seat 1: Alfayed51 folded before Flop (didn't bet)
Seat 2: Loicledru15 folded before Flop (didn't bet)
Seat 3: freshcash7 folded before Flop (didn't bet)
Seat 4: me4pne collected (6600)
Seat 5: DanLad7 folded before Flop (didn't bet)
Seat 6: Mikson92 (button) folded before Flop (didn't bet)
Seat 7: haymon23 (small blind) folded before Flop
Seat 8: Mahu2021 (big blind) folded before Flop



PokerStars Hand #253613831410: Tournament #3827888478, $1.40+$0.10 USD Hold'em No Limit - Level XIII (1000/2000) - 2024/11/28 21:42:42 CET [2024/11/28 15:42:42 ET]
Table '3827888478 12' 8-max Seat #7 is the button
Seat 1: Alfayed51 (19945 in chips) 
Seat 2: Loicledru15 (52730 in chips) 
Seat 3: freshcash7 (14130 in chips) 
Seat 4: me4pne (60030 in chips) 
Seat 5: DanLad7 (27700 in chips) 
Seat 6: Mikson92 (6135 in chips) 
Seat 7: haymon23 (34682 in chips) 
Seat 8: Mahu2021 (14670 in chips) 
Alfayed51: posts the ante 200
Loicledru15: posts the ante 200
freshcash7: posts the ante 200
me4pne: posts the ante 200
DanLad7: posts the ante 200
Mikson92: posts the ante 200
haymon23: posts the ante 200
Mahu2021: posts the ante 200
Mahu2021: posts small blind 1000
Alfayed51: posts big blind 2000
*** HOLE CARDS ***
Dealt to Mahu2021 [9h 4h]
Loicledru15: folds 
freshcash7: folds 
me4pne: folds 
DanLad7: folds 
Mikson92: folds 
haymon23: folds 
Mahu2021: folds 
Uncalled bet (1000) returned to Alfayed51
Alfayed51 collected 3600 from pot
Alfayed51: doesn't show hand 
*** SUMMARY ***
Total pot 3600 | Rake 0 
Seat 1: Alfayed51 (big blind) collected (3600)
Seat 2: Loicledru15 folded before Flop (didn't bet)
Seat 3: freshcash7 folded before Flop (didn't bet)
Seat 4: me4pne folded before Flop (didn't bet)
Seat 5: DanLad7 folded before Flop (didn't bet)
Seat 6: Mikson92 folded before Flop (didn't bet)
Seat 7: haymon23 (button) folded before Flop (didn't bet)
Seat 8: Mahu2021 (small blind) folded before Flop



PokerStars Hand #253613834748: Tournament #3827888478, $1.40+$0.10 USD Hold'em No Limit - Level XIII (1000/2000) - 2024/11/28 21:42:54 CET [2024/11/28 15:42:54 ET]
Table '3827888478 12' 8-max Seat #8 is the button
Seat 1: Alfayed51 (22345 in chips) 
Seat 2: Loicledru15 (52530 in chips) 
Seat 3: freshcash7 (13930 in chips) 
Seat 4: me4pne (59830 in chips) 
Seat 5: DanLad7 (27500 in chips) 
Seat 6: Mikson92 (5935 in chips) 
Seat 7: haymon23 (34482 in chips) 
Seat 8: Mahu2021 (13470 in chips) 
Alfayed51: posts the ante 200
Loicledru15: posts the ante 200
freshcash7: posts the ante 200
me4pne: posts the ante 200
DanLad7: posts the ante 200
Mikson92: posts the ante 200
haymon23: posts the ante 200
Mahu2021: posts the ante 200
Alfayed51: posts small blind 1000
Loicledru15: posts big blind 2000
*** HOLE CARDS ***
Dealt to Mahu2021 [6h 4h]
freshcash7: folds 
me4pne: calls 2000
DanLad7: folds 
Mikson92: folds 
haymon23: folds 
Mahu2021: folds 
Alfayed51: folds 
Loicledru15: checks 
*** FLOP *** [Qs Ks 2d]
Loicledru15: checks 
me4pne: checks 
*** TURN *** [Qs Ks 2d] [7d]
Loicledru15: bets 2640
me4pne: calls 2640
*** RIVER *** [Qs Ks 2d 7d] [6d]
Loicledru15: checks 
me4pne: checks 
*** SHOW DOWN ***
Loicledru15: shows [9d Kc] (a pair of Kings)
me4pne: mucks hand 
Loicledru15 collected 11880 from pot
*** SUMMARY ***
Total pot 11880 | Rake 0 
Board [Qs Ks 2d 7d 6d]
Seat 1: Alfayed51 (small blind) folded before Flop
Seat 2: Loicledru15 (big blind) showed [9d Kc] and won (11880) with a pair of Kings
Seat 3: freshcash7 folded before Flop (didn't bet)
Seat 4: me4pne mucked [Ad 4s]
Seat 5: DanLad7 folded before Flop (didn't bet)
Seat 6: Mikson92 folded before Flop (didn't bet)
Seat 7: haymon23 folded before Flop (didn't bet)
Seat 8: Mahu2021 (button) folded before Flop (didn't bet)



PokerStars Hand #253613849555: Tournament #3827888478, $1.40+$0.10 USD Hold'em No Limit - Level XIII (1000/2000) - 2024/11/28 21:43:50 CET [2024/11/28 15:43:50 ET]
Table '3827888478 12' 8-max Seat #1 is the button
Seat 1: Alfayed51 (21145 in chips) 
Seat 2: Loicledru15 (59570 in chips) 
Seat 3: freshcash7 (13730 in chips) 
Seat 4: me4pne (54990 in chips) 
Seat 5: DanLad7 (27300 in chips) 
Seat 6: Mikson92 (5735 in chips) 
Seat 7: haymon23 (34282 in chips) 
Seat 8: Mahu2021 (13270 in chips) 
Alfayed51: posts the ante 200
Loicledru15: posts the ante 200
freshcash7: posts the ante 200
me4pne: posts the ante 200
DanLad7: posts the ante 200
Mikson92: posts the ante 200
haymon23: posts the ante 200
Mahu2021: posts the ante 200
Loicledru15: posts small blind 1000
freshcash7: posts big blind 2000
*** HOLE CARDS ***
Dealt to Mahu2021 [9s Qc]
me4pne: raises 2000 to 4000
DanLad7: folds 
Mikson92: folds 
haymon23: folds 
Mahu2021: folds 
Alfayed51: calls 4000
Loicledru15: folds 
freshcash7: calls 2000
*** FLOP *** [7d 7c 3h]
freshcash7: checks 
me4pne: bets 14600
Alfayed51: folds 
freshcash7: calls 9530 and is all-in
Uncalled bet (5070) returned to me4pne
*** TURN *** [7d 7c 3h] [Qd]
*** RIVER *** [7d 7c 3h Qd] [Kc]
*** SHOW DOWN ***
freshcash7: shows [7h Qs] (a full house, Sevens full of Queens)
me4pne: shows [As Ad] (two pair, Aces and Sevens)
freshcash7 collected 33660 from pot
*** SUMMARY ***
Total pot 33660 | Rake 0 
Board [7d 7c 3h Qd Kc]
Seat 1: Alfayed51 (button) folded on the Flop
Seat 2: Loicledru15 (small blind) folded before Flop
Seat 3: freshcash7 (big blind) showed [7h Qs] and won (33660) with a full house, Sevens full of Queens
Seat 4: me4pne showed [As Ad] and lost with two pair, Aces and Sevens
Seat 5: DanLad7 folded before Flop (didn't bet)
Seat 6: Mikson92 folded before Flop (didn't bet)
Seat 7: haymon23 folded before Flop (didn't bet)
Seat 8: Mahu2021 folded before Flop (didn't bet)



PokerStars Hand #253613859399: Tournament #3827888478, $1.40+$0.10 USD Hold'em No Limit - Level XIV (1500/3000) - 2024/11/28 21:44:27 CET [2024/11/28 15:44:27 ET]
Table '3827888478 12' 8-max Seat #2 is the button
Seat 1: Alfayed51 (16945 in chips) 
Seat 2: Loicledru15 (58370 in chips) 
Seat 3: freshcash7 (33660 in chips) 
Seat 4: me4pne (41260 in chips) 
Seat 5: DanLad7 (27100 in chips) 
Seat 6: Mikson92 (5535 in chips) 
Seat 7: haymon23 (34082 in chips) 
Seat 8: Mahu2021 (13070 in chips) 
Alfayed51: posts the ante 300
Loicledru15: posts the ante 300
freshcash7: posts the ante 300
me4pne: posts the ante 300
DanLad7: posts the ante 300
Mikson92: posts the ante 300
haymon23: posts the ante 300
Mahu2021: posts the ante 300
freshcash7: posts small blind 1500
me4pne: posts big blind 3000
*** HOLE CARDS ***
Dealt to Mahu2021 [6h 8c]
DanLad7: raises 23800 to 26800 and is all-in
Mikson92: folds 
haymon23: folds 
Mahu2021: folds 
Alfayed51: folds 
Loicledru15: folds 
freshcash7: folds 
me4pne: folds 
Uncalled bet (23800) returned to DanLad7
DanLad7 collected 9900 from pot
DanLad7: doesn't show hand 
*** SUMMARY ***
Total pot 9900 | Rake 0 
Seat 1: Alfayed51 folded before Flop (didn't bet)
Seat 2: Loicledru15 (button) folded before Flop (didn't bet)
Seat 3: freshcash7 (small blind) folded before Flop
Seat 4: me4pne (big blind) folded before Flop
Seat 5: DanLad7 collected (9900)
Seat 6: Mikson92 folded before Flop (didn't bet)
Seat 7: haymon23 folded before Flop (didn't bet)
Seat 8: Mahu2021 folded before Flop (didn't bet)



PokerStars Hand #253613863343: Tournament #3827888478, $1.40+$0.10 USD Hold'em No Limit - Level XIV (1500/3000) - 2024/11/28 21:44:42 CET [2024/11/28 15:44:42 ET]
Table '3827888478 12' 8-max Seat #3 is the button
Seat 1: Alfayed51 (16645 in chips) 
Seat 2: Loicledru15 (58070 in chips) 
Seat 3: freshcash7 (31860 in chips) 
Seat 4: me4pne (37960 in chips) 
Seat 5: DanLad7 (33700 in chips) 
Seat 6: Mikson92 (5235 in chips) 
Seat 7: haymon23 (33782 in chips) 
Seat 8: Mahu2021 (12770 in chips) 
Alfayed51: posts the ante 300
Loicledru15: posts the ante 300
freshcash7: posts the ante 300
me4pne: posts the ante 300
DanLad7: posts the ante 300
Mikson92: posts the ante 300
haymon23: posts the ante 300
Mahu2021: posts the ante 300
me4pne: posts small blind 1500
DanLad7: posts big blind 3000
*** HOLE CARDS ***
Dealt to Mahu2021 [Ah 2d]
Mikson92: raises 1935 to 4935 and is all-in
haymon23: folds 
Mahu2021: folds 
Alfayed51: folds 
Loicledru15: folds 
freshcash7: calls 4935
me4pne: calls 3435
DanLad7: folds 
*** FLOP *** [Ks Js 4c]
me4pne: checks 
freshcash7: bets 3000
me4pne: folds 
Uncalled bet (3000) returned to freshcash7
*** TURN *** [Ks Js 4c] [Tc]
*** RIVER *** [Ks Js 4c Tc] [7d]
*** SHOW DOWN ***
Mikson92: shows [Kd 4h] (two pair, Kings and Fours)
freshcash7: shows [Jc Kh] (two pair, Kings and Jacks)
freshcash7 collected 20205 from pot
Mikson92 finished the tournament in 115th place
*** SUMMARY ***
Total pot 20205 | Rake 0 
Board [Ks Js 4c Tc 7d]
Seat 1: Alfayed51 folded before Flop (didn't bet)
Seat 2: Loicledru15 folded before Flop (didn't bet)
Seat 3: freshcash7 (button) showed [Jc Kh] and won (20205) with two pair, Kings and Jacks
Seat 4: me4pne (small blind) folded on the Flop
Seat 5: DanLad7 (big blind) folded before Flop
Seat 6: Mikson92 showed [Kd 4h] and lost with two pair, Kings and Fours
Seat 7: haymon23 folded before Flop (didn't bet)
Seat 8: Mahu2021 folded before Flop (didn't bet)



PokerStars Hand #253613871266: Tournament #3827888478, $1.40+$0.10 USD Hold'em No Limit - Level XIV (1500/3000) - 2024/11/28 21:45:11 CET [2024/11/28 15:45:11 ET]
Table '3827888478 12' 8-max Seat #4 is the button
Seat 1: Alfayed51 (16345 in chips) 
Seat 2: Loicledru15 (57770 in chips) 
Seat 3: freshcash7 (46830 in chips) 
Seat 4: me4pne (32725 in chips) 
Seat 5: DanLad7 (30400 in chips) 
Seat 7: haymon23 (33482 in chips) 
Seat 8: Mahu2021 (12470 in chips) 
Alfayed51: posts the ante 300
Loicledru15: posts the ante 300
freshcash7: posts the ante 300
me4pne: posts the ante 300
DanLad7: posts the ante 300
haymon23: posts the ante 300
Mahu2021: posts the ante 300
DanLad7: posts small blind 1500
haymon23: posts big blind 3000
*** HOLE CARDS ***
Dealt to Mahu2021 [As 4d]
Mahu2021: raises 9170 to 12170 and is all-in
Alfayed51: folds 
Loicledru15: folds 
freshcash7: folds 
me4pne: folds 
DanLad7: folds 
picky1977 is disconnected 
haymon23 has timed out
haymon23: folds 
haymon23 is sitting out
Uncalled bet (9170) returned to Mahu2021
Mahu2021 collected 9600 from pot
Mahu2021: doesn't show hand 
*** SUMMARY ***
Total pot 9600 | Rake 0 
Seat 1: Alfayed51 folded before Flop (didn't bet)
Seat 2: Loicledru15 folded before Flop (didn't bet)
Seat 3: freshcash7 folded before Flop (didn't bet)
Seat 4: me4pne (button) folded before Flop (didn't bet)
Seat 5: DanLad7 (small blind) folded before Flop
Seat 7: haymon23 (big blind) folded before Flop
Seat 8: Mahu2021 collected (9600)



PokerStars Hand #253613879085: Tournament #3827888478, $1.40+$0.10 USD Hold'em No Limit - Level XIV (1500/3000) - 2024/11/28 21:45:41 CET [2024/11/28 15:45:41 ET]
Table '3827888478 12' 8-max Seat #5 is the button
Seat 1: Alfayed51 (16045 in chips) 
Seat 2: Loicledru15 (57470 in chips) 
Seat 3: freshcash7 (46530 in chips) 
Seat 4: me4pne (32425 in chips) 
Seat 5: DanLad7 (28600 in chips) 
Seat 6: picky1977 (22571 in chips) out of hand (moved from another table into small blind)
Seat 7: haymon23 (30182 in chips) is sitting out
Seat 8: Mahu2021 (18770 in chips) 
picky1977 will be allowed to play after the button
Alfayed51: posts the ante 300
Loicledru15: posts the ante 300
freshcash7: posts the ante 300
me4pne: posts the ante 300
DanLad7: posts the ante 300
haymon23: posts the ante 300
Mahu2021: posts the ante 300
haymon23: posts small blind 1500
Mahu2021: posts big blind 3000
*** HOLE CARDS ***
Dealt to Mahu2021 [5d 8s]
haymon23 has returned
Alfayed51: folds 
Loicledru15: folds 
freshcash7: folds 
me4pne: calls 3000
DanLad7: folds 
haymon23: folds 
Mahu2021: checks 
*** FLOP *** [Jd 9d Js]
Mahu2021: checks 
me4pne: checks 
*** TURN *** [Jd 9d Js] [Tc]
Mahu2021: checks 
me4pne: bets 3000
Mahu2021: folds 
Uncalled bet (3000) returned to me4pne
me4pne collected 9600 from pot
*** SUMMARY ***
Total pot 9600 | Rake 0 
Board [Jd 9d Js Tc]
Seat 1: Alfayed51 folded before Flop (didn't bet)
Seat 2: Loicledru15 folded before Flop (didn't bet)
Seat 3: freshcash7 folded before Flop (didn't bet)
Seat 4: me4pne collected (9600)
Seat 5: DanLad7 (button) folded before Flop (didn't bet)
Seat 7: haymon23 (small blind) folded before Flop
Seat 8: Mahu2021 (big blind) folded on the Turn



PokerStars Hand #253613886547: Tournament #3827888478, $1.40+$0.10 USD Hold'em No Limit - Level XIV (1500/3000) - 2024/11/28 21:46:09 CET [2024/11/28 15:46:09 ET]
Table '3827888478 12' 8-max Seat #7 is the button
Seat 1: Alfayed51 (15745 in chips) 
Seat 2: Loicledru15 (57170 in chips) 
Seat 3: freshcash7 (46230 in chips) 
Seat 4: me4pne (38725 in chips) 
Seat 5: DanLad7 (28300 in chips) 
Seat 6: picky1977 (22571 in chips) 
Seat 7: haymon23 (28382 in chips) 
Seat 8: Mahu2021 (15470 in chips) 
Alfayed51: posts the ante 300
Loicledru15: posts the ante 300
freshcash7: posts the ante 300
me4pne: posts the ante 300
DanLad7: posts the ante 300
picky1977: posts the ante 300
haymon23: posts the ante 300
Mahu2021: posts the ante 300
Mahu2021: posts small blind 1500
Alfayed51: posts big blind 3000
*** HOLE CARDS ***
Dealt to Mahu2021 [4h As]
Loicledru15: folds 
freshcash7: folds 
me4pne: folds 
DanLad7: folds 
picky1977 has timed out
picky1977: folds 
picky1977 is sitting out
haymon23: raises 25082 to 28082 and is all-in
Mahu2021: calls 13670 and is all-in
picky1977 has returned
Alfayed51: folds 
Uncalled bet (12912) returned to haymon23
*** FLOP *** [3c Qc Kc]
*** TURN *** [3c Qc Kc] [Ad]
*** RIVER *** [3c Qc Kc Ad] [Jd]
*** SHOW DOWN ***
Mahu2021: shows [4h As] (a pair of Aces)
haymon23: shows [2s 2d] (a pair of Deuces)
Mahu2021 collected 35740 from pot
*** SUMMARY ***
Total pot 35740 | Rake 0 
Board [3c Qc Kc Ad Jd]
Seat 1: Alfayed51 (big blind) folded before Flop
Seat 2: Loicledru15 folded before Flop (didn't bet)
Seat 3: freshcash7 folded before Flop (didn't bet)
Seat 4: me4pne folded before Flop (didn't bet)
Seat 5: DanLad7 folded before Flop (didn't bet)
Seat 6: picky1977 folded before Flop (didn't bet)
Seat 7: haymon23 (button) showed [2s 2d] and lost with a pair of Deuces
Seat 8: Mahu2021 (small blind) showed [4h As] and won (35740) with a pair of Aces



PokerStars Hand #253613898643: Tournament #3827888478, $1.40+$0.10 USD Hold'em No Limit - Level XIV (1500/3000) - 2024/11/28 21:46:54 CET [2024/11/28 15:46:54 ET]
Table '3827888478 12' 8-max Seat #8 is the button
Seat 1: Alfayed51 (12445 in chips) 
Seat 2: Loicledru15 (56870 in chips) 
Seat 3: freshcash7 (45930 in chips) 
Seat 4: me4pne (38425 in chips) 
Seat 5: DanLad7 (28000 in chips) 
Seat 6: picky1977 (22271 in chips) 
Seat 7: haymon23 (12912 in chips) 
Seat 8: Mahu2021 (35740 in chips) 
Alfayed51: posts the ante 300
Loicledru15: posts the ante 300
freshcash7: posts the ante 300
me4pne: posts the ante 300
DanLad7: posts the ante 300
picky1977: posts the ante 300
haymon23: posts the ante 300
Mahu2021: posts the ante 300
Alfayed51: posts small blind 1500
Loicledru15: posts big blind 3000
*** HOLE CARDS ***
Dealt to Mahu2021 [Jd 6c]
freshcash7: folds 
me4pne: calls 3000
DanLad7: folds 
picky1977: folds 
haymon23: folds 
Mahu2021: folds 
Alfayed51: folds 
Loicledru15: checks 
*** FLOP *** [4s Ac Qh]
Loicledru15: checks 
me4pne: bets 9900
Loicledru15: folds 
Uncalled bet (9900) returned to me4pne
me4pne collected 9900 from pot
*** SUMMARY ***
Total pot 9900 | Rake 0 
Board [4s Ac Qh]
Seat 1: Alfayed51 (small blind) folded before Flop
Seat 2: Loicledru15 (big blind) folded on the Flop
Seat 3: freshcash7 folded before Flop (didn't bet)
Seat 4: me4pne collected (9900)
Seat 5: DanLad7 folded before Flop (didn't bet)
Seat 6: picky1977 folded before Flop (didn't bet)
Seat 7: haymon23 folded before Flop (didn't bet)
Seat 8: Mahu2021 (button) folded before Flop (didn't bet)



PokerStars Hand #253613915922: Tournament #3827888478, $1.40+$0.10 USD Hold'em No Limit - Level XV (2000/4000) - 2024/11/28 21:48:00 CET [2024/11/28 15:48:00 ET]
Table '3827888478 12' 8-max Seat #1 is the button
Seat 1: Alfayed51 (10645 in chips) 
Seat 2: Loicledru15 (53570 in chips) 
Seat 3: freshcash7 (45630 in chips) 
Seat 4: me4pne (45025 in chips) 
Seat 5: DanLad7 (27700 in chips) 
Seat 6: picky1977 (21971 in chips) 
Seat 7: haymon23 (12612 in chips) 
Seat 8: Mahu2021 (35440 in chips) 
Alfayed51: posts the ante 400
Loicledru15: posts the ante 400
freshcash7: posts the ante 400
me4pne: posts the ante 400
DanLad7: posts the ante 400
picky1977: posts the ante 400
haymon23: posts the ante 400
Mahu2021: posts the ante 400
Loicledru15: posts small blind 2000
freshcash7: posts big blind 4000
*** HOLE CARDS ***
Dealt to Mahu2021 [5s 4h]
me4pne: folds 
DanLad7: folds 
picky1977: folds 
haymon23: folds 
Mahu2021: folds 
Alfayed51: raises 6245 to 10245 and is all-in
Loicledru15: folds 
freshcash7: folds [6d 2h]
Uncalled bet (6245) returned to Alfayed51
Alfayed51 collected 13200 from pot
Alfayed51: doesn't show hand 
*** SUMMARY ***
Total pot 13200 | Rake 0 
Seat 1: Alfayed51 (button) collected (13200)
Seat 2: Loicledru15 (small blind) folded before Flop
Seat 3: freshcash7 (big blind) folded before Flop
Seat 4: me4pne folded before Flop (didn't bet)
Seat 5: DanLad7 folded before Flop (didn't bet)
Seat 6: picky1977 folded before Flop (didn't bet)
Seat 7: haymon23 folded before Flop (didn't bet)
Seat 8: Mahu2021 folded before Flop (didn't bet)



PokerStars Hand #253613929972: Tournament #3827888478, $1.40+$0.10 USD Hold'em No Limit - Level XV (2000/4000) - 2024/11/28 21:48:53 CET [2024/11/28 15:48:53 ET]
Table '3827888478 12' 8-max Seat #2 is the button
Seat 1: Alfayed51 (19445 in chips) 
Seat 2: Loicledru15 (51170 in chips) 
Seat 3: freshcash7 (41230 in chips) 
Seat 4: me4pne (44625 in chips) 
Seat 5: DanLad7 (27300 in chips) 
Seat 6: picky1977 (21571 in chips) 
Seat 7: haymon23 (12212 in chips) 
Seat 8: Mahu2021 (35040 in chips) 
Alfayed51: posts the ante 400
Loicledru15: posts the ante 400
freshcash7: posts the ante 400
me4pne: posts the ante 400
DanLad7: posts the ante 400
picky1977: posts the ante 400
haymon23: posts the ante 400
Mahu2021: posts the ante 400
freshcash7: posts small blind 2000
me4pne: posts big blind 4000
*** HOLE CARDS ***
Dealt to Mahu2021 [9c Qh]
DanLad7: folds 
picky1977: raises 17171 to 21171 and is all-in
haymon23: folds 
Mahu2021: folds 
Alfayed51: folds 
Loicledru15: folds 
freshcash7: folds 
me4pne: folds 
Uncalled bet (17171) returned to picky1977
picky1977 collected 13200 from pot
picky1977: doesn't show hand 
*** SUMMARY ***
Total pot 13200 | Rake 0 
Seat 1: Alfayed51 folded before Flop (didn't bet)
Seat 2: Loicledru15 (button) folded before Flop (didn't bet)
Seat 3: freshcash7 (small blind) folded before Flop
Seat 4: me4pne (big blind) folded before Flop
Seat 5: DanLad7 folded before Flop (didn't bet)
Seat 6: picky1977 collected (13200)
Seat 7: haymon23 folded before Flop (didn't bet)
Seat 8: Mahu2021 folded before Flop (didn't bet)



PokerStars Hand #253613937513: Tournament #3827888478, $1.40+$0.10 USD Hold'em No Limit - Level XV (2000/4000) - 2024/11/28 21:49:22 CET [2024/11/28 15:49:22 ET]
Table '3827888478 12' 8-max Seat #3 is the button
Seat 1: Alfayed51 (19045 in chips) 
Seat 2: Loicledru15 (50770 in chips) 
Seat 3: freshcash7 (38830 in chips) 
Seat 4: me4pne (40225 in chips) 
Seat 5: DanLad7 (26900 in chips) 
Seat 6: picky1977 (30371 in chips) 
Seat 7: haymon23 (11812 in chips) 
Seat 8: Mahu2021 (34640 in chips) 
Alfayed51: posts the ante 400
Loicledru15: posts the ante 400
freshcash7: posts the ante 400
me4pne: posts the ante 400
DanLad7: posts the ante 400
picky1977: posts the ante 400
haymon23: posts the ante 400
Mahu2021: posts the ante 400
me4pne: posts small blind 2000
DanLad7: posts big blind 4000
*** HOLE CARDS ***
Dealt to Mahu2021 [4c Qc]
picky1977 has timed out
picky1977: folds 
picky1977 is sitting out
picky1977 has returned
haymon23: folds 
Mahu2021: folds 
Alfayed51: folds 
Loicledru15: folds 
freshcash7: folds 
me4pne: calls 2000
DanLad7: checks 
*** FLOP *** [Kh 9h 2d]
me4pne: bets 5600
DanLad7: calls 5600
*** TURN *** [Kh 9h 2d] [Ac]
me4pne: checks 
DanLad7: checks 
*** RIVER *** [Kh 9h 2d Ac] [Jc]
me4pne: checks 
DanLad7: checks 
*** SHOW DOWN ***
me4pne: shows [8h 6h] (high card Ace)
DanLad7: shows [9c 6d] (a pair of Nines)
DanLad7 collected 22400 from pot
*** SUMMARY ***
Total pot 22400 | Rake 0 
Board [Kh 9h 2d Ac Jc]
Seat 1: Alfayed51 folded before Flop (didn't bet)
Seat 2: Loicledru15 folded before Flop (didn't bet)
Seat 3: freshcash7 (button) folded before Flop (didn't bet)
Seat 4: me4pne (small blind) showed [8h 6h] and lost with high card Ace
Seat 5: DanLad7 (big blind) showed [9c 6d] and won (22400) with a pair of Nines
Seat 6: picky1977 folded before Flop (didn't bet)
Seat 7: haymon23 folded before Flop (didn't bet)
Seat 8: Mahu2021 folded before Flop (didn't bet)



PokerStars Hand #253613952501: Tournament #3827888478, $1.40+$0.10 USD Hold'em No Limit - Level XVI (3000/6000) - 2024/11/28 21:50:19 CET [2024/11/28 15:50:19 ET]
Table '3827888478 12' 8-max Seat #4 is the button
Seat 1: Alfayed51 (18645 in chips) 
Seat 2: Loicledru15 (50370 in chips) 
Seat 3: freshcash7 (38430 in chips) 
Seat 4: me4pne (30225 in chips) 
Seat 5: DanLad7 (39300 in chips) 
Seat 6: picky1977 (29971 in chips) 
Seat 7: haymon23 (11412 in chips) 
Seat 8: Mahu2021 (34240 in chips) 
Alfayed51: posts the ante 600
Loicledru15: posts the ante 600
freshcash7: posts the ante 600
me4pne: posts the ante 600
DanLad7: posts the ante 600
picky1977: posts the ante 600
haymon23: posts the ante 600
Mahu2021: posts the ante 600
DanLad7: posts small blind 3000
picky1977: posts big blind 6000
*** HOLE CARDS ***
Dealt to Mahu2021 [9c 4d]
haymon23: folds 
Mahu2021: folds 
Alfayed51: folds 
Loicledru15: folds 
freshcash7: folds 
me4pne: folds 
DanLad7: raises 32700 to 38700 and is all-in
picky1977: calls 23371 and is all-in
Uncalled bet (9329) returned to DanLad7
*** FLOP *** [7d Tc 5d]
*** TURN *** [7d Tc 5d] [Ks]
*** RIVER *** [7d Tc 5d Ks] [3s]
*** SHOW DOWN ***
DanLad7: shows [Ad Jc] (high card Ace)
picky1977: shows [6d Qc] (high card King)
DanLad7 collected 63542 from pot
picky1977 finished the tournament in 90th place
*** SUMMARY ***
Total pot 63542 | Rake 0 
Board [7d Tc 5d Ks 3s]
Seat 1: Alfayed51 folded before Flop (didn't bet)
Seat 2: Loicledru15 folded before Flop (didn't bet)
Seat 3: freshcash7 folded before Flop (didn't bet)
Seat 4: me4pne (button) folded before Flop (didn't bet)
Seat 5: DanLad7 (small blind) showed [Ad Jc] and won (63542) with high card Ace
Seat 6: picky1977 (big blind) showed [6d Qc] and lost with high card King
Seat 7: haymon23 folded before Flop (didn't bet)
Seat 8: Mahu2021 folded before Flop (didn't bet)



PokerStars Hand #253613960760: Tournament #3827888478, $1.40+$0.10 USD Hold'em No Limit - Level XVI (3000/6000) - 2024/11/28 21:50:50 CET [2024/11/28 15:50:50 ET]
Table '3827888478 12' 8-max Seat #5 is the button
Seat 1: Alfayed51 (18045 in chips) 
Seat 2: Loicledru15 (49770 in chips) 
Seat 3: freshcash7 (37830 in chips) 
Seat 4: me4pne (29625 in chips) 
Seat 5: DanLad7 (72871 in chips) 
Seat 7: haymon23 (10812 in chips) 
Seat 8: Mahu2021 (33640 in chips) 
Alfayed51: posts the ante 600
Loicledru15: posts the ante 600
freshcash7: posts the ante 600
me4pne: posts the ante 600
DanLad7: posts the ante 600
haymon23: posts the ante 600
Mahu2021: posts the ante 600
haymon23: posts small blind 3000
Mahu2021: posts big blind 6000
*** HOLE CARDS ***
Dealt to Mahu2021 [Td 8h]
Alfayed51: folds 
Loicledru15: folds 
freshcash7 has timed out
freshcash7: folds 
freshcash7 is sitting out
me4pne: folds 
Spacevon is disconnected 
DanLad7: folds 
freshcash7 has returned
haymon23: folds 
Uncalled bet (3000) returned to Mahu2021
Mahu2021 collected 10200 from pot
Mahu2021: doesn't show hand 
*** SUMMARY ***
Total pot 10200 | Rake 0 
Seat 1: Alfayed51 folded before Flop (didn't bet)
Seat 2: Loicledru15 folded before Flop (didn't bet)
Seat 3: freshcash7 folded before Flop (didn't bet)
Seat 4: me4pne folded before Flop (didn't bet)
Seat 5: DanLad7 (button) folded before Flop (didn't bet)
Seat 7: haymon23 (small blind) folded before Flop
Seat 8: Mahu2021 (big blind) collected (10200)



PokerStars Hand #253613973919: Tournament #3827888478, $1.40+$0.10 USD Hold'em No Limit - Level XVI (3000/6000) - 2024/11/28 21:51:40 CET [2024/11/28 15:51:40 ET]
Table '3827888478 12' 8-max Seat #7 is the button
Seat 1: Alfayed51 (17445 in chips) 
Seat 2: Loicledru15 (49170 in chips) 
Seat 3: freshcash7 (37230 in chips) 
Seat 4: me4pne (29025 in chips) 
Seat 5: DanLad7 (72271 in chips) 
Seat 6: Spacevon (31455 in chips) 
Seat 7: haymon23 (7212 in chips) 
Seat 8: Mahu2021 (40240 in chips) 
Alfayed51: posts the ante 600
Loicledru15: posts the ante 600
freshcash7: posts the ante 600
me4pne: posts the ante 600
DanLad7: posts the ante 600
Spacevon: posts the ante 600
haymon23: posts the ante 600
Mahu2021: posts the ante 600
Mahu2021: posts small blind 3000
Alfayed51: posts big blind 6000
*** HOLE CARDS ***
Dealt to Mahu2021 [5h 8c]
Loicledru15: folds 
freshcash7: folds 
me4pne: folds 
DanLad7: folds 
Spacevon: calls 6000
haymon23: raises 612 to 6612 and is all-in
Mahu2021: folds 
Alfayed51: calls 612
Spacevon: calls 612
*** FLOP *** [Jh Qs 7h]
Alfayed51: checks 
Spacevon: checks 
*** TURN *** [Jh Qs 7h] [7s]
Alfayed51: checks 
Spacevon: bets 13818
Alfayed51: calls 10233 and is all-in
Uncalled bet (3585) returned to Spacevon
*** RIVER *** [Jh Qs 7h 7s] [Ts]
*** SHOW DOWN ***
Alfayed51: shows [Kc 7c] (three of a kind, Sevens)
Spacevon: shows [Td Kh] (two pair, Tens and Sevens)
Alfayed51 collected 20466 from side pot
haymon23: shows [Kd Ks] (two pair, Kings and Sevens)
Alfayed51 collected 27636 from main pot
haymon23 finished the tournament in 83rd place
*** SUMMARY ***
Total pot 48102 Main pot 27636. Side pot 20466. | Rake 0 
Board [Jh Qs 7h 7s Ts]
Seat 1: Alfayed51 (big blind) showed [Kc 7c] and won (48102) with three of a kind, Sevens
Seat 2: Loicledru15 folded before Flop (didn't bet)
Seat 3: freshcash7 folded before Flop (didn't bet)
Seat 4: me4pne folded before Flop (didn't bet)
Seat 5: DanLad7 folded before Flop (didn't bet)
Seat 6: Spacevon showed [Td Kh] and lost with two pair, Tens and Sevens
Seat 7: haymon23 (button) showed [Kd Ks] and lost with two pair, Kings and Sevens
Seat 8: Mahu2021 (small blind) folded before Flop



PokerStars Hand #253613987627: Tournament #3827888478, $1.40+$0.10 USD Hold'em No Limit - Level XVI (3000/6000) - 2024/11/28 21:52:33 CET [2024/11/28 15:52:33 ET]
Table '3827888478 12' 8-max Seat #8 is the button
Seat 1: Alfayed51 (48102 in chips) 
Seat 2: Loicledru15 (48570 in chips) 
Seat 3: freshcash7 (36630 in chips) 
Seat 4: me4pne (28425 in chips) 
Seat 5: DanLad7 (71671 in chips) 
Seat 6: Spacevon (14010 in chips) 
Seat 8: Mahu2021 (36640 in chips) 
Alfayed51: posts the ante 600
Loicledru15: posts the ante 600
freshcash7: posts the ante 600
me4pne: posts the ante 600
DanLad7: posts the ante 600
Spacevon: posts the ante 600
Mahu2021: posts the ante 600
Alfayed51: posts small blind 3000
Loicledru15: posts big blind 6000
*** HOLE CARDS ***
Dealt to Mahu2021 [Qc 2s]
freshcash7 has timed out
freshcash7: folds 
freshcash7 is sitting out
me4pne: folds 
DanLad7: folds 
Spacevon: folds 
Mahu2021: folds 
Alfayed51: calls 3000
Loicledru15: checks 
*** FLOP *** [Ac 8h Jd]
Alfayed51: checks 
Loicledru15: checks 
*** TURN *** [Ac 8h Jd] [7s]
Alfayed51: checks 
Loicledru15: checks 
*** RIVER *** [Ac 8h Jd 7s] [8c]
Alfayed51: checks 
Loicledru15: checks 
*** SHOW DOWN ***
Alfayed51: shows [Kd 6h] (a pair of Eights)
Loicledru15: shows [6d Kh] (a pair of Eights)
Alfayed51 collected 8100 from pot
Loicledru15 collected 8100 from pot
*** SUMMARY ***
Total pot 16200 | Rake 0 
Board [Ac 8h Jd 7s 8c]
Seat 1: Alfayed51 (small blind) showed [Kd 6h] and won (8100) with a pair of Eights
Seat 2: Loicledru15 (big blind) showed [6d Kh] and won (8100) with a pair of Eights
Seat 3: freshcash7 folded before Flop (didn't bet)
Seat 4: me4pne folded before Flop (didn't bet)
Seat 5: DanLad7 folded before Flop (didn't bet)
Seat 6: Spacevon folded before Flop (didn't bet)
Seat 8: Mahu2021 (button) folded before Flop (didn't bet)



PokerStars Hand #253614000503: Tournament #3827888478, $1.40+$0.10 USD Hold'em No Limit - Level XVII (4000/8000) - 2024/11/28 21:53:22 CET [2024/11/28 15:53:22 ET]
Table '3827888478 12' 8-max Seat #1 is the button
Seat 1: Alfayed51 (49602 in chips) 
Seat 2: Loicledru15 (50070 in chips) 
Seat 3: freshcash7 (36030 in chips) is sitting out
Seat 4: me4pne (27825 in chips) 
Seat 5: DanLad7 (71071 in chips) 
Seat 6: Spacevon (13410 in chips) 
Seat 7: 1badbeater10 (57780 in chips) 
Seat 8: Mahu2021 (36040 in chips) 
Alfayed51: posts the ante 800
Loicledru15: posts the ante 800
freshcash7: posts the ante 800
me4pne: posts the ante 800
DanLad7: posts the ante 800
Spacevon: posts the ante 800
1badbeater10: posts the ante 800
Mahu2021: posts the ante 800
Loicledru15: posts small blind 4000
freshcash7: posts big blind 8000
*** HOLE CARDS ***
Dealt to Mahu2021 [8d Td]
me4pne: calls 8000
DanLad7: folds 
Spacevon: folds 
freshcash7 has returned
1badbeater10: folds 
Mahu2021: folds 
Alfayed51: folds 
Loicledru15: folds 
freshcash7: raises 27230 to 35230 and is all-in
me4pne: calls 19025 and is all-in
Uncalled bet (8205) returned to freshcash7
*** FLOP *** [8h 5c 9c]
*** TURN *** [8h 5c 9c] [7h]
*** RIVER *** [8h 5c 9c 7h] [7d]
*** SHOW DOWN ***
freshcash7: shows [2c As] (a pair of Sevens)
me4pne: shows [6c 4c] (a straight, Five to Nine)
me4pne collected 64450 from pot
*** SUMMARY ***
Total pot 64450 | Rake 0 
Board [8h 5c 9c 7h 7d]
Seat 1: Alfayed51 (button) folded before Flop (didn't bet)
Seat 2: Loicledru15 (small blind) folded before Flop
Seat 3: freshcash7 (big blind) showed [2c As] and lost with a pair of Sevens
Seat 4: me4pne showed [6c 4c] and won (64450) with a straight, Five to Nine
Seat 5: DanLad7 folded before Flop (didn't bet)
Seat 6: Spacevon folded before Flop (didn't bet)
Seat 7: 1badbeater10 folded before Flop (didn't bet)
Seat 8: Mahu2021 folded before Flop (didn't bet)



PokerStars Hand #253614008469: Tournament #3827888478, $1.40+$0.10 USD Hold'em No Limit - Level XVII (4000/8000) - 2024/11/28 21:53:53 CET [2024/11/28 15:53:53 ET]
Table '3827888478 12' 8-max Seat #2 is the button
Seat 1: Alfayed51 (48802 in chips) 
Seat 2: Loicledru15 (45270 in chips) 
Seat 3: freshcash7 (8205 in chips) 
Seat 4: me4pne (64450 in chips) 
Seat 5: DanLad7 (70271 in chips) 
Seat 6: Spacevon (12610 in chips) 
Seat 7: 1badbeater10 (56980 in chips) 
Seat 8: Mahu2021 (35240 in chips) 
Alfayed51: posts the ante 800
Loicledru15: posts the ante 800
freshcash7: posts the ante 800
me4pne: posts the ante 800
DanLad7: posts the ante 800
Spacevon: posts the ante 800
1badbeater10: posts the ante 800
Mahu2021: posts the ante 800
freshcash7: posts small blind 4000
me4pne: posts big blind 8000
*** HOLE CARDS ***
Dealt to Mahu2021 [2c 4d]
DanLad7: folds 
Spacevon: folds 
1badbeater10: folds 
Mahu2021: folds 
Alfayed51: folds 
Loicledru15: folds 
freshcash7: calls 3405 and is all-in
Uncalled bet (595) returned to me4pne
*** FLOP *** [9d 9s Js]
*** TURN *** [9d 9s Js] [Qs]
*** RIVER *** [9d 9s Js Qs] [3h]
*** SHOW DOWN ***
freshcash7: shows [5s Qc] (two pair, Queens and Nines)
me4pne: shows [Qh 8h] (two pair, Queens and Nines)
freshcash7 collected 10605 from pot
me4pne collected 10605 from pot
*** SUMMARY ***
Total pot 21210 | Rake 0 
Board [9d 9s Js Qs 3h]
Seat 1: Alfayed51 folded before Flop (didn't bet)
Seat 2: Loicledru15 (button) folded before Flop (didn't bet)
Seat 3: freshcash7 (small blind) showed [5s Qc] and won (10605) with two pair, Queens and Nines
Seat 4: me4pne (big blind) showed [Qh 8h] and won (10605) with two pair, Queens and Nines
Seat 5: DanLad7 folded before Flop (didn't bet)
Seat 6: Spacevon folded before Flop (didn't bet)
Seat 7: 1badbeater10 folded before Flop (didn't bet)
Seat 8: Mahu2021 folded before Flop (didn't bet)



PokerStars Hand #253614014879: Tournament #3827888478, $1.40+$0.10 USD Hold'em No Limit - Level XVII (4000/8000) - 2024/11/28 21:54:17 CET [2024/11/28 15:54:17 ET]
Table '3827888478 12' 8-max Seat #3 is the button
Seat 1: Alfayed51 (48002 in chips) 
Seat 2: Loicledru15 (44470 in chips) 
Seat 3: freshcash7 (10605 in chips) 
Seat 4: me4pne (66850 in chips) 
Seat 5: DanLad7 (69471 in chips) 
Seat 6: Spacevon (11810 in chips) 
Seat 7: 1badbeater10 (56180 in chips) 
Seat 8: Mahu2021 (34440 in chips) 
Alfayed51: posts the ante 800
Loicledru15: posts the ante 800
freshcash7: posts the ante 800
me4pne: posts the ante 800
DanLad7: posts the ante 800
Spacevon: posts the ante 800
1badbeater10: posts the ante 800
Mahu2021: posts the ante 800
me4pne: posts small blind 4000
DanLad7: posts big blind 8000
*** HOLE CARDS ***
Dealt to Mahu2021 [8s 9d]
Spacevon: folds 
1badbeater10: folds 
Mahu2021: folds 
Alfayed51: folds 
Loicledru15: folds 
freshcash7: raises 1805 to 9805 and is all-in
me4pne: calls 5805
DanLad7: folds 
*** FLOP *** [4s 7s 3d]
*** TURN *** [4s 7s 3d] [6h]
*** RIVER *** [4s 7s 3d 6h] [4h]
*** SHOW DOWN ***
me4pne: shows [Jc 5c] (a straight, Three to Seven)
freshcash7: shows [Jd Tc] (a pair of Fours)
me4pne collected 34010 from pot
freshcash7 finished the tournament in 77th place
*** SUMMARY ***
Total pot 34010 | Rake 0 
Board [4s 7s 3d 6h 4h]
Seat 1: Alfayed51 folded before Flop (didn't bet)
Seat 2: Loicledru15 folded before Flop (didn't bet)
Seat 3: freshcash7 (button) showed [Jd Tc] and lost with a pair of Fours
Seat 4: me4pne (small blind) showed [Jc 5c] and won (34010) with a straight, Three to Seven
Seat 5: DanLad7 (big blind) folded before Flop
Seat 6: Spacevon folded before Flop (didn't bet)
Seat 7: 1badbeater10 folded before Flop (didn't bet)
Seat 8: Mahu2021 folded before Flop (didn't bet)



PokerStars Hand #253614027744: Tournament #3827888478, $1.40+$0.10 USD Hold'em No Limit - Level XVII (4000/8000) - 2024/11/28 21:55:06 CET [2024/11/28 15:55:06 ET]
Table '3827888478 12' 8-max Seat #4 is the button
Seat 1: Alfayed51 (47202 in chips) 
Seat 2: Loicledru15 (43670 in chips) 
Seat 4: me4pne (90255 in chips) 
Seat 5: DanLad7 (60671 in chips) 
Seat 6: Spacevon (11010 in chips) 
Seat 7: 1badbeater10 (55380 in chips) 
Seat 8: Mahu2021 (33640 in chips) 
Alfayed51: posts the ante 800
Loicledru15: posts the ante 800
me4pne: posts the ante 800
DanLad7: posts the ante 800
Spacevon: posts the ante 800
1badbeater10: posts the ante 800
Mahu2021: posts the ante 800
DanLad7: posts small blind 4000
Spacevon: posts big blind 8000
*** HOLE CARDS ***
Dealt to Mahu2021 [4d Ks]
1badbeater10: raises 46580 to 54580 and is all-in
Mahu2021: folds 
Alfayed51: folds 
Loicledru15: folds 
me4pne: folds 
DanLad7: folds 
Spacevon: calls 2210 and is all-in
Uncalled bet (44370) returned to 1badbeater10
*** FLOP *** [Td Th 5d]
*** TURN *** [Td Th 5d] [3c]
*** RIVER *** [Td Th 5d 3c] [6c]
*** SHOW DOWN ***
Spacevon: shows [Ts 7c] (three of a kind, Tens)
1badbeater10: shows [Kc Qh] (a pair of Tens)
Spacevon collected 30020 from pot
*** SUMMARY ***
Total pot 30020 | Rake 0 
Board [Td Th 5d 3c 6c]
Seat 1: Alfayed51 folded before Flop (didn't bet)
Seat 2: Loicledru15 folded before Flop (didn't bet)
Seat 4: me4pne (button) folded before Flop (didn't bet)
Seat 5: DanLad7 (small blind) folded before Flop
Seat 6: Spacevon (big blind) showed [Ts 7c] and won (30020) with three of a kind, Tens
Seat 7: 1badbeater10 showed [Kc Qh] and lost with a pair of Tens
Seat 8: Mahu2021 folded before Flop (didn't bet)



PokerStars Hand #253614098056: Tournament #3827888478, $1.40+$0.10 USD Hold'em No Limit - Level XVII (4000/8000) - 2024/11/28 22:01:08 CET [2024/11/28 16:01:08 ET]
Table '3827888478 12' 8-max Seat #5 is the button
Seat 1: Alfayed51 (46402 in chips) 
Seat 2: Loicledru15 (42870 in chips) 
Seat 4: me4pne (89455 in chips) 
Seat 5: DanLad7 (55871 in chips) 
Seat 6: Spacevon (30020 in chips) 
Seat 7: 1badbeater10 (44370 in chips) 
Seat 8: Mahu2021 (32840 in chips) 
Alfayed51: posts the ante 800
Loicledru15: posts the ante 800
me4pne: posts the ante 800
DanLad7: posts the ante 800
Spacevon: posts the ante 800
1badbeater10: posts the ante 800
Mahu2021: posts the ante 800
Spacevon: posts small blind 4000
1badbeater10: posts big blind 8000
*** HOLE CARDS ***
Dealt to Mahu2021 [3h 8s]
Mahu2021: folds 
me4pne is disconnected 
Alfayed51: folds 
Loicledru15: folds 
me4pne: folds 
DanLad7: folds 
Spacevon: folds 
Uncalled bet (4000) returned to 1badbeater10
1badbeater10 collected 13600 from pot
*** SUMMARY ***
Total pot 13600 | Rake 0 
Seat 1: Alfayed51 folded before Flop (didn't bet)
Seat 2: Loicledru15 folded before Flop (didn't bet)
Seat 4: me4pne folded before Flop (didn't bet)
Seat 5: DanLad7 (button) folded before Flop (didn't bet)
Seat 6: Spacevon (small blind) folded before Flop
Seat 7: 1badbeater10 (big blind) collected (13600)
Seat 8: Mahu2021 folded before Flop (didn't bet)



PokerStars Hand #253614102064: Tournament #3827888478, $1.40+$0.10 USD Hold'em No Limit - Level XVII (4000/8000) - 2024/11/28 22:01:26 CET [2024/11/28 16:01:26 ET]
Table '3827888478 12' 8-max Seat #6 is the button
Seat 1: Alfayed51 (45602 in chips) 
Seat 2: Loicledru15 (42070 in chips) 
Seat 4: me4pne (88655 in chips) 
Seat 5: DanLad7 (55071 in chips) 
Seat 6: Spacevon (25220 in chips) 
Seat 7: 1badbeater10 (53170 in chips) 
Seat 8: Mahu2021 (32040 in chips) 
Alfayed51: posts the ante 800
Loicledru15: posts the ante 800
me4pne: posts the ante 800
DanLad7: posts the ante 800
Spacevon: posts the ante 800
1badbeater10: posts the ante 800
Mahu2021: posts the ante 800
1badbeater10: posts small blind 4000
Mahu2021: posts big blind 8000
*** HOLE CARDS ***
Dealt to Mahu2021 [Jh Ah]
Alfayed51: raises 36802 to 44802 and is all-in
Loicledru15: folds 
me4pne: folds 
DanLad7: folds 
Spacevon: folds 
1badbeater10: folds 
Mahu2021: calls 23240 and is all-in
Uncalled bet (13562) returned to Alfayed51
*** FLOP *** [7h Jc Js]
*** TURN *** [7h Jc Js] [8d]
*** RIVER *** [7h Jc Js 8d] [9s]
*** SHOW DOWN ***
Mahu2021: shows [Jh Ah] (three of a kind, Jacks)
Alfayed51: shows [Ks Kd] (two pair, Kings and Jacks)
Mahu2021 collected 72080 from pot
*** SUMMARY ***
Total pot 72080 | Rake 0 
Board [7h Jc Js 8d 9s]
Seat 1: Alfayed51 showed [Ks Kd] and lost with two pair, Kings and Jacks
Seat 2: Loicledru15 folded before Flop (didn't bet)
Seat 4: me4pne folded before Flop (didn't bet)
Seat 5: DanLad7 folded before Flop (didn't bet)
Seat 6: Spacevon (button) folded before Flop (didn't bet)
Seat 7: 1badbeater10 (small blind) folded before Flop
Seat 8: Mahu2021 (big blind) showed [Jh Ah] and won (72080) with three of a kind, Jacks



PokerStars Hand #253614106919: Tournament #3827888478, $1.40+$0.10 USD Hold'em No Limit - Level XVII (4000/8000) - 2024/11/28 22:01:45 CET [2024/11/28 16:01:45 ET]
Table '3827888478 12' 8-max Seat #7 is the button
Seat 1: Alfayed51 (13562 in chips) 
Seat 2: Loicledru15 (41270 in chips) 
Seat 4: me4pne (87855 in chips) 
Seat 5: DanLad7 (54271 in chips) 
Seat 6: Spacevon (24420 in chips) 
Seat 7: 1badbeater10 (48370 in chips) 
Seat 8: Mahu2021 (72080 in chips) 
Alfayed51: posts the ante 800
Loicledru15: posts the ante 800
me4pne: posts the ante 800
DanLad7: posts the ante 800
Spacevon: posts the ante 800
1badbeater10: posts the ante 800
Mahu2021: posts the ante 800
Mahu2021: posts small blind 4000
Alfayed51: posts big blind 8000
*** HOLE CARDS ***
Dealt to Mahu2021 [5d 7s]
Loicledru15: folds 
me4pne: calls 8000
DanLad7: folds 
Spacevon: folds 
1badbeater10: folds 
Mahu2021: folds 
Alfayed51: checks 
*** FLOP *** [7d 4s 3h]
Alfayed51: checks 
me4pne: checks 
*** TURN *** [7d 4s 3h] [As]
Sn1p3rBR is disconnected 
Alfayed51: checks 
me4pne: checks 
*** RIVER *** [7d 4s 3h As] [2s]
Alfayed51: checks 
me4pne: checks 
*** SHOW DOWN ***
Alfayed51: shows [8s 6c] (high card Ace)
me4pne: shows [Kd 8d] (high card Ace - King kicker)
me4pne collected 25600 from pot
*** SUMMARY ***
Total pot 25600 | Rake 0 
Board [7d 4s 3h As 2s]
Seat 1: Alfayed51 (big blind) showed [8s 6c] and lost with high card Ace
Seat 2: Loicledru15 folded before Flop (didn't bet)
Seat 4: me4pne showed [Kd 8d] and won (25600) with high card Ace
Seat 5: DanLad7 folded before Flop (didn't bet)
Seat 6: Spacevon folded before Flop (didn't bet)
Seat 7: 1badbeater10 (button) folded before Flop (didn't bet)
Seat 8: Mahu2021 (small blind) folded before Flop



PokerStars Hand #253614114662: Tournament #3827888478, $1.40+$0.10 USD Hold'em No Limit - Level XVIII (5000/10000) - 2024/11/28 22:02:15 CET [2024/11/28 16:02:15 ET]
Table '3827888478 12' 8-max Seat #8 is the button
Seat 1: Alfayed51 (4762 in chips) 
Seat 2: Loicledru15 (40470 in chips) 
Seat 3: Sn1p3rBR (17935 in chips) 
Seat 4: me4pne (104655 in chips) 
Seat 5: DanLad7 (53471 in chips) 
Seat 6: Spacevon (23620 in chips) 
Seat 7: 1badbeater10 (47570 in chips) 
Seat 8: Mahu2021 (67280 in chips) 
Alfayed51: posts the ante 1000
Loicledru15: posts the ante 1000
Sn1p3rBR: posts the ante 1000
me4pne: posts the ante 1000
DanLad7: posts the ante 1000
Spacevon: posts the ante 1000
1badbeater10: posts the ante 1000
Mahu2021: posts the ante 1000
Alfayed51: posts small blind 3762 and is all-in
Loicledru15: posts big blind 10000
*** HOLE CARDS ***
Dealt to Mahu2021 [Qd Jh]
Sn1p3rBR has timed out
Sn1p3rBR: folds 
Sn1p3rBR is sitting out
me4pne: folds 
DanLad7: folds 
Spacevon: folds 
1badbeater10: raises 10000 to 20000
Mahu2021 has timed out
Mahu2021: folds 
Mahu2021 is sitting out
Loicledru15: folds 
Uncalled bet (10000) returned to 1badbeater10
*** FLOP *** [3h 8d 3d]
*** TURN *** [3h 8d 3d] [Ah]
*** RIVER *** [3h 8d 3d Ah] [6s]
*** SHOW DOWN ***
1badbeater10: shows [Ks 8s] (two pair, Eights and Threes)
1badbeater10 collected 12476 from side pot
Alfayed51: shows [9h Td] (a pair of Threes)
1badbeater10 collected 19286 from main pot
Alfayed51 finished the tournament in 70th place
*** SUMMARY ***
Total pot 31762 Main pot 19286. Side pot 12476. | Rake 0 
Board [3h 8d 3d Ah 6s]
Seat 1: Alfayed51 (small blind) showed [9h Td] and lost with a pair of Threes
Seat 2: Loicledru15 (big blind) folded before Flop
Seat 3: Sn1p3rBR folded before Flop (didn't bet)
Seat 4: me4pne folded before Flop (didn't bet)
Seat 5: DanLad7 folded before Flop (didn't bet)
Seat 6: Spacevon folded before Flop (didn't bet)
Seat 7: 1badbeater10 showed [Ks 8s] and won (31762) with two pair, Eights and Threes
Seat 8: Mahu2021 (button) folded before Flop (didn't bet)



PokerStars Hand #253614141455: Tournament #3827888478, $1.40+$0.10 USD Hold'em No Limit - Level XVIII (5000/10000) - 2024/11/28 22:03:59 CET [2024/11/28 16:03:59 ET]
Table '3827888478 12' 8-max Seat #2 is the button
Seat 2: Loicledru15 (29470 in chips) 
Seat 3: Sn1p3rBR (16935 in chips) is sitting out
Seat 4: me4pne (103655 in chips) 
Seat 5: DanLad7 (52471 in chips) 
Seat 6: Spacevon (22620 in chips) 
Seat 7: 1badbeater10 (68332 in chips) 
Seat 8: Mahu2021 (66280 in chips) is sitting out
Loicledru15: posts the ante 1000
Sn1p3rBR: posts the ante 1000
me4pne: posts the ante 1000
DanLad7: posts the ante 1000
Spacevon: posts the ante 1000
1badbeater10: posts the ante 1000
Mahu2021: posts the ante 1000
Sn1p3rBR: posts small blind 5000
me4pne: posts big blind 10000
*** HOLE CARDS ***
Dealt to Mahu2021 [Ts Ac]
DanLad7: folds 
Mahu2021 has returned
Spacevon: folds 
1badbeater10: folds 
Sn1p3rBR has returned
Mahu2021: folds 
Loicledru15: folds 
Sn1p3rBR has timed out
Sn1p3rBR: folds 
Sn1p3rBR is sitting out
Uncalled bet (5000) returned to me4pne
me4pne collected 17000 from pot
*** SUMMARY ***
Total pot 17000 | Rake 0 
Seat 2: Loicledru15 (button) folded before Flop (didn't bet)
Seat 3: Sn1p3rBR (small blind) folded before Flop
Seat 4: me4pne (big blind) collected (17000)
Seat 5: DanLad7 folded before Flop (didn't bet)
Seat 6: Spacevon folded before Flop (didn't bet)
Seat 7: 1badbeater10 folded before Flop (didn't bet)
Seat 8: Mahu2021 folded before Flop (didn't bet)



PokerStars Hand #253614152881: Tournament #3827888478, $1.40+$0.10 USD Hold'em No Limit - Level XVIII (5000/10000) - 2024/11/28 22:04:43 CET [2024/11/28 16:04:43 ET]
Table '3827888478 12' 8-max Seat #3 is the button
Seat 2: Loicledru15 (28470 in chips) 
Seat 3: Sn1p3rBR (10935 in chips) is sitting out
Seat 4: me4pne (114655 in chips) 
Seat 5: DanLad7 (51471 in chips) 
Seat 6: Spacevon (21620 in chips) 
Seat 7: 1badbeater10 (67332 in chips) 
Seat 8: Mahu2021 (65280 in chips) 
Loicledru15: posts the ante 1000
Sn1p3rBR: posts the ante 1000
me4pne: posts the ante 1000
DanLad7: posts the ante 1000
Spacevon: posts the ante 1000
1badbeater10: posts the ante 1000
Mahu2021: posts the ante 1000
me4pne: posts small blind 5000
DanLad7: posts big blind 10000
*** HOLE CARDS ***
Dealt to Mahu2021 [7s Qd]
Spacevon: folds 
1badbeater10: folds 
Mahu2021: folds 
Loicledru15: folds 
Sn1p3rBR: folds 
me4pne: calls 5000
DanLad7: checks 
*** FLOP *** [Tc 8c 2s]
me4pne: checks 
DanLad7: checks 
*** TURN *** [Tc 8c 2s] [Qc]
me4pne: checks 
DanLad7: checks 
*** RIVER *** [Tc 8c 2s Qc] [4h]
me4pne: checks 
DanLad7: checks 
*** SHOW DOWN ***
me4pne: shows [Jh 7h] (high card Queen)
DanLad7: mucks hand 
me4pne collected 27000 from pot
*** SUMMARY ***
Total pot 27000 | Rake 0 
Board [Tc 8c 2s Qc 4h]
Seat 2: Loicledru15 folded before Flop (didn't bet)
Seat 3: Sn1p3rBR (button) folded before Flop (didn't bet)
Seat 4: me4pne (small blind) showed [Jh 7h] and won (27000) with high card Queen
Seat 5: DanLad7 (big blind) mucked [3d Js]
Seat 6: Spacevon folded before Flop (didn't bet)
Seat 7: 1badbeater10 folded before Flop (didn't bet)
Seat 8: Mahu2021 folded before Flop (didn't bet)



PokerStars Hand #253614178138: Tournament #3827888478, $1.40+$0.10 USD Hold'em No Limit - Level XIX (6000/12000) - 2024/11/28 22:06:17 CET [2024/11/28 16:06:17 ET]
Table '3827888478 12' 8-max Seat #4 is the button
Seat 2: Loicledru15 (27470 in chips) 
Seat 3: Sn1p3rBR (9935 in chips) is sitting out
Seat 4: me4pne (130655 in chips) 
Seat 5: DanLad7 (40471 in chips) 
Seat 6: Spacevon (20620 in chips) 
Seat 7: 1badbeater10 (66332 in chips) 
Seat 8: Mahu2021 (64280 in chips) 
Loicledru15: posts the ante 1200
Sn1p3rBR: posts the ante 1200
me4pne: posts the ante 1200
DanLad7: posts the ante 1200
Spacevon: posts the ante 1200
1badbeater10: posts the ante 1200
Mahu2021: posts the ante 1200
DanLad7: posts small blind 6000
Spacevon: posts big blind 12000
*** HOLE CARDS ***
Dealt to Mahu2021 [Qd Ts]
1badbeater10: folds 
Mahu2021: folds 
Loicledru15: folds 
Sn1p3rBR: folds 
me4pne: calls 12000
DanLad7: folds 
Spacevon: checks 
*** FLOP *** [5d Jh 2d]
Spacevon: checks 
me4pne: bets 12000
Spacevon: folds 
Uncalled bet (12000) returned to me4pne
me4pne collected 38400 from pot
*** SUMMARY ***
Total pot 38400 | Rake 0 
Board [5d Jh 2d]
Seat 2: Loicledru15 folded before Flop (didn't bet)
Seat 3: Sn1p3rBR folded before Flop (didn't bet)
Seat 4: me4pne (button) collected (38400)
Seat 5: DanLad7 (small blind) folded before Flop
Seat 6: Spacevon (big blind) folded on the Flop
Seat 7: 1badbeater10 folded before Flop (didn't bet)
Seat 8: Mahu2021 folded before Flop (didn't bet)



PokerStars Hand #253614196853: Tournament #3827888478, $1.40+$0.10 USD Hold'em No Limit - Level XIX (6000/12000) - 2024/11/28 22:07:28 CET [2024/11/28 16:07:28 ET]
Table '3827888478 12' 8-max Seat #5 is the button
Seat 2: Loicledru15 (26270 in chips) 
Seat 3: Sn1p3rBR (8735 in chips) 
Seat 4: me4pne (155855 in chips) 
Seat 5: DanLad7 (33271 in chips) 
Seat 6: Spacevon (7420 in chips) 
Seat 7: 1badbeater10 (65132 in chips) 
Seat 8: Mahu2021 (63080 in chips) 
Loicledru15: posts the ante 1200
Sn1p3rBR: posts the ante 1200
me4pne: posts the ante 1200
DanLad7: posts the ante 1200
Spacevon: posts the ante 1200
1badbeater10: posts the ante 1200
Mahu2021: posts the ante 1200
Spacevon: posts small blind 6000
1badbeater10: posts big blind 12000
*** HOLE CARDS ***
Dealt to Mahu2021 [5s 5c]
Mahu2021: folds 
Loicledru15: folds 
Sn1p3rBR has timed out
Sn1p3rBR: folds 
Sn1p3rBR is sitting out
me4pne: folds 
DanLad7: folds 
Spacevon: folds 
Uncalled bet (6000) returned to 1badbeater10
1badbeater10 collected 20400 from pot
*** SUMMARY ***
Total pot 20400 | Rake 0 
Seat 2: Loicledru15 folded before Flop (didn't bet)
Seat 3: Sn1p3rBR folded before Flop (didn't bet)
Seat 4: me4pne folded before Flop (didn't bet)
Seat 5: DanLad7 (button) folded before Flop (didn't bet)
Seat 6: Spacevon (small blind) folded before Flop
Seat 7: 1badbeater10 (big blind) collected (20400)
Seat 8: Mahu2021 folded before Flop (didn't bet)



