PokerStars Hand #243185300626: Tournament #3579668977, $0.92+$0.08 USD Hold'em No Limit - Level I (10/20) - 2023/04/19 13:05:35 CET [2023/04/19 7:05:35 ET]
Table '3579668977 1' 3-max Seat #1 is the button
Seat 1: marissid (500 in chips) 
Seat 2: Mahu2021 (500 in chips) 
Seat 3: docmauri1975 (500 in chips) 
Mahu2021: posts small blind 10
docmauri1975: posts big blind 20
*** HOLE CARDS ***
Dealt to Mahu2021 [Jc Kd]
marissid: folds 
Mahu2021: raises 20 to 40
docmauri1975: calls 20
*** FLOP *** [4h 5c 4d]
Mahu2021: bets 40
docmauri1975: calls 40
*** TURN *** [4h 5c 4d] [9s]
Mahu2021: checks 
docmauri1975: checks 
*** RIVER *** [4h 5c 4d 9s] [9c]
Mahu2021: checks 
docmauri1975: checks 
*** SHOW DOWN ***
Mahu2021: shows [Jc Kd] (two pair, Nines and Fours)
docmauri1975: shows [3s Ac] (two pair, Nines and Fours - Ace kicker)
docmauri1975 collected 160 from pot
*** SUMMARY ***
Total pot 160 | Rake 0 
Board [4h 5c 4d 9s 9c]
Seat 1: marissid (button) folded before Flop (didn't bet)
Seat 2: Mahu2021 (small blind) showed [Jc Kd] and lost with two pair, Nines and Fours
Seat 3: docmauri1975 (big blind) showed [3s Ac] and won (160) with two pair, Nines and Fours



PokerStars Hand #243185303548: Tournament #3579668977, $0.92+$0.08 USD Hold'em No Limit - Level I (10/20) - 2023/04/19 13:05:53 CET [2023/04/19 7:05:53 ET]
Table '3579668977 1' 3-max Seat #2 is the button
Seat 1: marissid (500 in chips) 
Seat 2: Mahu2021 (420 in chips) 
Seat 3: docmauri1975 (580 in chips) 
docmauri1975: posts small blind 10
marissid: posts big blind 20
*** HOLE CARDS ***
Dealt to Mahu2021 [9c 2h]
Mahu2021: folds 
docmauri1975: calls 10
marissid: checks 
*** FLOP *** [Ts 4s 2s]
docmauri1975: checks 
marissid: bets 20
docmauri1975: calls 20
*** TURN *** [Ts 4s 2s] [8c]
docmauri1975: checks 
marissid: checks 
*** RIVER *** [Ts 4s 2s 8c] [6h]
docmauri1975: checks 
marissid: checks 
*** SHOW DOWN ***
docmauri1975: shows [6c 5c] (a pair of Sixes)
marissid: mucks hand 
docmauri1975 collected 80 from pot
*** SUMMARY ***
Total pot 80 | Rake 0 
Board [Ts 4s 2s 8c 6h]
Seat 1: marissid (big blind) mucked [Ah 3d]
Seat 2: Mahu2021 (button) folded before Flop (didn't bet)
Seat 3: docmauri1975 (small blind) showed [6c 5c] and won (80) with a pair of Sixes



PokerStars Hand #243185306678: Tournament #3579668977, $0.92+$0.08 USD Hold'em No Limit - Level I (10/20) - 2023/04/19 13:06:11 CET [2023/04/19 7:06:11 ET]
Table '3579668977 1' 3-max Seat #3 is the button
Seat 1: marissid (460 in chips) 
Seat 2: Mahu2021 (420 in chips) 
Seat 3: docmauri1975 (620 in chips) 
marissid: posts small blind 10
Mahu2021: posts big blind 20
*** HOLE CARDS ***
Dealt to Mahu2021 [6h Th]
docmauri1975: calls 20
marissid: calls 10
Mahu2021: checks 
*** FLOP *** [2c 9h Jc]
marissid: checks 
Mahu2021: checks 
docmauri1975: checks 
*** TURN *** [2c 9h Jc] [4c]
marissid: checks 
Mahu2021: checks 
docmauri1975: checks 
*** RIVER *** [2c 9h Jc 4c] [8h]
marissid: checks 
Mahu2021: bets 40
docmauri1975: folds 
marissid: folds 
Uncalled bet (40) returned to Mahu2021
Mahu2021 collected 60 from pot
Mahu2021: doesn't show hand 
*** SUMMARY ***
Total pot 60 | Rake 0 
Board [2c 9h Jc 4c 8h]
Seat 1: marissid (small blind) folded on the River
Seat 2: Mahu2021 (big blind) collected (60)
Seat 3: docmauri1975 (button) folded on the River



PokerStars Hand #243185310125: Tournament #3579668977, $0.92+$0.08 USD Hold'em No Limit - Level I (10/20) - 2023/04/19 13:06:32 CET [2023/04/19 7:06:32 ET]
Table '3579668977 1' 3-max Seat #1 is the button
Seat 1: marissid (440 in chips) 
Seat 2: Mahu2021 (460 in chips) 
Seat 3: docmauri1975 (600 in chips) 
Mahu2021: posts small blind 10
docmauri1975: posts big blind 20
*** HOLE CARDS ***
Dealt to Mahu2021 [Kc 9c]
marissid: raises 420 to 440 and is all-in
Mahu2021: folds 
docmauri1975: folds 
Uncalled bet (420) returned to marissid
marissid collected 50 from pot
marissid: doesn't show hand 
*** SUMMARY ***
Total pot 50 | Rake 0 
Seat 1: marissid (button) collected (50)
Seat 2: Mahu2021 (small blind) folded before Flop
Seat 3: docmauri1975 (big blind) folded before Flop



PokerStars Hand #243185311661: Tournament #3579668977, $0.92+$0.08 USD Hold'em No Limit - Level I (10/20) - 2023/04/19 13:06:41 CET [2023/04/19 7:06:41 ET]
Table '3579668977 1' 3-max Seat #2 is the button
Seat 1: marissid (470 in chips) 
Seat 2: Mahu2021 (450 in chips) 
Seat 3: docmauri1975 (580 in chips) 
docmauri1975: posts small blind 10
marissid: posts big blind 20
*** HOLE CARDS ***
Dealt to Mahu2021 [Js 7s]
Mahu2021: calls 20
docmauri1975: calls 10
marissid: checks 
*** FLOP *** [Ad 6h 8h]
docmauri1975: checks 
marissid: checks 
Mahu2021: checks 
*** TURN *** [Ad 6h 8h] [5c]
docmauri1975: checks 
marissid: checks 
Mahu2021: bets 60
docmauri1975: folds 
marissid: calls 60
*** RIVER *** [Ad 6h 8h 5c] [Jh]
marissid: checks 
Mahu2021: checks 
*** SHOW DOWN ***
marissid: shows [6s 4c] (a pair of Sixes)
Mahu2021: shows [Js 7s] (a pair of Jacks)
Mahu2021 collected 180 from pot
*** SUMMARY ***
Total pot 180 | Rake 0 
Board [Ad 6h 8h 5c Jh]
Seat 1: marissid (big blind) showed [6s 4c] and lost with a pair of Sixes
Seat 2: Mahu2021 (button) showed [Js 7s] and won (180) with a pair of Jacks
Seat 3: docmauri1975 (small blind) folded on the Turn



PokerStars Hand #243185315437: Tournament #3579668977, $0.92+$0.08 USD Hold'em No Limit - Level I (10/20) - 2023/04/19 13:07:04 CET [2023/04/19 7:07:04 ET]
Table '3579668977 1' 3-max Seat #3 is the button
Seat 1: marissid (390 in chips) 
Seat 2: Mahu2021 (550 in chips) 
Seat 3: docmauri1975 (560 in chips) 
marissid: posts small blind 10
Mahu2021: posts big blind 20
*** HOLE CARDS ***
Dealt to Mahu2021 [2d Tc]
docmauri1975: folds 
marissid: calls 10
Mahu2021: checks 
*** FLOP *** [5c 8h Qh]
marissid: checks 
Mahu2021: checks 
*** TURN *** [5c 8h Qh] [3c]
marissid: checks 
Mahu2021: checks 
*** RIVER *** [5c 8h Qh 3c] [2s]
marissid: checks 
Mahu2021: checks 
*** SHOW DOWN ***
marissid: shows [6s Jh] (high card Queen)
Mahu2021: shows [2d Tc] (a pair of Deuces)
Mahu2021 collected 40 from pot
*** SUMMARY ***
Total pot 40 | Rake 0 
Board [5c 8h Qh 3c 2s]
Seat 1: marissid (small blind) showed [6s Jh] and lost with high card Queen
Seat 2: Mahu2021 (big blind) showed [2d Tc] and won (40) with a pair of Deuces
Seat 3: docmauri1975 (button) folded before Flop (didn't bet)



PokerStars Hand #243185317940: Tournament #3579668977, $0.92+$0.08 USD Hold'em No Limit - Level I (10/20) - 2023/04/19 13:07:19 CET [2023/04/19 7:07:19 ET]
Table '3579668977 1' 3-max Seat #1 is the button
Seat 1: marissid (370 in chips) 
Seat 2: Mahu2021 (570 in chips) 
Seat 3: docmauri1975 (560 in chips) 
Mahu2021: posts small blind 10
docmauri1975: posts big blind 20
*** HOLE CARDS ***
Dealt to Mahu2021 [3h 8s]
marissid: calls 20
Mahu2021: folds 
docmauri1975: checks 
*** FLOP *** [8d 6h 5s]
docmauri1975: checks 
marissid: checks 
*** TURN *** [8d 6h 5s] [8h]
docmauri1975: checks 
marissid: bets 20
docmauri1975: calls 20
*** RIVER *** [8d 6h 5s 8h] [4h]
docmauri1975: checks 
marissid: bets 20
docmauri1975: folds 
Uncalled bet (20) returned to marissid
marissid collected 90 from pot
marissid: doesn't show hand 
*** SUMMARY ***
Total pot 90 | Rake 0 
Board [8d 6h 5s 8h 4h]
Seat 1: marissid (button) collected (90)
Seat 2: Mahu2021 (small blind) folded before Flop
Seat 3: docmauri1975 (big blind) folded on the River



PokerStars Hand #243185321624: Tournament #3579668977, $0.92+$0.08 USD Hold'em No Limit - Level II (15/30) - 2023/04/19 13:07:41 CET [2023/04/19 7:07:41 ET]
Table '3579668977 1' 3-max Seat #2 is the button
Seat 1: marissid (420 in chips) 
Seat 2: Mahu2021 (560 in chips) 
Seat 3: docmauri1975 (520 in chips) 
docmauri1975: posts small blind 15
marissid: posts big blind 30
*** HOLE CARDS ***
Dealt to Mahu2021 [3d 9d]
Mahu2021: folds 
docmauri1975: folds 
Uncalled bet (15) returned to marissid
marissid collected 30 from pot
marissid: doesn't show hand 
*** SUMMARY ***
Total pot 30 | Rake 0 
Seat 1: marissid (big blind) collected (30)
Seat 2: Mahu2021 (button) folded before Flop (didn't bet)
Seat 3: docmauri1975 (small blind) folded before Flop



PokerStars Hand #243185322518: Tournament #3579668977, $0.92+$0.08 USD Hold'em No Limit - Level II (15/30) - 2023/04/19 13:07:46 CET [2023/04/19 7:07:46 ET]
Table '3579668977 1' 3-max Seat #3 is the button
Seat 1: marissid (435 in chips) 
Seat 2: Mahu2021 (560 in chips) 
Seat 3: docmauri1975 (505 in chips) 
marissid: posts small blind 15
Mahu2021: posts big blind 30
*** HOLE CARDS ***
Dealt to Mahu2021 [Qh 7s]
docmauri1975: folds 
marissid: calls 15
Mahu2021: checks 
*** FLOP *** [Jd 4s 2c]
marissid: checks 
Mahu2021: checks 
*** TURN *** [Jd 4s 2c] [Ah]
marissid: bets 60
Mahu2021: folds 
Uncalled bet (60) returned to marissid
marissid collected 60 from pot
marissid: doesn't show hand 
*** SUMMARY ***
Total pot 60 | Rake 0 
Board [Jd 4s 2c Ah]
Seat 1: marissid (small blind) collected (60)
Seat 2: Mahu2021 (big blind) folded on the Turn
Seat 3: docmauri1975 (button) folded before Flop (didn't bet)



PokerStars Hand #243185324758: Tournament #3579668977, $0.92+$0.08 USD Hold'em No Limit - Level II (15/30) - 2023/04/19 13:07:59 CET [2023/04/19 7:07:59 ET]
Table '3579668977 1' 3-max Seat #1 is the button
Seat 1: marissid (465 in chips) 
Seat 2: Mahu2021 (530 in chips) 
Seat 3: docmauri1975 (505 in chips) 
Mahu2021: posts small blind 15
docmauri1975: posts big blind 30
*** HOLE CARDS ***
Dealt to Mahu2021 [5h 7c]
marissid: raises 30 to 60
Mahu2021: folds 
docmauri1975: calls 30
*** FLOP *** [Qs 5d Ac]
docmauri1975: checks 
marissid: bets 60
docmauri1975: folds 
Uncalled bet (60) returned to marissid
marissid collected 135 from pot
marissid: doesn't show hand 
*** SUMMARY ***
Total pot 135 | Rake 0 
Board [Qs 5d Ac]
Seat 1: marissid (button) collected (135)
Seat 2: Mahu2021 (small blind) folded before Flop
Seat 3: docmauri1975 (big blind) folded on the Flop



PokerStars Hand #243185326673: Tournament #3579668977, $0.92+$0.08 USD Hold'em No Limit - Level II (15/30) - 2023/04/19 13:08:11 CET [2023/04/19 7:08:11 ET]
Table '3579668977 1' 3-max Seat #2 is the button
Seat 1: marissid (540 in chips) 
Seat 2: Mahu2021 (515 in chips) 
Seat 3: docmauri1975 (445 in chips) 
docmauri1975: posts small blind 15
marissid: posts big blind 30
*** HOLE CARDS ***
Dealt to Mahu2021 [Ts 2d]
Mahu2021: folds 
docmauri1975: raises 30 to 60
marissid: folds 
Uncalled bet (30) returned to docmauri1975
docmauri1975 collected 60 from pot
docmauri1975: doesn't show hand 
*** SUMMARY ***
Total pot 60 | Rake 0 
Seat 1: marissid (big blind) folded before Flop
Seat 2: Mahu2021 (button) folded before Flop (didn't bet)
Seat 3: docmauri1975 (small blind) collected (60)



PokerStars Hand #243185327823: Tournament #3579668977, $0.92+$0.08 USD Hold'em No Limit - Level II (15/30) - 2023/04/19 13:08:18 CET [2023/04/19 7:08:18 ET]
Table '3579668977 1' 3-max Seat #3 is the button
Seat 1: marissid (510 in chips) 
Seat 2: Mahu2021 (515 in chips) 
Seat 3: docmauri1975 (475 in chips) 
marissid: posts small blind 15
Mahu2021: posts big blind 30
*** HOLE CARDS ***
Dealt to Mahu2021 [9d 2h]
docmauri1975: folds 
marissid: calls 15
Mahu2021: checks 
*** FLOP *** [8s Ah 2c]
marissid: checks 
Mahu2021: bets 30
marissid: folds 
Uncalled bet (30) returned to Mahu2021
Mahu2021 collected 60 from pot
Mahu2021: doesn't show hand 
*** SUMMARY ***
Total pot 60 | Rake 0 
Board [8s Ah 2c]
Seat 1: marissid (small blind) folded on the Flop
Seat 2: Mahu2021 (big blind) collected (60)
Seat 3: docmauri1975 (button) folded before Flop (didn't bet)



PokerStars Hand #243185329702: Tournament #3579668977, $0.92+$0.08 USD Hold'em No Limit - Level II (15/30) - 2023/04/19 13:08:29 CET [2023/04/19 7:08:29 ET]
Table '3579668977 1' 3-max Seat #1 is the button
Seat 1: marissid (480 in chips) 
Seat 2: Mahu2021 (545 in chips) 
Seat 3: docmauri1975 (475 in chips) 
Mahu2021: posts small blind 15
docmauri1975: posts big blind 30
*** HOLE CARDS ***
Dealt to Mahu2021 [Qs Ad]
marissid: folds 
Mahu2021: raises 30 to 60
docmauri1975: folds 
Uncalled bet (30) returned to Mahu2021
Mahu2021 collected 60 from pot
Mahu2021: doesn't show hand 
*** SUMMARY ***
Total pot 60 | Rake 0 
Seat 1: marissid (button) folded before Flop (didn't bet)
Seat 2: Mahu2021 (small blind) collected (60)
Seat 3: docmauri1975 (big blind) folded before Flop



PokerStars Hand #243185331287: Tournament #3579668977, $0.92+$0.08 USD Hold'em No Limit - Level II (15/30) - 2023/04/19 13:08:39 CET [2023/04/19 7:08:39 ET]
Table '3579668977 1' 3-max Seat #2 is the button
Seat 1: marissid (480 in chips) 
Seat 2: Mahu2021 (575 in chips) 
Seat 3: docmauri1975 (445 in chips) 
docmauri1975: posts small blind 15
marissid: posts big blind 30
*** HOLE CARDS ***
Dealt to Mahu2021 [6h 3s]
Mahu2021: folds 
docmauri1975: raises 30 to 60
marissid: calls 30
*** FLOP *** [3c 8d 2s]
docmauri1975: bets 30
marissid: calls 30
*** TURN *** [3c 8d 2s] [6d]
docmauri1975: bets 30
marissid: calls 30
*** RIVER *** [3c 8d 2s 6d] [8s]
docmauri1975: bets 120
marissid: folds 
Uncalled bet (120) returned to docmauri1975
docmauri1975 collected 240 from pot
docmauri1975: doesn't show hand 
*** SUMMARY ***
Total pot 240 | Rake 0 
Board [3c 8d 2s 6d 8s]
Seat 1: marissid (big blind) folded on the River
Seat 2: Mahu2021 (button) folded before Flop (didn't bet)
Seat 3: docmauri1975 (small blind) collected (240)



PokerStars Hand #243185334334: Tournament #3579668977, $0.92+$0.08 USD Hold'em No Limit - Level II (15/30) - 2023/04/19 13:08:56 CET [2023/04/19 7:08:56 ET]
Table '3579668977 1' 3-max Seat #3 is the button
Seat 1: marissid (360 in chips) 
Seat 2: Mahu2021 (575 in chips) 
Seat 3: docmauri1975 (565 in chips) 
marissid: posts small blind 15
Mahu2021: posts big blind 30
*** HOLE CARDS ***
Dealt to Mahu2021 [7d 6c]
docmauri1975: folds 
marissid: raises 30 to 60
Mahu2021: calls 30
*** FLOP *** [3s 7s Qd]
marissid: checks 
Mahu2021: checks 
*** TURN *** [3s 7s Qd] [3h]
marissid: bets 60
Mahu2021: calls 60
*** RIVER *** [3s 7s Qd 3h] [6h]
marissid: checks 
Mahu2021: bets 240
marissid: folds 
Uncalled bet (240) returned to Mahu2021
Mahu2021 collected 240 from pot
Mahu2021: doesn't show hand 
*** SUMMARY ***
Total pot 240 | Rake 0 
Board [3s 7s Qd 3h 6h]
Seat 1: marissid (small blind) folded on the River
Seat 2: Mahu2021 (big blind) collected (240)
Seat 3: docmauri1975 (button) folded before Flop (didn't bet)



PokerStars Hand #243185338914: Tournament #3579668977, $0.92+$0.08 USD Hold'em No Limit - Level II (15/30) - 2023/04/19 13:09:23 CET [2023/04/19 7:09:23 ET]
Table '3579668977 1' 3-max Seat #1 is the button
Seat 1: marissid (240 in chips) 
Seat 2: Mahu2021 (695 in chips) 
Seat 3: docmauri1975 (565 in chips) 
Mahu2021: posts small blind 15
docmauri1975: posts big blind 30
*** HOLE CARDS ***
Dealt to Mahu2021 [Ah 3c]
marissid: calls 30
Mahu2021: calls 15
docmauri1975: checks 
*** FLOP *** [2d 8d 7s]
Mahu2021: checks 
docmauri1975: checks 
marissid: checks 
*** TURN *** [2d 8d 7s] [Jd]
Mahu2021: checks 
docmauri1975: checks 
marissid: bets 30
Mahu2021: calls 30
docmauri1975: folds 
*** RIVER *** [2d 8d 7s Jd] [4c]
Mahu2021: checks 
marissid: bets 60
Mahu2021: folds 
Uncalled bet (60) returned to marissid
marissid collected 150 from pot
marissid: doesn't show hand 
*** SUMMARY ***
Total pot 150 | Rake 0 
Board [2d 8d 7s Jd 4c]
Seat 1: marissid (button) collected (150)
Seat 2: Mahu2021 (small blind) folded on the River
Seat 3: docmauri1975 (big blind) folded on the Turn



PokerStars Hand #243185343485: Tournament #3579668977, $0.92+$0.08 USD Hold'em No Limit - Level III (20/40) - 2023/04/19 13:09:50 CET [2023/04/19 7:09:50 ET]
Table '3579668977 1' 3-max Seat #2 is the button
Seat 1: marissid (330 in chips) 
Seat 2: Mahu2021 (635 in chips) 
Seat 3: docmauri1975 (535 in chips) 
docmauri1975: posts small blind 20
marissid: posts big blind 40
*** HOLE CARDS ***
Dealt to Mahu2021 [6c 9c]
Mahu2021: folds 
docmauri1975: raises 40 to 80
marissid: folds 
Uncalled bet (40) returned to docmauri1975
docmauri1975 collected 80 from pot
docmauri1975: doesn't show hand 
*** SUMMARY ***
Total pot 80 | Rake 0 
Seat 1: marissid (big blind) folded before Flop
Seat 2: Mahu2021 (button) folded before Flop (didn't bet)
Seat 3: docmauri1975 (small blind) collected (80)



PokerStars Hand #243185344802: Tournament #3579668977, $0.92+$0.08 USD Hold'em No Limit - Level III (20/40) - 2023/04/19 13:09:58 CET [2023/04/19 7:09:58 ET]
Table '3579668977 1' 3-max Seat #3 is the button
Seat 1: marissid (290 in chips) 
Seat 2: Mahu2021 (635 in chips) 
Seat 3: docmauri1975 (575 in chips) 
marissid: posts small blind 20
Mahu2021: posts big blind 40
*** HOLE CARDS ***
Dealt to Mahu2021 [4s 6h]
docmauri1975: raises 40 to 80
marissid: calls 60
Mahu2021: calls 40
*** FLOP *** [2d 5h 5d]
marissid: checks 
Mahu2021: checks 
docmauri1975: bets 120
marissid: folds 
Mahu2021: calls 120
*** TURN *** [2d 5h 5d] [Tc]
Mahu2021: checks 
docmauri1975: bets 240
Mahu2021: folds 
Uncalled bet (240) returned to docmauri1975
docmauri1975 collected 480 from pot
docmauri1975: doesn't show hand 
*** SUMMARY ***
Total pot 480 | Rake 0 
Board [2d 5h 5d Tc]
Seat 1: marissid (small blind) folded on the Flop
Seat 2: Mahu2021 (big blind) folded on the Turn
Seat 3: docmauri1975 (button) collected (480)



PokerStars Hand #243185348429: Tournament #3579668977, $0.92+$0.08 USD Hold'em No Limit - Level III (20/40) - 2023/04/19 13:10:20 CET [2023/04/19 7:10:20 ET]
Table '3579668977 1' 3-max Seat #1 is the button
Seat 1: marissid (210 in chips) 
Seat 2: Mahu2021 (435 in chips) 
Seat 3: docmauri1975 (855 in chips) 
Mahu2021: posts small blind 20
docmauri1975: posts big blind 40
*** HOLE CARDS ***
Dealt to Mahu2021 [6d 3c]
marissid: calls 40
Mahu2021: folds 
docmauri1975: checks 
*** FLOP *** [6c Qh Kh]
docmauri1975: checks 
marissid: bets 40
docmauri1975: folds 
Uncalled bet (40) returned to marissid
marissid collected 100 from pot
marissid: doesn't show hand 
*** SUMMARY ***
Total pot 100 | Rake 0 
Board [6c Qh Kh]
Seat 1: marissid (button) collected (100)
Seat 2: Mahu2021 (small blind) folded before Flop
Seat 3: docmauri1975 (big blind) folded on the Flop



PokerStars Hand #243185350294: Tournament #3579668977, $0.92+$0.08 USD Hold'em No Limit - Level III (20/40) - 2023/04/19 13:10:31 CET [2023/04/19 7:10:31 ET]
Table '3579668977 1' 3-max Seat #2 is the button
Seat 1: marissid (270 in chips) 
Seat 2: Mahu2021 (415 in chips) 
Seat 3: docmauri1975 (815 in chips) 
docmauri1975: posts small blind 20
marissid: posts big blind 40
*** HOLE CARDS ***
Dealt to Mahu2021 [2d Kd]
Mahu2021: calls 40
docmauri1975: calls 20
marissid: checks 
*** FLOP *** [4s Ac Ks]
docmauri1975: checks 
marissid: checks 
Mahu2021: bets 40
docmauri1975: calls 40
marissid: folds 
*** TURN *** [4s Ac Ks] [6s]
docmauri1975: checks 
Mahu2021: checks 
*** RIVER *** [4s Ac Ks 6s] [8c]
docmauri1975: bets 100
Mahu2021: calls 100
*** SHOW DOWN ***
docmauri1975: shows [Ad 7c] (a pair of Aces)
Mahu2021: mucks hand 
docmauri1975 collected 400 from pot
*** SUMMARY ***
Total pot 400 | Rake 0 
Board [4s Ac Ks 6s 8c]
Seat 1: marissid (big blind) folded on the Flop
Seat 2: Mahu2021 (button) mucked [2d Kd]
Seat 3: docmauri1975 (small blind) showed [Ad 7c] and won (400) with a pair of Aces



PokerStars Hand #243185353518: Tournament #3579668977, $0.92+$0.08 USD Hold'em No Limit - Level III (20/40) - 2023/04/19 13:10:50 CET [2023/04/19 7:10:50 ET]
Table '3579668977 1' 3-max Seat #3 is the button
Seat 1: marissid (230 in chips) 
Seat 2: Mahu2021 (235 in chips) 
Seat 3: docmauri1975 (1035 in chips) 
marissid: posts small blind 20
Mahu2021: posts big blind 40
*** HOLE CARDS ***
Dealt to Mahu2021 [Jh 9d]
docmauri1975: folds 
marissid: calls 20
Mahu2021: checks 
*** FLOP *** [3c 9h Qh]
marissid: checks 
Mahu2021: bets 40
marissid: folds 
Uncalled bet (40) returned to Mahu2021
Mahu2021 collected 80 from pot
Mahu2021: doesn't show hand 
*** SUMMARY ***
Total pot 80 | Rake 0 
Board [3c 9h Qh]
Seat 1: marissid (small blind) folded on the Flop
Seat 2: Mahu2021 (big blind) collected (80)
Seat 3: docmauri1975 (button) folded before Flop (didn't bet)



PokerStars Hand #243185355390: Tournament #3579668977, $0.92+$0.08 USD Hold'em No Limit - Level III (20/40) - 2023/04/19 13:11:01 CET [2023/04/19 7:11:01 ET]
Table '3579668977 1' 3-max Seat #1 is the button
Seat 1: marissid (190 in chips) 
Seat 2: Mahu2021 (275 in chips) 
Seat 3: docmauri1975 (1035 in chips) 
Mahu2021: posts small blind 20
docmauri1975: posts big blind 40
*** HOLE CARDS ***
Dealt to Mahu2021 [Qc 5s]
marissid: calls 40
Mahu2021: folds 
docmauri1975: checks 
*** FLOP *** [6s 4s 9c]
docmauri1975: checks 
marissid: bets 40
docmauri1975: folds 
Uncalled bet (40) returned to marissid
marissid collected 100 from pot
marissid: doesn't show hand 
*** SUMMARY ***
Total pot 100 | Rake 0 
Board [6s 4s 9c]
Seat 1: marissid (button) collected (100)
Seat 2: Mahu2021 (small blind) folded before Flop
Seat 3: docmauri1975 (big blind) folded on the Flop



PokerStars Hand #243185357747: Tournament #3579668977, $0.92+$0.08 USD Hold'em No Limit - Level III (20/40) - 2023/04/19 13:11:15 CET [2023/04/19 7:11:15 ET]
Table '3579668977 1' 3-max Seat #2 is the button
Seat 1: marissid (250 in chips) 
Seat 2: Mahu2021 (255 in chips) 
Seat 3: docmauri1975 (995 in chips) 
docmauri1975: posts small blind 20
marissid: posts big blind 40
*** HOLE CARDS ***
Dealt to Mahu2021 [4s Jd]
Mahu2021: folds 
docmauri1975: calls 20
marissid: raises 40 to 80
docmauri1975: calls 40
*** FLOP *** [7c 7d 2h]
docmauri1975: checks 
marissid: bets 40
docmauri1975: calls 40
*** TURN *** [7c 7d 2h] [5h]
docmauri1975: checks 
marissid: bets 40
docmauri1975: calls 40
*** RIVER *** [7c 7d 2h 5h] [5c]
docmauri1975: bets 160
marissid: calls 90 and is all-in
Uncalled bet (70) returned to docmauri1975
*** SHOW DOWN ***
docmauri1975: shows [5s 6c] (a full house, Fives full of Sevens)
marissid: shows [Kc Ad] (two pair, Sevens and Fives)
docmauri1975 collected 500 from pot
marissid finished the tournament in 3rd place
*** SUMMARY ***
Total pot 500 | Rake 0 
Board [7c 7d 2h 5h 5c]
Seat 1: marissid (big blind) showed [Kc Ad] and lost with two pair, Sevens and Fives
Seat 2: Mahu2021 (button) folded before Flop (didn't bet)
Seat 3: docmauri1975 (small blind) showed [5s 6c] and won (500) with a full house, Fives full of Sevens



PokerStars Hand #243185362975: Tournament #3579668977, $0.92+$0.08 USD Hold'em No Limit - Level IV (30/60) - 2023/04/19 13:11:45 CET [2023/04/19 7:11:45 ET]
Table '3579668977 1' 3-max Seat #3 is the button
Seat 2: Mahu2021 (255 in chips) 
Seat 3: docmauri1975 (1245 in chips) 
docmauri1975: posts small blind 30
Mahu2021: posts big blind 60
*** HOLE CARDS ***
Dealt to Mahu2021 [4h 7c]
docmauri1975: calls 30
Mahu2021: checks 
*** FLOP *** [Kc Kh Qc]
Mahu2021: checks 
docmauri1975: checks 
*** TURN *** [Kc Kh Qc] [4d]
Mahu2021: bets 60
docmauri1975: calls 60
*** RIVER *** [Kc Kh Qc 4d] [5h]
Mahu2021: bets 135 and is all-in
docmauri1975: folds 
Uncalled bet (135) returned to Mahu2021
Mahu2021 collected 240 from pot
Mahu2021: doesn't show hand 
*** SUMMARY ***
Total pot 240 | Rake 0 
Board [Kc Kh Qc 4d 5h]
Seat 2: Mahu2021 (big blind) collected (240)
Seat 3: docmauri1975 (button) (small blind) folded on the River



PokerStars Hand #243185365857: Tournament #3579668977, $0.92+$0.08 USD Hold'em No Limit - Level IV (30/60) - 2023/04/19 13:12:02 CET [2023/04/19 7:12:02 ET]
Table '3579668977 1' 3-max Seat #2 is the button
Seat 2: Mahu2021 (375 in chips) 
Seat 3: docmauri1975 (1125 in chips) 
Mahu2021: posts small blind 30
docmauri1975: posts big blind 60
*** HOLE CARDS ***
Dealt to Mahu2021 [2c 9s]
Mahu2021: folds 
Uncalled bet (30) returned to docmauri1975
docmauri1975 collected 60 from pot
docmauri1975: doesn't show hand 
*** SUMMARY ***
Total pot 60 | Rake 0 
Seat 2: Mahu2021 (button) (small blind) folded before Flop
Seat 3: docmauri1975 (big blind) collected (60)



PokerStars Hand #243185366729: Tournament #3579668977, $0.92+$0.08 USD Hold'em No Limit - Level IV (30/60) - 2023/04/19 13:12:07 CET [2023/04/19 7:12:07 ET]
Table '3579668977 1' 3-max Seat #3 is the button
Seat 2: Mahu2021 (345 in chips) 
Seat 3: docmauri1975 (1155 in chips) 
docmauri1975: posts small blind 30
Mahu2021: posts big blind 60
*** HOLE CARDS ***
Dealt to Mahu2021 [5s Ac]
docmauri1975: calls 30
Mahu2021: raises 285 to 345 and is all-in
docmauri1975: folds 
Uncalled bet (285) returned to Mahu2021
Mahu2021 collected 120 from pot
Mahu2021: doesn't show hand 
*** SUMMARY ***
Total pot 120 | Rake 0 
Seat 2: Mahu2021 (big blind) collected (120)
Seat 3: docmauri1975 (button) (small blind) folded before Flop



PokerStars Hand #243185368013: Tournament #3579668977, $0.92+$0.08 USD Hold'em No Limit - Level IV (30/60) - 2023/04/19 13:12:15 CET [2023/04/19 7:12:15 ET]
Table '3579668977 1' 3-max Seat #2 is the button
Seat 2: Mahu2021 (405 in chips) 
Seat 3: docmauri1975 (1095 in chips) 
Mahu2021: posts small blind 30
docmauri1975: posts big blind 60
*** HOLE CARDS ***
Dealt to Mahu2021 [4c Qh]
Mahu2021: calls 30
docmauri1975: checks 
*** FLOP *** [Qd 8c 6d]
docmauri1975: bets 60
Mahu2021: raises 285 to 345 and is all-in
docmauri1975: folds 
Uncalled bet (285) returned to Mahu2021
Mahu2021 collected 240 from pot
Mahu2021: doesn't show hand 
*** SUMMARY ***
Total pot 240 | Rake 0 
Board [Qd 8c 6d]
Seat 2: Mahu2021 (button) (small blind) collected (240)
Seat 3: docmauri1975 (big blind) folded on the Flop



PokerStars Hand #243185370284: Tournament #3579668977, $0.92+$0.08 USD Hold'em No Limit - Level IV (30/60) - 2023/04/19 13:12:28 CET [2023/04/19 7:12:28 ET]
Table '3579668977 1' 3-max Seat #3 is the button
Seat 2: Mahu2021 (525 in chips) 
Seat 3: docmauri1975 (975 in chips) 
docmauri1975: posts small blind 30
Mahu2021: posts big blind 60
*** HOLE CARDS ***
Dealt to Mahu2021 [Tc 3h]
docmauri1975: calls 30
Mahu2021: checks 
*** FLOP *** [Qd 3s As]
Mahu2021: checks 
docmauri1975: checks 
*** TURN *** [Qd 3s As] [6c]
Mahu2021: checks 
docmauri1975: checks 
*** RIVER *** [Qd 3s As 6c] [Jh]
Mahu2021: bets 60
docmauri1975: calls 60
*** SHOW DOWN ***
Mahu2021: shows [Tc 3h] (a pair of Threes)
docmauri1975: shows [Js 2d] (a pair of Jacks)
docmauri1975 collected 240 from pot
*** SUMMARY ***
Total pot 240 | Rake 0 
Board [Qd 3s As 6c Jh]
Seat 2: Mahu2021 (big blind) showed [Tc 3h] and lost with a pair of Threes
Seat 3: docmauri1975 (button) (small blind) showed [Js 2d] and won (240) with a pair of Jacks



PokerStars Hand #243185372782: Tournament #3579668977, $0.92+$0.08 USD Hold'em No Limit - Level IV (30/60) - 2023/04/19 13:12:42 CET [2023/04/19 7:12:42 ET]
Table '3579668977 1' 3-max Seat #2 is the button
Seat 2: Mahu2021 (405 in chips) 
Seat 3: docmauri1975 (1095 in chips) 
Mahu2021: posts small blind 30
docmauri1975: posts big blind 60
*** HOLE CARDS ***
Dealt to Mahu2021 [Td 8c]
Mahu2021: folds 
Uncalled bet (30) returned to docmauri1975
docmauri1975 collected 60 from pot
docmauri1975: doesn't show hand 
*** SUMMARY ***
Total pot 60 | Rake 0 
Seat 2: Mahu2021 (button) (small blind) folded before Flop
Seat 3: docmauri1975 (big blind) collected (60)



PokerStars Hand #243185373662: Tournament #3579668977, $0.92+$0.08 USD Hold'em No Limit - Level IV (30/60) - 2023/04/19 13:12:48 CET [2023/04/19 7:12:48 ET]
Table '3579668977 1' 3-max Seat #3 is the button
Seat 2: Mahu2021 (375 in chips) 
Seat 3: docmauri1975 (1125 in chips) 
docmauri1975: posts small blind 30
Mahu2021: posts big blind 60
*** HOLE CARDS ***
Dealt to Mahu2021 [9s 2h]
docmauri1975: calls 30
Mahu2021: checks 
*** FLOP *** [4h Tc Ac]
Mahu2021: checks 
docmauri1975: checks 
*** TURN *** [4h Tc Ac] [As]
Mahu2021: checks 
docmauri1975: bets 60
Mahu2021: folds 
Uncalled bet (60) returned to docmauri1975
docmauri1975 collected 120 from pot
docmauri1975: doesn't show hand 
*** SUMMARY ***
Total pot 120 | Rake 0 
Board [4h Tc Ac As]
Seat 2: Mahu2021 (big blind) folded on the Turn
Seat 3: docmauri1975 (button) (small blind) collected (120)



PokerStars Hand #243185375475: Tournament #3579668977, $0.92+$0.08 USD Hold'em No Limit - Level IV (30/60) - 2023/04/19 13:12:58 CET [2023/04/19 7:12:58 ET]
Table '3579668977 1' 3-max Seat #2 is the button
Seat 2: Mahu2021 (315 in chips) 
Seat 3: docmauri1975 (1185 in chips) 
Mahu2021: posts small blind 30
docmauri1975: posts big blind 60
*** HOLE CARDS ***
Dealt to Mahu2021 [6s 2h]
Mahu2021: folds 
Uncalled bet (30) returned to docmauri1975
docmauri1975 collected 60 from pot
docmauri1975: doesn't show hand 
*** SUMMARY ***
Total pot 60 | Rake 0 
Seat 2: Mahu2021 (button) (small blind) folded before Flop
Seat 3: docmauri1975 (big blind) collected (60)



PokerStars Hand #243185376260: Tournament #3579668977, $0.92+$0.08 USD Hold'em No Limit - Level IV (30/60) - 2023/04/19 13:13:03 CET [2023/04/19 7:13:03 ET]
Table '3579668977 1' 3-max Seat #3 is the button
Seat 2: Mahu2021 (285 in chips) 
Seat 3: docmauri1975 (1215 in chips) 
docmauri1975: posts small blind 30
Mahu2021: posts big blind 60
*** HOLE CARDS ***
Dealt to Mahu2021 [6h 3s]
docmauri1975: raises 60 to 120
Mahu2021: folds 
Uncalled bet (60) returned to docmauri1975
docmauri1975 collected 120 from pot
docmauri1975: doesn't show hand 
*** SUMMARY ***
Total pot 120 | Rake 0 
Seat 2: Mahu2021 (big blind) folded before Flop
Seat 3: docmauri1975 (button) (small blind) collected (120)



PokerStars Hand #243185377256: Tournament #3579668977, $0.92+$0.08 USD Hold'em No Limit - Level IV (30/60) - 2023/04/19 13:13:09 CET [2023/04/19 7:13:09 ET]
Table '3579668977 1' 3-max Seat #2 is the button
Seat 2: Mahu2021 (225 in chips) 
Seat 3: docmauri1975 (1275 in chips) 
Mahu2021: posts small blind 30
docmauri1975: posts big blind 60
*** HOLE CARDS ***
Dealt to Mahu2021 [4s 3d]
Mahu2021: folds 
Uncalled bet (30) returned to docmauri1975
docmauri1975 collected 60 from pot
docmauri1975: doesn't show hand 
*** SUMMARY ***
Total pot 60 | Rake 0 
Seat 2: Mahu2021 (button) (small blind) folded before Flop
Seat 3: docmauri1975 (big blind) collected (60)



PokerStars Hand #243185378051: Tournament #3579668977, $0.92+$0.08 USD Hold'em No Limit - Level IV (30/60) - 2023/04/19 13:13:13 CET [2023/04/19 7:13:13 ET]
Table '3579668977 1' 3-max Seat #3 is the button
Seat 2: Mahu2021 (195 in chips) 
Seat 3: docmauri1975 (1305 in chips) 
docmauri1975: posts small blind 30
Mahu2021: posts big blind 60
*** HOLE CARDS ***
Dealt to Mahu2021 [Ad 5h]
docmauri1975: calls 30
Mahu2021: raises 135 to 195 and is all-in
docmauri1975: calls 135
*** FLOP *** [6c Qh 5d]
*** TURN *** [6c Qh 5d] [8s]
*** RIVER *** [6c Qh 5d 8s] [7h]
*** SHOW DOWN ***
Mahu2021: shows [Ad 5h] (a pair of Fives)
docmauri1975: shows [3h 3c] (a pair of Threes)
Mahu2021 collected 390 from pot
*** SUMMARY ***
Total pot 390 | Rake 0 
Board [6c Qh 5d 8s 7h]
Seat 2: Mahu2021 (big blind) showed [Ad 5h] and won (390) with a pair of Fives
Seat 3: docmauri1975 (button) (small blind) showed [3h 3c] and lost with a pair of Threes



PokerStars Hand #243185380521: Tournament #3579668977, $0.92+$0.08 USD Hold'em No Limit - Level IV (30/60) - 2023/04/19 13:13:28 CET [2023/04/19 7:13:28 ET]
Table '3579668977 1' 3-max Seat #2 is the button
Seat 2: Mahu2021 (390 in chips) 
Seat 3: docmauri1975 (1110 in chips) 
Mahu2021: posts small blind 30
docmauri1975: posts big blind 60
*** HOLE CARDS ***
Dealt to Mahu2021 [3c Jh]
Mahu2021: calls 30
docmauri1975: checks 
*** FLOP *** [8s 6d 6s]
docmauri1975: checks 
Mahu2021: bets 60
docmauri1975: folds 
Uncalled bet (60) returned to Mahu2021
Mahu2021 collected 120 from pot
Mahu2021: doesn't show hand 
*** SUMMARY ***
Total pot 120 | Rake 0 
Board [8s 6d 6s]
Seat 2: Mahu2021 (button) (small blind) collected (120)
Seat 3: docmauri1975 (big blind) folded on the Flop



PokerStars Hand #243185383013: Tournament #3579668977, $0.92+$0.08 USD Hold'em No Limit - Level V (40/80) - 2023/04/19 13:13:43 CET [2023/04/19 7:13:43 ET]
Table '3579668977 1' 3-max Seat #3 is the button
Seat 2: Mahu2021 (450 in chips) 
Seat 3: docmauri1975 (1050 in chips) 
docmauri1975: posts small blind 40
Mahu2021: posts big blind 80
*** HOLE CARDS ***
Dealt to Mahu2021 [3h Kh]
docmauri1975: raises 80 to 160
Mahu2021: raises 290 to 450 and is all-in
docmauri1975: calls 290
*** FLOP *** [Ac As 2c]
*** TURN *** [Ac As 2c] [Td]
*** RIVER *** [Ac As 2c Td] [9c]
*** SHOW DOWN ***
Mahu2021: shows [3h Kh] (a pair of Aces)
docmauri1975: shows [Ah 6s] (three of a kind, Aces)
docmauri1975 collected 900 from pot
Mahu2021 finished the tournament in 2nd place
docmauri1975 wins the tournament and receives $2.00 - congratulations!
*** SUMMARY ***
Total pot 900 | Rake 0 
Board [Ac As 2c Td 9c]
Seat 2: Mahu2021 (big blind) showed [3h Kh] and lost with a pair of Aces
Seat 3: docmauri1975 (button) (small blind) showed [Ah 6s] and won (900) with three of a kind, Aces



