PokerStars Zoom Hand #254401244168:  Hold'em No Limit ($0.05/$0.10) - 2025/01/16 18:59:37 CET [2025/01/16 12:59:37 ET]
Table 'Aludra' 6-max Seat #1 is the button
Seat 1: High Calonic ($12.63 in chips) 
Seat 2: DropIceoleito ($6.93 in chips) 
Seat 3: Mahu2021 ($10 in chips) 
Seat 4: C0N0R49 ($27.52 in chips) 
Seat 5: Windows 21xp ($11.96 in chips) 
Seat 6: Axel Logan ($10.15 in chips) 
DropIceoleito: posts small blind $0.05
Mahu2021: posts big blind $0.10
*** HOLE CARDS ***
Dealt to Mahu2021 [3d 6s]
C0N0R49: folds 
Windows 21xp: folds 
Axel Logan: folds 
High Calonic: folds 
DropIceoleito: folds 
Uncalled bet ($0.05) returned to Mahu2021
Mahu2021 collected $0.10 from pot
Mahu2021: doesn't show hand 
*** SUMMARY ***
Total pot $0.10 | Rake $0 
Seat 1: High Calonic (button) folded before Flop (didn't bet)
Seat 2: DropIceoleito (small blind) folded before Flop
Seat 3: Mahu2021 (big blind) collected ($0.10)
Seat 4: C0N0R49 folded before Flop (didn't bet)
Seat 5: Windows 21xp folded before Flop (didn't bet)
Seat 6: Axel Logan folded before Flop (didn't bet)



PokerStars Zoom Hand #254401247546:  Hold'em No Limit ($0.05/$0.10) - 2025/01/16 18:59:54 CET [2025/01/16 12:59:54 ET]
Table 'Aludra' 6-max Seat #1 is the button
Seat 1: Mahu2021 ($10.05 in chips) 
Seat 2: oyuka1988 ($21.22 in chips) 
Seat 3: joaogar6 ($22.36 in chips) 
Seat 4: kaitekiz ($16.47 in chips) 
Seat 5: GlendiBoy ($11.04 in chips) 
Seat 6: dani198324 ($10.22 in chips) 
oyuka1988: posts small blind $0.05
joaogar6: posts big blind $0.10
*** HOLE CARDS ***
Dealt to Mahu2021 [Td 4d]
kaitekiz: folds 
GlendiBoy: folds 
dani198324: folds 
Mahu2021: folds 
oyuka1988: folds 
Uncalled bet ($0.05) returned to joaogar6
joaogar6 collected $0.10 from pot
joaogar6: doesn't show hand 
*** SUMMARY ***
Total pot $0.10 | Rake $0 
Seat 1: Mahu2021 (button) folded before Flop (didn't bet)
Seat 2: oyuka1988 (small blind) folded before Flop
Seat 3: joaogar6 (big blind) collected ($0.10)
Seat 4: kaitekiz folded before Flop (didn't bet)
Seat 5: GlendiBoy folded before Flop (didn't bet)
Seat 6: dani198324 folded before Flop (didn't bet)



PokerStars Zoom Hand #254401248821:  Hold'em No Limit ($0.05/$0.10) - 2025/01/16 19:00:00 CET [2025/01/16 13:00:00 ET]
Table 'Aludra' 6-max Seat #1 is the button
Seat 1: aykloz ($10 in chips) 
Seat 2: Mahu2021 ($10.05 in chips) 
Seat 3: Jantsa8809 ($10 in chips) 
Seat 4: 77irek ($9.10 in chips) 
Seat 5: Peter der 1 ($11.43 in chips) 
Seat 6: Windows 21xp ($11.96 in chips) 
Mahu2021: posts small blind $0.05
Jantsa8809: posts big blind $0.10
*** HOLE CARDS ***
Dealt to Mahu2021 [6h 9s]
77irek: folds 
Peter der 1: folds 
Windows 21xp: folds 
aykloz: folds 
Mahu2021: folds 
Uncalled bet ($0.05) returned to Jantsa8809
Jantsa8809 collected $0.10 from pot
Jantsa8809: doesn't show hand 
*** SUMMARY ***
Total pot $0.10 | Rake $0 
Seat 1: aykloz (button) folded before Flop (didn't bet)
Seat 2: Mahu2021 (small blind) folded before Flop
Seat 3: Jantsa8809 (big blind) collected ($0.10)
Seat 4: 77irek folded before Flop (didn't bet)
Seat 5: Peter der 1 folded before Flop (didn't bet)
Seat 6: Windows 21xp folded before Flop (didn't bet)



PokerStars Zoom Hand #254401250759:  Hold'em No Limit ($0.05/$0.10) - 2025/01/16 19:00:10 CET [2025/01/16 13:00:10 ET]
Table 'Aludra' 6-max Seat #1 is the button
Seat 1: sup what ($4.08 in chips) 
Seat 2: beas7m0de ($10 in chips) 
Seat 3: Mahu2021 ($10 in chips) 
Seat 4: vogiatzis97 ($34.19 in chips) 
Seat 5: johnjohnson11 ($2.42 in chips) 
Seat 6: Mongo773 ($10.77 in chips) 
beas7m0de: posts small blind $0.05
Mahu2021: posts big blind $0.10
*** HOLE CARDS ***
Dealt to Mahu2021 [3d Ah]
vogiatzis97: folds 
johnjohnson11: folds 
Mongo773: folds 
sup what: folds 
beas7m0de: folds 
Uncalled bet ($0.05) returned to Mahu2021
Mahu2021 collected $0.10 from pot
Mahu2021: doesn't show hand 
*** SUMMARY ***
Total pot $0.10 | Rake $0 
Seat 1: sup what (button) folded before Flop (didn't bet)
Seat 2: beas7m0de (small blind) folded before Flop
Seat 3: Mahu2021 (big blind) collected ($0.10)
Seat 4: vogiatzis97 folded before Flop (didn't bet)
Seat 5: johnjohnson11 folded before Flop (didn't bet)
Seat 6: Mongo773 folded before Flop (didn't bet)



PokerStars Zoom Hand #254401250167:  Hold'em No Limit ($0.05/$0.10) - 2025/01/16 19:00:07 CET [2025/01/16 13:00:07 ET]
Table 'Aludra' 6-max Seat #1 is the button
Seat 1: Peter der 1 ($11.43 in chips) 
Seat 2: Marczi20 ($10.05 in chips) 
Seat 3: GlendiBoy ($11.04 in chips) 
Seat 4: Kaybaman708 ($12.66 in chips) 
Seat 5: redmonkey98 ($13.97 in chips) 
Seat 6: Mahu2021 ($10 in chips) 
Marczi20: posts small blind $0.05
GlendiBoy: posts big blind $0.10
*** HOLE CARDS ***
Dealt to Mahu2021 [3d Ks]
Kaybaman708: folds 
redmonkey98: folds 
Mahu2021: folds 
Peter der 1: folds 
Marczi20: folds 
Uncalled bet ($0.05) returned to GlendiBoy
GlendiBoy collected $0.10 from pot
GlendiBoy: doesn't show hand 
*** SUMMARY ***
Total pot $0.10 | Rake $0 
Seat 1: Peter der 1 (button) folded before Flop (didn't bet)
Seat 2: Marczi20 (small blind) folded before Flop
Seat 3: GlendiBoy (big blind) collected ($0.10)
Seat 4: Kaybaman708 folded before Flop (didn't bet)
Seat 5: redmonkey98 folded before Flop (didn't bet)
Seat 6: Mahu2021 folded before Flop (didn't bet)



PokerStars Zoom Hand #254401252657:  Hold'em No Limit ($0.05/$0.10) - 2025/01/16 19:00:20 CET [2025/01/16 13:00:20 ET]
Table 'Aludra' 6-max Seat #1 is the button
Seat 1: beas7m0de ($10 in chips) 
Seat 2: C0N0R49 ($14.33 in chips) 
Seat 3: pokking876 ($5.48 in chips) 
Seat 4: Marczi20 ($10 in chips) 
Seat 5: Mahu2021 ($10.05 in chips) 
Seat 6: vovo4kapooh ($12.07 in chips) 
C0N0R49: posts small blind $0.05
pokking876: posts big blind $0.10
*** HOLE CARDS ***
Dealt to Mahu2021 [4s 4h]
Marczi20: folds 
Mahu2021: raises $0.14 to $0.24
vovo4kapooh: raises $0.56 to $0.80
beas7m0de: folds 
C0N0R49: folds 
pokking876: folds 
Mahu2021: folds 
Uncalled bet ($0.56) returned to vovo4kapooh
vovo4kapooh collected $0.63 from pot
vovo4kapooh: doesn't show hand 
*** SUMMARY ***
Total pot $0.63 | Rake $0 
Seat 1: beas7m0de (button) folded before Flop (didn't bet)
Seat 2: C0N0R49 (small blind) folded before Flop
Seat 3: pokking876 (big blind) folded before Flop
Seat 4: Marczi20 folded before Flop (didn't bet)
Seat 5: Mahu2021 folded before Flop
Seat 6: vovo4kapooh collected ($0.63)



PokerStars Zoom Hand #254401249531:  Hold'em No Limit ($0.05/$0.10) - 2025/01/16 19:00:04 CET [2025/01/16 13:00:04 ET]
Table 'Aludra' 6-max Seat #1 is the button
Seat 1: Kaybaman708 ($12.66 in chips) 
Seat 2: dani198324 ($10.22 in chips) 
Seat 3: oyuka1988 ($7.52 in chips) 
Seat 4: Mahu2021 ($10 in chips) 
Seat 5: LeoJoker82 ($4.21 in chips) 
Seat 6: bartovskii ($10.75 in chips) 
dani198324: posts small blind $0.05
oyuka1988: posts big blind $0.10
*** HOLE CARDS ***
Dealt to Mahu2021 [7c Ks]
Mahu2021: folds 
LeoJoker82: folds 
bartovskii: folds 
Kaybaman708: folds 
dani198324: raises $0.10 to $0.20
oyuka1988: raises $0.50 to $0.70
dani198324: calls $0.50
*** FLOP *** [9s 7d Ts]
dani198324: checks 
oyuka1988: checks 
*** TURN *** [9s 7d Ts] [Jh]
dani198324: checks 
oyuka1988: checks 
*** RIVER *** [9s 7d Ts Jh] [9d]
dani198324: checks 
oyuka1988: bets $0.77
dani198324: folds 
Uncalled bet ($0.77) returned to oyuka1988
oyuka1988 collected $1.34 from pot
oyuka1988: doesn't show hand 
*** SUMMARY ***
Total pot $1.40 | Rake $0.06 
Board [9s 7d Ts Jh 9d]
Seat 1: Kaybaman708 (button) folded before Flop (didn't bet)
Seat 2: dani198324 (small blind) folded on the River
Seat 3: oyuka1988 (big blind) collected ($1.34)
Seat 4: Mahu2021 folded before Flop (didn't bet)
Seat 5: LeoJoker82 folded before Flop (didn't bet)
Seat 6: bartovskii folded before Flop (didn't bet)



PokerStars Zoom Hand #254401264999:  Hold'em No Limit ($0.05/$0.10) - 2025/01/16 19:01:17 CET [2025/01/16 13:01:17 ET]
Table 'Aludra' 6-max Seat #1 is the button
Seat 1: Mahu2021 ($8.96 in chips) 
Seat 2: 25759marafon ($1.61 in chips) 
Seat 3: beas7m0de ($10.47 in chips) 
Seat 4: aly_dinamo10 ($42.51 in chips) 
Seat 5: sup what ($3.85 in chips) 
Seat 6: Tagtag124 ($4.70 in chips) 
25759marafon: posts small blind $0.05
beas7m0de: posts big blind $0.10
*** HOLE CARDS ***
Dealt to Mahu2021 [Td 5d]
aly_dinamo10: folds 
sup what: folds 
Tagtag124: folds 
Mahu2021: folds 
25759marafon: folds 
Uncalled bet ($0.05) returned to beas7m0de
beas7m0de collected $0.10 from pot
beas7m0de: doesn't show hand 
*** SUMMARY ***
Total pot $0.10 | Rake $0 
Seat 1: Mahu2021 (button) folded before Flop (didn't bet)
Seat 2: 25759marafon (small blind) folded before Flop
Seat 3: beas7m0de (big blind) collected ($0.10)
Seat 4: aly_dinamo10 folded before Flop (didn't bet)
Seat 5: sup what folded before Flop (didn't bet)
Seat 6: Tagtag124 folded before Flop (didn't bet)



PokerStars Zoom Hand #254401256263:  Hold'em No Limit ($0.05/$0.10) - 2025/01/16 19:00:37 CET [2025/01/16 13:00:37 ET]
Table 'Aludra' 6-max Seat #1 is the button
Seat 1: Kaybaman708 ($12.61 in chips) 
Seat 2: Mahu2021 ($9.81 in chips) 
Seat 3: Marczi20 ($10 in chips) 
Seat 4: Mongo773 ($10.77 in chips) 
Seat 5: Fishtripper ($10.57 in chips) 
Seat 6: bartovskii ($10.70 in chips) 
Mahu2021: posts small blind $0.05
Marczi20: posts big blind $0.10
*** HOLE CARDS ***
Dealt to Mahu2021 [Ks Qs]
Mongo773: folds 
Fishtripper: folds 
bartovskii: raises $0.15 to $0.25
Kaybaman708: raises $0.60 to $0.85
Mahu2021: calls $0.80
Marczi20: folds 
bartovskii: raises $9.85 to $10.70 and is all-in
Kaybaman708: raises $1.91 to $12.61 and is all-in
Mahu2021: folds 
Uncalled bet ($1.91) returned to Kaybaman708
*** FLOP *** [6c 2s 6s]
*** TURN *** [6c 2s 6s] [Ts]
*** RIVER *** [6c 2s 6s Ts] [8d]
*** SHOW DOWN ***
bartovskii: shows [Ah Kd] (a pair of Sixes)
Kaybaman708: shows [As Kh] (a pair of Sixes)
bartovskii collected $10.67 from pot
Kaybaman708 collected $10.67 from pot
*** SUMMARY ***
Total pot $22.35 | Rake $1.01 
Board [6c 2s 6s Ts 8d]
Seat 1: Kaybaman708 (button) showed [As Kh] and won ($10.67) with a pair of Sixes
Seat 2: Mahu2021 (small blind) folded before Flop
Seat 3: Marczi20 (big blind) folded before Flop
Seat 4: Mongo773 folded before Flop (didn't bet)
Seat 5: Fishtripper folded before Flop (didn't bet)
Seat 6: bartovskii showed [Ah Kd] and won ($10.67) with a pair of Sixes



PokerStars Zoom Hand #254401266048:  Hold'em No Limit ($0.05/$0.10) - 2025/01/16 19:01:21 CET [2025/01/16 13:01:21 ET]
Table 'Aludra' 6-max Seat #1 is the button
Seat 1: Turafin ($9.90 in chips) 
Seat 2: 77irek ($9.50 in chips) 
Seat 3: sup what ($3.85 in chips) 
Seat 4: dsanchez11 ($10.52 in chips) 
Seat 5: aintn0way ($16.10 in chips) 
Seat 6: Mahu2021 ($8.96 in chips) 
77irek: posts small blind $0.05
sup what: posts big blind $0.10
*** HOLE CARDS ***
Dealt to Mahu2021 [Ac 5d]
dsanchez11: folds 
aintn0way: folds 
Mahu2021: folds 
Turafin: folds 
77irek: folds 
Uncalled bet ($0.05) returned to sup what
sup what collected $0.10 from pot
sup what: doesn't show hand 
*** SUMMARY ***
Total pot $0.10 | Rake $0 
Seat 1: Turafin (button) folded before Flop (didn't bet)
Seat 2: 77irek (small blind) folded before Flop
Seat 3: sup what (big blind) collected ($0.10)
Seat 4: dsanchez11 folded before Flop (didn't bet)
Seat 5: aintn0way folded before Flop (didn't bet)
Seat 6: Mahu2021 folded before Flop (didn't bet)



PokerStars Zoom Hand #254401267131:  Hold'em No Limit ($0.05/$0.10) - 2025/01/16 19:01:26 CET [2025/01/16 13:01:26 ET]
Table 'Aludra' 6-max Seat #1 is the button
Seat 1: Kaybaman708 ($11.26 in chips) 
Seat 2: pokking876 ($10 in chips) 
Seat 3: truzcanz ($10 in chips) 
Seat 4: Tagtag124 ($4.70 in chips) 
Seat 5: Mahu2021 ($8.96 in chips) 
Seat 6: Klingonik ($12.57 in chips) 
pokking876: posts small blind $0.05
truzcanz: posts big blind $0.10
*** HOLE CARDS ***
Dealt to Mahu2021 [9d Td]
Tagtag124: folds 
Mahu2021 has timed out
Mahu2021: folds 
Klingonik: folds 
Kaybaman708: raises $0.15 to $0.25
pokking876: folds 
truzcanz: folds 
Uncalled bet ($0.15) returned to Kaybaman708
Kaybaman708 collected $0.25 from pot
Kaybaman708: doesn't show hand 
*** SUMMARY ***
Total pot $0.25 | Rake $0 
Seat 1: Kaybaman708 (button) collected ($0.25)
Seat 2: pokking876 (small blind) folded before Flop
Seat 3: truzcanz (big blind) folded before Flop
Seat 4: Tagtag124 folded before Flop (didn't bet)
Seat 5: Mahu2021 folded before Flop (didn't bet)
Seat 6: Klingonik folded before Flop (didn't bet)



PokerStars Zoom Hand #254401272368:  Hold'em No Limit ($0.05/$0.10) - 2025/01/16 19:01:49 CET [2025/01/16 13:01:49 ET]
Table 'Aludra' 6-max Seat #1 is the button
Seat 1: C0N0R49 ($10.55 in chips) 
Seat 2: redmonkey98 ($10 in chips) 
Seat 3: blindprotector ($10 in chips) 
Seat 4: jozz000 ($1.81 in chips) 
Seat 5: Mahu2021 ($8.96 in chips) 
Seat 6: beas7m0de ($12.93 in chips) 
redmonkey98: posts small blind $0.05
blindprotector: posts big blind $0.10
*** HOLE CARDS ***
Dealt to Mahu2021 [Ad Jh]
jozz000: calls $0.10
Mahu2021: calls $0.10
beas7m0de: folds 
C0N0R49: folds 
redmonkey98: folds 
blindprotector: raises $0.40 to $0.50
jozz000: calls $0.40
Mahu2021: calls $0.40
*** FLOP *** [8s 5d Kc]
blindprotector: checks 
jozz000: bets $0.74
Mahu2021: folds 
blindprotector: folds 
Uncalled bet ($0.74) returned to jozz000
jozz000 collected $1.48 from pot
jozz000: doesn't show hand 
*** SUMMARY ***
Total pot $1.55 | Rake $0.07 
Board [8s 5d Kc]
Seat 1: C0N0R49 (button) folded before Flop (didn't bet)
Seat 2: redmonkey98 (small blind) folded before Flop
Seat 3: blindprotector (big blind) folded on the Flop
Seat 4: jozz000 collected ($1.48)
Seat 5: Mahu2021 folded on the Flop
Seat 6: beas7m0de folded before Flop (didn't bet)



PokerStars Zoom Hand #254401281479:  Hold'em No Limit ($0.05/$0.10) - 2025/01/16 19:02:23 CET [2025/01/16 13:02:23 ET]
Table 'Aludra' 6-max Seat #1 is the button
Seat 1: vliegje1973 ($8.17 in chips) 
Seat 2: vovo4kapooh ($18.67 in chips) 
Seat 3: Mahu2021 ($8.46 in chips) 
Seat 4: bartovskii ($20.10 in chips) 
Seat 5: aintn0way ($16.61 in chips) 
Seat 6: GoodGame1989 ($11.02 in chips) 
vovo4kapooh: posts small blind $0.05
Mahu2021: posts big blind $0.10
*** HOLE CARDS ***
Dealt to Mahu2021 [9c Jd]
bartovskii: folds 
aintn0way: folds 
GoodGame1989: folds 
vliegje1973: folds 
vovo4kapooh: folds 
Uncalled bet ($0.05) returned to Mahu2021
Mahu2021 collected $0.10 from pot
Mahu2021: doesn't show hand 
*** SUMMARY ***
Total pot $0.10 | Rake $0 
Seat 1: vliegje1973 (button) folded before Flop (didn't bet)
Seat 2: vovo4kapooh (small blind) folded before Flop
Seat 3: Mahu2021 (big blind) collected ($0.10)
Seat 4: bartovskii folded before Flop (didn't bet)
Seat 5: aintn0way folded before Flop (didn't bet)
Seat 6: GoodGame1989 folded before Flop (didn't bet)



PokerStars Zoom Hand #254401288459:  Hold'em No Limit ($0.05/$0.10) - 2025/01/16 19:02:50 CET [2025/01/16 13:02:50 ET]
Table 'Aludra' 6-max Seat #1 is the button
Seat 1: Mahu2021 ($8.46 in chips) 
Seat 2: jksgoodgz ($24.42 in chips) 
Seat 3: cheekycharlie ($14.66 in chips) 
Seat 4: MemZiiii ($12.74 in chips) 
Seat 5: JR3520 ($5.37 in chips) 
Seat 6: Jajje7 ($10.62 in chips) 
jksgoodgz: posts small blind $0.05
cheekycharlie: posts big blind $0.10
*** HOLE CARDS ***
Dealt to Mahu2021 [Ad As]
MemZiiii: folds 
JR3520: folds 
Jajje7: raises $0.15 to $0.25
Mahu2021: raises $8.21 to $8.46 and is all-in
jksgoodgz: folds 
cheekycharlie: folds 
Jajje7: calls $8.21
*** FLOP *** [3s Jc 8s]
*** TURN *** [3s Jc 8s] [Ts]
*** RIVER *** [3s Jc 8s Ts] [Jd]
*** SHOW DOWN ***
Jajje7: shows [Ac Kd] (a pair of Jacks)
Mahu2021: shows [Ad As] (two pair, Aces and Jacks)
Mahu2021 collected $16.30 from pot
*** SUMMARY ***
Total pot $17.07 | Rake $0.77 
Board [3s Jc 8s Ts Jd]
Seat 1: Mahu2021 (button) showed [Ad As] and won ($16.30) with two pair, Aces and Jacks
Seat 2: jksgoodgz (small blind) folded before Flop
Seat 3: cheekycharlie (big blind) folded before Flop
Seat 4: MemZiiii folded before Flop (didn't bet)
Seat 5: JR3520 folded before Flop (didn't bet)
Seat 6: Jajje7 showed [Ac Kd] and lost with a pair of Jacks



