PokerStars Hand #251535911110: Tournament #3778925044, $1.84+$0.16 USD Hold'em No Limit - Level I (10/20) - 2024/07/17 20:46:53 CET [2024/07/17 14:46:53 ET]
Table '3778925044 1' 3-max Seat #1 is the button
Seat 1: trader21318 (500 in chips) 
Seat 2: flolibra (500 in chips) 
Seat 3: Mahu2021 (500 in chips) 
flolibra: posts small blind 10
Mahu2021: posts big blind 20
*** HOLE CARDS ***
Dealt to Mahu2021 [7d Ah]
trader21318: folds 
flolibra: folds 
Uncalled bet (10) returned to Mahu2021
Mahu2021 collected 20 from pot
Mahu2021: doesn't show hand 
*** SUMMARY ***
Total pot 20 | Rake 0 
Seat 1: trader21318 (button) folded before Flop (didn't bet)
Seat 2: flolibra (small blind) folded before Flop
Seat 3: Mahu2021 (big blind) collected (20)



PokerStars Hand #251535913012: Tournament #3778925044, $1.84+$0.16 USD Hold'em No Limit - Level I (10/20) - 2024/07/17 20:47:00 CET [2024/07/17 14:47:00 ET]
Table '3778925044 1' 3-max Seat #2 is the button
Seat 1: trader21318 (500 in chips) 
Seat 2: flolibra (490 in chips) 
Seat 3: Mahu2021 (510 in chips) 
Mahu2021: posts small blind 10
trader21318: posts big blind 20
*** HOLE CARDS ***
Dealt to Mahu2021 [3c Kc]
flolibra: raises 20 to 40
Mahu2021: calls 30
trader21318: raises 80 to 120
flolibra: raises 120 to 240
Mahu2021: folds 
trader21318: calls 120
*** FLOP *** [2h Ac Jd]
trader21318: bets 260 and is all-in
flolibra: calls 250 and is all-in
Uncalled bet (10) returned to trader21318
*** TURN *** [2h Ac Jd] [3d]
*** RIVER *** [2h Ac Jd 3d] [6s]
*** SHOW DOWN ***
trader21318: shows [Ts Ks] (high card Ace)
flolibra: shows [Kh Kd] (a pair of Kings)
flolibra collected 1020 from pot
*** SUMMARY ***
Total pot 1020 | Rake 0 
Board [2h Ac Jd 3d 6s]
Seat 1: trader21318 (big blind) showed [Ts Ks] and lost with high card Ace
Seat 2: flolibra (button) showed [Kh Kd] and won (1020) with a pair of Kings
Seat 3: Mahu2021 (small blind) folded before Flop



PokerStars Hand #251535921577: Tournament #3778925044, $1.84+$0.16 USD Hold'em No Limit - Level I (10/20) - 2024/07/17 20:47:31 CET [2024/07/17 14:47:31 ET]
Table '3778925044 1' 3-max Seat #3 is the button
Seat 1: trader21318 (10 in chips) 
Seat 2: flolibra (1020 in chips) 
Seat 3: Mahu2021 (470 in chips) 
trader21318: posts small blind 10 and is all-in
flolibra: posts big blind 20
*** HOLE CARDS ***
Dealt to Mahu2021 [2d Qs]
Mahu2021: folds 
Uncalled bet (10) returned to flolibra
*** FLOP *** [Tc Jh Ah]
*** TURN *** [Tc Jh Ah] [4c]
*** RIVER *** [Tc Jh Ah 4c] [3c]
*** SHOW DOWN ***
trader21318: shows [2c Qh] (high card Ace)
flolibra: shows [6d 3h] (a pair of Threes)
flolibra collected 20 from pot
trader21318 finished the tournament in 3rd place
*** SUMMARY ***
Total pot 20 | Rake 0 
Board [Tc Jh Ah 4c 3c]
Seat 1: trader21318 (small blind) showed [2c Qh] and lost with high card Ace
Seat 2: flolibra (big blind) showed [6d 3h] and won (20) with a pair of Threes
Seat 3: Mahu2021 (button) folded before Flop (didn't bet)



PokerStars Hand #251535925838: Tournament #3778925044, $1.84+$0.16 USD Hold'em No Limit - Level I (10/20) - 2024/07/17 20:47:46 CET [2024/07/17 14:47:46 ET]
Table '3778925044 1' 3-max Seat #2 is the button
Seat 2: flolibra (1030 in chips) 
Seat 3: Mahu2021 (470 in chips) 
flolibra: posts small blind 10
Mahu2021: posts big blind 20
*** HOLE CARDS ***
Dealt to Mahu2021 [6h Th]
flolibra: raises 20 to 40
Mahu2021: calls 20
*** FLOP *** [5d 9c 2d]
Mahu2021: checks 
flolibra: bets 60
Mahu2021: folds 
Uncalled bet (60) returned to flolibra
flolibra collected 80 from pot
*** SUMMARY ***
Total pot 80 | Rake 0 
Board [5d 9c 2d]
Seat 2: flolibra (button) (small blind) collected (80)
Seat 3: Mahu2021 (big blind) folded on the Flop



PokerStars Hand #251535929455: Tournament #3778925044, $1.84+$0.16 USD Hold'em No Limit - Level I (10/20) - 2024/07/17 20:47:59 CET [2024/07/17 14:47:59 ET]
Table '3778925044 1' 3-max Seat #3 is the button
Seat 2: flolibra (1070 in chips) 
Seat 3: Mahu2021 (430 in chips) 
Mahu2021: posts small blind 10
flolibra: posts big blind 20
*** HOLE CARDS ***
Dealt to Mahu2021 [7d 3s]
Mahu2021: folds 
Uncalled bet (10) returned to flolibra
flolibra collected 20 from pot
*** SUMMARY ***
Total pot 20 | Rake 0 
Seat 2: flolibra (big blind) collected (20)
Seat 3: Mahu2021 (button) (small blind) folded before Flop



PokerStars Hand #251535930866: Tournament #3778925044, $1.84+$0.16 USD Hold'em No Limit - Level I (10/20) - 2024/07/17 20:48:04 CET [2024/07/17 14:48:04 ET]
Table '3778925044 1' 3-max Seat #2 is the button
Seat 2: flolibra (1080 in chips) 
Seat 3: Mahu2021 (420 in chips) 
flolibra: posts small blind 10
Mahu2021: posts big blind 20
*** HOLE CARDS ***
Dealt to Mahu2021 [Kd 2h]
flolibra: raises 40 to 60
Mahu2021: folds 
Uncalled bet (40) returned to flolibra
flolibra collected 40 from pot
*** SUMMARY ***
Total pot 40 | Rake 0 
Seat 2: flolibra (button) (small blind) collected (40)
Seat 3: Mahu2021 (big blind) folded before Flop



PokerStars Hand #251535932693: Tournament #3778925044, $1.84+$0.16 USD Hold'em No Limit - Level I (10/20) - 2024/07/17 20:48:11 CET [2024/07/17 14:48:11 ET]
Table '3778925044 1' 3-max Seat #3 is the button
Seat 2: flolibra (1100 in chips) 
Seat 3: Mahu2021 (400 in chips) 
Mahu2021: posts small blind 10
flolibra: posts big blind 20
*** HOLE CARDS ***
Dealt to Mahu2021 [Qs 8s]
Mahu2021: raises 20 to 40
flolibra: calls 20
*** FLOP *** [7d Th 7h]
flolibra: checks 
Mahu2021: checks 
*** TURN *** [7d Th 7h] [Jc]
flolibra: checks 
Mahu2021: checks 
*** RIVER *** [7d Th 7h Jc] [2c]
flolibra: bets 80
Mahu2021: calls 80
*** SHOW DOWN ***
flolibra: shows [5h 2d] (two pair, Sevens and Deuces)
Mahu2021: mucks hand 
flolibra collected 240 from pot
*** SUMMARY ***
Total pot 240 | Rake 0 
Board [7d Th 7h Jc 2c]
Seat 2: flolibra (big blind) showed [5h 2d] and won (240) with two pair, Sevens and Deuces
Seat 3: Mahu2021 (button) (small blind) mucked [Qs 8s]



PokerStars Hand #251535936873: Tournament #3778925044, $1.84+$0.16 USD Hold'em No Limit - Level I (10/20) - 2024/07/17 20:48:26 CET [2024/07/17 14:48:26 ET]
Table '3778925044 1' 3-max Seat #2 is the button
Seat 2: flolibra (1220 in chips) 
Seat 3: Mahu2021 (280 in chips) 
flolibra: posts small blind 10
Mahu2021: posts big blind 20
*** HOLE CARDS ***
Dealt to Mahu2021 [7s 7d]
flolibra: raises 40 to 60
Mahu2021: raises 220 to 280 and is all-in
flolibra: calls 220
*** FLOP *** [3d Tc 3c]
*** TURN *** [3d Tc 3c] [6c]
*** RIVER *** [3d Tc 3c 6c] [Js]
*** SHOW DOWN ***
Mahu2021: shows [7s 7d] (two pair, Sevens and Threes)
flolibra: shows [8h 9h] (a pair of Threes)
Mahu2021 collected 560 from pot
*** SUMMARY ***
Total pot 560 | Rake 0 
Board [3d Tc 3c 6c Js]
Seat 2: flolibra (button) (small blind) showed [8h 9h] and lost with a pair of Threes
Seat 3: Mahu2021 (big blind) showed [7s 7d] and won (560) with two pair, Sevens and Threes



PokerStars Hand #251535941770: Tournament #3778925044, $1.84+$0.16 USD Hold'em No Limit - Level I (10/20) - 2024/07/17 20:48:44 CET [2024/07/17 14:48:44 ET]
Table '3778925044 1' 3-max Seat #3 is the button
Seat 2: flolibra (940 in chips) 
Seat 3: Mahu2021 (560 in chips) 
Mahu2021: posts small blind 10
flolibra: posts big blind 20
*** HOLE CARDS ***
Dealt to Mahu2021 [7h 4s]
Mahu2021: folds 
Uncalled bet (10) returned to flolibra
flolibra collected 20 from pot
*** SUMMARY ***
Total pot 20 | Rake 0 
Seat 2: flolibra (big blind) collected (20)
Seat 3: Mahu2021 (button) (small blind) folded before Flop



PokerStars Hand #251535943027: Tournament #3778925044, $1.84+$0.16 USD Hold'em No Limit - Level I (10/20) - 2024/07/17 20:48:48 CET [2024/07/17 14:48:48 ET]
Table '3778925044 1' 3-max Seat #2 is the button
Seat 2: flolibra (950 in chips) 
Seat 3: Mahu2021 (550 in chips) 
flolibra: posts small blind 10
Mahu2021: posts big blind 20
*** HOLE CARDS ***
Dealt to Mahu2021 [7s Jh]
flolibra: raises 40 to 60
Mahu2021: calls 40
*** FLOP *** [9c Ts Ad]
Mahu2021: checks 
flolibra: bets 80
Mahu2021: folds 
Uncalled bet (80) returned to flolibra
flolibra collected 120 from pot
*** SUMMARY ***
Total pot 120 | Rake 0 
Board [9c Ts Ad]
Seat 2: flolibra (button) (small blind) collected (120)
Seat 3: Mahu2021 (big blind) folded on the Flop



PokerStars Hand #251535947378: Tournament #3778925044, $1.84+$0.16 USD Hold'em No Limit - Level I (10/20) - 2024/07/17 20:49:04 CET [2024/07/17 14:49:04 ET]
Table '3778925044 1' 3-max Seat #3 is the button
Seat 2: flolibra (1010 in chips) 
Seat 3: Mahu2021 (490 in chips) 
Mahu2021: posts small blind 10
flolibra: posts big blind 20
*** HOLE CARDS ***
Dealt to Mahu2021 [3s 5s]
Mahu2021: raises 20 to 40
flolibra: calls 20
*** FLOP *** [Ad 4s 8c]
flolibra: checks 
Mahu2021: bets 40
flolibra: folds 
Uncalled bet (40) returned to Mahu2021
Mahu2021 collected 80 from pot
Mahu2021: doesn't show hand 
*** SUMMARY ***
Total pot 80 | Rake 0 
Board [Ad 4s 8c]
Seat 2: flolibra (big blind) folded on the Flop
Seat 3: Mahu2021 (button) (small blind) collected (80)



PokerStars Hand #251535955234: Tournament #3778925044, $1.84+$0.16 USD Hold'em No Limit - Level I (10/20) - 2024/07/17 20:49:33 CET [2024/07/17 14:49:33 ET]
Table '3778925044 1' 3-max Seat #2 is the button
Seat 2: flolibra (970 in chips) 
Seat 3: Mahu2021 (530 in chips) 
flolibra: posts small blind 10
Mahu2021: posts big blind 20
*** HOLE CARDS ***
Dealt to Mahu2021 [Kh Ac]
flolibra: raises 40 to 60
Mahu2021: raises 470 to 530 and is all-in
flolibra: folds 
Uncalled bet (470) returned to Mahu2021
Mahu2021 collected 120 from pot
Mahu2021: doesn't show hand 
*** SUMMARY ***
Total pot 120 | Rake 0 
Seat 2: flolibra (button) (small blind) folded before Flop
Seat 3: Mahu2021 (big blind) collected (120)



PokerStars Hand #251535957690: Tournament #3778925044, $1.84+$0.16 USD Hold'em No Limit - Level I (10/20) - 2024/07/17 20:49:42 CET [2024/07/17 14:49:42 ET]
Table '3778925044 1' 3-max Seat #3 is the button
Seat 2: flolibra (910 in chips) 
Seat 3: Mahu2021 (590 in chips) 
Mahu2021: posts small blind 10
flolibra: posts big blind 20
*** HOLE CARDS ***
Dealt to Mahu2021 [Jh 7c]
Mahu2021: calls 10
flolibra: raises 40 to 60
Mahu2021: calls 40
*** FLOP *** [2s 2c 9h]
flolibra: bets 60
Mahu2021: folds 
Uncalled bet (60) returned to flolibra
flolibra collected 120 from pot
*** SUMMARY ***
Total pot 120 | Rake 0 
Board [2s 2c 9h]
Seat 2: flolibra (big blind) collected (120)
Seat 3: Mahu2021 (button) (small blind) folded on the Flop



PokerStars Hand #251535962919: Tournament #3778925044, $1.84+$0.16 USD Hold'em No Limit - Level II (15/30) - 2024/07/17 20:50:00 CET [2024/07/17 14:50:00 ET]
Table '3778925044 1' 3-max Seat #2 is the button
Seat 2: flolibra (970 in chips) 
Seat 3: Mahu2021 (530 in chips) 
flolibra: posts small blind 15
Mahu2021: posts big blind 30
*** HOLE CARDS ***
Dealt to Mahu2021 [9d 3h]
flolibra: raises 60 to 90
Mahu2021: folds 
Uncalled bet (60) returned to flolibra
flolibra collected 60 from pot
*** SUMMARY ***
Total pot 60 | Rake 0 
Seat 2: flolibra (button) (small blind) collected (60)
Seat 3: Mahu2021 (big blind) folded before Flop



PokerStars Hand #251535964337: Tournament #3778925044, $1.84+$0.16 USD Hold'em No Limit - Level II (15/30) - 2024/07/17 20:50:06 CET [2024/07/17 14:50:06 ET]
Table '3778925044 1' 3-max Seat #3 is the button
Seat 2: flolibra (1000 in chips) 
Seat 3: Mahu2021 (500 in chips) 
Mahu2021: posts small blind 15
flolibra: posts big blind 30
*** HOLE CARDS ***
Dealt to Mahu2021 [Jc 3s]
Mahu2021: raises 30 to 60
flolibra: calls 30
*** FLOP *** [Tc 3d Kc]
flolibra: checks 
Mahu2021: bets 120
flolibra: calls 120
*** TURN *** [Tc 3d Kc] [8s]
flolibra: checks 
Mahu2021: bets 320 and is all-in
flolibra: folds 
Uncalled bet (320) returned to Mahu2021
Mahu2021 collected 360 from pot
Mahu2021: doesn't show hand 
*** SUMMARY ***
Total pot 360 | Rake 0 
Board [Tc 3d Kc 8s]
Seat 2: flolibra (big blind) folded on the Turn
Seat 3: Mahu2021 (button) (small blind) collected (360)



PokerStars Hand #251535969579: Tournament #3778925044, $1.84+$0.16 USD Hold'em No Limit - Level II (15/30) - 2024/07/17 20:50:25 CET [2024/07/17 14:50:25 ET]
Table '3778925044 1' 3-max Seat #2 is the button
Seat 2: flolibra (820 in chips) 
Seat 3: Mahu2021 (680 in chips) 
flolibra: posts small blind 15
Mahu2021: posts big blind 30
*** HOLE CARDS ***
Dealt to Mahu2021 [5d 8c]
flolibra: raises 60 to 90
Mahu2021: folds 
Uncalled bet (60) returned to flolibra
flolibra collected 60 from pot
*** SUMMARY ***
Total pot 60 | Rake 0 
Seat 2: flolibra (button) (small blind) collected (60)
Seat 3: Mahu2021 (big blind) folded before Flop



PokerStars Hand #251535971232: Tournament #3778925044, $1.84+$0.16 USD Hold'em No Limit - Level II (15/30) - 2024/07/17 20:50:31 CET [2024/07/17 14:50:31 ET]
Table '3778925044 1' 3-max Seat #3 is the button
Seat 2: flolibra (850 in chips) 
Seat 3: Mahu2021 (650 in chips) 
Mahu2021: posts small blind 15
flolibra: posts big blind 30
*** HOLE CARDS ***
Dealt to Mahu2021 [Kh 4h]
Mahu2021: raises 30 to 60
flolibra: calls 30
*** FLOP *** [Ac 7c 4c]
flolibra: checks 
Mahu2021: bets 60
flolibra: calls 60
*** TURN *** [Ac 7c 4c] [Kc]
flolibra: checks 
Mahu2021: bets 240
flolibra: folds 
Uncalled bet (240) returned to Mahu2021
Mahu2021 collected 240 from pot
Mahu2021: doesn't show hand 
*** SUMMARY ***
Total pot 240 | Rake 0 
Board [Ac 7c 4c Kc]
Seat 2: flolibra (big blind) folded on the Turn
Seat 3: Mahu2021 (button) (small blind) collected (240)



PokerStars Hand #251535975604: Tournament #3778925044, $1.84+$0.16 USD Hold'em No Limit - Level II (15/30) - 2024/07/17 20:50:46 CET [2024/07/17 14:50:46 ET]
Table '3778925044 1' 3-max Seat #2 is the button
Seat 2: flolibra (730 in chips) 
Seat 3: Mahu2021 (770 in chips) 
flolibra: posts small blind 15
Mahu2021: posts big blind 30
*** HOLE CARDS ***
Dealt to Mahu2021 [Qs Ks]
flolibra: raises 700 to 730 and is all-in
Mahu2021: calls 700
*** FLOP *** [2s Ac Jd]
*** TURN *** [2s Ac Jd] [5c]
*** RIVER *** [2s Ac Jd 5c] [Ah]
*** SHOW DOWN ***
Mahu2021: shows [Qs Ks] (a pair of Aces)
flolibra: shows [Kd 7c] (a pair of Aces - lower kicker)
Mahu2021 collected 1460 from pot
flolibra finished the tournament in 2nd place
Mahu2021 wins the tournament and receives $6.00 - congratulations!
*** SUMMARY ***
Total pot 1460 | Rake 0 
Board [2s Ac Jd 5c Ah]
Seat 2: flolibra (button) (small blind) showed [Kd 7c] and lost with a pair of Aces
Seat 3: Mahu2021 (big blind) showed [Qs Ks] and won (1460) with a pair of Aces



