PokerStars Hand #246879955434: Tournament #3667191206, $1.84+$0.16 USD Hold'em No Limit - Level I (10/20) - 2023/11/02 10:54:40 CET [2023/11/02 5:54:40 ET]
Table '3667191206 1' 3-max Seat #1 is the button
Seat 1: Mahu2021 (500 in chips) 
Seat 2: kiszer23 (500 in chips) 
Seat 3: MYSTIKKO (500 in chips) 
kiszer23: posts small blind 10
MYSTIKKO: posts big blind 20
*** HOLE CARDS ***
Dealt to Mahu2021 [Jc Tc]
Mahu2021: calls 20
kiszer23: calls 10
MYSTIKKO: checks 
*** FLOP *** [3s Qh 9c]
kiszer23: checks 
MYSTIKKO: checks 
Mahu2021: bets 60
kiszer23: folds 
MYSTIKKO: folds 
Uncalled bet (60) returned to Mahu2021
Mahu2021 collected 60 from pot
Mahu2021: doesn't show hand 
*** SUMMARY ***
Total pot 60 | Rake 0 
Board [3s Qh 9c]
Seat 1: Mahu2021 (button) collected (60)
Seat 2: kiszer23 (small blind) folded on the Flop
Seat 3: MYSTIKKO (big blind) folded on the Flop



PokerStars Hand #246879958811: Tournament #3667191206, $1.84+$0.16 USD Hold'em No Limit - Level I (10/20) - 2023/11/02 10:55:06 CET [2023/11/02 5:55:06 ET]
Table '3667191206 1' 3-max Seat #2 is the button
Seat 1: Mahu2021 (540 in chips) 
Seat 2: kiszer23 (480 in chips) 
Seat 3: MYSTIKKO (480 in chips) 
MYSTIKKO: posts small blind 10
Mahu2021: posts big blind 20
*** HOLE CARDS ***
Dealt to Mahu2021 [Tc 3s]
kiszer23: folds 
MYSTIKKO: raises 20 to 40
Mahu2021: folds 
Uncalled bet (20) returned to MYSTIKKO
MYSTIKKO collected 40 from pot
MYSTIKKO: doesn't show hand 
*** SUMMARY ***
Total pot 40 | Rake 0 
Seat 1: Mahu2021 (big blind) folded before Flop
Seat 2: kiszer23 (button) folded before Flop (didn't bet)
Seat 3: MYSTIKKO (small blind) collected (40)



PokerStars Hand #246879959697: Tournament #3667191206, $1.84+$0.16 USD Hold'em No Limit - Level I (10/20) - 2023/11/02 10:55:13 CET [2023/11/02 5:55:13 ET]
Table '3667191206 1' 3-max Seat #3 is the button
Seat 1: Mahu2021 (520 in chips) 
Seat 2: kiszer23 (480 in chips) 
Seat 3: MYSTIKKO (500 in chips) 
Mahu2021: posts small blind 10
kiszer23: posts big blind 20
*** HOLE CARDS ***
Dealt to Mahu2021 [As 3s]
MYSTIKKO: folds 
Mahu2021: calls 10
kiszer23: checks 
*** FLOP *** [Jd Td Qs]
Mahu2021: checks 
kiszer23: checks 
*** TURN *** [Jd Td Qs] [2h]
Mahu2021: checks 
kiszer23: bets 20
Mahu2021: calls 20
*** RIVER *** [Jd Td Qs 2h] [Qh]
Mahu2021: checks 
kiszer23: checks 
*** SHOW DOWN ***
Mahu2021: shows [As 3s] (a pair of Queens)
kiszer23: shows [Tc 8h] (two pair, Queens and Tens)
kiszer23 collected 80 from pot
*** SUMMARY ***
Total pot 80 | Rake 0 
Board [Jd Td Qs 2h Qh]
Seat 1: Mahu2021 (small blind) showed [As 3s] and lost with a pair of Queens
Seat 2: kiszer23 (big blind) showed [Tc 8h] and won (80) with two pair, Queens and Tens
Seat 3: MYSTIKKO (button) folded before Flop (didn't bet)



PokerStars Hand #246879961544: Tournament #3667191206, $1.84+$0.16 USD Hold'em No Limit - Level I (10/20) - 2023/11/02 10:55:29 CET [2023/11/02 5:55:29 ET]
Table '3667191206 1' 3-max Seat #1 is the button
Seat 1: Mahu2021 (480 in chips) 
Seat 2: kiszer23 (520 in chips) 
Seat 3: MYSTIKKO (500 in chips) 
kiszer23: posts small blind 10
MYSTIKKO: posts big blind 20
*** HOLE CARDS ***
Dealt to Mahu2021 [Ks 4h]
Mahu2021: folds 
kiszer23: calls 10
MYSTIKKO: checks 
*** FLOP *** [3h Qc 3d]
kiszer23: bets 20
MYSTIKKO: calls 20
*** TURN *** [3h Qc 3d] [Jc]
kiszer23: checks 
MYSTIKKO: checks 
*** RIVER *** [3h Qc 3d Jc] [5s]
kiszer23: checks 
MYSTIKKO: bets 40
kiszer23: folds 
Uncalled bet (40) returned to MYSTIKKO
MYSTIKKO collected 80 from pot
MYSTIKKO: doesn't show hand 
*** SUMMARY ***
Total pot 80 | Rake 0 
Board [3h Qc 3d Jc 5s]
Seat 1: Mahu2021 (button) folded before Flop (didn't bet)
Seat 2: kiszer23 (small blind) folded on the River
Seat 3: MYSTIKKO (big blind) collected (80)



PokerStars Hand #246879965792: Tournament #3667191206, $1.84+$0.16 USD Hold'em No Limit - Level I (10/20) - 2023/11/02 10:56:07 CET [2023/11/02 5:56:07 ET]
Table '3667191206 1' 3-max Seat #2 is the button
Seat 1: Mahu2021 (480 in chips) 
Seat 2: kiszer23 (480 in chips) 
Seat 3: MYSTIKKO (540 in chips) 
MYSTIKKO: posts small blind 10
Mahu2021: posts big blind 20
*** HOLE CARDS ***
Dealt to Mahu2021 [6c 5s]
kiszer23: raises 20 to 40
MYSTIKKO: folds 
Mahu2021: calls 20
*** FLOP *** [7h Kh 2s]
Mahu2021: checks 
kiszer23: bets 23
Mahu2021: folds 
Uncalled bet (23) returned to kiszer23
kiszer23 collected 90 from pot
kiszer23: doesn't show hand 
*** SUMMARY ***
Total pot 90 | Rake 0 
Board [7h Kh 2s]
Seat 1: Mahu2021 (big blind) folded on the Flop
Seat 2: kiszer23 (button) collected (90)
Seat 3: MYSTIKKO (small blind) folded before Flop



PokerStars Hand #246879967343: Tournament #3667191206, $1.84+$0.16 USD Hold'em No Limit - Level I (10/20) - 2023/11/02 10:56:21 CET [2023/11/02 5:56:21 ET]
Table '3667191206 1' 3-max Seat #3 is the button
Seat 1: Mahu2021 (440 in chips) 
Seat 2: kiszer23 (530 in chips) 
Seat 3: MYSTIKKO (530 in chips) 
Mahu2021: posts small blind 10
kiszer23: posts big blind 20
*** HOLE CARDS ***
Dealt to Mahu2021 [6h 3c]
MYSTIKKO: folds 
Mahu2021: folds 
Uncalled bet (10) returned to kiszer23
kiszer23 collected 20 from pot
kiszer23: doesn't show hand 
*** SUMMARY ***
Total pot 20 | Rake 0 
Seat 1: Mahu2021 (small blind) folded before Flop
Seat 2: kiszer23 (big blind) collected (20)
Seat 3: MYSTIKKO (button) folded before Flop (didn't bet)



PokerStars Hand #246879967881: Tournament #3667191206, $1.84+$0.16 USD Hold'em No Limit - Level I (10/20) - 2023/11/02 10:56:26 CET [2023/11/02 5:56:26 ET]
Table '3667191206 1' 3-max Seat #1 is the button
Seat 1: Mahu2021 (430 in chips) 
Seat 2: kiszer23 (540 in chips) 
Seat 3: MYSTIKKO (530 in chips) 
kiszer23: posts small blind 10
MYSTIKKO: posts big blind 20
*** HOLE CARDS ***
Dealt to Mahu2021 [4d 4c]
Mahu2021: raises 20 to 40
kiszer23: folds 
MYSTIKKO: folds 
Uncalled bet (20) returned to Mahu2021
Mahu2021 collected 50 from pot
Mahu2021: doesn't show hand 
*** SUMMARY ***
Total pot 50 | Rake 0 
Seat 1: Mahu2021 (button) collected (50)
Seat 2: kiszer23 (small blind) folded before Flop
Seat 3: MYSTIKKO (big blind) folded before Flop



PokerStars Hand #246879968759: Tournament #3667191206, $1.84+$0.16 USD Hold'em No Limit - Level I (10/20) - 2023/11/02 10:56:34 CET [2023/11/02 5:56:34 ET]
Table '3667191206 1' 3-max Seat #2 is the button
Seat 1: Mahu2021 (460 in chips) 
Seat 2: kiszer23 (530 in chips) 
Seat 3: MYSTIKKO (510 in chips) 
MYSTIKKO: posts small blind 10
Mahu2021: posts big blind 20
*** HOLE CARDS ***
Dealt to Mahu2021 [2s 3c]
kiszer23: raises 20 to 40
MYSTIKKO: folds 
Mahu2021: calls 20
*** FLOP *** [7h 5c 9s]
Mahu2021: checks 
kiszer23: checks 
*** TURN *** [7h 5c 9s] [9h]
Mahu2021: bets 20
kiszer23: calls 20
*** RIVER *** [7h 5c 9s 9h] [5h]
Mahu2021: bets 130
kiszer23: folds 
Uncalled bet (130) returned to Mahu2021
Mahu2021 collected 130 from pot
Mahu2021: doesn't show hand 
*** SUMMARY ***
Total pot 130 | Rake 0 
Board [7h 5c 9s 9h 5h]
Seat 1: Mahu2021 (big blind) collected (130)
Seat 2: kiszer23 (button) folded on the River
Seat 3: MYSTIKKO (small blind) folded before Flop



PokerStars Hand #246879971307: Tournament #3667191206, $1.84+$0.16 USD Hold'em No Limit - Level I (10/20) - 2023/11/02 10:56:56 CET [2023/11/02 5:56:56 ET]
Table '3667191206 1' 3-max Seat #3 is the button
Seat 1: Mahu2021 (530 in chips) 
Seat 2: kiszer23 (470 in chips) 
Seat 3: MYSTIKKO (500 in chips) 
Mahu2021: posts small blind 10
kiszer23: posts big blind 20
*** HOLE CARDS ***
Dealt to Mahu2021 [Tc 6s]
MYSTIKKO: folds 
Mahu2021: folds 
Uncalled bet (10) returned to kiszer23
kiszer23 collected 20 from pot
kiszer23: doesn't show hand 
*** SUMMARY ***
Total pot 20 | Rake 0 
Seat 1: Mahu2021 (small blind) folded before Flop
Seat 2: kiszer23 (big blind) collected (20)
Seat 3: MYSTIKKO (button) folded before Flop (didn't bet)



PokerStars Hand #246879972025: Tournament #3667191206, $1.84+$0.16 USD Hold'em No Limit - Level I (10/20) - 2023/11/02 10:57:03 CET [2023/11/02 5:57:03 ET]
Table '3667191206 1' 3-max Seat #1 is the button
Seat 1: Mahu2021 (520 in chips) 
Seat 2: kiszer23 (480 in chips) 
Seat 3: MYSTIKKO (500 in chips) 
kiszer23: posts small blind 10
MYSTIKKO: posts big blind 20
*** HOLE CARDS ***
Dealt to Mahu2021 [8h Jh]
Mahu2021: calls 20
kiszer23: calls 10
MYSTIKKO: checks 
*** FLOP *** [9c 9h 4d]
kiszer23: checks 
MYSTIKKO: checks 
Mahu2021: checks 
*** TURN *** [9c 9h 4d] [4h]
kiszer23: checks 
MYSTIKKO: checks 
Mahu2021: checks 
*** RIVER *** [9c 9h 4d 4h] [8c]
kiszer23: checks 
MYSTIKKO: checks 
Mahu2021: checks 
*** SHOW DOWN ***
kiszer23: shows [Ts 7c] (two pair, Nines and Fours)
MYSTIKKO: shows [Ks 2s] (two pair, Nines and Fours - King kicker)
Mahu2021: shows [8h Jh] (two pair, Nines and Eights)
Mahu2021 collected 60 from pot
*** SUMMARY ***
Total pot 60 | Rake 0 
Board [9c 9h 4d 4h 8c]
Seat 1: Mahu2021 (button) showed [8h Jh] and won (60) with two pair, Nines and Eights
Seat 2: kiszer23 (small blind) showed [Ts 7c] and lost with two pair, Nines and Fours
Seat 3: MYSTIKKO (big blind) showed [Ks 2s] and lost with two pair, Nines and Fours



PokerStars Hand #246879974957: Tournament #3667191206, $1.84+$0.16 USD Hold'em No Limit - Level I (10/20) - 2023/11/02 10:57:28 CET [2023/11/02 5:57:28 ET]
Table '3667191206 1' 3-max Seat #2 is the button
Seat 1: Mahu2021 (560 in chips) 
Seat 2: kiszer23 (460 in chips) 
Seat 3: MYSTIKKO (480 in chips) 
MYSTIKKO: posts small blind 10
Mahu2021: posts big blind 20
*** HOLE CARDS ***
Dealt to Mahu2021 [5s 9s]
kiszer23: raises 20 to 40
MYSTIKKO: folds 
Mahu2021: folds 
Uncalled bet (20) returned to kiszer23
kiszer23 collected 50 from pot
kiszer23: doesn't show hand 
*** SUMMARY ***
Total pot 50 | Rake 0 
Seat 1: Mahu2021 (big blind) folded before Flop
Seat 2: kiszer23 (button) collected (50)
Seat 3: MYSTIKKO (small blind) folded before Flop



PokerStars Hand #246879976219: Tournament #3667191206, $1.84+$0.16 USD Hold'em No Limit - Level I (10/20) - 2023/11/02 10:57:39 CET [2023/11/02 5:57:39 ET]
Table '3667191206 1' 3-max Seat #3 is the button
Seat 1: Mahu2021 (540 in chips) 
Seat 2: kiszer23 (490 in chips) 
Seat 3: MYSTIKKO (470 in chips) 
Mahu2021: posts small blind 10
kiszer23: posts big blind 20
*** HOLE CARDS ***
Dealt to Mahu2021 [9h Tc]
MYSTIKKO: folds 
Mahu2021: calls 10
kiszer23: raises 40 to 60
Mahu2021: folds 
Uncalled bet (40) returned to kiszer23
kiszer23 collected 40 from pot
kiszer23: doesn't show hand 
*** SUMMARY ***
Total pot 40 | Rake 0 
Seat 1: Mahu2021 (small blind) folded before Flop
Seat 2: kiszer23 (big blind) collected (40)
Seat 3: MYSTIKKO (button) folded before Flop (didn't bet)



PokerStars Hand #246879978397: Tournament #3667191206, $1.84+$0.16 USD Hold'em No Limit - Level II (15/30) - 2023/11/02 10:57:58 CET [2023/11/02 5:57:58 ET]
Table '3667191206 1' 3-max Seat #1 is the button
Seat 1: Mahu2021 (520 in chips) 
Seat 2: kiszer23 (510 in chips) 
Seat 3: MYSTIKKO (470 in chips) 
kiszer23: posts small blind 15
MYSTIKKO: posts big blind 30
*** HOLE CARDS ***
Dealt to Mahu2021 [8c Kc]
Mahu2021: raises 30 to 60
kiszer23: folds 
MYSTIKKO: folds 
Uncalled bet (30) returned to Mahu2021
Mahu2021 collected 75 from pot
Mahu2021: doesn't show hand 
*** SUMMARY ***
Total pot 75 | Rake 0 
Seat 1: Mahu2021 (button) collected (75)
Seat 2: kiszer23 (small blind) folded before Flop
Seat 3: MYSTIKKO (big blind) folded before Flop



PokerStars Hand #246879979602: Tournament #3667191206, $1.84+$0.16 USD Hold'em No Limit - Level II (15/30) - 2023/11/02 10:58:08 CET [2023/11/02 5:58:08 ET]
Table '3667191206 1' 3-max Seat #2 is the button
Seat 1: Mahu2021 (565 in chips) 
Seat 2: kiszer23 (495 in chips) 
Seat 3: MYSTIKKO (440 in chips) 
MYSTIKKO: posts small blind 15
Mahu2021: posts big blind 30
*** HOLE CARDS ***
Dealt to Mahu2021 [Th 5s]
kiszer23: folds 
MYSTIKKO: raises 30 to 60
Mahu2021: folds 
Uncalled bet (30) returned to MYSTIKKO
MYSTIKKO collected 60 from pot
MYSTIKKO: doesn't show hand 
*** SUMMARY ***
Total pot 60 | Rake 0 
Seat 1: Mahu2021 (big blind) folded before Flop
Seat 2: kiszer23 (button) folded before Flop (didn't bet)
Seat 3: MYSTIKKO (small blind) collected (60)



PokerStars Hand #246879980483: Tournament #3667191206, $1.84+$0.16 USD Hold'em No Limit - Level II (15/30) - 2023/11/02 10:58:16 CET [2023/11/02 5:58:16 ET]
Table '3667191206 1' 3-max Seat #3 is the button
Seat 1: Mahu2021 (535 in chips) 
Seat 2: kiszer23 (495 in chips) 
Seat 3: MYSTIKKO (470 in chips) 
Mahu2021: posts small blind 15
kiszer23: posts big blind 30
*** HOLE CARDS ***
Dealt to Mahu2021 [Qd 2h]
MYSTIKKO: folds 
Mahu2021: folds 
Uncalled bet (15) returned to kiszer23
kiszer23 collected 30 from pot
kiszer23: doesn't show hand 
*** SUMMARY ***
Total pot 30 | Rake 0 
Seat 1: Mahu2021 (small blind) folded before Flop
Seat 2: kiszer23 (big blind) collected (30)
Seat 3: MYSTIKKO (button) folded before Flop (didn't bet)



PokerStars Hand #246879981248: Tournament #3667191206, $1.84+$0.16 USD Hold'em No Limit - Level II (15/30) - 2023/11/02 10:58:22 CET [2023/11/02 5:58:22 ET]
Table '3667191206 1' 3-max Seat #1 is the button
Seat 1: Mahu2021 (520 in chips) 
Seat 2: kiszer23 (510 in chips) 
Seat 3: MYSTIKKO (470 in chips) 
kiszer23: posts small blind 15
MYSTIKKO: posts big blind 30
*** HOLE CARDS ***
Dealt to Mahu2021 [9c 9s]
Mahu2021: raises 490 to 520 and is all-in
kiszer23: folds 
MYSTIKKO: folds 
Uncalled bet (490) returned to Mahu2021
Mahu2021 collected 75 from pot
Mahu2021: doesn't show hand 
*** SUMMARY ***
Total pot 75 | Rake 0 
Seat 1: Mahu2021 (button) collected (75)
Seat 2: kiszer23 (small blind) folded before Flop
Seat 3: MYSTIKKO (big blind) folded before Flop



PokerStars Hand #246879982643: Tournament #3667191206, $1.84+$0.16 USD Hold'em No Limit - Level II (15/30) - 2023/11/02 10:58:35 CET [2023/11/02 5:58:35 ET]
Table '3667191206 1' 3-max Seat #2 is the button
Seat 1: Mahu2021 (565 in chips) 
Seat 2: kiszer23 (495 in chips) 
Seat 3: MYSTIKKO (440 in chips) 
MYSTIKKO: posts small blind 15
Mahu2021: posts big blind 30
*** HOLE CARDS ***
Dealt to Mahu2021 [Kh 6c]
kiszer23: raises 30 to 60
MYSTIKKO: folds 
Mahu2021: folds 
Uncalled bet (30) returned to kiszer23
kiszer23 collected 75 from pot
kiszer23: doesn't show hand 
*** SUMMARY ***
Total pot 75 | Rake 0 
Seat 1: Mahu2021 (big blind) folded before Flop
Seat 2: kiszer23 (button) collected (75)
Seat 3: MYSTIKKO (small blind) folded before Flop



PokerStars Hand #246879983770: Tournament #3667191206, $1.84+$0.16 USD Hold'em No Limit - Level II (15/30) - 2023/11/02 10:58:45 CET [2023/11/02 5:58:45 ET]
Table '3667191206 1' 3-max Seat #3 is the button
Seat 1: Mahu2021 (535 in chips) 
Seat 2: kiszer23 (540 in chips) 
Seat 3: MYSTIKKO (425 in chips) 
Mahu2021: posts small blind 15
kiszer23: posts big blind 30
*** HOLE CARDS ***
Dealt to Mahu2021 [4d Jd]
MYSTIKKO: raises 30 to 60
Mahu2021: calls 45
kiszer23: raises 480 to 540 and is all-in
MYSTIKKO: calls 365 and is all-in
Mahu2021: folds 
Uncalled bet (115) returned to kiszer23
*** FLOP *** [Jc 9c 9s]
*** TURN *** [Jc 9c 9s] [7d]
*** RIVER *** [Jc 9c 9s 7d] [Qc]
*** SHOW DOWN ***
kiszer23: shows [Ad Kh] (a pair of Nines)
MYSTIKKO: shows [Ac Qs] (two pair, Queens and Nines)
MYSTIKKO collected 910 from pot
*** SUMMARY ***
Total pot 910 | Rake 0 
Board [Jc 9c 9s 7d Qc]
Seat 1: Mahu2021 (small blind) folded before Flop
Seat 2: kiszer23 (big blind) showed [Ad Kh] and lost with a pair of Nines
Seat 3: MYSTIKKO (button) showed [Ac Qs] and won (910) with two pair, Queens and Nines



PokerStars Hand #246879986100: Tournament #3667191206, $1.84+$0.16 USD Hold'em No Limit - Level II (15/30) - 2023/11/02 10:59:05 CET [2023/11/02 5:59:05 ET]
Table '3667191206 1' 3-max Seat #1 is the button
Seat 1: Mahu2021 (475 in chips) 
Seat 2: kiszer23 (115 in chips) 
Seat 3: MYSTIKKO (910 in chips) 
kiszer23: posts small blind 15
MYSTIKKO: posts big blind 30
*** HOLE CARDS ***
Dealt to Mahu2021 [9h Th]
Mahu2021: folds 
kiszer23: raises 85 to 115 and is all-in
MYSTIKKO: folds 
Uncalled bet (85) returned to kiszer23
kiszer23 collected 60 from pot
kiszer23: doesn't show hand 
*** SUMMARY ***
Total pot 60 | Rake 0 
Seat 1: Mahu2021 (button) folded before Flop (didn't bet)
Seat 2: kiszer23 (small blind) collected (60)
Seat 3: MYSTIKKO (big blind) folded before Flop



PokerStars Hand #246879987164: Tournament #3667191206, $1.84+$0.16 USD Hold'em No Limit - Level II (15/30) - 2023/11/02 10:59:14 CET [2023/11/02 5:59:14 ET]
Table '3667191206 1' 3-max Seat #2 is the button
Seat 1: Mahu2021 (475 in chips) 
Seat 2: kiszer23 (145 in chips) 
Seat 3: MYSTIKKO (880 in chips) 
MYSTIKKO: posts small blind 15
Mahu2021: posts big blind 30
*** HOLE CARDS ***
Dealt to Mahu2021 [Td Ad]
kiszer23: raises 115 to 145 and is all-in
MYSTIKKO: folds 
Mahu2021: calls 115
*** FLOP *** [9d 6d 9c]
*** TURN *** [9d 6d 9c] [3h]
*** RIVER *** [9d 6d 9c 3h] [7h]
*** SHOW DOWN ***
Mahu2021: shows [Td Ad] (a pair of Nines)
kiszer23: shows [8s As] (a pair of Nines - lower kicker)
Mahu2021 collected 305 from pot
kiszer23 finished the tournament in 3rd place
*** SUMMARY ***
Total pot 305 | Rake 0 
Board [9d 6d 9c 3h 7h]
Seat 1: Mahu2021 (big blind) showed [Td Ad] and won (305) with a pair of Nines
Seat 2: kiszer23 (button) showed [8s As] and lost with a pair of Nines
Seat 3: MYSTIKKO (small blind) folded before Flop



PokerStars Hand #246879989321: Tournament #3667191206, $1.84+$0.16 USD Hold'em No Limit - Level II (15/30) - 2023/11/02 10:59:33 CET [2023/11/02 5:59:33 ET]
Table '3667191206 1' 3-max Seat #1 is the button
Seat 1: Mahu2021 (635 in chips) 
Seat 3: MYSTIKKO (865 in chips) 
Mahu2021: posts small blind 15
MYSTIKKO: posts big blind 30
*** HOLE CARDS ***
Dealt to Mahu2021 [Kd 4d]
Mahu2021: calls 15
MYSTIKKO: raises 60 to 90
Mahu2021: calls 60
*** FLOP *** [6d Jh 7h]
MYSTIKKO: checks 
Mahu2021: checks 
*** TURN *** [6d Jh 7h] [6c]
MYSTIKKO: checks 
Mahu2021: bets 60
MYSTIKKO: folds 
Uncalled bet (60) returned to Mahu2021
Mahu2021 collected 180 from pot
Mahu2021: doesn't show hand 
*** SUMMARY ***
Total pot 180 | Rake 0 
Board [6d Jh 7h 6c]
Seat 1: Mahu2021 (button) (small blind) collected (180)
Seat 3: MYSTIKKO (big blind) folded on the Turn



PokerStars Hand #246879993354: Tournament #3667191206, $1.84+$0.16 USD Hold'em No Limit - Level II (15/30) - 2023/11/02 11:00:08 CET [2023/11/02 6:00:08 ET]
Table '3667191206 1' 3-max Seat #3 is the button
Seat 1: Mahu2021 (725 in chips) 
Seat 3: MYSTIKKO (775 in chips) 
MYSTIKKO: posts small blind 15
Mahu2021: posts big blind 30
*** HOLE CARDS ***
Dealt to Mahu2021 [9d Ks]
MYSTIKKO: folds 
Uncalled bet (15) returned to Mahu2021
Mahu2021 collected 30 from pot
Mahu2021: doesn't show hand 
*** SUMMARY ***
Total pot 30 | Rake 0 
Seat 1: Mahu2021 (big blind) collected (30)
Seat 3: MYSTIKKO (button) (small blind) folded before Flop



PokerStars Hand #246879995107: Tournament #3667191206, $1.84+$0.16 USD Hold'em No Limit - Level II (15/30) - 2023/11/02 11:00:23 CET [2023/11/02 6:00:23 ET]
Table '3667191206 1' 3-max Seat #1 is the button
Seat 1: Mahu2021 (740 in chips) 
Seat 3: MYSTIKKO (760 in chips) 
Mahu2021: posts small blind 15
MYSTIKKO: posts big blind 30
*** HOLE CARDS ***
Dealt to Mahu2021 [Th 8h]
Mahu2021: calls 15
MYSTIKKO: checks 
*** FLOP *** [Ah 3h 4c]
MYSTIKKO: checks 
Mahu2021: bets 30
MYSTIKKO: calls 30
*** TURN *** [Ah 3h 4c] [6c]
MYSTIKKO: checks 
Mahu2021: checks 
*** RIVER *** [Ah 3h 4c 6c] [7c]
MYSTIKKO: checks 
Mahu2021: checks 
*** SHOW DOWN ***
MYSTIKKO: shows [5h 8d] (a straight, Four to Eight)
Mahu2021: mucks hand 
MYSTIKKO collected 120 from pot
*** SUMMARY ***
Total pot 120 | Rake 0 
Board [Ah 3h 4c 6c 7c]
Seat 1: Mahu2021 (button) (small blind) mucked [Th 8h]
Seat 3: MYSTIKKO (big blind) showed [5h 8d] and won (120) with a straight, Four to Eight



PokerStars Hand #246880000443: Tournament #3667191206, $1.84+$0.16 USD Hold'em No Limit - Level III (20/40) - 2023/11/02 11:01:07 CET [2023/11/02 6:01:07 ET]
Table '3667191206 1' 3-max Seat #3 is the button
Seat 1: Mahu2021 (680 in chips) 
Seat 3: MYSTIKKO (820 in chips) 
MYSTIKKO: posts small blind 20
Mahu2021: posts big blind 40
*** HOLE CARDS ***
Dealt to Mahu2021 [2s 3c]
MYSTIKKO: raises 40 to 80
Mahu2021: folds 
Uncalled bet (40) returned to MYSTIKKO
MYSTIKKO collected 80 from pot
MYSTIKKO: doesn't show hand 
*** SUMMARY ***
Total pot 80 | Rake 0 
Seat 1: Mahu2021 (big blind) folded before Flop
Seat 3: MYSTIKKO (button) (small blind) collected (80)



PokerStars Hand #246880001475: Tournament #3667191206, $1.84+$0.16 USD Hold'em No Limit - Level III (20/40) - 2023/11/02 11:01:15 CET [2023/11/02 6:01:15 ET]
Table '3667191206 1' 3-max Seat #1 is the button
Seat 1: Mahu2021 (640 in chips) 
Seat 3: MYSTIKKO (860 in chips) 
Mahu2021: posts small blind 20
MYSTIKKO: posts big blind 40
*** HOLE CARDS ***
Dealt to Mahu2021 [9s Ts]
Mahu2021: calls 20
MYSTIKKO: checks 
*** FLOP *** [9d 7s Kc]
MYSTIKKO: checks 
Mahu2021: bets 40
MYSTIKKO: folds 
Uncalled bet (40) returned to Mahu2021
Mahu2021 collected 80 from pot
Mahu2021: doesn't show hand 
*** SUMMARY ***
Total pot 80 | Rake 0 
Board [9d 7s Kc]
Seat 1: Mahu2021 (button) (small blind) collected (80)
Seat 3: MYSTIKKO (big blind) folded on the Flop



PokerStars Hand #246880003172: Tournament #3667191206, $1.84+$0.16 USD Hold'em No Limit - Level III (20/40) - 2023/11/02 11:01:29 CET [2023/11/02 6:01:29 ET]
Table '3667191206 1' 3-max Seat #3 is the button
Seat 1: Mahu2021 (680 in chips) 
Seat 3: MYSTIKKO (820 in chips) 
MYSTIKKO: posts small blind 20
Mahu2021: posts big blind 40
*** HOLE CARDS ***
Dealt to Mahu2021 [3s 2c]
MYSTIKKO: raises 40 to 80
Mahu2021: folds 
Uncalled bet (40) returned to MYSTIKKO
MYSTIKKO collected 80 from pot
MYSTIKKO: doesn't show hand 
*** SUMMARY ***
Total pot 80 | Rake 0 
Seat 1: Mahu2021 (big blind) folded before Flop
Seat 3: MYSTIKKO (button) (small blind) collected (80)



PokerStars Hand #246880003862: Tournament #3667191206, $1.84+$0.16 USD Hold'em No Limit - Level III (20/40) - 2023/11/02 11:01:34 CET [2023/11/02 6:01:34 ET]
Table '3667191206 1' 3-max Seat #1 is the button
Seat 1: Mahu2021 (640 in chips) 
Seat 3: MYSTIKKO (860 in chips) 
Mahu2021: posts small blind 20
MYSTIKKO: posts big blind 40
*** HOLE CARDS ***
Dealt to Mahu2021 [6d Js]
Mahu2021: folds 
Uncalled bet (20) returned to MYSTIKKO
MYSTIKKO collected 40 from pot
MYSTIKKO: doesn't show hand 
*** SUMMARY ***
Total pot 40 | Rake 0 
Seat 1: Mahu2021 (button) (small blind) folded before Flop
Seat 3: MYSTIKKO (big blind) collected (40)



PokerStars Hand #246880004466: Tournament #3667191206, $1.84+$0.16 USD Hold'em No Limit - Level III (20/40) - 2023/11/02 11:01:38 CET [2023/11/02 6:01:38 ET]
Table '3667191206 1' 3-max Seat #3 is the button
Seat 1: Mahu2021 (620 in chips) 
Seat 3: MYSTIKKO (880 in chips) 
MYSTIKKO: posts small blind 20
Mahu2021: posts big blind 40
*** HOLE CARDS ***
Dealt to Mahu2021 [5s Js]
MYSTIKKO: folds 
Uncalled bet (20) returned to Mahu2021
Mahu2021 collected 40 from pot
Mahu2021: doesn't show hand 
*** SUMMARY ***
Total pot 40 | Rake 0 
Seat 1: Mahu2021 (big blind) collected (40)
Seat 3: MYSTIKKO (button) (small blind) folded before Flop



PokerStars Hand #246880005493: Tournament #3667191206, $1.84+$0.16 USD Hold'em No Limit - Level III (20/40) - 2023/11/02 11:01:47 CET [2023/11/02 6:01:47 ET]
Table '3667191206 1' 3-max Seat #1 is the button
Seat 1: Mahu2021 (640 in chips) 
Seat 3: MYSTIKKO (860 in chips) 
Mahu2021: posts small blind 20
MYSTIKKO: posts big blind 40
*** HOLE CARDS ***
Dealt to Mahu2021 [Qc Kh]
Mahu2021: raises 40 to 80
MYSTIKKO: folds 
Uncalled bet (40) returned to Mahu2021
Mahu2021 collected 80 from pot
Mahu2021: doesn't show hand 
*** SUMMARY ***
Total pot 80 | Rake 0 
Seat 1: Mahu2021 (button) (small blind) collected (80)
Seat 3: MYSTIKKO (big blind) folded before Flop



PokerStars Hand #246880006594: Tournament #3667191206, $1.84+$0.16 USD Hold'em No Limit - Level III (20/40) - 2023/11/02 11:01:55 CET [2023/11/02 6:01:55 ET]
Table '3667191206 1' 3-max Seat #3 is the button
Seat 1: Mahu2021 (680 in chips) 
Seat 3: MYSTIKKO (820 in chips) 
MYSTIKKO: posts small blind 20
Mahu2021: posts big blind 40
*** HOLE CARDS ***
Dealt to Mahu2021 [5h 8d]
MYSTIKKO: raises 40 to 80
Mahu2021: folds 
Uncalled bet (40) returned to MYSTIKKO
MYSTIKKO collected 80 from pot
MYSTIKKO: doesn't show hand 
*** SUMMARY ***
Total pot 80 | Rake 0 
Seat 1: Mahu2021 (big blind) folded before Flop
Seat 3: MYSTIKKO (button) (small blind) collected (80)



PokerStars Hand #246880007331: Tournament #3667191206, $1.84+$0.16 USD Hold'em No Limit - Level III (20/40) - 2023/11/02 11:02:00 CET [2023/11/02 6:02:00 ET]
Table '3667191206 1' 3-max Seat #1 is the button
Seat 1: Mahu2021 (640 in chips) 
Seat 3: MYSTIKKO (860 in chips) 
Mahu2021: posts small blind 20
MYSTIKKO: posts big blind 40
*** HOLE CARDS ***
Dealt to Mahu2021 [6d 3s]
Mahu2021: folds 
Uncalled bet (20) returned to MYSTIKKO
MYSTIKKO collected 40 from pot
MYSTIKKO: doesn't show hand 
*** SUMMARY ***
Total pot 40 | Rake 0 
Seat 1: Mahu2021 (button) (small blind) folded before Flop
Seat 3: MYSTIKKO (big blind) collected (40)



PokerStars Hand #246880007877: Tournament #3667191206, $1.84+$0.16 USD Hold'em No Limit - Level III (20/40) - 2023/11/02 11:02:04 CET [2023/11/02 6:02:04 ET]
Table '3667191206 1' 3-max Seat #3 is the button
Seat 1: Mahu2021 (620 in chips) 
Seat 3: MYSTIKKO (880 in chips) 
MYSTIKKO: posts small blind 20
Mahu2021: posts big blind 40
*** HOLE CARDS ***
Dealt to Mahu2021 [5s 5c]
MYSTIKKO: raises 40 to 80
Mahu2021: calls 40
*** FLOP *** [Qd Qs Ac]
Mahu2021: checks 
MYSTIKKO: bets 48
Mahu2021: raises 72 to 120
MYSTIKKO: folds 
Uncalled bet (72) returned to Mahu2021
Mahu2021 collected 256 from pot
Mahu2021: doesn't show hand 
*** SUMMARY ***
Total pot 256 | Rake 0 
Board [Qd Qs Ac]
Seat 1: Mahu2021 (big blind) collected (256)
Seat 3: MYSTIKKO (button) (small blind) folded on the Flop



PokerStars Hand #246880012336: Tournament #3667191206, $1.84+$0.16 USD Hold'em No Limit - Level III (20/40) - 2023/11/02 11:02:38 CET [2023/11/02 6:02:38 ET]
Table '3667191206 1' 3-max Seat #1 is the button
Seat 1: Mahu2021 (748 in chips) 
Seat 3: MYSTIKKO (752 in chips) 
Mahu2021: posts small blind 20
MYSTIKKO: posts big blind 40
*** HOLE CARDS ***
Dealt to Mahu2021 [Jd Js]
Mahu2021: raises 708 to 748 and is all-in
MYSTIKKO: folds 
Uncalled bet (708) returned to Mahu2021
Mahu2021 collected 80 from pot
Mahu2021: doesn't show hand 
*** SUMMARY ***
Total pot 80 | Rake 0 
Seat 1: Mahu2021 (button) (small blind) collected (80)
Seat 3: MYSTIKKO (big blind) folded before Flop



PokerStars Hand #246880013676: Tournament #3667191206, $1.84+$0.16 USD Hold'em No Limit - Level III (20/40) - 2023/11/02 11:02:49 CET [2023/11/02 6:02:49 ET]
Table '3667191206 1' 3-max Seat #3 is the button
Seat 1: Mahu2021 (788 in chips) 
Seat 3: MYSTIKKO (712 in chips) 
MYSTIKKO: posts small blind 20
Mahu2021: posts big blind 40
*** HOLE CARDS ***
Dealt to Mahu2021 [Kc Td]
MYSTIKKO: raises 672 to 712 and is all-in
Mahu2021: folds 
Uncalled bet (672) returned to MYSTIKKO
MYSTIKKO collected 80 from pot
MYSTIKKO: doesn't show hand 
*** SUMMARY ***
Total pot 80 | Rake 0 
Seat 1: Mahu2021 (big blind) folded before Flop
Seat 3: MYSTIKKO (button) (small blind) collected (80)



PokerStars Hand #246880015083: Tournament #3667191206, $1.84+$0.16 USD Hold'em No Limit - Level III (20/40) - 2023/11/02 11:03:00 CET [2023/11/02 6:03:00 ET]
Table '3667191206 1' 3-max Seat #1 is the button
Seat 1: Mahu2021 (748 in chips) 
Seat 3: MYSTIKKO (752 in chips) 
Mahu2021: posts small blind 20
MYSTIKKO: posts big blind 40
*** HOLE CARDS ***
Dealt to Mahu2021 [7s 8s]
Mahu2021: calls 20
MYSTIKKO: raises 80 to 120
Mahu2021: calls 80
*** FLOP *** [8h 7c Jh]
MYSTIKKO: checks 
Mahu2021: bets 80
MYSTIKKO: calls 80
*** TURN *** [8h 7c Jh] [5d]
MYSTIKKO: checks 
Mahu2021: bets 548 and is all-in
MYSTIKKO: folds 
Uncalled bet (548) returned to Mahu2021
Mahu2021 collected 400 from pot
Mahu2021: doesn't show hand 
*** SUMMARY ***
Total pot 400 | Rake 0 
Board [8h 7c Jh 5d]
Seat 1: Mahu2021 (button) (small blind) collected (400)
Seat 3: MYSTIKKO (big blind) folded on the Turn



PokerStars Hand #246880018539: Tournament #3667191206, $1.84+$0.16 USD Hold'em No Limit - Level III (20/40) - 2023/11/02 11:03:25 CET [2023/11/02 6:03:25 ET]
Table '3667191206 1' 3-max Seat #3 is the button
Seat 1: Mahu2021 (948 in chips) 
Seat 3: MYSTIKKO (552 in chips) 
MYSTIKKO: posts small blind 20
Mahu2021: posts big blind 40
*** HOLE CARDS ***
Dealt to Mahu2021 [Qh Js]
MYSTIKKO: raises 512 to 552 and is all-in
Mahu2021: folds 
Uncalled bet (512) returned to MYSTIKKO
MYSTIKKO collected 80 from pot
MYSTIKKO: doesn't show hand 
*** SUMMARY ***
Total pot 80 | Rake 0 
Seat 1: Mahu2021 (big blind) folded before Flop
Seat 3: MYSTIKKO (button) (small blind) collected (80)



PokerStars Hand #246880019455: Tournament #3667191206, $1.84+$0.16 USD Hold'em No Limit - Level III (20/40) - 2023/11/02 11:03:32 CET [2023/11/02 6:03:32 ET]
Table '3667191206 1' 3-max Seat #1 is the button
Seat 1: Mahu2021 (908 in chips) 
Seat 3: MYSTIKKO (592 in chips) 
Mahu2021: posts small blind 20
MYSTIKKO: posts big blind 40
*** HOLE CARDS ***
Dealt to Mahu2021 [8d 4c]
Mahu2021: folds 
Uncalled bet (20) returned to MYSTIKKO
MYSTIKKO collected 40 from pot
MYSTIKKO: doesn't show hand 
*** SUMMARY ***
Total pot 40 | Rake 0 
Seat 1: Mahu2021 (button) (small blind) folded before Flop
Seat 3: MYSTIKKO (big blind) collected (40)



PokerStars Hand #246880020030: Tournament #3667191206, $1.84+$0.16 USD Hold'em No Limit - Level III (20/40) - 2023/11/02 11:03:36 CET [2023/11/02 6:03:36 ET]
Table '3667191206 1' 3-max Seat #3 is the button
Seat 1: Mahu2021 (888 in chips) 
Seat 3: MYSTIKKO (612 in chips) 
MYSTIKKO: posts small blind 20
Mahu2021: posts big blind 40
*** HOLE CARDS ***
Dealt to Mahu2021 [Ks 5d]
MYSTIKKO: folds 
Uncalled bet (20) returned to Mahu2021
Mahu2021 collected 40 from pot
Mahu2021: doesn't show hand 
*** SUMMARY ***
Total pot 40 | Rake 0 
Seat 1: Mahu2021 (big blind) collected (40)
Seat 3: MYSTIKKO (button) (small blind) folded before Flop



PokerStars Hand #246880020569: Tournament #3667191206, $1.84+$0.16 USD Hold'em No Limit - Level III (20/40) - 2023/11/02 11:03:40 CET [2023/11/02 6:03:40 ET]
Table '3667191206 1' 3-max Seat #1 is the button
Seat 1: Mahu2021 (908 in chips) 
Seat 3: MYSTIKKO (592 in chips) 
Mahu2021: posts small blind 20
MYSTIKKO: posts big blind 40
*** HOLE CARDS ***
Dealt to Mahu2021 [5c Th]
Mahu2021: folds 
Uncalled bet (20) returned to MYSTIKKO
MYSTIKKO collected 40 from pot
MYSTIKKO: doesn't show hand 
*** SUMMARY ***
Total pot 40 | Rake 0 
Seat 1: Mahu2021 (button) (small blind) folded before Flop
Seat 3: MYSTIKKO (big blind) collected (40)



PokerStars Hand #246880021531: Tournament #3667191206, $1.84+$0.16 USD Hold'em No Limit - Level IV (30/60) - 2023/11/02 11:03:47 CET [2023/11/02 6:03:47 ET]
Table '3667191206 1' 3-max Seat #3 is the button
Seat 1: Mahu2021 (888 in chips) 
Seat 3: MYSTIKKO (612 in chips) 
MYSTIKKO: posts small blind 30
Mahu2021: posts big blind 60
*** HOLE CARDS ***
Dealt to Mahu2021 [6c Tc]
MYSTIKKO: folds 
Uncalled bet (30) returned to Mahu2021
Mahu2021 collected 60 from pot
Mahu2021: doesn't show hand 
*** SUMMARY ***
Total pot 60 | Rake 0 
Seat 1: Mahu2021 (big blind) collected (60)
Seat 3: MYSTIKKO (button) (small blind) folded before Flop



PokerStars Hand #246880022759: Tournament #3667191206, $1.84+$0.16 USD Hold'em No Limit - Level IV (30/60) - 2023/11/02 11:03:56 CET [2023/11/02 6:03:56 ET]
Table '3667191206 1' 3-max Seat #1 is the button
Seat 1: Mahu2021 (918 in chips) 
Seat 3: MYSTIKKO (582 in chips) 
Mahu2021: posts small blind 30
MYSTIKKO: posts big blind 60
*** HOLE CARDS ***
Dealt to Mahu2021 [4d Ac]
Mahu2021: calls 30
MYSTIKKO: checks 
*** FLOP *** [Ad Qc 4c]
MYSTIKKO: checks 
Mahu2021: bets 60
MYSTIKKO: folds 
Uncalled bet (60) returned to Mahu2021
Mahu2021 collected 120 from pot
Mahu2021: doesn't show hand 
*** SUMMARY ***
Total pot 120 | Rake 0 
Board [Ad Qc 4c]
Seat 1: Mahu2021 (button) (small blind) collected (120)
Seat 3: MYSTIKKO (big blind) folded on the Flop



PokerStars Hand #246880025044: Tournament #3667191206, $1.84+$0.16 USD Hold'em No Limit - Level IV (30/60) - 2023/11/02 11:04:14 CET [2023/11/02 6:04:14 ET]
Table '3667191206 1' 3-max Seat #3 is the button
Seat 1: Mahu2021 (978 in chips) 
Seat 3: MYSTIKKO (522 in chips) 
MYSTIKKO: posts small blind 30
Mahu2021: posts big blind 60
*** HOLE CARDS ***
Dealt to Mahu2021 [6d 7c]
MYSTIKKO: calls 30
Mahu2021: checks 
*** FLOP *** [4d 8s Jc]
Mahu2021: checks 
MYSTIKKO: bets 60
Mahu2021: calls 60
*** TURN *** [4d 8s Jc] [3h]
Mahu2021: checks 
MYSTIKKO: bets 402 and is all-in
Mahu2021: folds 
Uncalled bet (402) returned to MYSTIKKO
MYSTIKKO collected 240 from pot
MYSTIKKO: doesn't show hand 
*** SUMMARY ***
Total pot 240 | Rake 0 
Board [4d 8s Jc 3h]
Seat 1: Mahu2021 (big blind) folded on the Turn
Seat 3: MYSTIKKO (button) (small blind) collected (240)



PokerStars Hand #246880028273: Tournament #3667191206, $1.84+$0.16 USD Hold'em No Limit - Level IV (30/60) - 2023/11/02 11:04:38 CET [2023/11/02 6:04:38 ET]
Table '3667191206 1' 3-max Seat #1 is the button
Seat 1: Mahu2021 (858 in chips) 
Seat 3: MYSTIKKO (642 in chips) 
Mahu2021: posts small blind 30
MYSTIKKO: posts big blind 60
*** HOLE CARDS ***
Dealt to Mahu2021 [4d 7c]
Mahu2021: folds 
Uncalled bet (30) returned to MYSTIKKO
MYSTIKKO collected 60 from pot
MYSTIKKO: doesn't show hand 
*** SUMMARY ***
Total pot 60 | Rake 0 
Seat 1: Mahu2021 (button) (small blind) folded before Flop
Seat 3: MYSTIKKO (big blind) collected (60)



PokerStars Hand #246880028836: Tournament #3667191206, $1.84+$0.16 USD Hold'em No Limit - Level IV (30/60) - 2023/11/02 11:04:42 CET [2023/11/02 6:04:42 ET]
Table '3667191206 1' 3-max Seat #3 is the button
Seat 1: Mahu2021 (828 in chips) 
Seat 3: MYSTIKKO (672 in chips) 
MYSTIKKO: posts small blind 30
Mahu2021: posts big blind 60
*** HOLE CARDS ***
Dealt to Mahu2021 [2c 3h]
MYSTIKKO: calls 30
Mahu2021: checks 
*** FLOP *** [Qh Qs Jh]
Mahu2021: checks 
MYSTIKKO: checks 
*** TURN *** [Qh Qs Jh] [7c]
Mahu2021: checks 
MYSTIKKO: checks 
*** RIVER *** [Qh Qs Jh 7c] [5s]
Mahu2021: bets 60
MYSTIKKO: folds 
Uncalled bet (60) returned to Mahu2021
Mahu2021 collected 120 from pot
Mahu2021: doesn't show hand 
*** SUMMARY ***
Total pot 120 | Rake 0 
Board [Qh Qs Jh 7c 5s]
Seat 1: Mahu2021 (big blind) collected (120)
Seat 3: MYSTIKKO (button) (small blind) folded on the River



PokerStars Hand #246880032364: Tournament #3667191206, $1.84+$0.16 USD Hold'em No Limit - Level IV (30/60) - 2023/11/02 11:05:08 CET [2023/11/02 6:05:08 ET]
Table '3667191206 1' 3-max Seat #1 is the button
Seat 1: Mahu2021 (888 in chips) 
Seat 3: MYSTIKKO (612 in chips) 
Mahu2021: posts small blind 30
MYSTIKKO: posts big blind 60
*** HOLE CARDS ***
Dealt to Mahu2021 [8d 8s]
Mahu2021: raises 828 to 888 and is all-in
MYSTIKKO: folds 
Uncalled bet (828) returned to Mahu2021
Mahu2021 collected 120 from pot
Mahu2021: doesn't show hand 
*** SUMMARY ***
Total pot 120 | Rake 0 
Seat 1: Mahu2021 (button) (small blind) collected (120)
Seat 3: MYSTIKKO (big blind) folded before Flop



PokerStars Hand #246880033550: Tournament #3667191206, $1.84+$0.16 USD Hold'em No Limit - Level IV (30/60) - 2023/11/02 11:05:17 CET [2023/11/02 6:05:17 ET]
Table '3667191206 1' 3-max Seat #3 is the button
Seat 1: Mahu2021 (948 in chips) 
Seat 3: MYSTIKKO (552 in chips) 
MYSTIKKO: posts small blind 30
Mahu2021: posts big blind 60
*** HOLE CARDS ***
Dealt to Mahu2021 [Qd 7s]
MYSTIKKO: calls 30
Mahu2021: checks 
*** FLOP *** [Ts 8c 8h]
Mahu2021: checks 
MYSTIKKO: bets 60
Mahu2021: calls 60
*** TURN *** [Ts 8c 8h] [Ac]
Mahu2021: checks 
MYSTIKKO: bets 72
Mahu2021: folds 
Uncalled bet (72) returned to MYSTIKKO
MYSTIKKO collected 240 from pot
MYSTIKKO: doesn't show hand 
*** SUMMARY ***
Total pot 240 | Rake 0 
Board [Ts 8c 8h Ac]
Seat 1: Mahu2021 (big blind) folded on the Turn
Seat 3: MYSTIKKO (button) (small blind) collected (240)



PokerStars Hand #246880036518: Tournament #3667191206, $1.84+$0.16 USD Hold'em No Limit - Level IV (30/60) - 2023/11/02 11:05:39 CET [2023/11/02 6:05:39 ET]
Table '3667191206 1' 3-max Seat #1 is the button
Seat 1: Mahu2021 (828 in chips) 
Seat 3: MYSTIKKO (672 in chips) 
Mahu2021: posts small blind 30
MYSTIKKO: posts big blind 60
*** HOLE CARDS ***
Dealt to Mahu2021 [4s 8s]
Mahu2021: folds 
Uncalled bet (30) returned to MYSTIKKO
MYSTIKKO collected 60 from pot
MYSTIKKO: doesn't show hand 
*** SUMMARY ***
Total pot 60 | Rake 0 
Seat 1: Mahu2021 (button) (small blind) folded before Flop
Seat 3: MYSTIKKO (big blind) collected (60)



PokerStars Hand #246880037074: Tournament #3667191206, $1.84+$0.16 USD Hold'em No Limit - Level IV (30/60) - 2023/11/02 11:05:43 CET [2023/11/02 6:05:43 ET]
Table '3667191206 1' 3-max Seat #3 is the button
Seat 1: Mahu2021 (798 in chips) 
Seat 3: MYSTIKKO (702 in chips) 
MYSTIKKO: posts small blind 30
Mahu2021: posts big blind 60
*** HOLE CARDS ***
Dealt to Mahu2021 [Jc Kh]
MYSTIKKO: folds 
Uncalled bet (30) returned to Mahu2021
Mahu2021 collected 60 from pot
Mahu2021: doesn't show hand 
*** SUMMARY ***
Total pot 60 | Rake 0 
Seat 1: Mahu2021 (big blind) collected (60)
Seat 3: MYSTIKKO (button) (small blind) folded before Flop



PokerStars Hand #246880037699: Tournament #3667191206, $1.84+$0.16 USD Hold'em No Limit - Level IV (30/60) - 2023/11/02 11:05:48 CET [2023/11/02 6:05:48 ET]
Table '3667191206 1' 3-max Seat #1 is the button
Seat 1: Mahu2021 (828 in chips) 
Seat 3: MYSTIKKO (672 in chips) 
Mahu2021: posts small blind 30
MYSTIKKO: posts big blind 60
*** HOLE CARDS ***
Dealt to Mahu2021 [2s Ac]
Mahu2021: calls 30
MYSTIKKO: checks 
*** FLOP *** [4h Ts 2d]
MYSTIKKO: checks 
Mahu2021: bets 60
MYSTIKKO has timed out
MYSTIKKO: folds 
MYSTIKKO is sitting out
Uncalled bet (60) returned to Mahu2021
Mahu2021 collected 120 from pot
Mahu2021: doesn't show hand 
*** SUMMARY ***
Total pot 120 | Rake 0 
Board [4h Ts 2d]
Seat 1: Mahu2021 (button) (small blind) collected (120)
Seat 3: MYSTIKKO (big blind) folded on the Flop



PokerStars Hand #246880041415: Tournament #3667191206, $1.84+$0.16 USD Hold'em No Limit - Level IV (30/60) - 2023/11/02 11:06:16 CET [2023/11/02 6:06:16 ET]
Table '3667191206 1' 3-max Seat #3 is the button
Seat 1: Mahu2021 (888 in chips) 
Seat 3: MYSTIKKO (612 in chips) is sitting out
MYSTIKKO: posts small blind 30
Mahu2021: posts big blind 60
*** HOLE CARDS ***
Dealt to Mahu2021 [5s 7h]
MYSTIKKO: folds 
Uncalled bet (30) returned to Mahu2021
MYSTIKKO has returned
Mahu2021 collected 60 from pot
Mahu2021: doesn't show hand 
*** SUMMARY ***
Total pot 60 | Rake 0 
Seat 1: Mahu2021 (big blind) collected (60)
Seat 3: MYSTIKKO (button) (small blind) folded before Flop



PokerStars Hand #246880041705: Tournament #3667191206, $1.84+$0.16 USD Hold'em No Limit - Level IV (30/60) - 2023/11/02 11:06:18 CET [2023/11/02 6:06:18 ET]
Table '3667191206 1' 3-max Seat #1 is the button
Seat 1: Mahu2021 (918 in chips) 
Seat 3: MYSTIKKO (582 in chips) 
Mahu2021: posts small blind 30
MYSTIKKO: posts big blind 60
*** HOLE CARDS ***
Dealt to Mahu2021 [5s 3s]
Mahu2021: calls 30
MYSTIKKO: checks 
*** FLOP *** [7d 2d Jc]
MYSTIKKO: checks 
Mahu2021: bets 60
MYSTIKKO: folds 
Uncalled bet (60) returned to Mahu2021
Mahu2021 collected 120 from pot
Mahu2021: doesn't show hand 
*** SUMMARY ***
Total pot 120 | Rake 0 
Board [7d 2d Jc]
Seat 1: Mahu2021 (button) (small blind) collected (120)
Seat 3: MYSTIKKO (big blind) folded on the Flop



PokerStars Hand #246880043962: Tournament #3667191206, $1.84+$0.16 USD Hold'em No Limit - Level IV (30/60) - 2023/11/02 11:06:35 CET [2023/11/02 6:06:35 ET]
Table '3667191206 1' 3-max Seat #3 is the button
Seat 1: Mahu2021 (978 in chips) 
Seat 3: MYSTIKKO (522 in chips) 
MYSTIKKO: posts small blind 30
Mahu2021: posts big blind 60
*** HOLE CARDS ***
Dealt to Mahu2021 [3d Jh]
MYSTIKKO: calls 30
Mahu2021: checks 
*** FLOP *** [3c 2d Td]
Mahu2021: checks 
MYSTIKKO: bets 60
Mahu2021: calls 60
*** TURN *** [3c 2d Td] [7c]
Mahu2021: checks 
MYSTIKKO: bets 402 and is all-in
Mahu2021: folds 
Uncalled bet (402) returned to MYSTIKKO
MYSTIKKO collected 240 from pot
*** SUMMARY ***
Total pot 240 | Rake 0 
Board [3c 2d Td 7c]
Seat 1: Mahu2021 (big blind) folded on the Turn
Seat 3: MYSTIKKO (button) (small blind) collected (240)



PokerStars Hand #246880048096: Tournament #3667191206, $1.84+$0.16 USD Hold'em No Limit - Level V (40/80) - 2023/11/02 11:07:06 CET [2023/11/02 6:07:06 ET]
Table '3667191206 1' 3-max Seat #1 is the button
Seat 1: Mahu2021 (858 in chips) 
Seat 3: MYSTIKKO (642 in chips) 
Mahu2021: posts small blind 40
MYSTIKKO: posts big blind 80
*** HOLE CARDS ***
Dealt to Mahu2021 [7h 8d]
Mahu2021: calls 40
MYSTIKKO: checks 
*** FLOP *** [Tc Td 4c]
MYSTIKKO: checks 
Mahu2021: bets 80
MYSTIKKO: folds 
Uncalled bet (80) returned to Mahu2021
Mahu2021 collected 160 from pot
Mahu2021: doesn't show hand 
*** SUMMARY ***
Total pot 160 | Rake 0 
Board [Tc Td 4c]
Seat 1: Mahu2021 (button) (small blind) collected (160)
Seat 3: MYSTIKKO (big blind) folded on the Flop



PokerStars Hand #246880050099: Tournament #3667191206, $1.84+$0.16 USD Hold'em No Limit - Level V (40/80) - 2023/11/02 11:07:21 CET [2023/11/02 6:07:21 ET]
Table '3667191206 1' 3-max Seat #3 is the button
Seat 1: Mahu2021 (938 in chips) 
Seat 3: MYSTIKKO (562 in chips) 
MYSTIKKO: posts small blind 40
Mahu2021: posts big blind 80
*** HOLE CARDS ***
Dealt to Mahu2021 [Kc 6s]
MYSTIKKO: folds 
Uncalled bet (40) returned to Mahu2021
Mahu2021 collected 80 from pot
Mahu2021: doesn't show hand 
*** SUMMARY ***
Total pot 80 | Rake 0 
Seat 1: Mahu2021 (big blind) collected (80)
Seat 3: MYSTIKKO (button) (small blind) folded before Flop



PokerStars Hand #246880050755: Tournament #3667191206, $1.84+$0.16 USD Hold'em No Limit - Level V (40/80) - 2023/11/02 11:07:25 CET [2023/11/02 6:07:25 ET]
Table '3667191206 1' 3-max Seat #1 is the button
Seat 1: Mahu2021 (978 in chips) 
Seat 3: MYSTIKKO (522 in chips) 
Mahu2021: posts small blind 40
MYSTIKKO: posts big blind 80
*** HOLE CARDS ***
Dealt to Mahu2021 [Ad 2h]
Mahu2021: raises 898 to 978 and is all-in
MYSTIKKO: folds 
Uncalled bet (898) returned to Mahu2021
Mahu2021 collected 160 from pot
Mahu2021: doesn't show hand 
*** SUMMARY ***
Total pot 160 | Rake 0 
Seat 1: Mahu2021 (button) (small blind) collected (160)
Seat 3: MYSTIKKO (big blind) folded before Flop



PokerStars Hand #246880051802: Tournament #3667191206, $1.84+$0.16 USD Hold'em No Limit - Level V (40/80) - 2023/11/02 11:07:33 CET [2023/11/02 6:07:33 ET]
Table '3667191206 1' 3-max Seat #3 is the button
Seat 1: Mahu2021 (1058 in chips) 
Seat 3: MYSTIKKO (442 in chips) 
MYSTIKKO: posts small blind 40
Mahu2021: posts big blind 80
*** HOLE CARDS ***
Dealt to Mahu2021 [3s 6s]
MYSTIKKO: folds 
Uncalled bet (40) returned to Mahu2021
Mahu2021 collected 80 from pot
Mahu2021: doesn't show hand 
*** SUMMARY ***
Total pot 80 | Rake 0 
Seat 1: Mahu2021 (big blind) collected (80)
Seat 3: MYSTIKKO (button) (small blind) folded before Flop



PokerStars Hand #246880052783: Tournament #3667191206, $1.84+$0.16 USD Hold'em No Limit - Level V (40/80) - 2023/11/02 11:07:41 CET [2023/11/02 6:07:41 ET]
Table '3667191206 1' 3-max Seat #1 is the button
Seat 1: Mahu2021 (1098 in chips) 
Seat 3: MYSTIKKO (402 in chips) 
Mahu2021: posts small blind 40
MYSTIKKO: posts big blind 80
*** HOLE CARDS ***
Dealt to Mahu2021 [Qd 7s]
Mahu2021: calls 40
MYSTIKKO: raises 322 to 402 and is all-in
Mahu2021: folds 
Uncalled bet (322) returned to MYSTIKKO
MYSTIKKO collected 160 from pot
MYSTIKKO: doesn't show hand 
*** SUMMARY ***
Total pot 160 | Rake 0 
Seat 1: Mahu2021 (button) (small blind) folded before Flop
Seat 3: MYSTIKKO (big blind) collected (160)



PokerStars Hand #246880054050: Tournament #3667191206, $1.84+$0.16 USD Hold'em No Limit - Level V (40/80) - 2023/11/02 11:07:50 CET [2023/11/02 6:07:50 ET]
Table '3667191206 1' 3-max Seat #3 is the button
Seat 1: Mahu2021 (1018 in chips) 
Seat 3: MYSTIKKO (482 in chips) 
MYSTIKKO: posts small blind 40
Mahu2021: posts big blind 80
*** HOLE CARDS ***
Dealt to Mahu2021 [2h 4h]
MYSTIKKO: folds 
Uncalled bet (40) returned to Mahu2021
Mahu2021 collected 80 from pot
Mahu2021: doesn't show hand 
*** SUMMARY ***
Total pot 80 | Rake 0 
Seat 1: Mahu2021 (big blind) collected (80)
Seat 3: MYSTIKKO (button) (small blind) folded before Flop



PokerStars Hand #246880055355: Tournament #3667191206, $1.84+$0.16 USD Hold'em No Limit - Level V (40/80) - 2023/11/02 11:08:00 CET [2023/11/02 6:08:00 ET]
Table '3667191206 1' 3-max Seat #1 is the button
Seat 1: Mahu2021 (1058 in chips) 
Seat 3: MYSTIKKO (442 in chips) 
Mahu2021: posts small blind 40
MYSTIKKO: posts big blind 80
*** HOLE CARDS ***
Dealt to Mahu2021 [Ts 6h]
Mahu2021: folds 
Uncalled bet (40) returned to MYSTIKKO
MYSTIKKO collected 80 from pot
MYSTIKKO: doesn't show hand 
*** SUMMARY ***
Total pot 80 | Rake 0 
Seat 1: Mahu2021 (button) (small blind) folded before Flop
Seat 3: MYSTIKKO (big blind) collected (80)



PokerStars Hand #246880056060: Tournament #3667191206, $1.84+$0.16 USD Hold'em No Limit - Level V (40/80) - 2023/11/02 11:08:05 CET [2023/11/02 6:08:05 ET]
Table '3667191206 1' 3-max Seat #3 is the button
Seat 1: Mahu2021 (1018 in chips) 
Seat 3: MYSTIKKO (482 in chips) 
MYSTIKKO: posts small blind 40
Mahu2021: posts big blind 80
*** HOLE CARDS ***
Dealt to Mahu2021 [Qs Ad]
MYSTIKKO: raises 402 to 482 and is all-in
Mahu2021: calls 402
*** FLOP *** [Qc 5h 8d]
*** TURN *** [Qc 5h 8d] [7h]
*** RIVER *** [Qc 5h 8d 7h] [5d]
*** SHOW DOWN ***
Mahu2021: shows [Qs Ad] (two pair, Queens and Fives)
MYSTIKKO: shows [3d Ah] (a pair of Fives)
Mahu2021 collected 964 from pot
MYSTIKKO finished the tournament in 2nd place
Mahu2021 wins the tournament and receives $8.00 - congratulations!
*** SUMMARY ***
Total pot 964 | Rake 0 
Board [Qc 5h 8d 7h 5d]
Seat 1: Mahu2021 (big blind) showed [Qs Ad] and won (964) with two pair, Queens and Fives
Seat 3: MYSTIKKO (button) (small blind) showed [3d Ah] and lost with a pair of Fives



