PokerStars Zoom Hand #254718794861:  Hold'em No Limit ($0.05/$0.10) - 2025/02/05 15:35:16 CET [2025/02/05 9:35:16 ET]
Table 'Aludra' 6-max Seat #1 is the button
Seat 1: ronny2106 ($8.22 in chips) 
Seat 2: Soli56 ($10.97 in chips) 
Seat 3: Mahu2021 ($10 in chips) 
Seat 4: IVERNMAN ($12.43 in chips) 
Seat 5: superMike233 ($12.34 in chips) 
Seat 6: Georg006830 ($9.58 in chips) 
Soli56: posts small blind $0.05
Mahu2021: posts big blind $0.10
*** HOLE CARDS ***
Dealt to Mahu2021 [8d 3d]
IVERNMAN: folds 
superMike233: raises $0.20 to $0.30
Georg006830: calls $0.30
ronny2106: folds 
Soli56: folds 
Mahu2021: folds 
*** FLOP *** [5d 4h 7h]
superMike233: checks 
Georg006830: bets $0.72
superMike233: calls $0.72
*** TURN *** [5d 4h 7h] [Ac]
superMike233: checks 
Georg006830: bets $2.09
superMike233: folds 
Uncalled bet ($2.09) returned to Georg006830
Georg006830 collected $2.07 from pot
Georg006830: doesn't show hand 
*** SUMMARY ***
Total pot $2.19 | Rake $0.12 
Board [5d 4h 7h Ac]
Seat 1: ronny2106 (button) folded before Flop (didn't bet)
Seat 2: Soli56 (small blind) folded before Flop
Seat 3: Mahu2021 (big blind) folded before Flop
Seat 4: IVERNMAN folded before Flop (didn't bet)
Seat 5: superMike233 folded on the Turn
Seat 6: Georg006830 collected ($2.07)



PokerStars Zoom Hand #254718796674:  Hold'em No Limit ($0.05/$0.10) - 2025/02/05 15:35:26 CET [2025/02/05 9:35:26 ET]
Table 'Aludra' 6-max Seat #1 is the button
Seat 1: 50´s Ghost ($31.85 in chips) 
Seat 2: Mahu2021 ($9.90 in chips) 
Seat 3: Die8 ($13.97 in chips) 
Seat 4: daisuke.ars ($10 in chips) 
Seat 5: IVERNMAN ($10 in chips) 
Seat 6: Burzum21 ($14.13 in chips) 
Mahu2021: posts small blind $0.05
Die8: posts big blind $0.10
*** HOLE CARDS ***
Dealt to Mahu2021 [As 7d]
daisuke.ars: folds 
IVERNMAN has timed out
IVERNMAN: folds 
Burzum21: raises $0.20 to $0.30
50´s Ghost: folds 
Mahu2021: folds 
Die8: folds 
Uncalled bet ($0.20) returned to Burzum21
Burzum21 collected $0.25 from pot
Burzum21: doesn't show hand 
*** SUMMARY ***
Total pot $0.25 | Rake $0 
Seat 1: 50´s Ghost (button) folded before Flop (didn't bet)
Seat 2: Mahu2021 (small blind) folded before Flop
Seat 3: Die8 (big blind) folded before Flop
Seat 4: daisuke.ars folded before Flop (didn't bet)
Seat 5: IVERNMAN folded before Flop (didn't bet)
Seat 6: Burzum21 collected ($0.25)



PokerStars Zoom Hand #254718802036:  Hold'em No Limit ($0.05/$0.10) - 2025/02/05 15:35:55 CET [2025/02/05 9:35:55 ET]
Table 'Aludra' 6-max Seat #1 is the button
Seat 1: Mahu2021 ($9.85 in chips) 
Seat 2: superMike233 ($11.32 in chips) 
Seat 3: EduGuiraud ($12.26 in chips) 
Seat 4: Sao77 ($10 in chips) 
Seat 5: persecute1 ($23.20 in chips) 
Seat 6: Frieda1810 ($5.89 in chips) 
superMike233: posts small blind $0.05
EduGuiraud: posts big blind $0.10
*** HOLE CARDS ***
Dealt to Mahu2021 [As 5h]
Sao77: raises $0.10 to $0.20
persecute1: folds 
Frieda1810: calls $0.20
Mahu2021: calls $0.20
superMike233: folds 
EduGuiraud: calls $0.10
*** FLOP *** [6d 9s 8d]
EduGuiraud: checks 
Sao77: checks 
Frieda1810: checks 
Mahu2021: checks 
*** TURN *** [6d 9s 8d] [7s]
EduGuiraud: checks 
Sao77: bets $1.01
Frieda1810: folds 
Mahu2021: folds 
EduGuiraud: folds 
Uncalled bet ($1.01) returned to Sao77
Sao77 collected $0.81 from pot
Sao77: doesn't show hand 
*** SUMMARY ***
Total pot $0.85 | Rake $0.04 
Board [6d 9s 8d 7s]
Seat 1: Mahu2021 (button) folded on the Turn
Seat 2: superMike233 (small blind) folded before Flop
Seat 3: EduGuiraud (big blind) folded on the Turn
Seat 4: Sao77 collected ($0.81)
Seat 5: persecute1 folded before Flop (didn't bet)
Seat 6: Frieda1810 folded on the Turn



PokerStars Zoom Hand #254718807559:  Hold'em No Limit ($0.05/$0.10) - 2025/02/05 15:36:26 CET [2025/02/05 9:36:26 ET]
Table 'Aludra' 6-max Seat #1 is the button
Seat 1: landing_net ($11.97 in chips) 
Seat 2: 8ujn ($9.42 in chips) 
Seat 3: acebob999 ($13.77 in chips) 
Seat 4: ronny2106 ($8.02 in chips) 
Seat 5: Kac4kac ($15.91 in chips) 
Seat 6: Mahu2021 ($9.65 in chips) 
8ujn: posts small blind $0.05
acebob999: posts big blind $0.10
*** HOLE CARDS ***
Dealt to Mahu2021 [8d Th]
ronny2106: folds 
Kac4kac: folds 
Mahu2021: folds 
landing_net: folds 
8ujn: folds 
Uncalled bet ($0.05) returned to acebob999
acebob999 collected $0.10 from pot
acebob999: doesn't show hand 
*** SUMMARY ***
Total pot $0.10 | Rake $0 
Seat 1: landing_net (button) folded before Flop (didn't bet)
Seat 2: 8ujn (small blind) folded before Flop
Seat 3: acebob999 (big blind) collected ($0.10)
Seat 4: ronny2106 folded before Flop (didn't bet)
Seat 5: Kac4kac folded before Flop (didn't bet)
Seat 6: Mahu2021 folded before Flop (didn't bet)



PokerStars Zoom Hand #254718808908:  Hold'em No Limit ($0.05/$0.10) - 2025/02/05 15:36:33 CET [2025/02/05 9:36:33 ET]
Table 'Aludra' 6-max Seat #1 is the button
Seat 1: acd_045 ($12.37 in chips) 
Seat 2: persecute1 ($23.25 in chips) 
Seat 3: KOCETO_1992 ($11.09 in chips) 
Seat 4: NEkto82 ($5.02 in chips) 
Seat 5: Mahu2021 ($9.65 in chips) 
Seat 6: Mallardz ($36.23 in chips) 
persecute1: posts small blind $0.05
KOCETO_1992: posts big blind $0.10
*** HOLE CARDS ***
Dealt to Mahu2021 [Qc 7s]
NEkto82: folds 
Mahu2021: folds 
Mallardz: folds 
acd_045: folds 
persecute1: folds 
Uncalled bet ($0.05) returned to KOCETO_1992
KOCETO_1992 collected $0.10 from pot
KOCETO_1992: doesn't show hand 
*** SUMMARY ***
Total pot $0.10 | Rake $0 
Seat 1: acd_045 (button) folded before Flop (didn't bet)
Seat 2: persecute1 (small blind) folded before Flop
Seat 3: KOCETO_1992 (big blind) collected ($0.10)
Seat 4: NEkto82 folded before Flop (didn't bet)
Seat 5: Mahu2021 folded before Flop (didn't bet)
Seat 6: Mallardz folded before Flop (didn't bet)



PokerStars Zoom Hand #254718810119:  Hold'em No Limit ($0.05/$0.10) - 2025/02/05 15:36:40 CET [2025/02/05 9:36:40 ET]
Table 'Aludra' 6-max Seat #1 is the button
Seat 1: sigmanolimit ($10 in chips) 
Seat 2: Stuffy goat ($18.31 in chips) 
Seat 3: sh00ter69 ($9.43 in chips) 
Seat 4: Mahu2021 ($9.65 in chips) 
Seat 5: acd_045 ($12.37 in chips) 
Seat 6: NEkto82 ($12.43 in chips) 
Stuffy goat: posts small blind $0.05
sh00ter69: posts big blind $0.10
*** HOLE CARDS ***
Dealt to Mahu2021 [2d 7d]
Mahu2021: folds 
acd_045: folds 
NEkto82: folds 
sigmanolimit: raises $0.10 to $0.20
Stuffy goat: folds 
sh00ter69: folds 
Uncalled bet ($0.10) returned to sigmanolimit
sigmanolimit collected $0.25 from pot
sigmanolimit: doesn't show hand 
*** SUMMARY ***
Total pot $0.25 | Rake $0 
Seat 1: sigmanolimit (button) collected ($0.25)
Seat 2: Stuffy goat (small blind) folded before Flop
Seat 3: sh00ter69 (big blind) folded before Flop
Seat 4: Mahu2021 folded before Flop (didn't bet)
Seat 5: acd_045 folded before Flop (didn't bet)
Seat 6: NEkto82 folded before Flop (didn't bet)



PokerStars Zoom Hand #254718810739:  Hold'em No Limit ($0.05/$0.10) - 2025/02/05 15:36:43 CET [2025/02/05 9:36:43 ET]
Table 'Aludra' 6-max Seat #1 is the button
Seat 1: thorindorf ($11.62 in chips) 
Seat 2: gimmiurstack ($19.02 in chips) 
Seat 3: Mahu2021 ($9.65 in chips) 
Seat 4: fregel05 ($10.36 in chips) 
Seat 5: km1883 ($13.18 in chips) 
Seat 6: Footraiser ($15.22 in chips) 
gimmiurstack: posts small blind $0.05
Mahu2021: posts big blind $0.10
*** HOLE CARDS ***
Dealt to Mahu2021 [Ac 2h]
fregel05: calls $0.10
km1883: folds 
Footraiser: folds 
thorindorf: folds 
gimmiurstack: folds 
Mahu2021: checks 
*** FLOP *** [Qd 8c 2s]
Mahu2021: checks 
fregel05: checks 
*** TURN *** [Qd 8c 2s] [6d]
Mahu2021: bets $0.20
fregel05: raises $0.20 to $0.40
Mahu2021: calls $0.20
*** RIVER *** [Qd 8c 2s 6d] [4c]
Mahu2021: checks 
fregel05: bets $1
Mahu2021: folds 
Uncalled bet ($1) returned to fregel05
fregel05 collected $0.99 from pot
fregel05: doesn't show hand 
*** SUMMARY ***
Total pot $1.05 | Rake $0.06 
Board [Qd 8c 2s 6d 4c]
Seat 1: thorindorf (button) folded before Flop (didn't bet)
Seat 2: gimmiurstack (small blind) folded before Flop
Seat 3: Mahu2021 (big blind) folded on the River
Seat 4: fregel05 collected ($0.99)
Seat 5: km1883 folded before Flop (didn't bet)
Seat 6: Footraiser folded before Flop (didn't bet)



PokerStars Zoom Hand #254718816022:  Hold'em No Limit ($0.05/$0.10) - 2025/02/05 15:37:12 CET [2025/02/05 9:37:12 ET]
Table 'Aludra' 6-max Seat #1 is the button
Seat 1: Burzum21 ($14.43 in chips) 
Seat 2: Mahu2021 ($9.15 in chips) 
Seat 3: Bowlestown ($13.61 in chips) 
Seat 4: hiding.by ($10.17 in chips) 
Seat 5: sigmanolimit ($11.57 in chips) 
Seat 6: landing_net ($12.12 in chips) 
Mahu2021: posts small blind $0.05
Bowlestown: posts big blind $0.10
*** HOLE CARDS ***
Dealt to Mahu2021 [7d 8c]
hiding.by: folds 
sigmanolimit: folds 
landing_net: folds 
Burzum21: folds 
Mahu2021: folds 
Uncalled bet ($0.05) returned to Bowlestown
Bowlestown collected $0.10 from pot
Bowlestown: doesn't show hand 
*** SUMMARY ***
Total pot $0.10 | Rake $0 
Seat 1: Burzum21 (button) folded before Flop (didn't bet)
Seat 2: Mahu2021 (small blind) folded before Flop
Seat 3: Bowlestown (big blind) collected ($0.10)
Seat 4: hiding.by folded before Flop (didn't bet)
Seat 5: sigmanolimit folded before Flop (didn't bet)
Seat 6: landing_net folded before Flop (didn't bet)



PokerStars Zoom Hand #254718815277:  Hold'em No Limit ($0.05/$0.10) - 2025/02/05 15:37:08 CET [2025/02/05 9:37:08 ET]
Table 'Aludra' 6-max Seat #1 is the button
Seat 1: Mahu2021 ($9.15 in chips) 
Seat 2: 50´s Ghost ($32.37 in chips) 
Seat 3: s1auka ($17.93 in chips) 
Seat 4: Dré29 ($14.47 in chips) 
Seat 5: kalyfka ($7.75 in chips) 
Seat 6: putzkedudu ($15.46 in chips) 
50´s Ghost: posts small blind $0.05
s1auka: posts big blind $0.10
*** HOLE CARDS ***
Dealt to Mahu2021 [5h Th]
Dré29: folds 
kalyfka: folds 
putzkedudu: folds 
Mahu2021: folds 
50´s Ghost: folds 
Uncalled bet ($0.05) returned to s1auka
s1auka collected $0.10 from pot
s1auka: doesn't show hand 
*** SUMMARY ***
Total pot $0.10 | Rake $0 
Seat 1: Mahu2021 (button) folded before Flop (didn't bet)
Seat 2: 50´s Ghost (small blind) folded before Flop
Seat 3: s1auka (big blind) collected ($0.10)
Seat 4: Dré29 folded before Flop (didn't bet)
Seat 5: kalyfka folded before Flop (didn't bet)
Seat 6: putzkedudu folded before Flop (didn't bet)



PokerStars Zoom Hand #254718818380:  Hold'em No Limit ($0.05/$0.10) - 2025/02/05 15:37:25 CET [2025/02/05 9:37:25 ET]
Table 'Aludra' 6-max Seat #1 is the button
Seat 1: hiding.by ($10.17 in chips) 
Seat 2: Baratrum777 ($10.15 in chips) 
Seat 3: IVERNMAN ($12.25 in chips) 
Seat 4: alexber1111 ($10 in chips) 
Seat 5: ronny2106 ($7.62 in chips) 
Seat 6: Mahu2021 ($9.10 in chips) 
Baratrum777: posts small blind $0.05
IVERNMAN: posts big blind $0.10
*** HOLE CARDS ***
Dealt to Mahu2021 [Kc 9s]
alexber1111: folds 
ronny2106: folds 
Mahu2021: raises $0.14 to $0.24
hiding.by: folds 
Baratrum777: folds 
IVERNMAN: folds 
Uncalled bet ($0.14) returned to Mahu2021
Mahu2021 collected $0.25 from pot
Mahu2021: doesn't show hand 
*** SUMMARY ***
Total pot $0.25 | Rake $0 
Seat 1: hiding.by (button) folded before Flop (didn't bet)
Seat 2: Baratrum777 (small blind) folded before Flop
Seat 3: IVERNMAN (big blind) folded before Flop
Seat 4: alexber1111 folded before Flop (didn't bet)
Seat 5: ronny2106 folded before Flop (didn't bet)
Seat 6: Mahu2021 collected ($0.25)



PokerStars Zoom Hand #254718821032:  Hold'em No Limit ($0.05/$0.10) - 2025/02/05 15:37:40 CET [2025/02/05 9:37:40 ET]
Table 'Aludra' 6-max Seat #1 is the button
Seat 1: Die8 ($10 in chips) 
Seat 2: IVERNMAN ($10.95 in chips) 
Seat 3: Mahu2021 ($9.25 in chips) 
Seat 4: acebob999 ($13.57 in chips) 
Seat 5: 50´s Ghost ($32.32 in chips) 
Seat 6: sigmanolimit ($10 in chips) 
IVERNMAN: posts small blind $0.05
Mahu2021: posts big blind $0.10
*** HOLE CARDS ***
Dealt to Mahu2021 [Qs Ac]
acebob999: folds 
50´s Ghost: folds 
sigmanolimit: folds 
Die8: folds 
IVERNMAN: folds 
Uncalled bet ($0.05) returned to Mahu2021
Mahu2021 collected $0.10 from pot
Mahu2021: doesn't show hand 
*** SUMMARY ***
Total pot $0.10 | Rake $0 
Seat 1: Die8 (button) folded before Flop (didn't bet)
Seat 2: IVERNMAN (small blind) folded before Flop
Seat 3: Mahu2021 (big blind) collected ($0.10)
Seat 4: acebob999 folded before Flop (didn't bet)
Seat 5: 50´s Ghost folded before Flop (didn't bet)
Seat 6: sigmanolimit folded before Flop (didn't bet)



PokerStars Zoom Hand #254718817665:  Hold'em No Limit ($0.05/$0.10) - 2025/02/05 15:37:21 CET [2025/02/05 9:37:21 ET]
Table 'Aludra' 6-max Seat #1 is the button
Seat 1: Burzum21 ($15.09 in chips) 
Seat 2: roo198 ($10.05 in chips) 
Seat 3: sigmanolimit ($11.57 in chips) 
Seat 4: Mallardz ($36.03 in chips) 
Seat 5: Mahu2021 ($9.10 in chips) 
Seat 6: s1auka ($17.98 in chips) 
roo198: posts small blind $0.05
sigmanolimit: posts big blind $0.10
*** HOLE CARDS ***
Dealt to Mahu2021 [8c Ks]
Mallardz: folds 
Mahu2021: folds 
s1auka: folds 
Burzum21: raises $0.20 to $0.30
roo198: folds 
sigmanolimit: calls $0.20
*** FLOP *** [4s 7d 5c]
sigmanolimit: checks 
Burzum21: checks 
*** TURN *** [4s 7d 5c] [6s]
sigmanolimit: bets $0.31
Burzum21: folds 
Uncalled bet ($0.31) returned to sigmanolimit
sigmanolimit collected $0.62 from pot
sigmanolimit: doesn't show hand 
*** SUMMARY ***
Total pot $0.65 | Rake $0.03 
Board [4s 7d 5c 6s]
Seat 1: Burzum21 (button) folded on the Turn
Seat 2: roo198 (small blind) folded before Flop
Seat 3: sigmanolimit (big blind) collected ($0.62)
Seat 4: Mallardz folded before Flop (didn't bet)
Seat 5: Mahu2021 folded before Flop (didn't bet)
Seat 6: s1auka folded before Flop (didn't bet)



PokerStars Zoom Hand #254718824541:  Hold'em No Limit ($0.05/$0.10) - 2025/02/05 15:37:59 CET [2025/02/05 9:37:59 ET]
Table 'Aludra' 6-max Seat #1 is the button
Seat 1: s1auka ($11.31 in chips) 
Seat 2: Mahu2021 ($9.30 in chips) 
Seat 3: lewisweight ($10 in chips) 
Seat 4: acebob999 ($13.47 in chips) 
Seat 5: kmnfst ($13.47 in chips) 
Seat 6: swalley9999 ($9.85 in chips) 
Mahu2021: posts small blind $0.05
lewisweight: posts big blind $0.10
*** HOLE CARDS ***
Dealt to Mahu2021 [Js 8s]
acebob999: folds 
kmnfst: folds 
swalley9999: folds 
s1auka: folds 
Mahu2021: raises $0.20 to $0.30
lewisweight: folds 
Uncalled bet ($0.20) returned to Mahu2021
Mahu2021 collected $0.20 from pot
Mahu2021: doesn't show hand 
*** SUMMARY ***
Total pot $0.20 | Rake $0 
Seat 1: s1auka (button) folded before Flop (didn't bet)
Seat 2: Mahu2021 (small blind) collected ($0.20)
Seat 3: lewisweight (big blind) folded before Flop
Seat 4: acebob999 folded before Flop (didn't bet)
Seat 5: kmnfst folded before Flop (didn't bet)
Seat 6: swalley9999 folded before Flop (didn't bet)



PokerStars Zoom Hand #254718816536:  Hold'em No Limit ($0.05/$0.10) - 2025/02/05 15:37:15 CET [2025/02/05 9:37:15 ET]
Table 'Aludra' 6-max Seat #1 is the button
Seat 1: km1883 ($13.03 in chips) 
Seat 2: putzkedudu ($15.46 in chips) 
Seat 3: superMike233 ($11.32 in chips) 
Seat 4: serotonine91 ($23.85 in chips) 
Seat 5: bignuts67 ($10.73 in chips) 
Seat 6: Mahu2021 ($9.10 in chips) 
putzkedudu: posts small blind $0.05
superMike233: posts big blind $0.10
*** HOLE CARDS ***
Dealt to Mahu2021 [5h Tc]
serotonine91: raises $0.18 to $0.28
bignuts67: folds 
Mahu2021: folds 
km1883: folds 
putzkedudu: folds 
superMike233: raises $0.72 to $1
serotonine91: calls $0.72
*** FLOP *** [5s Js 3s]
superMike233: bets $0.65
serotonine91: calls $0.65
*** TURN *** [5s Js 3s] [Ac]
superMike233: bets $1.60
serotonine91: folds 
Uncalled bet ($1.60) returned to superMike233
superMike233 collected $3.20 from pot
superMike233: doesn't show hand 
*** SUMMARY ***
Total pot $3.35 | Rake $0.15 
Board [5s Js 3s Ac]
Seat 1: km1883 (button) folded before Flop (didn't bet)
Seat 2: putzkedudu (small blind) folded before Flop
Seat 3: superMike233 (big blind) collected ($3.20)
Seat 4: serotonine91 folded on the Turn
Seat 5: bignuts67 folded before Flop (didn't bet)
Seat 6: Mahu2021 folded before Flop (didn't bet)



PokerStars Zoom Hand #254718827174:  Hold'em No Limit ($0.05/$0.10) - 2025/02/05 15:38:14 CET [2025/02/05 9:38:14 ET]
Table 'Aludra' 6-max Seat #1 is the button
Seat 1: Mahu2021 ($9.40 in chips) 
Seat 2: Burzum21 ($17.30 in chips) 
Seat 3: ASENNA76 ($14.07 in chips) 
Seat 4: rk_ito7 ($10 in chips) 
Seat 5: histo54 ($6.88 in chips) 
Seat 6: superMike233 ($11.48 in chips) 
Burzum21: posts small blind $0.05
ASENNA76: posts big blind $0.10
*** HOLE CARDS ***
Dealt to Mahu2021 [4s Tc]
rk_ito7: folds 
histo54: folds 
superMike233: raises $0.20 to $0.30
Mahu2021: folds 
Burzum21: folds 
ASENNA76: folds 
Uncalled bet ($0.20) returned to superMike233
superMike233 collected $0.25 from pot
superMike233: doesn't show hand 
*** SUMMARY ***
Total pot $0.25 | Rake $0 
Seat 1: Mahu2021 (button) folded before Flop (didn't bet)
Seat 2: Burzum21 (small blind) folded before Flop
Seat 3: ASENNA76 (big blind) folded before Flop
Seat 4: rk_ito7 folded before Flop (didn't bet)
Seat 5: histo54 folded before Flop (didn't bet)
Seat 6: superMike233 collected ($0.25)



PokerStars Zoom Hand #254718827897:  Hold'em No Limit ($0.05/$0.10) - 2025/02/05 15:38:18 CET [2025/02/05 9:38:18 ET]
Table 'Aludra' 6-max Seat #1 is the button
Seat 1: daisuke.ars ($10.15 in chips) 
Seat 2: v4valter88 ($10.18 in chips) 
Seat 3: Die8 ($10 in chips) 
Seat 4: Baratrum777 ($10 in chips) 
Seat 5: Mahu2021 ($9.40 in chips) 
Seat 6: ronny2106 ($7.47 in chips) 
v4valter88: posts small blind $0.05
Die8: posts big blind $0.10
*** HOLE CARDS ***
Dealt to Mahu2021 [Qs Kd]
Baratrum777: folds 
Mahu2021: raises $0.14 to $0.24
ronny2106: calls $0.24
daisuke.ars: calls $0.24
v4valter88: folds 
Die8: folds 
*** FLOP *** [Jh 4h 2d]
Mahu2021: checks 
ronny2106: checks 
daisuke.ars: checks 
*** TURN *** [Jh 4h 2d] [2h]
Mahu2021: checks 
ronny2106: bets $0.37
daisuke.ars: folds 
Mahu2021: folds 
Uncalled bet ($0.37) returned to ronny2106
ronny2106 collected $0.82 from pot
ronny2106: doesn't show hand 
*** SUMMARY ***
Total pot $0.87 | Rake $0.05 
Board [Jh 4h 2d 2h]
Seat 1: daisuke.ars (button) folded on the Turn
Seat 2: v4valter88 (small blind) folded before Flop
Seat 3: Die8 (big blind) folded before Flop
Seat 4: Baratrum777 folded before Flop (didn't bet)
Seat 5: Mahu2021 folded on the Turn
Seat 6: ronny2106 collected ($0.82)



PokerStars Zoom Hand #254718831823:  Hold'em No Limit ($0.05/$0.10) - 2025/02/05 15:38:40 CET [2025/02/05 9:38:40 ET]
Table 'Aludra' 6-max Seat #1 is the button
Seat 1: Die8 ($10.24 in chips) 
Seat 2: ASENNA76 ($13.97 in chips) 
Seat 3: miu_0716 ($10.33 in chips) 
Seat 4: Mahu2021 ($9.16 in chips) 
Seat 5: freeler ($8.82 in chips) 
Seat 6: putzkedudu ($15.26 in chips) 
ASENNA76: posts small blind $0.05
miu_0716: posts big blind $0.10
*** HOLE CARDS ***
Dealt to Mahu2021 [9h Td]
Mahu2021: folds 
freeler: folds 
putzkedudu: raises $0.20 to $0.30
Die8: folds 
ASENNA76: folds 
miu_0716: folds 
Uncalled bet ($0.20) returned to putzkedudu
putzkedudu collected $0.25 from pot
putzkedudu: doesn't show hand 
*** SUMMARY ***
Total pot $0.25 | Rake $0 
Seat 1: Die8 (button) folded before Flop (didn't bet)
Seat 2: ASENNA76 (small blind) folded before Flop
Seat 3: miu_0716 (big blind) folded before Flop
Seat 4: Mahu2021 folded before Flop (didn't bet)
Seat 5: freeler folded before Flop (didn't bet)
Seat 6: putzkedudu collected ($0.25)



PokerStars Zoom Hand #254718832513:  Hold'em No Limit ($0.05/$0.10) - 2025/02/05 15:38:44 CET [2025/02/05 9:38:44 ET]
Table 'Aludra' 6-max Seat #1 is the button
Seat 1: gimmiurstack ($10.13 in chips) 
Seat 2: 50´s Ghost ($30.14 in chips) 
Seat 3: thorindorf ($11.77 in chips) 
Seat 4: putzkedudu ($13.52 in chips) 
Seat 5: bignuts67 ($24.14 in chips) 
Seat 6: Mahu2021 ($9.16 in chips) 
50´s Ghost: posts small blind $0.05
thorindorf: posts big blind $0.10
*** HOLE CARDS ***
Dealt to Mahu2021 [2h Kc]
putzkedudu: folds 
bignuts67: folds 
Mahu2021: folds 
gimmiurstack: raises $0.15 to $0.25
50´s Ghost: raises $0.85 to $1.10
thorindorf: folds 
gimmiurstack: folds 
Uncalled bet ($0.85) returned to 50´s Ghost
50´s Ghost collected $0.60 from pot
50´s Ghost: doesn't show hand 
*** SUMMARY ***
Total pot $0.60 | Rake $0 
Seat 1: gimmiurstack (button) folded before Flop
Seat 2: 50´s Ghost (small blind) collected ($0.60)
Seat 3: thorindorf (big blind) folded before Flop
Seat 4: putzkedudu folded before Flop (didn't bet)
Seat 5: bignuts67 folded before Flop (didn't bet)
Seat 6: Mahu2021 folded before Flop (didn't bet)



PokerStars Zoom Hand #254718833141:  Hold'em No Limit ($0.05/$0.10) - 2025/02/05 15:38:48 CET [2025/02/05 9:38:48 ET]
Table 'Aludra' 6-max Seat #1 is the button
Seat 1: sigmanolimit ($11.59 in chips) 
Seat 2: Mahu2021 ($9.16 in chips) 
Seat 3: Die8 ($10.24 in chips) 
Seat 4: Stuffy goat ($10 in chips) 
Seat 5: v4valter88 ($9.93 in chips) 
Seat 6: alexber1111 ($10 in chips) 
Mahu2021: posts small blind $0.05
Die8: posts big blind $0.10
*** HOLE CARDS ***
Dealt to Mahu2021 [6d Ac]
Stuffy goat: folds 
v4valter88: folds 
alexber1111: folds 
sigmanolimit: raises $0.10 to $0.20
Mahu2021: calls $0.15
Die8: calls $0.10
*** FLOP *** [4c 2c Kc]
Mahu2021: checks 
Die8: checks 
sigmanolimit: bets $0.20
Mahu2021: calls $0.20
Die8: folds 
*** TURN *** [4c 2c Kc] [8s]
Mahu2021: checks 
sigmanolimit: bets $0.24
Mahu2021: raises $1.26 to $1.50
sigmanolimit: folds 
Uncalled bet ($1.26) returned to Mahu2021
Mahu2021 collected $1.41 from pot
Mahu2021: doesn't show hand 
*** SUMMARY ***
Total pot $1.48 | Rake $0.07 
Board [4c 2c Kc 8s]
Seat 1: sigmanolimit (button) folded on the Turn
Seat 2: Mahu2021 (small blind) collected ($1.41)
Seat 3: Die8 (big blind) folded on the Flop
Seat 4: Stuffy goat folded before Flop (didn't bet)
Seat 5: v4valter88 folded before Flop (didn't bet)
Seat 6: alexber1111 folded before Flop (didn't bet)



PokerStars Zoom Hand #254718841522:  Hold'em No Limit ($0.05/$0.10) - 2025/02/05 15:39:34 CET [2025/02/05 9:39:34 ET]
Table 'Aludra' 6-max Seat #1 is the button
Seat 1: s1auka ($11.11 in chips) 
Seat 2: superMike233 ($12.97 in chips) 
Seat 3: Mahu2021 ($9.93 in chips) 
Seat 4: v4valter88 ($10.62 in chips) 
Seat 5: Dré29 ($10.27 in chips) 
Seat 6: jul_dec ($19.02 in chips) 
superMike233: posts small blind $0.05
Mahu2021: posts big blind $0.10
*** HOLE CARDS ***
Dealt to Mahu2021 [2d 4s]
v4valter88: folds 
Dré29: raises $0.10 to $0.20
jul_dec: folds 
s1auka: folds 
superMike233: folds 
Mahu2021: folds 
Uncalled bet ($0.10) returned to Dré29
Dré29 collected $0.25 from pot
Dré29: doesn't show hand 
*** SUMMARY ***
Total pot $0.25 | Rake $0 
Seat 1: s1auka (button) folded before Flop (didn't bet)
Seat 2: superMike233 (small blind) folded before Flop
Seat 3: Mahu2021 (big blind) folded before Flop
Seat 4: v4valter88 folded before Flop (didn't bet)
Seat 5: Dré29 collected ($0.25)
Seat 6: jul_dec folded before Flop (didn't bet)



PokerStars Zoom Hand #254718844887:  Hold'em No Limit ($0.05/$0.10) - 2025/02/05 15:39:53 CET [2025/02/05 9:39:53 ET]
Table 'Aludra' 6-max Seat #1 is the button
Seat 1: sigmanolimit ($10.15 in chips) 
Seat 2: fregel05 ($11.90 in chips) 
Seat 3: persecute1 ($10.10 in chips) 
Seat 4: daisuke.ars ($10.25 in chips) 
Seat 5: Mahu2021 ($9.83 in chips) 
Seat 6: Mimick020219 ($10.20 in chips) 
fregel05: posts small blind $0.05
persecute1: posts big blind $0.10
*** HOLE CARDS ***
Dealt to Mahu2021 [9d 2d]
daisuke.ars: folds 
Mahu2021: folds 
Mimick020219: folds 
sigmanolimit: folds 
fregel05: folds 
Uncalled bet ($0.05) returned to persecute1
persecute1 collected $0.10 from pot
persecute1: doesn't show hand 
*** SUMMARY ***
Total pot $0.10 | Rake $0 
Seat 1: sigmanolimit (button) folded before Flop (didn't bet)
Seat 2: fregel05 (small blind) folded before Flop
Seat 3: persecute1 (big blind) collected ($0.10)
Seat 4: daisuke.ars folded before Flop (didn't bet)
Seat 5: Mahu2021 folded before Flop (didn't bet)
Seat 6: Mimick020219 folded before Flop (didn't bet)



PokerStars Zoom Hand #254718843983:  Hold'em No Limit ($0.05/$0.10) - 2025/02/05 15:39:48 CET [2025/02/05 9:39:48 ET]
Table 'Aludra' 6-max Seat #1 is the button
Seat 1: Mahu2021 ($9.83 in chips) 
Seat 2: WAS-71 ($17.87 in chips) 
Seat 3: maticesa10 ($36.43 in chips) 
Seat 4: rk_ito7 ($10.15 in chips) 
Seat 5: daisuke.ars ($12.50 in chips) 
Seat 6: bignuts67 ($10.78 in chips) 
WAS-71: posts small blind $0.05
maticesa10: posts big blind $0.10
*** HOLE CARDS ***
Dealt to Mahu2021 [4h As]
rk_ito7: folds 
daisuke.ars: folds 
bignuts67: folds 
Mahu2021: folds 
WAS-71: folds 
Uncalled bet ($0.05) returned to maticesa10
maticesa10 collected $0.10 from pot
maticesa10: doesn't show hand 
*** SUMMARY ***
Total pot $0.10 | Rake $0 
Seat 1: Mahu2021 (button) folded before Flop (didn't bet)
Seat 2: WAS-71 (small blind) folded before Flop
Seat 3: maticesa10 (big blind) collected ($0.10)
Seat 4: rk_ito7 folded before Flop (didn't bet)
Seat 5: daisuke.ars folded before Flop (didn't bet)
Seat 6: bignuts67 folded before Flop (didn't bet)



PokerStars Zoom Hand #254718845619:  Hold'em No Limit ($0.05/$0.10) - 2025/02/05 15:39:56 CET [2025/02/05 9:39:56 ET]
Table 'Aludra' 6-max Seat #1 is the button
Seat 1: roo198 ($10.25 in chips) 
Seat 2: miu_0716 ($10.05 in chips) 
Seat 3: Tyuksam ($3.88 in chips) 
Seat 4: Mimick020219 ($10.20 in chips) 
Seat 5: Mahu2021 ($9.83 in chips) 
Seat 6: fregel05 ($11.85 in chips) 
miu_0716: posts small blind $0.05
Tyuksam: posts big blind $0.10
*** HOLE CARDS ***
Dealt to Mahu2021 [Ah 7h]
Mimick020219: folds 
Mahu2021: raises $0.14 to $0.24
fregel05: folds 
roo198: calls $0.24
miu_0716: folds 
Tyuksam: folds 
*** FLOP *** [Jd Td 4c]
Mahu2021: checks 
roo198: bets $0.40
Mahu2021: folds 
Uncalled bet ($0.40) returned to roo198
roo198 collected $0.60 from pot
roo198: doesn't show hand 
*** SUMMARY ***
Total pot $0.63 | Rake $0.03 
Board [Jd Td 4c]
Seat 1: roo198 (button) collected ($0.60)
Seat 2: miu_0716 (small blind) folded before Flop
Seat 3: Tyuksam (big blind) folded before Flop
Seat 4: Mimick020219 folded before Flop (didn't bet)
Seat 5: Mahu2021 folded on the Flop
Seat 6: fregel05 folded before Flop (didn't bet)



PokerStars Zoom Hand #254718850038:  Hold'em No Limit ($0.05/$0.10) - 2025/02/05 15:40:21 CET [2025/02/05 9:40:21 ET]
Table 'Aludra' 6-max Seat #1 is the button
Seat 1: Jorgos_Joanu ($9.82 in chips) 
Seat 2: Die8 ($10.90 in chips) 
Seat 3: maradeka ($13.87 in chips) 
Seat 4: Burzum21 ($18.13 in chips) 
Seat 5: roo198 ($10.61 in chips) 
Seat 6: Mahu2021 ($9.59 in chips) 
Die8: posts small blind $0.05
maradeka: posts big blind $0.10
*** HOLE CARDS ***
Dealt to Mahu2021 [5h 2d]
Burzum21: folds 
roo198: folds 
Mahu2021: folds 
Jorgos_Joanu: raises $0.10 to $0.20
Die8: folds 
maradeka: folds 
Uncalled bet ($0.10) returned to Jorgos_Joanu
Jorgos_Joanu collected $0.25 from pot
Jorgos_Joanu: doesn't show hand 
*** SUMMARY ***
Total pot $0.25 | Rake $0 
Seat 1: Jorgos_Joanu (button) collected ($0.25)
Seat 2: Die8 (small blind) folded before Flop
Seat 3: maradeka (big blind) folded before Flop
Seat 4: Burzum21 folded before Flop (didn't bet)
Seat 5: roo198 folded before Flop (didn't bet)
Seat 6: Mahu2021 folded before Flop (didn't bet)



PokerStars Zoom Hand #254718850769:  Hold'em No Limit ($0.05/$0.10) - 2025/02/05 15:40:25 CET [2025/02/05 9:40:25 ET]
Table 'Aludra' 6-max Seat #1 is the button
Seat 1: acd_045 ($16.70 in chips) 
Seat 2: Stuffy goat ($16.66 in chips) 
Seat 3: Mahu2021 ($9.59 in chips) 
Seat 4: roo198 ($10.61 in chips) 
Seat 5: Mallardz ($10.13 in chips) 
Seat 6: 50´s Ghost ($31.77 in chips) 
Stuffy goat: posts small blind $0.05
Mahu2021: posts big blind $0.10
*** HOLE CARDS ***
Dealt to Mahu2021 [5d 4c]
roo198: folds 
Mallardz: folds 
50´s Ghost: folds 
acd_045: folds 
Stuffy goat: folds 
Uncalled bet ($0.05) returned to Mahu2021
Mahu2021 collected $0.10 from pot
Mahu2021: doesn't show hand 
*** SUMMARY ***
Total pot $0.10 | Rake $0 
Seat 1: acd_045 (button) folded before Flop (didn't bet)
Seat 2: Stuffy goat (small blind) folded before Flop
Seat 3: Mahu2021 (big blind) collected ($0.10)
Seat 4: roo198 folded before Flop (didn't bet)
Seat 5: Mallardz folded before Flop (didn't bet)
Seat 6: 50´s Ghost folded before Flop (didn't bet)



PokerStars Zoom Hand #254718854289:  Hold'em No Limit ($0.05/$0.10) - 2025/02/05 15:40:44 CET [2025/02/05 9:40:44 ET]
Table 'Aludra' 6-max Seat #1 is the button
Seat 1: ASENNA76 ($19.53 in chips) 
Seat 2: landing_net ($13.52 in chips) 
Seat 3: 50´s Ghost ($31.77 in chips) 
Seat 4: Mahu2021 ($9.59 in chips) 
Seat 5: Die8 ($10.75 in chips) 
Seat 6: IVERNMAN ($11.92 in chips) 
landing_net: posts small blind $0.05
50´s Ghost: posts big blind $0.10
*** HOLE CARDS ***
Dealt to Mahu2021 [8c Ad]
Mahu2021: folds 
Die8: folds 
IVERNMAN: folds 
ASENNA76: folds 
landing_net: folds 
Uncalled bet ($0.05) returned to 50´s Ghost
50´s Ghost collected $0.10 from pot
50´s Ghost: doesn't show hand 
*** SUMMARY ***
Total pot $0.10 | Rake $0 
Seat 1: ASENNA76 (button) folded before Flop (didn't bet)
Seat 2: landing_net (small blind) folded before Flop
Seat 3: 50´s Ghost (big blind) collected ($0.10)
Seat 4: Mahu2021 folded before Flop (didn't bet)
Seat 5: Die8 folded before Flop (didn't bet)
Seat 6: IVERNMAN folded before Flop (didn't bet)



PokerStars Zoom Hand #254718853564:  Hold'em No Limit ($0.05/$0.10) - 2025/02/05 15:40:40 CET [2025/02/05 9:40:40 ET]
Table 'Aludra' 6-max Seat #1 is the button
Seat 1: humo97 ($16.93 in chips) 
Seat 2: Mahu2021 ($9.64 in chips) 
Seat 3: Die8 ($10.85 in chips) 
Seat 4: dokter geys ($2.51 in chips) 
Seat 5: Bowlestown ($13.45 in chips) 
Seat 6: persecute1 ($20.09 in chips) 
Mahu2021: posts small blind $0.05
Die8: posts big blind $0.10
*** HOLE CARDS ***
Dealt to Mahu2021 [2c 5c]
dokter geys: raises $0.10 to $0.20
Bowlestown: raises $0.40 to $0.60
persecute1: folds 
humo97: folds 
Mahu2021: folds 
Die8: folds 
dokter geys: raises $1.91 to $2.51 and is all-in
Bowlestown: calls $1.91
*** FLOP *** [6d Qd 6c]
*** TURN *** [6d Qd 6c] [2d]
*** RIVER *** [6d Qd 6c 2d] [Kh]
*** SHOW DOWN ***
dokter geys: shows [Jc Jd] (two pair, Jacks and Sixes)
Bowlestown: shows [Td Tc] (two pair, Tens and Sixes)
dokter geys collected $4.94 from pot
*** SUMMARY ***
Total pot $5.17 | Rake $0.23 
Board [6d Qd 6c 2d Kh]
Seat 1: humo97 (button) folded before Flop (didn't bet)
Seat 2: Mahu2021 (small blind) folded before Flop
Seat 3: Die8 (big blind) folded before Flop
Seat 4: dokter geys showed [Jc Jd] and won ($4.94) with two pair, Jacks and Sixes
Seat 5: Bowlestown showed [Td Tc] and lost with two pair, Tens and Sixes
Seat 6: persecute1 folded before Flop (didn't bet)



PokerStars Zoom Hand #254718856670:  Hold'em No Limit ($0.05/$0.10) - 2025/02/05 15:40:57 CET [2025/02/05 9:40:57 ET]
Table 'Aludra' 6-max Seat #1 is the button
Seat 1: ronny2106 ($6.84 in chips) 
Seat 2: swalley9999 ($10.94 in chips) 
Seat 3: miu_0716 ($10.40 in chips) 
Seat 4: Mahu2021 ($9.59 in chips) 
Seat 5: arumlill ($24.22 in chips) 
Seat 6: Dastik 5 ($21.17 in chips) 
swalley9999: posts small blind $0.05
miu_0716: posts big blind $0.10
*** HOLE CARDS ***
Dealt to Mahu2021 [3c Kd]
Mahu2021: folds 
arumlill: raises $0.25 to $0.35
Dastik 5: folds 
ronny2106: folds 
swalley9999: folds 
miu_0716: folds 
Uncalled bet ($0.25) returned to arumlill
arumlill collected $0.25 from pot
arumlill: doesn't show hand 
*** SUMMARY ***
Total pot $0.25 | Rake $0 
Seat 1: ronny2106 (button) folded before Flop (didn't bet)
Seat 2: swalley9999 (small blind) folded before Flop
Seat 3: miu_0716 (big blind) folded before Flop
Seat 4: Mahu2021 folded before Flop (didn't bet)
Seat 5: arumlill collected ($0.25)
Seat 6: Dastik 5 folded before Flop (didn't bet)



PokerStars Zoom Hand #254718857212:  Hold'em No Limit ($0.05/$0.10) - 2025/02/05 15:41:00 CET [2025/02/05 9:41:00 ET]
Table 'Aludra' 6-max Seat #1 is the button
Seat 1: Footraiser ($15.35 in chips) 
Seat 2: Mahu2021 ($9.59 in chips) 
Seat 3: harkne ($5.25 in chips) 
Seat 4: miu_0716 ($11.08 in chips) 
Seat 5: Shark5Omaha ($27.96 in chips) 
Seat 6: gimmiurstack ($17.56 in chips) 
Mahu2021: posts small blind $0.05
harkne: posts big blind $0.10
*** HOLE CARDS ***
Dealt to Mahu2021 [Ad 9d]
miu_0716: folds 
Shark5Omaha: folds 
gimmiurstack: folds 
Footraiser: folds 
Mahu2021: raises $0.20 to $0.30
harkne: folds 
Uncalled bet ($0.20) returned to Mahu2021
Mahu2021 collected $0.20 from pot
Mahu2021: doesn't show hand 
*** SUMMARY ***
Total pot $0.20 | Rake $0 
Seat 1: Footraiser (button) folded before Flop (didn't bet)
Seat 2: Mahu2021 (small blind) collected ($0.20)
Seat 3: harkne (big blind) folded before Flop
Seat 4: miu_0716 folded before Flop (didn't bet)
Seat 5: Shark5Omaha folded before Flop (didn't bet)
Seat 6: gimmiurstack folded before Flop (didn't bet)



PokerStars Zoom Hand #254718855016:  Hold'em No Limit ($0.05/$0.10) - 2025/02/05 15:40:48 CET [2025/02/05 9:40:48 ET]
Table 'Aludra' 6-max Seat #1 is the button
Seat 1: Mahu2021 ($9.59 in chips) 
Seat 2: freeler ($9.74 in chips) 
Seat 3: lebifflemaster ($10 in chips) 
Seat 4: putzkedudu ($15.26 in chips) 
Seat 5: serotonine91 ($21.68 in chips) 
Seat 6: Baratrum777 ($10 in chips) 
freeler: posts small blind $0.05
lebifflemaster: posts big blind $0.10
*** HOLE CARDS ***
Dealt to Mahu2021 [6h Jc]
putzkedudu: folds 
serotonine91: folds 
Baratrum777: folds 
Mahu2021: folds 
freeler: calls $0.05
lebifflemaster: checks 
*** FLOP *** [8c Qh 7c]
freeler: checks 
lebifflemaster: checks 
*** TURN *** [8c Qh 7c] [Js]
freeler: checks 
lebifflemaster: bets $0.20
freeler: folds 
Uncalled bet ($0.20) returned to lebifflemaster
lebifflemaster collected $0.19 from pot
lebifflemaster: doesn't show hand 
*** SUMMARY ***
Total pot $0.20 | Rake $0.01 
Board [8c Qh 7c Js]
Seat 1: Mahu2021 (button) folded before Flop (didn't bet)
Seat 2: freeler (small blind) folded on the Turn
Seat 3: lebifflemaster (big blind) collected ($0.19)
Seat 4: putzkedudu folded before Flop (didn't bet)
Seat 5: serotonine91 folded before Flop (didn't bet)
Seat 6: Baratrum777 folded before Flop (didn't bet)



PokerStars Zoom Hand #254718859536:  Hold'em No Limit ($0.05/$0.10) - 2025/02/05 15:41:12 CET [2025/02/05 9:41:12 ET]
Table 'Aludra' 6-max Seat #1 is the button
Seat 1: harkne ($5.15 in chips) 
Seat 2: putzkedudu ($13.36 in chips) 
Seat 3: Mahu2021 ($9.69 in chips) 
Seat 4: v4valter88 ($10.74 in chips) 
Seat 5: IVERNMAN ($12.07 in chips) 
Seat 6: s1auka ($10 in chips) 
putzkedudu: posts small blind $0.05
Mahu2021: posts big blind $0.10
*** HOLE CARDS ***
Dealt to Mahu2021 [4s 6c]
v4valter88: folds 
IVERNMAN: folds 
s1auka: folds 
harkne: folds 
putzkedudu: folds 
Uncalled bet ($0.05) returned to Mahu2021
Mahu2021 collected $0.10 from pot
Mahu2021: doesn't show hand 
*** SUMMARY ***
Total pot $0.10 | Rake $0 
Seat 1: harkne (button) folded before Flop (didn't bet)
Seat 2: putzkedudu (small blind) folded before Flop
Seat 3: Mahu2021 (big blind) collected ($0.10)
Seat 4: v4valter88 folded before Flop (didn't bet)
Seat 5: IVERNMAN folded before Flop (didn't bet)
Seat 6: s1auka folded before Flop (didn't bet)



PokerStars Zoom Hand #254718855988:  Hold'em No Limit ($0.05/$0.10) - 2025/02/05 15:40:53 CET [2025/02/05 9:40:53 ET]
Table 'Aludra' 6-max Seat #1 is the button
Seat 1: ASENNA76 ($10 in chips) 
Seat 2: 50´s Ghost ($31.82 in chips) 
Seat 3: daisuke.ars ($12.41 in chips) 
Seat 4: charlesws25 ($10 in chips) 
Seat 5: Mahu2021 ($9.59 in chips) 
Seat 6: gini777gini ($9.22 in chips) 
50´s Ghost: posts small blind $0.05
daisuke.ars: posts big blind $0.10
*** HOLE CARDS ***
Dealt to Mahu2021 [7h Jd]
charlesws25: folds 
Mahu2021: folds 
gini777gini: folds 
ASENNA76: raises $0.15 to $0.25
50´s Ghost: folds 
daisuke.ars: calls $0.15
*** FLOP *** [Jc 8d Kh]
daisuke.ars: checks 
ASENNA76: bets $0.30
daisuke.ars: folds 
Uncalled bet ($0.30) returned to ASENNA76
ASENNA76 collected $0.53 from pot
ASENNA76: doesn't show hand 
*** SUMMARY ***
Total pot $0.55 | Rake $0.02 
Board [Jc 8d Kh]
Seat 1: ASENNA76 (button) collected ($0.53)
Seat 2: 50´s Ghost (small blind) folded before Flop
Seat 3: daisuke.ars (big blind) folded on the Flop
Seat 4: charlesws25 folded before Flop (didn't bet)
Seat 5: Mahu2021 folded before Flop (didn't bet)
Seat 6: gini777gini folded before Flop (didn't bet)



PokerStars Zoom Hand #254718863381:  Hold'em No Limit ($0.05/$0.10) - 2025/02/05 15:41:33 CET [2025/02/05 9:41:33 ET]
Table 'Aludra' 6-max Seat #1 is the button
Seat 1: Mahu2021 ($9.74 in chips) 
Seat 2: gini777gini ($9.12 in chips) 
Seat 3: MarcosV184 ($5 in chips) 
Seat 4: tanuki96 ($10.68 in chips) 
Seat 5: rk_ito7 ($11.02 in chips) 
Seat 6: corape ($6.31 in chips) 
gini777gini: posts small blind $0.05
MarcosV184: posts big blind $0.10
*** HOLE CARDS ***
Dealt to Mahu2021 [Qd Tc]
tanuki96: folds 
rk_ito7: folds 
corape: raises $0.10 to $0.20
Mahu2021: calls $0.20
gini777gini: folds 
MarcosV184: folds 
*** FLOP *** [Ah Kd 5c]
corape: bets $0.33
Mahu2021: calls $0.33
*** TURN *** [Ah Kd 5c] [4s]
corape: bets $0.73
Mahu2021: folds 
Uncalled bet ($0.73) returned to corape
corape collected $1.16 from pot
corape: doesn't show hand 
*** SUMMARY ***
Total pot $1.21 | Rake $0.05 
Board [Ah Kd 5c 4s]
Seat 1: Mahu2021 (button) folded on the Turn
Seat 2: gini777gini (small blind) folded before Flop
Seat 3: MarcosV184 (big blind) folded before Flop
Seat 4: tanuki96 folded before Flop (didn't bet)
Seat 5: rk_ito7 folded before Flop (didn't bet)
Seat 6: corape collected ($1.16)



PokerStars Zoom Hand #254718862624:  Hold'em No Limit ($0.05/$0.10) - 2025/02/05 15:41:29 CET [2025/02/05 9:41:29 ET]
Table 'Aludra' 6-max Seat #1 is the button
Seat 1: ronny2106 ($13.62 in chips) 
Seat 2: STARSC27 ($9.90 in chips) 
Seat 3: acd_045 ($11.23 in chips) 
Seat 4: MarcosV184 ($5 in chips) 
Seat 5: v4valter88 ($12.44 in chips) 
Seat 6: Mahu2021 ($9.74 in chips) 
STARSC27: posts small blind $0.05
acd_045: posts big blind $0.10
*** HOLE CARDS ***
Dealt to Mahu2021 [4s 6c]
MarcosV184: folds 
v4valter88: raises $0.10 to $0.20
Mahu2021: folds 
ronny2106: calls $0.20
STARSC27: folds 
acd_045: calls $0.10
*** FLOP *** [Qc Js As]
acd_045: checks 
v4valter88: bets $0.16
ronny2106: calls $0.16
acd_045: folds 
*** TURN *** [Qc Js As] [8s]
v4valter88: checks 
ronny2106: checks 
*** RIVER *** [Qc Js As 8s] [7s]
v4valter88: checks 
ronny2106: checks 
*** SHOW DOWN ***
v4valter88: shows [Ac Jh] (two pair, Aces and Jacks)
ronny2106: shows [2d 2s] (a flush, Ace high)
ronny2106 collected $0.92 from pot
*** SUMMARY ***
Total pot $0.97 | Rake $0.05 
Board [Qc Js As 8s 7s]
Seat 1: ronny2106 (button) showed [2d 2s] and won ($0.92) with a flush, Ace high
Seat 2: STARSC27 (small blind) folded before Flop
Seat 3: acd_045 (big blind) folded on the Flop
Seat 4: MarcosV184 folded before Flop (didn't bet)
Seat 5: v4valter88 showed [Ac Jh] and lost with two pair, Aces and Jacks
Seat 6: Mahu2021 folded before Flop (didn't bet)



PokerStars Zoom Hand #254718869065:  Hold'em No Limit ($0.05/$0.10) - 2025/02/05 15:42:04 CET [2025/02/05 9:42:04 ET]
Table 'Aludra' 6-max Seat #1 is the button
Seat 1: gimmiurstack ($17.79 in chips) 
Seat 2: vyaan65 ($10.05 in chips) 
Seat 3: Mahu2021 ($9.21 in chips) 
Seat 4: IVERNMAN ($16.27 in chips) 
Seat 5: Die8 ($10 in chips) 
Seat 6: sigmanolimit ($15.07 in chips) 
vyaan65: posts small blind $0.05
Mahu2021: posts big blind $0.10
*** HOLE CARDS ***
Dealt to Mahu2021 [8c Jh]
IVERNMAN: folds 
Die8: folds 
sigmanolimit: folds 
gimmiurstack: folds 
vyaan65: folds 
Uncalled bet ($0.05) returned to Mahu2021
Mahu2021 collected $0.10 from pot
Mahu2021: doesn't show hand 
*** SUMMARY ***
Total pot $0.10 | Rake $0 
Seat 1: gimmiurstack (button) folded before Flop (didn't bet)
Seat 2: vyaan65 (small blind) folded before Flop
Seat 3: Mahu2021 (big blind) collected ($0.10)
Seat 4: IVERNMAN folded before Flop (didn't bet)
Seat 5: Die8 folded before Flop (didn't bet)
Seat 6: sigmanolimit folded before Flop (didn't bet)



PokerStars Zoom Hand #254718868523:  Hold'em No Limit ($0.05/$0.10) - 2025/02/05 15:42:01 CET [2025/02/05 9:42:01 ET]
Table 'Aludra' 6-max Seat #1 is the button
Seat 1: Die8 ($12.55 in chips) 
Seat 2: superMike233 ($10 in chips) 
Seat 3: putzkedudu ($13.46 in chips) 
Seat 4: Mahu2021 ($9.21 in chips) 
Seat 5: daisuke.ars ($10 in chips) 
Seat 6: s1auka ($10 in chips) 
superMike233: posts small blind $0.05
putzkedudu: posts big blind $0.10
*** HOLE CARDS ***
Dealt to Mahu2021 [2h Jc]
Mahu2021: folds 
daisuke.ars: folds 
s1auka: folds 
Die8: folds 
superMike233: folds 
Uncalled bet ($0.05) returned to putzkedudu
putzkedudu collected $0.10 from pot
putzkedudu: doesn't show hand 
*** SUMMARY ***
Total pot $0.10 | Rake $0 
Seat 1: Die8 (button) folded before Flop (didn't bet)
Seat 2: superMike233 (small blind) folded before Flop
Seat 3: putzkedudu (big blind) collected ($0.10)
Seat 4: Mahu2021 folded before Flop (didn't bet)
Seat 5: daisuke.ars folded before Flop (didn't bet)
Seat 6: s1auka folded before Flop (didn't bet)



PokerStars Zoom Hand #254718872054:  Hold'em No Limit ($0.05/$0.10) - 2025/02/05 15:42:20 CET [2025/02/05 9:42:20 ET]
Table 'Aludra' 6-max Seat #1 is the button
Seat 1: Dastik 5 ($17.32 in chips) 
Seat 2: Mahu2021 ($9.26 in chips) 
Seat 3: Georg006830 ($8.65 in chips) 
Seat 4: Mallardz ($28.35 in chips) 
Seat 5: IVERNMAN ($16.27 in chips) 
Seat 6: Jojkenstein ($12.18 in chips) 
Mahu2021: posts small blind $0.05
Georg006830: posts big blind $0.10
*** HOLE CARDS ***
Dealt to Mahu2021 [Kd 8d]
Mallardz: folds 
IVERNMAN: folds 
Jojkenstein: folds 
Dastik 5: folds 
Mahu2021: raises $0.20 to $0.30
Georg006830: folds 
Uncalled bet ($0.20) returned to Mahu2021
Mahu2021 collected $0.20 from pot
Mahu2021: doesn't show hand 
*** SUMMARY ***
Total pot $0.20 | Rake $0 
Seat 1: Dastik 5 (button) folded before Flop (didn't bet)
Seat 2: Mahu2021 (small blind) collected ($0.20)
Seat 3: Georg006830 (big blind) folded before Flop
Seat 4: Mallardz folded before Flop (didn't bet)
Seat 5: IVERNMAN folded before Flop (didn't bet)
Seat 6: Jojkenstein folded before Flop (didn't bet)



PokerStars Zoom Hand #254718867434:  Hold'em No Limit ($0.05/$0.10) - 2025/02/05 15:41:55 CET [2025/02/05 9:41:55 ET]
Table 'Aludra' 6-max Seat #1 is the button
Seat 1: v4valter88 ($10.92 in chips) 
Seat 2: Stuffy goat ($10 in chips) 
Seat 3: Burzum21 ($12.73 in chips) 
Seat 4: Mahu2021 ($9.21 in chips) 
Seat 5: s1auka ($10 in chips) 
Seat 6: tanuki96 ($10.68 in chips) 
Stuffy goat: posts small blind $0.05
Burzum21: posts big blind $0.10
*** HOLE CARDS ***
Dealt to Mahu2021 [Kd 4s]
Mahu2021: folds 
s1auka: folds 
tanuki96: folds 
v4valter88: raises $0.13 to $0.23
Stuffy goat: folds 
Burzum21: calls $0.13
*** FLOP *** [7d 5c 3s]
Burzum21: checks 
v4valter88: checks 
*** TURN *** [7d 5c 3s] [3h]
Burzum21: checks 
v4valter88: bets $0.20
Burzum21: calls $0.20
*** RIVER *** [7d 5c 3s 3h] [Th]
Burzum21: checks 
v4valter88: checks 
*** SHOW DOWN ***
Burzum21: shows [6h 6s] (two pair, Sixes and Threes)
v4valter88: mucks hand 
Burzum21 collected $0.87 from pot
*** SUMMARY ***
Total pot $0.91 | Rake $0.04 
Board [7d 5c 3s 3h Th]
Seat 1: v4valter88 (button) mucked [As Jc]
Seat 2: Stuffy goat (small blind) folded before Flop
Seat 3: Burzum21 (big blind) showed [6h 6s] and won ($0.87) with two pair, Sixes and Threes
Seat 4: Mahu2021 folded before Flop (didn't bet)
Seat 5: s1auka folded before Flop (didn't bet)
Seat 6: tanuki96 folded before Flop (didn't bet)



PokerStars Zoom Hand #254718874864:  Hold'em No Limit ($0.05/$0.10) - 2025/02/05 15:42:35 CET [2025/02/05 9:42:35 ET]
Table 'Aludra' 6-max Seat #1 is the button
Seat 1: acebob999 ($11.88 in chips) 
Seat 2: DanC996 ($10.15 in chips) 
Seat 3: roo198 ($10.61 in chips) 
Seat 4: bignuts67 ($10.52 in chips) 
Seat 5: 50´s Ghost ($29.69 in chips) 
Seat 6: Mahu2021 ($9.36 in chips) 
DanC996: posts small blind $0.05
roo198: posts big blind $0.10
*** HOLE CARDS ***
Dealt to Mahu2021 [2d Kh]
bignuts67: folds 
50´s Ghost: folds 
Mahu2021: folds 
acebob999: folds 
DanC996: folds 
Uncalled bet ($0.05) returned to roo198
roo198 collected $0.10 from pot
roo198: doesn't show hand 
*** SUMMARY ***
Total pot $0.10 | Rake $0 
Seat 1: acebob999 (button) folded before Flop (didn't bet)
Seat 2: DanC996 (small blind) folded before Flop
Seat 3: roo198 (big blind) collected ($0.10)
Seat 4: bignuts67 folded before Flop (didn't bet)
Seat 5: 50´s Ghost folded before Flop (didn't bet)
Seat 6: Mahu2021 folded before Flop (didn't bet)



PokerStars Zoom Hand #254718874107:  Hold'em No Limit ($0.05/$0.10) - 2025/02/05 15:42:31 CET [2025/02/05 9:42:31 ET]
Table 'Aludra' 6-max Seat #1 is the button
Seat 1: Mahu2021 ($9.36 in chips) 
Seat 2: ASENNA76 ($10.05 in chips) 
Seat 3: Dastik 5 ($21.03 in chips) 
Seat 4: DanC996 ($10.15 in chips) 
Seat 5: v4valter88 ($10 in chips) 
Seat 6: freeler ($8.69 in chips) 
ASENNA76: posts small blind $0.05
Dastik 5: posts big blind $0.10
*** HOLE CARDS ***
Dealt to Mahu2021 [3c 7s]
DanC996: folds 
v4valter88: folds 
freeler: folds 
Mahu2021: folds 
ASENNA76: folds 
Uncalled bet ($0.05) returned to Dastik 5
Dastik 5 collected $0.10 from pot
Dastik 5: doesn't show hand 
*** SUMMARY ***
Total pot $0.10 | Rake $0 
Seat 1: Mahu2021 (button) folded before Flop (didn't bet)
Seat 2: ASENNA76 (small blind) folded before Flop
Seat 3: Dastik 5 (big blind) collected ($0.10)
Seat 4: DanC996 folded before Flop (didn't bet)
Seat 5: v4valter88 folded before Flop (didn't bet)
Seat 6: freeler folded before Flop (didn't bet)



PokerStars Zoom Hand #254718875503:  Hold'em No Limit ($0.05/$0.10) - 2025/02/05 15:42:38 CET [2025/02/05 9:42:38 ET]
Table 'Aludra' 6-max Seat #1 is the button
Seat 1: s1auka ($10.05 in chips) 
Seat 2: sigmanolimit ($10.75 in chips) 
Seat 3: DanC996 ($10.10 in chips) 
Seat 4: ronny2106 ($14.57 in chips) 
Seat 5: Mahu2021 ($9.36 in chips) 
Seat 6: acebob999 ($11.88 in chips) 
sigmanolimit: posts small blind $0.05
DanC996: posts big blind $0.10
*** HOLE CARDS ***
Dealt to Mahu2021 [Qs 6h]
ronny2106: folds 
Mahu2021: folds 
acebob999: folds 
s1auka: folds 
sigmanolimit: folds 
Uncalled bet ($0.05) returned to DanC996
DanC996 collected $0.10 from pot
DanC996: doesn't show hand 
*** SUMMARY ***
Total pot $0.10 | Rake $0 
Seat 1: s1auka (button) folded before Flop (didn't bet)
Seat 2: sigmanolimit (small blind) folded before Flop
Seat 3: DanC996 (big blind) collected ($0.10)
Seat 4: ronny2106 folded before Flop (didn't bet)
Seat 5: Mahu2021 folded before Flop (didn't bet)
Seat 6: acebob999 folded before Flop (didn't bet)



PokerStars Zoom Hand #254718876958:  Hold'em No Limit ($0.05/$0.10) - 2025/02/05 15:42:46 CET [2025/02/05 9:42:46 ET]
Table 'Aludra' 6-max Seat #1 is the button
Seat 1: sh00ter69 ($5.95 in chips) 
Seat 2: KOCETO_1992 ($11.99 in chips) 
Seat 3: gimmiurstack ($10 in chips) 
Seat 4: Mahu2021 ($9.36 in chips) 
Seat 5: Soli56 ($21.63 in chips) 
Seat 6: v4valter88 ($9.90 in chips) 
KOCETO_1992: posts small blind $0.05
gimmiurstack: posts big blind $0.10
*** HOLE CARDS ***
Dealt to Mahu2021 [6h Td]
Mahu2021: folds 
Soli56: folds 
v4valter88: folds 
sh00ter69: folds 
KOCETO_1992: raises $0.15 to $0.25
gimmiurstack: folds 
Uncalled bet ($0.15) returned to KOCETO_1992
KOCETO_1992 collected $0.20 from pot
KOCETO_1992: doesn't show hand 
*** SUMMARY ***
Total pot $0.20 | Rake $0 
Seat 1: sh00ter69 (button) folded before Flop (didn't bet)
Seat 2: KOCETO_1992 (small blind) collected ($0.20)
Seat 3: gimmiurstack (big blind) folded before Flop
Seat 4: Mahu2021 folded before Flop (didn't bet)
Seat 5: Soli56 folded before Flop (didn't bet)
Seat 6: v4valter88 folded before Flop (didn't bet)



PokerStars Zoom Hand #254718877692:  Hold'em No Limit ($0.05/$0.10) - 2025/02/05 15:42:50 CET [2025/02/05 9:42:50 ET]
Table 'Aludra' 6-max Seat #1 is the button
Seat 1: bignuts67 ($10.52 in chips) 
Seat 2: kalyfka ($7.73 in chips) 
Seat 3: Mahu2021 ($9.36 in chips) 
Seat 4: Baratrum777 ($10.92 in chips) 
Seat 5: moneyclown1 ($22.95 in chips) 
Seat 6: sh00ter69 ($5.95 in chips) 
kalyfka: posts small blind $0.05
Mahu2021: posts big blind $0.10
*** HOLE CARDS ***
Dealt to Mahu2021 [Ks As]
Baratrum777: folds 
moneyclown1: folds 
sh00ter69: folds 
bignuts67: folds 
kalyfka: raises $0.10 to $0.20
Mahu2021: raises $0.50 to $0.70
kalyfka: calls $0.50
*** FLOP *** [8s Jh 3c]
kalyfka: checks 
Mahu2021: checks 
*** TURN *** [8s Jh 3c] [2d]
kalyfka: bets $0.67
Mahu2021: calls $0.67
*** RIVER *** [8s Jh 3c 2d] [2h]
kalyfka: bets $2.62
Mahu2021: folds 
Uncalled bet ($2.62) returned to kalyfka
kalyfka collected $2.62 from pot
kalyfka: doesn't show hand 
*** SUMMARY ***
Total pot $2.74 | Rake $0.12 
Board [8s Jh 3c 2d 2h]
Seat 1: bignuts67 (button) folded before Flop (didn't bet)
Seat 2: kalyfka (small blind) collected ($2.62)
Seat 3: Mahu2021 (big blind) folded on the River
Seat 4: Baratrum777 folded before Flop (didn't bet)
Seat 5: moneyclown1 folded before Flop (didn't bet)
Seat 6: sh00ter69 folded before Flop (didn't bet)



PokerStars Zoom Hand #254718876356:  Hold'em No Limit ($0.05/$0.10) - 2025/02/05 15:42:43 CET [2025/02/05 9:42:43 ET]
Table 'Aludra' 6-max Seat #1 is the button
Seat 1: acd_045 ($16.60 in chips) 
Seat 2: Baratrum777 ($11 in chips) 
Seat 3: hi_new97 ($11.11 in chips) 
Seat 4: Mahu2021 ($9.36 in chips) 
Seat 5: bignuts67 ($11.44 in chips) 
Seat 6: Pessoa2 ($4.90 in chips) 
Baratrum777: posts small blind $0.05
hi_new97: posts big blind $0.10
*** HOLE CARDS ***
Dealt to Mahu2021 [7d 5c]
Mahu2021: folds 
bignuts67: folds 
Pessoa2: folds 
acd_045: raises $0.15 to $0.25
Baratrum777: folds 
hi_new97: calls $0.15
*** FLOP *** [2c 2h Td]
hi_new97: checks 
acd_045: checks 
*** TURN *** [2c 2h Td] [Jc]
hi_new97: checks 
acd_045: checks 
*** RIVER *** [2c 2h Td Jc] [9d]
hi_new97: checks 
acd_045: checks 
*** SHOW DOWN ***
hi_new97: shows [Th Kc] (two pair, Tens and Deuces)
acd_045: mucks hand 
hi_new97 collected $0.53 from pot
*** SUMMARY ***
Total pot $0.55 | Rake $0.02 
Board [2c 2h Td Jc 9d]
Seat 1: acd_045 (button) mucked [Ah 6h]
Seat 2: Baratrum777 (small blind) folded before Flop
Seat 3: hi_new97 (big blind) showed [Th Kc] and won ($0.53) with two pair, Tens and Deuces
Seat 4: Mahu2021 folded before Flop (didn't bet)
Seat 5: bignuts67 folded before Flop (didn't bet)
Seat 6: Pessoa2 folded before Flop (didn't bet)



PokerStars Zoom Hand #254718890716:  Hold'em No Limit ($0.05/$0.10) - 2025/02/05 15:44:01 CET [2025/02/05 9:44:01 ET]
Table 'Aludra' 6-max Seat #1 is the button
Seat 1: putzkedudu ($13.56 in chips) 
Seat 2: ASENNA76 ($10.28 in chips) 
Seat 3: hiding.by ($10.28 in chips) 
Seat 4: Poklrll02 ($51.08 in chips) 
Seat 5: Mahu2021 ($7.73 in chips) 
Seat 6: miu_0716 ($10 in chips) 
ASENNA76: posts small blind $0.05
hiding.by: posts big blind $0.10
*** HOLE CARDS ***
Dealt to Mahu2021 [8s Ts]
Poklrll02: folds 
Mahu2021: folds 
miu_0716: folds 
putzkedudu: folds 
ASENNA76: folds 
Uncalled bet ($0.05) returned to hiding.by
hiding.by collected $0.10 from pot
hiding.by: doesn't show hand 
*** SUMMARY ***
Total pot $0.10 | Rake $0 
Seat 1: putzkedudu (button) folded before Flop (didn't bet)
Seat 2: ASENNA76 (small blind) folded before Flop
Seat 3: hiding.by (big blind) collected ($0.10)
Seat 4: Poklrll02 folded before Flop (didn't bet)
Seat 5: Mahu2021 folded before Flop (didn't bet)
Seat 6: miu_0716 folded before Flop (didn't bet)



PokerStars Zoom Hand #254718883528:  Hold'em No Limit ($0.05/$0.10) - 2025/02/05 15:43:22 CET [2025/02/05 9:43:22 ET]
Table 'Aludra' 6-max Seat #1 is the button
Seat 1: Die8 ($10 in chips) 
Seat 2: Mahu2021 ($7.99 in chips) 
Seat 3: v4valter88 ($12.08 in chips) 
Seat 4: pougia777 ($10.43 in chips) 
Seat 5: superMike233 ($10.47 in chips) 
Seat 6: DanC996 ($10.84 in chips) 
Mahu2021: posts small blind $0.05
v4valter88: posts big blind $0.10
*** HOLE CARDS ***
Dealt to Mahu2021 [Ts Td]
pougia777: folds 
superMike233: folds 
DanC996: folds 
Die8: raises $0.16 to $0.26
Mahu2021: calls $0.21
v4valter88: raises $1.14 to $1.40
Die8: raises $1.56 to $2.96
Mahu2021: folds 
v4valter88: folds 
Uncalled bet ($1.56) returned to Die8
Die8 collected $3.06 from pot
Die8: doesn't show hand 
*** SUMMARY ***
Total pot $3.06 | Rake $0 
Seat 1: Die8 (button) collected ($3.06)
Seat 2: Mahu2021 (small blind) folded before Flop
Seat 3: v4valter88 (big blind) folded before Flop
Seat 4: pougia777 folded before Flop (didn't bet)
Seat 5: superMike233 folded before Flop (didn't bet)
Seat 6: DanC996 folded before Flop (didn't bet)



PokerStars Zoom Hand #254718889806:  Hold'em No Limit ($0.05/$0.10) - 2025/02/05 15:43:56 CET [2025/02/05 9:43:56 ET]
Table 'Aludra' 6-max Seat #1 is the button
Seat 1: kmnfst ($14.53 in chips) 
Seat 2: landing_net ($13.50 in chips) 
Seat 3: daisuke.ars ($12.81 in chips) 
Seat 4: KOCETO_1992 ($12.09 in chips) 
Seat 5: oocs ($10.10 in chips) 
Seat 6: Mahu2021 ($7.73 in chips) 
landing_net: posts small blind $0.05
daisuke.ars: posts big blind $0.10
*** HOLE CARDS ***
Dealt to Mahu2021 [8c Qh]
KOCETO_1992: folds 
oocs: folds 
Mahu2021: folds 
kmnfst: raises $0.10 to $0.20
landing_net: raises $0.60 to $0.80
daisuke.ars: folds 
kmnfst: calls $0.60
*** FLOP *** [3h 6c 5c]
landing_net: checks 
kmnfst: checks 
*** TURN *** [3h 6c 5c] [7s]
landing_net: checks 
kmnfst: checks 
*** RIVER *** [3h 6c 5c 7s] [2s]
landing_net: checks 
kmnfst: checks 
*** SHOW DOWN ***
landing_net: shows [Jh Qs] (high card Queen)
kmnfst: shows [Qc Ah] (high card Ace)
kmnfst collected $1.62 from pot
*** SUMMARY ***
Total pot $1.70 | Rake $0.08 
Board [3h 6c 5c 7s 2s]
Seat 1: kmnfst (button) showed [Qc Ah] and won ($1.62) with high card Ace
Seat 2: landing_net (small blind) showed [Jh Qs] and lost with high card Queen
Seat 3: daisuke.ars (big blind) folded before Flop
Seat 4: KOCETO_1992 folded before Flop (didn't bet)
Seat 5: oocs folded before Flop (didn't bet)
Seat 6: Mahu2021 folded before Flop (didn't bet)



PokerStars Zoom Hand #254718882817:  Hold'em No Limit ($0.05/$0.10) - 2025/02/05 15:43:18 CET [2025/02/05 9:43:18 ET]
Table 'Aludra' 6-max Seat #1 is the button
Seat 1: Mahu2021 ($7.99 in chips) 
Seat 2: Die8 ($10.01 in chips) 
Seat 3: bignuts67 ($11.49 in chips) 
Seat 4: pougia777 ($10.43 in chips) 
Seat 5: WAS-71 ($10 in chips) 
Seat 6: don caco 10 ($11.24 in chips) 
Die8: posts small blind $0.05
bignuts67: posts big blind $0.10
*** HOLE CARDS ***
Dealt to Mahu2021 [Jh 8s]
pougia777: folds 
WAS-71: raises $0.15 to $0.25
don caco 10: folds 
Mahu2021: folds 
Die8: folds 
bignuts67: calls $0.15
*** FLOP *** [Ac 7d 5h]
bignuts67: checks 
WAS-71: bets $0.41
bignuts67: calls $0.41
*** TURN *** [Ac 7d 5h] [6h]
bignuts67: checks 
WAS-71: bets $0.40
bignuts67: raises $1.41 to $1.81
WAS-71: raises $1.41 to $3.22
bignuts67: calls $1.41
*** RIVER *** [Ac 7d 5h 6h] [6c]
bignuts67: checks 
WAS-71: bets $6.12 and is all-in
bignuts67: calls $6.12
*** SHOW DOWN ***
WAS-71: shows [9s Jd] (a pair of Sixes)
bignuts67: shows [Qh As] (two pair, Aces and Sixes)
bignuts67 collected $19.15 from pot
*** SUMMARY ***
Total pot $20.05 | Rake $0.90 
Board [Ac 7d 5h 6h 6c]
Seat 1: Mahu2021 (button) folded before Flop (didn't bet)
Seat 2: Die8 (small blind) folded before Flop
Seat 3: bignuts67 (big blind) showed [Qh As] and won ($19.15) with two pair, Aces and Sixes
Seat 4: pougia777 folded before Flop (didn't bet)
Seat 5: WAS-71 showed [9s Jd] and lost with a pair of Sixes
Seat 6: don caco 10 folded before Flop (didn't bet)



PokerStars Zoom Hand #254718891484:  Hold'em No Limit ($0.05/$0.10) - 2025/02/05 15:44:05 CET [2025/02/05 9:44:05 ET]
Table 'Aludra' 6-max Seat #1 is the button
Seat 1: Poklrll02 ($35.33 in chips) 
Seat 2: TheRage333 ($36.11 in chips) 
Seat 3: Mahu2021 ($7.73 in chips) 
Seat 4: s1auka ($18.06 in chips) 
Seat 5: putzkedudu ($10.15 in chips) 
Seat 6: 50´s Ghost ($23.08 in chips) 
TheRage333: posts small blind $0.05
Mahu2021: posts big blind $0.10
*** HOLE CARDS ***
Dealt to Mahu2021 [Jd 3c]
s1auka: folds 
putzkedudu: raises $0.20 to $0.30
50´s Ghost: raises $0.56 to $0.86
Poklrll02: folds 
TheRage333: folds 
Mahu2021: folds 
putzkedudu: calls $0.56
*** FLOP *** [5h 2h 9c]
putzkedudu: checks 
50´s Ghost: bets $1.34
putzkedudu: folds 
Uncalled bet ($1.34) returned to 50´s Ghost
50´s Ghost collected $1.79 from pot
50´s Ghost: doesn't show hand 
*** SUMMARY ***
Total pot $1.87 | Rake $0.08 
Board [5h 2h 9c]
Seat 1: Poklrll02 (button) folded before Flop (didn't bet)
Seat 2: TheRage333 (small blind) folded before Flop
Seat 3: Mahu2021 (big blind) folded before Flop
Seat 4: s1auka folded before Flop (didn't bet)
Seat 5: putzkedudu folded on the Flop
Seat 6: 50´s Ghost collected ($1.79)



PokerStars Zoom Hand #254718893715:  Hold'em No Limit ($0.05/$0.10) - 2025/02/05 15:44:17 CET [2025/02/05 9:44:17 ET]
Table 'Aludra' 6-max Seat #1 is the button
Seat 1: Mahu2021 ($7.63 in chips) 
Seat 2: charlesws25 ($19.08 in chips) 
Seat 3: ronny2106 ($13.78 in chips) 
Seat 4: Poklrll02 ($35.33 in chips) 
Seat 5: IVERNMAN ($16.12 in chips) 
Seat 6: lewisweight ($9.55 in chips) 
charlesws25: posts small blind $0.05
ronny2106: posts big blind $0.10
*** HOLE CARDS ***
Dealt to Mahu2021 [Ah 5s]
Poklrll02: folds 
IVERNMAN: folds 
lewisweight: raises $0.20 to $0.30
Mahu2021: folds 
charlesws25: folds 
ronny2106: calls $0.20
*** FLOP *** [2s 6s Tc]
ronny2106: checks 
lewisweight: bets $0.31
ronny2106: calls $0.31
*** TURN *** [2s 6s Tc] [9c]
ronny2106: checks 
lewisweight: bets $0.61
ronny2106: raises $3.43 to $4.04
lewisweight: folds 
Uncalled bet ($3.43) returned to ronny2106
ronny2106 collected $2.35 from pot
ronny2106: doesn't show hand 
*** SUMMARY ***
Total pot $2.49 | Rake $0.14 
Board [2s 6s Tc 9c]
Seat 1: Mahu2021 (button) folded before Flop (didn't bet)
Seat 2: charlesws25 (small blind) folded before Flop
Seat 3: ronny2106 (big blind) collected ($2.35)
Seat 4: Poklrll02 folded before Flop (didn't bet)
Seat 5: IVERNMAN folded before Flop (didn't bet)
Seat 6: lewisweight folded on the Turn



PokerStars Zoom Hand #254718895197:  Hold'em No Limit ($0.05/$0.10) - 2025/02/05 15:44:25 CET [2025/02/05 9:44:25 ET]
Table 'Aludra' 6-max Seat #1 is the button
Seat 1: IVERNMAN ($16.12 in chips) 
Seat 2: s1auka ($13.30 in chips) 
Seat 3: persecute1 ($10.47 in chips) 
Seat 4: Mahu2021 ($7.63 in chips) 
Seat 5: Poklrll02 ($50.93 in chips) 
Seat 6: v4valter88 ($10.63 in chips) 
s1auka: posts small blind $0.05
persecute1: posts big blind $0.10
*** HOLE CARDS ***
Dealt to Mahu2021 [7s 8s]
Mahu2021: raises $0.14 to $0.24
Poklrll02: folds 
v4valter88: folds 
IVERNMAN: folds 
s1auka: folds 
persecute1: calls $0.14
*** FLOP *** [Ts 4c 8d]
persecute1: checks 
Mahu2021: bets $0.40
persecute1: calls $0.40
*** TURN *** [Ts 4c 8d] [8h]
persecute1: checks 
Mahu2021: checks 
*** RIVER *** [Ts 4c 8d 8h] [Ad]
persecute1: bets $0.95
Mahu2021: raises $1.55 to $2.50
persecute1: folds 
Uncalled bet ($1.55) returned to Mahu2021
Mahu2021 collected $3.08 from pot
Mahu2021: doesn't show hand 
*** SUMMARY ***
Total pot $3.23 | Rake $0.15 
Board [Ts 4c 8d 8h Ad]
Seat 1: IVERNMAN (button) folded before Flop (didn't bet)
Seat 2: s1auka (small blind) folded before Flop
Seat 3: persecute1 (big blind) folded on the River
Seat 4: Mahu2021 collected ($3.08)
Seat 5: Poklrll02 folded before Flop (didn't bet)
Seat 6: v4valter88 folded before Flop (didn't bet)



PokerStars Zoom Hand #254718905748:  Hold'em No Limit ($0.05/$0.10) - 2025/02/05 15:45:22 CET [2025/02/05 9:45:22 ET]
Table 'Aludra' 6-max Seat #1 is the button
Seat 1: JGB013 ($8.18 in chips) 
Seat 2: Mahu2021 ($9.12 in chips) 
Seat 3: s1auka ($10 in chips) 
Seat 4: maticesa10 ($37.98 in chips) 
Seat 5: Mallardz ($11.05 in chips) 
Seat 6: rk_ito7 ($13.50 in chips) 
Mahu2021: posts small blind $0.05
s1auka: posts big blind $0.10
*** HOLE CARDS ***
Dealt to Mahu2021 [Jc Qc]
maticesa10: folds 
Mallardz: folds 
rk_ito7: folds 
JGB013: calls $0.10
Mahu2021: calls $0.05
s1auka: raises $0.40 to $0.50
JGB013: calls $0.40
Mahu2021: calls $0.40
*** FLOP *** [4s 7h 3d]
Mahu2021: checks 
s1auka: checks 
JGB013: checks 
*** TURN *** [4s 7h 3d] [5c]
Mahu2021: checks 
s1auka: checks 
JGB013: checks 
*** RIVER *** [4s 7h 3d 5c] [4d]
Mahu2021: bets $1
s1auka: folds 
JGB013: folds 
Uncalled bet ($1) returned to Mahu2021
Mahu2021 collected $1.43 from pot
Mahu2021: doesn't show hand 
*** SUMMARY ***
Total pot $1.50 | Rake $0.07 
Board [4s 7h 3d 5c 4d]
Seat 1: JGB013 (button) folded on the River
Seat 2: Mahu2021 (small blind) collected ($1.43)
Seat 3: s1auka (big blind) folded on the River
Seat 4: maticesa10 folded before Flop (didn't bet)
Seat 5: Mallardz folded before Flop (didn't bet)
Seat 6: rk_ito7 folded before Flop (didn't bet)



PokerStars Zoom Hand #254718920034:  Hold'em No Limit ($0.05/$0.10) - 2025/02/05 15:46:41 CET [2025/02/05 9:46:41 ET]
Table 'Aludra' 6-max Seat #1 is the button
Seat 1: Dastik 5 ($20.10 in chips) 
Seat 2: Kac4kac ($18.34 in chips) 
Seat 3: Mahu2021 ($10.05 in chips) 
Seat 4: humo97 ($26.84 in chips) 
Seat 5: Poklrll02 ($33.71 in chips) 
Seat 6: Burzum21 ($14.43 in chips) 
Kac4kac: posts small blind $0.05
Mahu2021: posts big blind $0.10
*** HOLE CARDS ***
Dealt to Mahu2021 [6c 8c]
humo97: folds 
Poklrll02: folds 
Burzum21: folds 
Dastik 5: folds 
Kac4kac: raises $0.20 to $0.30
Mahu2021: calls $0.20
*** FLOP *** [7d 6d Qs]
Kac4kac: checks 
Mahu2021: checks 
*** TURN *** [7d 6d Qs] [Jc]
Kac4kac: bets $0.43
Mahu2021: folds 
Uncalled bet ($0.43) returned to Kac4kac
Kac4kac collected $0.57 from pot
Kac4kac: doesn't show hand 
*** SUMMARY ***
Total pot $0.60 | Rake $0.03 
Board [7d 6d Qs Jc]
Seat 1: Dastik 5 (button) folded before Flop (didn't bet)
Seat 2: Kac4kac (small blind) collected ($0.57)
Seat 3: Mahu2021 (big blind) folded on the Turn
Seat 4: humo97 folded before Flop (didn't bet)
Seat 5: Poklrll02 folded before Flop (didn't bet)
Seat 6: Burzum21 folded before Flop (didn't bet)



PokerStars Zoom Hand #254718929228:  Hold'em No Limit ($0.05/$0.10) - 2025/02/05 15:47:30 CET [2025/02/05 9:47:30 ET]
Table 'Aludra' 6-max Seat #1 is the button
Seat 1: histo54 ($8.58 in chips) 
Seat 2: Mahu2021 ($9.75 in chips) 
Seat 3: Adam<3Coffee ($10 in chips) 
Seat 4: Soli56 ($10.72 in chips) 
Seat 5: Vadim91_blr ($10 in chips) 
Seat 6: charlesws25 ($13.21 in chips) 
Mahu2021: posts small blind $0.05
Adam<3Coffee: posts big blind $0.10
*** HOLE CARDS ***
Dealt to Mahu2021 [4d Kd]
Soli56: folds 
Vadim91_blr: folds 
charlesws25: folds 
histo54: folds 
Mahu2021: raises $0.20 to $0.30
Adam<3Coffee: folds 
Uncalled bet ($0.20) returned to Mahu2021
Mahu2021 collected $0.20 from pot
Mahu2021: doesn't show hand 
*** SUMMARY ***
Total pot $0.20 | Rake $0 
Seat 1: histo54 (button) folded before Flop (didn't bet)
Seat 2: Mahu2021 (small blind) collected ($0.20)
Seat 3: Adam<3Coffee (big blind) folded before Flop
Seat 4: Soli56 folded before Flop (didn't bet)
Seat 5: Vadim91_blr folded before Flop (didn't bet)
Seat 6: charlesws25 folded before Flop (didn't bet)



PokerStars Zoom Hand #254718931766:  Hold'em No Limit ($0.05/$0.10) - 2025/02/05 15:47:44 CET [2025/02/05 9:47:44 ET]
Table 'Aludra' 6-max Seat #1 is the button
Seat 1: cherie1111 ($18.94 in chips) 
Seat 2: oocs ($10 in chips) 
Seat 3: putzkedudu ($14.79 in chips) 
Seat 4: Soli56 ($10.62 in chips) 
Seat 5: Mahu2021 ($9.85 in chips) 
Seat 6: Jojkenstein ($10.51 in chips) 
oocs: posts small blind $0.05
putzkedudu: posts big blind $0.10
*** HOLE CARDS ***
Dealt to Mahu2021 [6s Ah]
Soli56: folds 
Mahu2021: folds 
Jojkenstein: folds 
cherie1111: folds 
oocs: folds 
Uncalled bet ($0.05) returned to putzkedudu
putzkedudu collected $0.10 from pot
putzkedudu: doesn't show hand 
*** SUMMARY ***
Total pot $0.10 | Rake $0 
Seat 1: cherie1111 (button) folded before Flop (didn't bet)
Seat 2: oocs (small blind) folded before Flop
Seat 3: putzkedudu (big blind) collected ($0.10)
Seat 4: Soli56 folded before Flop (didn't bet)
Seat 5: Mahu2021 folded before Flop (didn't bet)
Seat 6: Jojkenstein folded before Flop (didn't bet)



PokerStars Zoom Hand #254718932538:  Hold'em No Limit ($0.05/$0.10) - 2025/02/05 15:47:49 CET [2025/02/05 9:47:49 ET]
Table 'Aludra' 6-max Seat #1 is the button
Seat 1: Mahu2021 ($9.85 in chips) 
Seat 2: Burzum21 ($14.75 in chips) 
Seat 3: 50´s Ghost ($32.15 in chips) 
Seat 4: alexber1111 ($10 in chips) 
Seat 5: s1auka ($18 in chips) 
Seat 6: pougia777 ($10 in chips) 
Burzum21: posts small blind $0.05
50´s Ghost: posts big blind $0.10
*** HOLE CARDS ***
Dealt to Mahu2021 [8d 2s]
alexber1111: folds 
s1auka: folds 
pougia777: folds 
Mahu2021: folds 
Burzum21: folds 
Uncalled bet ($0.05) returned to 50´s Ghost
50´s Ghost collected $0.10 from pot
50´s Ghost: doesn't show hand 
*** SUMMARY ***
Total pot $0.10 | Rake $0 
Seat 1: Mahu2021 (button) folded before Flop (didn't bet)
Seat 2: Burzum21 (small blind) folded before Flop
Seat 3: 50´s Ghost (big blind) collected ($0.10)
Seat 4: alexber1111 folded before Flop (didn't bet)
Seat 5: s1auka folded before Flop (didn't bet)
Seat 6: pougia777 folded before Flop (didn't bet)



PokerStars Zoom Hand #254718928432:  Hold'em No Limit ($0.05/$0.10) - 2025/02/05 15:47:26 CET [2025/02/05 9:47:26 ET]
Table 'Aludra' 6-max Seat #1 is the button
Seat 1: superMike233 ($11.08 in chips) 
Seat 2: bignuts67 ($10.22 in chips) 
Seat 3: oocs ($11.20 in chips) 
Seat 4: acd_045 ($10.91 in chips) 
Seat 5: Die8 ($11.41 in chips) 
Seat 6: Mahu2021 ($9.75 in chips) 
bignuts67: posts small blind $0.05
oocs: posts big blind $0.10
*** HOLE CARDS ***
Dealt to Mahu2021 [Jc Th]
acd_045: raises $0.15 to $0.25
Die8: calls $0.25
Mahu2021: folds 
superMike233: folds 
bignuts67: folds 
oocs: calls $0.15
*** FLOP *** [Js 8d Jh]
oocs: checks 
acd_045: checks 
Die8: checks 
*** TURN *** [Js 8d Jh] [8c]
oocs: checks 
acd_045: checks 
Die8: bets $0.51
oocs: folds 
acd_045: folds 
Uncalled bet ($0.51) returned to Die8
Die8 collected $0.76 from pot
Die8: doesn't show hand 
*** SUMMARY ***
Total pot $0.80 | Rake $0.04 
Board [Js 8d Jh 8c]
Seat 1: superMike233 (button) folded before Flop (didn't bet)
Seat 2: bignuts67 (small blind) folded before Flop
Seat 3: oocs (big blind) folded on the Turn
Seat 4: acd_045 folded on the Turn
Seat 5: Die8 collected ($0.76)
Seat 6: Mahu2021 folded before Flop (didn't bet)



PokerStars Zoom Hand #254718933657:  Hold'em No Limit ($0.05/$0.10) - 2025/02/05 15:47:55 CET [2025/02/05 9:47:55 ET]
Table 'Aludra' 6-max Seat #1 is the button
Seat 1: cherie1111 ($14.26 in chips) 
Seat 2: KoreanHippo ($17.37 in chips) 
Seat 3: Soli56 ($10.86 in chips) 
Seat 4: miu_0716 ($10.10 in chips) 
Seat 5: v4valter88 ($9.95 in chips) 
Seat 6: Mahu2021 ($9.85 in chips) 
KoreanHippo: posts small blind $0.05
Soli56: posts big blind $0.10
*** HOLE CARDS ***
Dealt to Mahu2021 [7c 9h]
miu_0716: folds 
v4valter88: raises $0.10 to $0.20
Mahu2021: folds 
cherie1111: folds 
KoreanHippo: calls $0.15
Soli56: folds 
*** FLOP *** [8c 5h 2c]
KoreanHippo: checks 
v4valter88: bets $0.35
KoreanHippo: folds 
Uncalled bet ($0.35) returned to v4valter88
v4valter88 collected $0.48 from pot
v4valter88: doesn't show hand 
*** SUMMARY ***
Total pot $0.50 | Rake $0.02 
Board [8c 5h 2c]
Seat 1: cherie1111 (button) folded before Flop (didn't bet)
Seat 2: KoreanHippo (small blind) folded on the Flop
Seat 3: Soli56 (big blind) folded before Flop
Seat 4: miu_0716 folded before Flop (didn't bet)
Seat 5: v4valter88 collected ($0.48)
Seat 6: Mahu2021 folded before Flop (didn't bet)



PokerStars Zoom Hand #254718934355:  Hold'em No Limit ($0.05/$0.10) - 2025/02/05 15:47:59 CET [2025/02/05 9:47:59 ET]
Table 'Aludra' 6-max Seat #1 is the button
Seat 1: Die8 ($10 in chips) 
Seat 2: Inconito1213 ($10.23 in chips) 
Seat 3: bignuts67 ($10.17 in chips) 
Seat 4: miu_0716 ($10.27 in chips) 
Seat 5: Mahu2021 ($9.85 in chips) 
Seat 6: cherie1111 ($14.26 in chips) 
Inconito1213: posts small blind $0.05
bignuts67: posts big blind $0.10
*** HOLE CARDS ***
Dealt to Mahu2021 [4d 4c]
miu_0716: folds 
Mahu2021: raises $0.14 to $0.24
cherie1111: folds 
Die8: folds 
Inconito1213: calls $0.19
bignuts67: calls $0.14
*** FLOP *** [2d 6d 3s]
Inconito1213: checks 
bignuts67: bets $0.27
Mahu2021: calls $0.27
Inconito1213: calls $0.27
*** TURN *** [2d 6d 3s] [Qc]
Inconito1213: bets $0.70
bignuts67: folds 
Mahu2021: folds 
Uncalled bet ($0.70) returned to Inconito1213
Inconito1213 collected $1.46 from pot
Inconito1213: doesn't show hand 
*** SUMMARY ***
Total pot $1.53 | Rake $0.07 
Board [2d 6d 3s Qc]
Seat 1: Die8 (button) folded before Flop (didn't bet)
Seat 2: Inconito1213 (small blind) collected ($1.46)
Seat 3: bignuts67 (big blind) folded on the Turn
Seat 4: miu_0716 folded before Flop (didn't bet)
Seat 5: Mahu2021 folded on the Turn
Seat 6: cherie1111 folded before Flop (didn't bet)



PokerStars Zoom Hand #254718946964:  Hold'em No Limit ($0.05/$0.10) - 2025/02/05 15:49:08 CET [2025/02/05 9:49:08 ET]
Table 'Aludra' 6-max Seat #1 is the button
Seat 1: miu_0716 ($11.05 in chips) 
Seat 2: kmnfst ($16.16 in chips) 
Seat 3: serotonine91 ($18.76 in chips) 
Seat 4: Mahu2021 ($9.24 in chips) 
Seat 5: Baratrum777 ($10 in chips) 
Seat 6: IVERNMAN ($11.33 in chips) 
kmnfst: posts small blind $0.05
serotonine91: posts big blind $0.10
*** HOLE CARDS ***
Dealt to Mahu2021 [Ad 2c]
Mahu2021: folds 
Baratrum777: folds 
IVERNMAN: folds 
miu_0716: folds 
kmnfst: folds 
Uncalled bet ($0.05) returned to serotonine91
serotonine91 collected $0.10 from pot
serotonine91: doesn't show hand 
*** SUMMARY ***
Total pot $0.10 | Rake $0 
Seat 1: miu_0716 (button) folded before Flop (didn't bet)
Seat 2: kmnfst (small blind) folded before Flop
Seat 3: serotonine91 (big blind) collected ($0.10)
Seat 4: Mahu2021 folded before Flop (didn't bet)
Seat 5: Baratrum777 folded before Flop (didn't bet)
Seat 6: IVERNMAN folded before Flop (didn't bet)



PokerStars Zoom Hand #254718945869:  Hold'em No Limit ($0.05/$0.10) - 2025/02/05 15:49:02 CET [2025/02/05 9:49:02 ET]
Table 'Aludra' 6-max Seat #1 is the button
Seat 1: charlesws25 ($10 in chips) 
Seat 2: v4valter88 ($10.05 in chips) 
Seat 3: Mahu2021 ($9.34 in chips) 
Seat 4: ASENNA76 ($10 in chips) 
Seat 5: ZerON_888 ($10.52 in chips) 
Seat 6: hi_new97 ($13.50 in chips) 
v4valter88: posts small blind $0.05
Mahu2021: posts big blind $0.10
*** HOLE CARDS ***
Dealt to Mahu2021 [Jd 7s]
ASENNA76: folds 
ZerON_888: raises $0.20 to $0.30
hi_new97: folds 
charlesws25: raises $0.60 to $0.90
v4valter88: folds 
Mahu2021: folds 
ZerON_888: folds 
Uncalled bet ($0.60) returned to charlesws25
charlesws25 collected $0.75 from pot
charlesws25: doesn't show hand 
*** SUMMARY ***
Total pot $0.75 | Rake $0 
Seat 1: charlesws25 (button) collected ($0.75)
Seat 2: v4valter88 (small blind) folded before Flop
Seat 3: Mahu2021 (big blind) folded before Flop
Seat 4: ASENNA76 folded before Flop (didn't bet)
Seat 5: ZerON_888 folded before Flop
Seat 6: hi_new97 folded before Flop (didn't bet)



PokerStars Zoom Hand #254718947627:  Hold'em No Limit ($0.05/$0.10) - 2025/02/05 15:49:11 CET [2025/02/05 9:49:11 ET]
Table 'Aludra' 6-max Seat #1 is the button
Seat 1: Mahu2021 ($9.24 in chips) 
Seat 2: STARSC27 ($7.89 in chips) 
Seat 3: ionutz111ro ($6.04 in chips) 
Seat 4: kmnfst ($16.11 in chips) 
Seat 5: GAO0324 ($9.85 in chips) 
Seat 6: jul_dec ($18.52 in chips) 
STARSC27: posts small blind $0.05
ionutz111ro: posts big blind $0.10
*** HOLE CARDS ***
Dealt to Mahu2021 [9s Ac]
kmnfst: folds 
GAO0324: folds 
jul_dec: folds 
Mahu2021: raises $0.14 to $0.24
STARSC27: folds 
ionutz111ro: calls $0.14
*** FLOP *** [Th 6c 2d]
ionutz111ro: checks 
Mahu2021: checks 
*** TURN *** [Th 6c 2d] [5d]
ionutz111ro: checks 
Mahu2021: checks 
*** RIVER *** [Th 6c 2d 5d] [4h]
ionutz111ro: checks 
Mahu2021: checks 
*** SHOW DOWN ***
ionutz111ro: shows [Kh 8h] (high card King)
Mahu2021: shows [9s Ac] (high card Ace)
Mahu2021 collected $0.51 from pot
*** SUMMARY ***
Total pot $0.53 | Rake $0.02 
Board [Th 6c 2d 5d 4h]
Seat 1: Mahu2021 (button) showed [9s Ac] and won ($0.51) with high card Ace
Seat 2: STARSC27 (small blind) folded before Flop
Seat 3: ionutz111ro (big blind) showed [Kh 8h] and lost with high card King
Seat 4: kmnfst folded before Flop (didn't bet)
Seat 5: GAO0324 folded before Flop (didn't bet)
Seat 6: jul_dec folded before Flop (didn't bet)



PokerStars Zoom Hand #254718952758:  Hold'em No Limit ($0.05/$0.10) - 2025/02/05 15:49:40 CET [2025/02/05 9:49:40 ET]
Table 'Aludra' 6-max Seat #1 is the button
Seat 1: Adam<3Coffee ($15.03 in chips) 
Seat 2: Mahu2021 ($9.51 in chips) 
Seat 3: gini777gini ($9.58 in chips) 
Seat 4: charlesws25 ($21.44 in chips) 
Seat 5: ASENNA76 ($10 in chips) 
Seat 6: persecute1 ($10.73 in chips) 
Mahu2021: posts small blind $0.05
gini777gini: posts big blind $0.10
*** HOLE CARDS ***
Dealt to Mahu2021 [Td 2s]
charlesws25: folds 
ASENNA76: folds 
persecute1: folds 
Adam<3Coffee: raises $0.12 to $0.22
Mahu2021: folds 
gini777gini: folds 
Uncalled bet ($0.12) returned to Adam<3Coffee
Adam<3Coffee collected $0.25 from pot
Adam<3Coffee: doesn't show hand 
*** SUMMARY ***
Total pot $0.25 | Rake $0 
Seat 1: Adam<3Coffee (button) collected ($0.25)
Seat 2: Mahu2021 (small blind) folded before Flop
Seat 3: gini777gini (big blind) folded before Flop
Seat 4: charlesws25 folded before Flop (didn't bet)
Seat 5: ASENNA76 folded before Flop (didn't bet)
Seat 6: persecute1 folded before Flop (didn't bet)



PokerStars Zoom Hand #254718953722:  Hold'em No Limit ($0.05/$0.10) - 2025/02/05 15:49:45 CET [2025/02/05 9:49:45 ET]
Table 'Aludra' 6-max Seat #1 is the button
Seat 1: lebifflemaster ($15.27 in chips) 
Seat 2: oocs ($10.05 in chips) 
Seat 3: KoreanHippo ($20.13 in chips) 
Seat 4: roo198 ($11.19 in chips) 
Seat 5: DanC996 ($16.01 in chips) 
Seat 6: Mahu2021 ($9.46 in chips) 
oocs: posts small blind $0.05
KoreanHippo: posts big blind $0.10
*** HOLE CARDS ***
Dealt to Mahu2021 [Qc Jc]
roo198: raises $0.20 to $0.30
DanC996: calls $0.30
Mahu2021: calls $0.30
lebifflemaster: calls $0.30
oocs: folds 
KoreanHippo: folds 
*** FLOP *** [9d Td 3c]
roo198: checks 
DanC996: checks 
Mahu2021: checks 
lebifflemaster: checks 
*** TURN *** [9d Td 3c] [8h]
roo198: checks 
DanC996: checks 
Mahu2021: checks 
lebifflemaster: checks 
*** RIVER *** [9d Td 3c 8h] [Ad]
roo198: checks 
DanC996: checks 
Mahu2021: bets $0.60
lebifflemaster: folds 
roo198: folds 
DanC996: folds 
Uncalled bet ($0.60) returned to Mahu2021
Mahu2021 collected $1.29 from pot
Mahu2021: doesn't show hand 
*** SUMMARY ***
Total pot $1.35 | Rake $0.06 
Board [9d Td 3c 8h Ad]
Seat 1: lebifflemaster (button) folded on the River
Seat 2: oocs (small blind) folded before Flop
Seat 3: KoreanHippo (big blind) folded before Flop
Seat 4: roo198 folded on the River
Seat 5: DanC996 folded on the River
Seat 6: Mahu2021 collected ($1.29)



PokerStars Zoom Hand #254718975196:  Hold'em No Limit ($0.05/$0.10) - 2025/02/05 15:51:44 CET [2025/02/05 9:51:44 ET]
Table 'Aludra' 6-max Seat #1 is the button
Seat 1: epejoo ($10 in chips) 
Seat 2: hi_new97 ($10.57 in chips) 
Seat 3: Mahu2021 ($10.45 in chips) 
Seat 4: Georg006830 ($9.22 in chips) 
Seat 5: Dastik 5 ($15.34 in chips) 
Seat 6: corape ($8.62 in chips) 
hi_new97: posts small blind $0.05
Mahu2021: posts big blind $0.10
*** HOLE CARDS ***
Dealt to Mahu2021 [4s 3h]
Georg006830: folds 
Dastik 5: folds 
corape: folds 
epejoo: folds 
hi_new97: folds 
Uncalled bet ($0.05) returned to Mahu2021
Mahu2021 collected $0.10 from pot
Mahu2021: doesn't show hand 
*** SUMMARY ***
Total pot $0.10 | Rake $0 
Seat 1: epejoo (button) folded before Flop (didn't bet)
Seat 2: hi_new97 (small blind) folded before Flop
Seat 3: Mahu2021 (big blind) collected ($0.10)
Seat 4: Georg006830 folded before Flop (didn't bet)
Seat 5: Dastik 5 folded before Flop (didn't bet)
Seat 6: corape folded before Flop (didn't bet)



PokerStars Zoom Hand #254718976989:  Hold'em No Limit ($0.05/$0.10) - 2025/02/05 15:51:54 CET [2025/02/05 9:51:54 ET]
Table 'Aludra' 6-max Seat #1 is the button
Seat 1: STARSC27 ($5.16 in chips) 
Seat 2: maticesa10 ($36.39 in chips) 
Seat 3: Burzum21 ($16.98 in chips) 
Seat 4: Mahu2021 ($10.50 in chips) 
Seat 5: Die8 ($16.44 in chips) 
Seat 6: Mallardz ($28.36 in chips) 
maticesa10: posts small blind $0.05
Burzum21: posts big blind $0.10
*** HOLE CARDS ***
Dealt to Mahu2021 [5h 3h]
Mahu2021: folds 
Die8: folds 
Mallardz: folds 
STARSC27: folds 
maticesa10: folds 
Uncalled bet ($0.05) returned to Burzum21
Burzum21 collected $0.10 from pot
Burzum21: doesn't show hand 
*** SUMMARY ***
Total pot $0.10 | Rake $0 
Seat 1: STARSC27 (button) folded before Flop (didn't bet)
Seat 2: maticesa10 (small blind) folded before Flop
Seat 3: Burzum21 (big blind) collected ($0.10)
Seat 4: Mahu2021 folded before Flop (didn't bet)
Seat 5: Die8 folded before Flop (didn't bet)
Seat 6: Mallardz folded before Flop (didn't bet)



PokerStars Zoom Hand #254718977714:  Hold'em No Limit ($0.05/$0.10) - 2025/02/05 15:51:58 CET [2025/02/05 9:51:58 ET]
Table 'Aludra' 6-max Seat #1 is the button
Seat 1: epejoo ($10 in chips) 
Seat 2: Mahu2021 ($10.50 in chips) 
Seat 3: Burzum21 ($14.12 in chips) 
Seat 4: kmnfst ($15.34 in chips) 
Seat 5: Vadim91_blr ($13.11 in chips) 
Seat 6: arumlill ($20.76 in chips) 
Mahu2021: posts small blind $0.05
Burzum21: posts big blind $0.10
*** HOLE CARDS ***
Dealt to Mahu2021 [Kc 8c]
kmnfst: folds 
Vadim91_blr: folds 
arumlill: folds 
epejoo: raises $0.14 to $0.24
Mahu2021: calls $0.19
Burzum21: folds 
*** FLOP *** [3d 9c 9d]
Mahu2021: checks 
epejoo: checks 
*** TURN *** [3d 9c 9d] [3h]
Mahu2021: checks 
epejoo: checks 
*** RIVER *** [3d 9c 9d 3h] [Jd]
Mahu2021: checks 
epejoo: checks 
*** SHOW DOWN ***
Mahu2021: shows [Kc 8c] (two pair, Nines and Threes)
epejoo: shows [Ad Ts] (two pair, Nines and Threes - Ace kicker)
epejoo collected $0.55 from pot
*** SUMMARY ***
Total pot $0.58 | Rake $0.03 
Board [3d 9c 9d 3h Jd]
Seat 1: epejoo (button) showed [Ad Ts] and won ($0.55) with two pair, Nines and Threes
Seat 2: Mahu2021 (small blind) showed [Kc 8c] and lost with two pair, Nines and Threes
Seat 3: Burzum21 (big blind) folded before Flop
Seat 4: kmnfst folded before Flop (didn't bet)
Seat 5: Vadim91_blr folded before Flop (didn't bet)
Seat 6: arumlill folded before Flop (didn't bet)



PokerStars Zoom Hand #254718973233:  Hold'em No Limit ($0.05/$0.10) - 2025/02/05 15:51:33 CET [2025/02/05 9:51:33 ET]
Table 'Aludra' 6-max Seat #1 is the button
Seat 1: ASENNA76 ($11.42 in chips) 
Seat 2: serotonine91 ($18.48 in chips) 
Seat 3: novak77777 ($6.07 in chips) 
Seat 4: charlesws25 ($10.28 in chips) 
Seat 5: Mahu2021 ($10.45 in chips) 
Seat 6: IVERNMAN ($15.29 in chips) 
serotonine91: posts small blind $0.05
novak77777: posts big blind $0.10
*** HOLE CARDS ***
Dealt to Mahu2021 [9d Ah]
charlesws25: folds 
Mahu2021: folds 
IVERNMAN: raises $0.10 to $0.20
ASENNA76: calls $0.20
serotonine91: folds 
novak77777: calls $0.10
*** FLOP *** [5h 5c Qc]
novak77777: bets $0.31
IVERNMAN: folds 
ASENNA76: raises $0.68 to $0.99
novak77777: calls $0.68
*** TURN *** [5h 5c Qc] [4s]
novak77777: bets $1.16
ASENNA76: raises $4.94 to $6.10
novak77777: folds 
Uncalled bet ($4.94) returned to ASENNA76
ASENNA76 collected $4.73 from pot
ASENNA76: doesn't show hand 
*** SUMMARY ***
Total pot $4.95 | Rake $0.22 
Board [5h 5c Qc 4s]
Seat 1: ASENNA76 (button) collected ($4.73)
Seat 2: serotonine91 (small blind) folded before Flop
Seat 3: novak77777 (big blind) folded on the Turn
Seat 4: charlesws25 folded before Flop (didn't bet)
Seat 5: Mahu2021 folded before Flop (didn't bet)
Seat 6: IVERNMAN folded on the Flop



PokerStars Zoom Hand #254718982912:  Hold'em No Limit ($0.05/$0.10) - 2025/02/05 15:52:27 CET [2025/02/05 9:52:27 ET]
Table 'Aludra' 6-max Seat #1 is the button
Seat 1: Mahu2021 ($10.26 in chips) 
Seat 2: corape ($8.37 in chips) 
Seat 3: bignuts67 ($10 in chips) 
Seat 4: daisuke.ars ($13.47 in chips) 
Seat 5: hiding.by ($10 in chips) 
Seat 6: epejoo ($10.31 in chips) 
corape: posts small blind $0.05
bignuts67: posts big blind $0.10
*** HOLE CARDS ***
Dealt to Mahu2021 [Ac 5c]
daisuke.ars: folds 
hiding.by: raises $0.20 to $0.30
epejoo: folds 
Mahu2021: calls $0.30
corape: folds 
bignuts67: folds 
*** FLOP *** [As 2h Kc]
hiding.by: bets $0.48
Mahu2021: calls $0.48
*** TURN *** [As 2h Kc] [Kd]
hiding.by: checks 
Mahu2021: checks 
*** RIVER *** [As 2h Kc Kd] [Qd]
hiding.by: checks 
Mahu2021: checks 
*** SHOW DOWN ***
hiding.by: shows [Th Ts] (two pair, Kings and Tens)
Mahu2021: shows [Ac 5c] (two pair, Aces and Kings)
Mahu2021 collected $1.63 from pot
*** SUMMARY ***
Total pot $1.71 | Rake $0.08 
Board [As 2h Kc Kd Qd]
Seat 1: Mahu2021 (button) showed [Ac 5c] and won ($1.63) with two pair, Aces and Kings
Seat 2: corape (small blind) folded before Flop
Seat 3: bignuts67 (big blind) folded before Flop
Seat 4: daisuke.ars folded before Flop (didn't bet)
Seat 5: hiding.by showed [Th Ts] and lost with two pair, Kings and Tens
Seat 6: epejoo folded before Flop (didn't bet)



PokerStars Zoom Hand #254718987461:  Hold'em No Limit ($0.05/$0.10) - 2025/02/05 15:52:52 CET [2025/02/05 9:52:52 ET]
Table 'Aludra' 6-max Seat #1 is the button
Seat 1: don caco 10 ($10.25 in chips) 
Seat 2: kSam44 ($26.66 in chips) 
Seat 3: Mahu2021 ($11.11 in chips) 
Seat 4: gini777gini ($8.54 in chips) 
Seat 5: Dré29 ($10.10 in chips) 
Seat 6: ZerON_888 ($10.79 in chips) 
kSam44: posts small blind $0.05
Mahu2021: posts big blind $0.10
*** HOLE CARDS ***
Dealt to Mahu2021 [3s 4h]
gini777gini: folds 
Dré29: folds 
ZerON_888: folds 
don caco 10: folds 
kSam44: folds 
Uncalled bet ($0.05) returned to Mahu2021
Mahu2021 collected $0.10 from pot
Mahu2021: doesn't show hand 
*** SUMMARY ***
Total pot $0.10 | Rake $0 
Seat 1: don caco 10 (button) folded before Flop (didn't bet)
Seat 2: kSam44 (small blind) folded before Flop
Seat 3: Mahu2021 (big blind) collected ($0.10)
Seat 4: gini777gini folded before Flop (didn't bet)
Seat 5: Dré29 folded before Flop (didn't bet)
Seat 6: ZerON_888 folded before Flop (didn't bet)



PokerStars Zoom Hand #254718990414:  Hold'em No Limit ($0.05/$0.10) - 2025/02/05 15:53:08 CET [2025/02/05 9:53:08 ET]
Table 'Aludra' 6-max Seat #1 is the button
Seat 1: DanC996 ($13.05 in chips) 
Seat 2: sigmanolimit ($10.46 in chips) 
Seat 3: ronny2106 ($14.48 in chips) 
Seat 4: MarcosV184 ($3.55 in chips) 
Seat 5: Dré29 ($17.44 in chips) 
Seat 6: Mahu2021 ($11.16 in chips) 
sigmanolimit: posts small blind $0.05
ronny2106: posts big blind $0.10
*** HOLE CARDS ***
Dealt to Mahu2021 [Kh Jh]
MarcosV184: folds 
Dré29: folds 
Mahu2021: raises $0.14 to $0.24
DanC996: calls $0.24
sigmanolimit: folds 
ronny2106: folds 
*** FLOP *** [8h Kd Jc]
Mahu2021: checks 
DanC996: checks 
*** TURN *** [8h Kd Jc] [Js]
Mahu2021: checks 
DanC996: checks 
*** RIVER *** [8h Kd Jc Js] [9c]
Mahu2021: checks 
DanC996: checks 
*** SHOW DOWN ***
Mahu2021: shows [Kh Jh] (a full house, Jacks full of Kings)
DanC996: mucks hand 
Mahu2021 collected $0.60 from pot
*** SUMMARY ***
Total pot $0.63 | Rake $0.03 
Board [8h Kd Jc Js 9c]
Seat 1: DanC996 (button) mucked [Ac 4d]
Seat 2: sigmanolimit (small blind) folded before Flop
Seat 3: ronny2106 (big blind) folded before Flop
Seat 4: MarcosV184 folded before Flop (didn't bet)
Seat 5: Dré29 folded before Flop (didn't bet)
Seat 6: Mahu2021 showed [Kh Jh] and won ($0.60) with a full house, Jacks full of Kings



PokerStars Zoom Hand #254718997298:  Hold'em No Limit ($0.05/$0.10) - 2025/02/05 15:53:46 CET [2025/02/05 9:53:46 ET]
Table 'Aludra' 6-max Seat #1 is the button
Seat 1: WanteD110612 ($7.87 in chips) 
Seat 2: s1auka ($10.13 in chips) 
Seat 3: serotonine91 ($19.09 in chips) 
Seat 4: gini777gini ($9.04 in chips) 
Seat 5: Mahu2021 ($11.52 in chips) 
Seat 6: Stuffy goat ($15.84 in chips) 
s1auka: posts small blind $0.05
serotonine91: posts big blind $0.10
*** HOLE CARDS ***
Dealt to Mahu2021 [Ks Kd]
gini777gini: folds 
Mahu2021: raises $11.42 to $11.52 and is all-in
Stuffy goat: raises $4.32 to $15.84 and is all-in
WanteD110612: folds 
s1auka: folds 
serotonine91: folds 
Uncalled bet ($4.32) returned to Stuffy goat
*** FLOP *** [9s 5s Th]
*** TURN *** [9s 5s Th] [Jh]
*** RIVER *** [9s 5s Th Jh] [Qh]
*** SHOW DOWN ***
Mahu2021: shows [Ks Kd] (a straight, Nine to King)
Stuffy goat: shows [5d 5h] (three of a kind, Fives)
Mahu2021 cashed out the hand for $17.47 | Cash Out Fee $0.36
*** SUMMARY ***
Total pot $23.19 | Rake $1.04 
Board [9s 5s Th Jh Qh]
Seat 1: WanteD110612 (button) folded before Flop (didn't bet)
Seat 2: s1auka (small blind) folded before Flop
Seat 3: serotonine91 (big blind) folded before Flop
Seat 4: gini777gini folded before Flop (didn't bet)
Seat 5: Mahu2021 showed [Ks Kd] and won ($22.15) with a straight, Nine to King (pot not awarded as player cashed out)
Seat 6: Stuffy goat showed [5d 5h] and lost with three of a kind, Fives



