PokerStars Hand #248785149593: Tournament #3713533245, $1.84+$0.16 USD Hold'em No Limit - Level I (10/20) - 2024/02/09 22:04:57 CET [2024/02/09 16:04:57 ET]
Table '3713533245 1' 3-max Seat #1 is the button
Seat 1: ReyTaco (500 in chips) 
Seat 2: Mahu2021 (500 in chips) 
Seat 3: billyloff859 (500 in chips) 
Mahu2021: posts small blind 10
billyloff859: posts big blind 20
*** HOLE CARDS ***
Dealt to Mahu2021 [Jd Kc]
ReyTaco: folds 
Mahu2021: raises 20 to 40
billyloff859: calls 20
*** FLOP *** [Jh As 2d]
Mahu2021: checks 
billyloff859: checks 
*** TURN *** [Jh As 2d] [Th]
Mahu2021: checks 
billyloff859: checks 
*** RIVER *** [Jh As 2d Th] [Ah]
Mahu2021: checks 
billyloff859: checks 
*** SHOW DOWN ***
Mahu2021: shows [Jd Kc] (two pair, Aces and Jacks)
billyloff859: mucks hand 
Mahu2021 collected 80 from pot
*** SUMMARY ***
Total pot 80 | Rake 0 
Board [Jh As 2d Th Ah]
Seat 1: ReyTaco (button) folded before Flop (didn't bet)
Seat 2: Mahu2021 (small blind) showed [Jd Kc] and won (80) with two pair, Aces and Jacks
Seat 3: billyloff859 (big blind) mucked [Qc 8c]



PokerStars Hand #248785155986: Tournament #3713533245, $1.84+$0.16 USD Hold'em No Limit - Level I (10/20) - 2024/02/09 22:05:14 CET [2024/02/09 16:05:14 ET]
Table '3713533245 1' 3-max Seat #2 is the button
Seat 1: ReyTaco (500 in chips) 
Seat 2: Mahu2021 (540 in chips) 
Seat 3: billyloff859 (460 in chips) 
billyloff859: posts small blind 10
ReyTaco: posts big blind 20
*** HOLE CARDS ***
Dealt to Mahu2021 [3c 8c]
Mahu2021: folds 
billyloff859: calls 10
ReyTaco: checks 
*** FLOP *** [5c Td Qd]
billyloff859: checks 
ReyTaco: checks 
*** TURN *** [5c Td Qd] [Kh]
billyloff859: checks 
ReyTaco: bets 20
billyloff859: calls 20
*** RIVER *** [5c Td Qd Kh] [8d]
billyloff859: checks 
ReyTaco: checks 
*** SHOW DOWN ***
billyloff859: shows [7d 9h] (high card King)
ReyTaco: shows [Jd 7s] (high card King - Queen+Jack kicker)
ReyTaco collected 80 from pot
*** SUMMARY ***
Total pot 80 | Rake 0 
Board [5c Td Qd Kh 8d]
Seat 1: ReyTaco (big blind) showed [Jd 7s] and won (80) with high card King
Seat 2: Mahu2021 (button) folded before Flop (didn't bet)
Seat 3: billyloff859 (small blind) showed [7d 9h] and lost with high card King



PokerStars Hand #248785170329: Tournament #3713533245, $1.84+$0.16 USD Hold'em No Limit - Level I (10/20) - 2024/02/09 22:05:52 CET [2024/02/09 16:05:52 ET]
Table '3713533245 1' 3-max Seat #3 is the button
Seat 1: ReyTaco (540 in chips) 
Seat 2: Mahu2021 (540 in chips) 
Seat 3: billyloff859 (420 in chips) 
ReyTaco: posts small blind 10
Mahu2021: posts big blind 20
*** HOLE CARDS ***
Dealt to Mahu2021 [3d 9s]
billyloff859: raises 20 to 40
ReyTaco: calls 30
Mahu2021: folds 
*** FLOP *** [6d 5d 6h]
ReyTaco: checks 
billyloff859: checks 
*** TURN *** [6d 5d 6h] [2d]
ReyTaco: bets 20
billyloff859: calls 20
*** RIVER *** [6d 5d 6h 2d] [3s]
ReyTaco: checks 
billyloff859: checks 
*** SHOW DOWN ***
ReyTaco: shows [Kh 9h] (a pair of Sixes)
billyloff859: shows [Ah Qs] (a pair of Sixes - Ace kicker)
billyloff859 collected 140 from pot
*** SUMMARY ***
Total pot 140 | Rake 0 
Board [6d 5d 6h 2d 3s]
Seat 1: ReyTaco (small blind) showed [Kh 9h] and lost with a pair of Sixes
Seat 2: Mahu2021 (big blind) folded before Flop
Seat 3: billyloff859 (button) showed [Ah Qs] and won (140) with a pair of Sixes



PokerStars Hand #248785177879: Tournament #3713533245, $1.84+$0.16 USD Hold'em No Limit - Level I (10/20) - 2024/02/09 22:06:12 CET [2024/02/09 16:06:12 ET]
Table '3713533245 1' 3-max Seat #1 is the button
Seat 1: ReyTaco (480 in chips) 
Seat 2: Mahu2021 (520 in chips) 
Seat 3: billyloff859 (500 in chips) 
Mahu2021: posts small blind 10
billyloff859: posts big blind 20
*** HOLE CARDS ***
Dealt to Mahu2021 [7s 7c]
ReyTaco: raises 20 to 40
Mahu2021: calls 30
billyloff859: calls 20
*** FLOP *** [5d 6s 8d]
Mahu2021: bets 120
billyloff859: calls 120
ReyTaco: folds 
*** TURN *** [5d 6s 8d] [6c]
Mahu2021: bets 360 and is all-in
billyloff859: calls 340 and is all-in
Uncalled bet (20) returned to Mahu2021
*** RIVER *** [5d 6s 8d 6c] [Qh]
*** SHOW DOWN ***
Mahu2021: shows [7s 7c] (two pair, Sevens and Sixes)
billyloff859: shows [9c 7h] (a straight, Five to Nine)
billyloff859 collected 1040 from pot
*** SUMMARY ***
Total pot 1040 | Rake 0 
Board [5d 6s 8d 6c Qh]
Seat 1: ReyTaco (button) folded on the Flop
Seat 2: Mahu2021 (small blind) showed [7s 7c] and lost with two pair, Sevens and Sixes
Seat 3: billyloff859 (big blind) showed [9c 7h] and won (1040) with a straight, Five to Nine



PokerStars Hand #248785185838: Tournament #3713533245, $1.84+$0.16 USD Hold'em No Limit - Level I (10/20) - 2024/02/09 22:06:34 CET [2024/02/09 16:06:34 ET]
Table '3713533245 1' 3-max Seat #2 is the button
Seat 1: ReyTaco (440 in chips) 
Seat 2: Mahu2021 (20 in chips) 
Seat 3: billyloff859 (1040 in chips) 
billyloff859: posts small blind 10
ReyTaco: posts big blind 20
*** HOLE CARDS ***
Dealt to Mahu2021 [Tc Td]
Mahu2021: calls 20 and is all-in
billyloff859: calls 10
ReyTaco: checks 
*** FLOP *** [6d Th As]
billyloff859: checks 
ReyTaco: checks 
*** TURN *** [6d Th As] [Kc]
billyloff859: checks 
ReyTaco: checks 
*** RIVER *** [6d Th As Kc] [9d]
billyloff859: checks 
ReyTaco: checks 
*** SHOW DOWN ***
billyloff859: shows [Qd 5h] (high card Ace)
ReyTaco: mucks hand 
Mahu2021: shows [Tc Td] (three of a kind, Tens)
Mahu2021 collected 60 from pot
*** SUMMARY ***
Total pot 60 | Rake 0 
Board [6d Th As Kc 9d]
Seat 1: ReyTaco (big blind) mucked [4s 3c]
Seat 2: Mahu2021 (button) showed [Tc Td] and won (60) with three of a kind, Tens
Seat 3: billyloff859 (small blind) showed [Qd 5h] and lost with high card Ace



PokerStars Hand #248785192659: Tournament #3713533245, $1.84+$0.16 USD Hold'em No Limit - Level I (10/20) - 2024/02/09 22:06:52 CET [2024/02/09 16:06:52 ET]
Table '3713533245 1' 3-max Seat #3 is the button
Seat 1: ReyTaco (420 in chips) 
Seat 2: Mahu2021 (60 in chips) 
Seat 3: billyloff859 (1020 in chips) 
ReyTaco: posts small blind 10
Mahu2021: posts big blind 20
*** HOLE CARDS ***
Dealt to Mahu2021 [4h 3c]
billyloff859: raises 20 to 40
ReyTaco: calls 30
Mahu2021: folds 
*** FLOP *** [Td 7h 3s]
ReyTaco: checks 
billyloff859: checks 
*** TURN *** [Td 7h 3s] [2d]
ReyTaco: checks 
billyloff859: checks 
*** RIVER *** [Td 7h 3s 2d] [8d]
ReyTaco: bets 40
billyloff859: raises 40 to 80
ReyTaco: folds 
Uncalled bet (40) returned to billyloff859
billyloff859 collected 180 from pot
*** SUMMARY ***
Total pot 180 | Rake 0 
Board [Td 7h 3s 2d 8d]
Seat 1: ReyTaco (small blind) folded on the River
Seat 2: Mahu2021 (big blind) folded before Flop
Seat 3: billyloff859 (button) collected (180)



PokerStars Hand #248785200418: Tournament #3713533245, $1.84+$0.16 USD Hold'em No Limit - Level I (10/20) - 2024/02/09 22:07:13 CET [2024/02/09 16:07:13 ET]
Table '3713533245 1' 3-max Seat #1 is the button
Seat 1: ReyTaco (340 in chips) 
Seat 2: Mahu2021 (40 in chips) 
Seat 3: billyloff859 (1120 in chips) 
Mahu2021: posts small blind 10
billyloff859: posts big blind 20
*** HOLE CARDS ***
Dealt to Mahu2021 [7h 6c]
ReyTaco: raises 20 to 40
Mahu2021: calls 30 and is all-in
billyloff859: raises 20 to 60
ReyTaco: calls 20
*** FLOP *** [9h 5c Kc]
billyloff859: checks 
ReyTaco: bets 53
billyloff859: calls 53
*** TURN *** [9h 5c Kc] [9d]
billyloff859: checks 
ReyTaco: checks 
*** RIVER *** [9h 5c Kc 9d] [8c]
billyloff859: checks 
ReyTaco: checks 
*** SHOW DOWN ***
billyloff859: shows [6s 6h] (two pair, Nines and Sixes)
ReyTaco: mucks hand 
billyloff859 collected 146 from side pot
Mahu2021: shows [7h 6c] (a straight, Five to Nine)
Mahu2021 collected 120 from main pot
*** SUMMARY ***
Total pot 266 Main pot 120. Side pot 146. | Rake 0 
Board [9h 5c Kc 9d 8c]
Seat 1: ReyTaco (button) mucked [Tc Qh]
Seat 2: Mahu2021 (small blind) showed [7h 6c] and won (120) with a straight, Five to Nine
Seat 3: billyloff859 (big blind) showed [6s 6h] and won (146) with two pair, Nines and Sixes



PokerStars Hand #248785211385: Tournament #3713533245, $1.84+$0.16 USD Hold'em No Limit - Level I (10/20) - 2024/02/09 22:07:43 CET [2024/02/09 16:07:43 ET]
Table '3713533245 1' 3-max Seat #2 is the button
Seat 1: ReyTaco (227 in chips) 
Seat 2: Mahu2021 (120 in chips) 
Seat 3: billyloff859 (1153 in chips) 
billyloff859: posts small blind 10
ReyTaco: posts big blind 20
*** HOLE CARDS ***
Dealt to Mahu2021 [3h Ac]
Mahu2021: raises 100 to 120 and is all-in
billyloff859: folds 
ReyTaco: folds 
Uncalled bet (100) returned to Mahu2021
Mahu2021 collected 50 from pot
Mahu2021: doesn't show hand 
*** SUMMARY ***
Total pot 50 | Rake 0 
Seat 1: ReyTaco (big blind) folded before Flop
Seat 2: Mahu2021 (button) collected (50)
Seat 3: billyloff859 (small blind) folded before Flop



PokerStars Hand #248785215785: Tournament #3713533245, $1.84+$0.16 USD Hold'em No Limit - Level I (10/20) - 2024/02/09 22:07:54 CET [2024/02/09 16:07:54 ET]
Table '3713533245 1' 3-max Seat #3 is the button
Seat 1: ReyTaco (207 in chips) 
Seat 2: Mahu2021 (150 in chips) 
Seat 3: billyloff859 (1143 in chips) 
ReyTaco: posts small blind 10
Mahu2021: posts big blind 20
*** HOLE CARDS ***
Dealt to Mahu2021 [6h 2h]
billyloff859: calls 20
ReyTaco: raises 187 to 207 and is all-in
Mahu2021: folds 
billyloff859: calls 187
*** FLOP *** [Ks 6s 7c]
*** TURN *** [Ks 6s 7c] [Ad]
*** RIVER *** [Ks 6s 7c Ad] [5h]
*** SHOW DOWN ***
ReyTaco: shows [Kh 3s] (a pair of Kings)
billyloff859: shows [Ts 9s] (high card Ace)
ReyTaco collected 434 from pot
*** SUMMARY ***
Total pot 434 | Rake 0 
Board [Ks 6s 7c Ad 5h]
Seat 1: ReyTaco (small blind) showed [Kh 3s] and won (434) with a pair of Kings
Seat 2: Mahu2021 (big blind) folded before Flop
Seat 3: billyloff859 (button) showed [Ts 9s] and lost with high card Ace



PokerStars Hand #248785223197: Tournament #3713533245, $1.84+$0.16 USD Hold'em No Limit - Level II (15/30) - 2024/02/09 22:08:14 CET [2024/02/09 16:08:14 ET]
Table '3713533245 1' 3-max Seat #1 is the button
Seat 1: ReyTaco (434 in chips) 
Seat 2: Mahu2021 (130 in chips) 
Seat 3: billyloff859 (936 in chips) 
Mahu2021: posts small blind 15
billyloff859: posts big blind 30
*** HOLE CARDS ***
Dealt to Mahu2021 [Td Qc]
ReyTaco: folds 
Mahu2021: raises 100 to 130 and is all-in
billyloff859: folds 
Uncalled bet (100) returned to Mahu2021
Mahu2021 collected 60 from pot
Mahu2021: doesn't show hand 
*** SUMMARY ***
Total pot 60 | Rake 0 
Seat 1: ReyTaco (button) folded before Flop (didn't bet)
Seat 2: Mahu2021 (small blind) collected (60)
Seat 3: billyloff859 (big blind) folded before Flop



PokerStars Hand #248785226416: Tournament #3713533245, $1.84+$0.16 USD Hold'em No Limit - Level II (15/30) - 2024/02/09 22:08:23 CET [2024/02/09 16:08:23 ET]
Table '3713533245 1' 3-max Seat #2 is the button
Seat 1: ReyTaco (434 in chips) 
Seat 2: Mahu2021 (160 in chips) 
Seat 3: billyloff859 (906 in chips) 
billyloff859: posts small blind 15
ReyTaco: posts big blind 30
*** HOLE CARDS ***
Dealt to Mahu2021 [Ac 6s]
Mahu2021: raises 130 to 160 and is all-in
billyloff859: folds 
ReyTaco: calls 130
*** FLOP *** [Js Ts 2d]
*** TURN *** [Js Ts 2d] [Tc]
*** RIVER *** [Js Ts 2d Tc] [3h]
*** SHOW DOWN ***
ReyTaco: shows [9d Kd] (a pair of Tens)
Mahu2021: shows [Ac 6s] (a pair of Tens - Ace kicker)
Mahu2021 collected 335 from pot
*** SUMMARY ***
Total pot 335 | Rake 0 
Board [Js Ts 2d Tc 3h]
Seat 1: ReyTaco (big blind) showed [9d Kd] and lost with a pair of Tens
Seat 2: Mahu2021 (button) showed [Ac 6s] and won (335) with a pair of Tens
Seat 3: billyloff859 (small blind) folded before Flop



PokerStars Hand #248785231821: Tournament #3713533245, $1.84+$0.16 USD Hold'em No Limit - Level II (15/30) - 2024/02/09 22:08:38 CET [2024/02/09 16:08:38 ET]
Table '3713533245 1' 3-max Seat #3 is the button
Seat 1: ReyTaco (274 in chips) 
Seat 2: Mahu2021 (335 in chips) 
Seat 3: billyloff859 (891 in chips) 
ReyTaco: posts small blind 15
Mahu2021: posts big blind 30
*** HOLE CARDS ***
Dealt to Mahu2021 [Jd 3d]
billyloff859: calls 30
ReyTaco: calls 15
Mahu2021: checks 
*** FLOP *** [Th Qc 2d]
ReyTaco: checks 
Mahu2021: checks 
billyloff859: checks 
*** TURN *** [Th Qc 2d] [3c]
ReyTaco: bets 30
Mahu2021: calls 30
billyloff859: calls 30
*** RIVER *** [Th Qc 2d 3c] [5s]
ReyTaco: bets 120
Mahu2021: folds 
billyloff859: raises 120 to 240
ReyTaco: calls 94 and is all-in
Uncalled bet (26) returned to billyloff859
*** SHOW DOWN ***
billyloff859: shows [5c Ts] (two pair, Tens and Fives)
ReyTaco: shows [Qd 5d] (two pair, Queens and Fives)
ReyTaco collected 608 from pot
*** SUMMARY ***
Total pot 608 | Rake 0 
Board [Th Qc 2d 3c 5s]
Seat 1: ReyTaco (small blind) showed [Qd 5d] and won (608) with two pair, Queens and Fives
Seat 2: Mahu2021 (big blind) folded on the River
Seat 3: billyloff859 (button) showed [5c Ts] and lost with two pair, Tens and Fives



PokerStars Hand #248785240729: Tournament #3713533245, $1.84+$0.16 USD Hold'em No Limit - Level II (15/30) - 2024/02/09 22:09:02 CET [2024/02/09 16:09:02 ET]
Table '3713533245 1' 3-max Seat #1 is the button
Seat 1: ReyTaco (608 in chips) 
Seat 2: Mahu2021 (275 in chips) 
Seat 3: billyloff859 (617 in chips) 
Mahu2021: posts small blind 15
billyloff859: posts big blind 30
*** HOLE CARDS ***
Dealt to Mahu2021 [As Ac]
ReyTaco: folds 
Mahu2021: raises 245 to 275 and is all-in
billyloff859: folds 
Uncalled bet (245) returned to Mahu2021
Mahu2021 collected 60 from pot
Mahu2021: doesn't show hand 
*** SUMMARY ***
Total pot 60 | Rake 0 
Seat 1: ReyTaco (button) folded before Flop (didn't bet)
Seat 2: Mahu2021 (small blind) collected (60)
Seat 3: billyloff859 (big blind) folded before Flop



PokerStars Hand #248785244038: Tournament #3713533245, $1.84+$0.16 USD Hold'em No Limit - Level II (15/30) - 2024/02/09 22:09:10 CET [2024/02/09 16:09:10 ET]
Table '3713533245 1' 3-max Seat #2 is the button
Seat 1: ReyTaco (608 in chips) 
Seat 2: Mahu2021 (305 in chips) 
Seat 3: billyloff859 (587 in chips) 
billyloff859: posts small blind 15
ReyTaco: posts big blind 30
*** HOLE CARDS ***
Dealt to Mahu2021 [4c 2s]
Mahu2021: folds 
billyloff859: calls 15
ReyTaco: raises 45 to 75
billyloff859: calls 45
*** FLOP *** [7d 9s 4s]
billyloff859: checks 
ReyTaco: bets 50
billyloff859: calls 50
*** TURN *** [7d 9s 4s] [Td]
billyloff859: checks 
ReyTaco: checks 
*** RIVER *** [7d 9s 4s Td] [Th]
billyloff859: bets 30
ReyTaco: calls 30
*** SHOW DOWN ***
billyloff859: shows [8s Ad] (a pair of Tens)
ReyTaco: shows [Qs As] (a pair of Tens - Ace+Queen kicker)
ReyTaco collected 310 from pot
*** SUMMARY ***
Total pot 310 | Rake 0 
Board [7d 9s 4s Td Th]
Seat 1: ReyTaco (big blind) showed [Qs As] and won (310) with a pair of Tens
Seat 2: Mahu2021 (button) folded before Flop (didn't bet)
Seat 3: billyloff859 (small blind) showed [8s Ad] and lost with a pair of Tens



PokerStars Hand #248785252307: Tournament #3713533245, $1.84+$0.16 USD Hold'em No Limit - Level II (15/30) - 2024/02/09 22:09:33 CET [2024/02/09 16:09:33 ET]
Table '3713533245 1' 3-max Seat #3 is the button
Seat 1: ReyTaco (763 in chips) 
Seat 2: Mahu2021 (305 in chips) 
Seat 3: billyloff859 (432 in chips) 
ReyTaco: posts small blind 15
Mahu2021: posts big blind 30
*** HOLE CARDS ***
Dealt to Mahu2021 [3d 3s]
billyloff859: raises 90 to 120
ReyTaco: folds 
Mahu2021: raises 185 to 305 and is all-in
billyloff859: calls 185
*** FLOP *** [4d 7h 2s]
*** TURN *** [4d 7h 2s] [Kh]
*** RIVER *** [4d 7h 2s Kh] [5c]
*** SHOW DOWN ***
Mahu2021: shows [3d 3s] (a pair of Threes)
billyloff859: shows [9d Ad] (high card Ace)
Mahu2021 collected 625 from pot
*** SUMMARY ***
Total pot 625 | Rake 0 
Board [4d 7h 2s Kh 5c]
Seat 1: ReyTaco (small blind) folded before Flop
Seat 2: Mahu2021 (big blind) showed [3d 3s] and won (625) with a pair of Threes
Seat 3: billyloff859 (button) showed [9d Ad] and lost with high card Ace



PokerStars Hand #248785258232: Tournament #3713533245, $1.84+$0.16 USD Hold'em No Limit - Level II (15/30) - 2024/02/09 22:09:49 CET [2024/02/09 16:09:49 ET]
Table '3713533245 1' 3-max Seat #1 is the button
Seat 1: ReyTaco (748 in chips) 
Seat 2: Mahu2021 (625 in chips) 
Seat 3: billyloff859 (127 in chips) 
Mahu2021: posts small blind 15
billyloff859: posts big blind 30
*** HOLE CARDS ***
Dealt to Mahu2021 [Kd Kh]
ReyTaco: raises 30 to 60
Mahu2021: raises 565 to 625 and is all-in
billyloff859: calls 97 and is all-in
ReyTaco: calls 565
*** FLOP *** [Ad 5s Qc]
*** TURN *** [Ad 5s Qc] [7h]
*** RIVER *** [Ad 5s Qc 7h] [Ac]
*** SHOW DOWN ***
Mahu2021: shows [Kd Kh] (two pair, Aces and Kings)
ReyTaco: shows [Ah Js] (three of a kind, Aces)
ReyTaco collected 996 from side pot
billyloff859: shows [Qd 8d] (two pair, Aces and Queens)
ReyTaco collected 381 from main pot
Mahu2021 finished the tournament in 2nd place
billyloff859 finished the tournament in 3rd place
ReyTaco wins the tournament and receives $6.00 - congratulations!
*** SUMMARY ***
Total pot 1377 Main pot 381. Side pot 996. | Rake 0 
Board [Ad 5s Qc 7h Ac]
Seat 1: ReyTaco (button) showed [Ah Js] and won (1377) with three of a kind, Aces
Seat 2: Mahu2021 (small blind) showed [Kd Kh] and lost with two pair, Aces and Kings
Seat 3: billyloff859 (big blind) showed [Qd 8d] and lost with two pair, Aces and Queens



