PokerStars Hand #248909045887: Tournament #3716447664, $1.84+$0.16 USD Hold'em No Limit - Level I (10/20) - 2024/02/16 12:27:15 CET [2024/02/16 6:27:15 ET]
Table '3716447664 1' 3-max Seat #1 is the button
Seat 1: frusciantee2 (500 in chips) 
Seat 2: eLPe21 (500 in chips) 
Seat 3: Mahu2021 (500 in chips) 
eLPe21: posts small blind 10
Mahu2021: posts big blind 20
*** HOLE CARDS ***
Dealt to Mahu2021 [8d 6d]
frusciantee2: raises 20 to 40
eLPe21: folds 
Mahu2021: calls 20
*** FLOP *** [3s Ts 9c]
Mahu2021: checks 
frusciantee2: checks 
*** TURN *** [3s Ts 9c] [Kd]
Mahu2021: checks 
frusciantee2: checks 
*** RIVER *** [3s Ts 9c Kd] [8s]
Mahu2021: checks 
frusciantee2: checks 
*** SHOW DOWN ***
Mahu2021: shows [8d 6d] (a pair of Eights)
frusciantee2: mucks hand 
Mahu2021 collected 90 from pot
*** SUMMARY ***
Total pot 90 | Rake 0 
Board [3s Ts 9c Kd 8s]
Seat 1: frusciantee2 (button) mucked [Ah Jd]
Seat 2: eLPe21 (small blind) folded before Flop
Seat 3: Mahu2021 (big blind) showed [8d 6d] and won (90) with a pair of Eights



PokerStars Hand #248909048233: Tournament #3716447664, $1.84+$0.16 USD Hold'em No Limit - Level I (10/20) - 2024/02/16 12:27:31 CET [2024/02/16 6:27:31 ET]
Table '3716447664 1' 3-max Seat #2 is the button
Seat 1: frusciantee2 (460 in chips) 
Seat 2: eLPe21 (490 in chips) 
Seat 3: Mahu2021 (550 in chips) 
Mahu2021: posts small blind 10
frusciantee2: posts big blind 20
*** HOLE CARDS ***
Dealt to Mahu2021 [Kd 6c]
eLPe21: folds 
Mahu2021: calls 10
frusciantee2: checks 
*** FLOP *** [Ks Qh 4d]
Mahu2021: bets 20
frusciantee2: folds 
Uncalled bet (20) returned to Mahu2021
Mahu2021 collected 40 from pot
Mahu2021: doesn't show hand 
*** SUMMARY ***
Total pot 40 | Rake 0 
Board [Ks Qh 4d]
Seat 1: frusciantee2 (big blind) folded on the Flop
Seat 2: eLPe21 (button) folded before Flop (didn't bet)
Seat 3: Mahu2021 (small blind) collected (40)



PokerStars Hand #248909049896: Tournament #3716447664, $1.84+$0.16 USD Hold'em No Limit - Level I (10/20) - 2024/02/16 12:27:42 CET [2024/02/16 6:27:42 ET]
Table '3716447664 1' 3-max Seat #3 is the button
Seat 1: frusciantee2 (440 in chips) 
Seat 2: eLPe21 (490 in chips) 
Seat 3: Mahu2021 (570 in chips) 
frusciantee2: posts small blind 10
eLPe21: posts big blind 20
*** HOLE CARDS ***
Dealt to Mahu2021 [3s 3h]
Mahu2021: raises 20 to 40
frusciantee2: calls 30
eLPe21: calls 20
*** FLOP *** [8s Qh 3d]
frusciantee2: checks 
eLPe21: checks 
Mahu2021: bets 20
frusciantee2: calls 20
eLPe21: folds 
*** TURN *** [8s Qh 3d] [7s]
frusciantee2: checks 
Mahu2021: bets 20
frusciantee2: calls 20
*** RIVER *** [8s Qh 3d 7s] [Ah]
frusciantee2: checks 
Mahu2021: bets 40
frusciantee2: folds 
Uncalled bet (40) returned to Mahu2021
Mahu2021 collected 200 from pot
Mahu2021: doesn't show hand 
*** SUMMARY ***
Total pot 200 | Rake 0 
Board [8s Qh 3d 7s Ah]
Seat 1: frusciantee2 (small blind) folded on the River
Seat 2: eLPe21 (big blind) folded on the Flop
Seat 3: Mahu2021 (button) collected (200)



PokerStars Hand #248909053837: Tournament #3716447664, $1.84+$0.16 USD Hold'em No Limit - Level I (10/20) - 2024/02/16 12:28:08 CET [2024/02/16 6:28:08 ET]
Table '3716447664 1' 3-max Seat #1 is the button
Seat 1: frusciantee2 (360 in chips) 
Seat 2: eLPe21 (450 in chips) 
Seat 3: Mahu2021 (690 in chips) 
eLPe21: posts small blind 10
Mahu2021: posts big blind 20
*** HOLE CARDS ***
Dealt to Mahu2021 [9c 6c]
frusciantee2: folds 
eLPe21: calls 10
Mahu2021: checks 
*** FLOP *** [8c Tc Td]
eLPe21: checks 
Mahu2021: bets 20
eLPe21: folds 
Uncalled bet (20) returned to Mahu2021
Mahu2021 collected 40 from pot
Mahu2021: doesn't show hand 
*** SUMMARY ***
Total pot 40 | Rake 0 
Board [8c Tc Td]
Seat 1: frusciantee2 (button) folded before Flop (didn't bet)
Seat 2: eLPe21 (small blind) folded on the Flop
Seat 3: Mahu2021 (big blind) collected (40)



PokerStars Hand #248909056191: Tournament #3716447664, $1.84+$0.16 USD Hold'em No Limit - Level I (10/20) - 2024/02/16 12:28:24 CET [2024/02/16 6:28:24 ET]
Table '3716447664 1' 3-max Seat #2 is the button
Seat 1: frusciantee2 (360 in chips) 
Seat 2: eLPe21 (430 in chips) 
Seat 3: Mahu2021 (710 in chips) 
Mahu2021: posts small blind 10
frusciantee2: posts big blind 20
*** HOLE CARDS ***
Dealt to Mahu2021 [2c 7c]
eLPe21: raises 20 to 40
Mahu2021: folds 
frusciantee2: folds 
Uncalled bet (20) returned to eLPe21
eLPe21 collected 50 from pot
eLPe21: doesn't show hand 
*** SUMMARY ***
Total pot 50 | Rake 0 
Seat 1: frusciantee2 (big blind) folded before Flop
Seat 2: eLPe21 (button) collected (50)
Seat 3: Mahu2021 (small blind) folded before Flop



PokerStars Hand #248909056993: Tournament #3716447664, $1.84+$0.16 USD Hold'em No Limit - Level I (10/20) - 2024/02/16 12:28:29 CET [2024/02/16 6:28:29 ET]
Table '3716447664 1' 3-max Seat #3 is the button
Seat 1: frusciantee2 (340 in chips) 
Seat 2: eLPe21 (460 in chips) 
Seat 3: Mahu2021 (700 in chips) 
frusciantee2: posts small blind 10
eLPe21: posts big blind 20
*** HOLE CARDS ***
Dealt to Mahu2021 [5d 5s]
Mahu2021: raises 20 to 40
frusciantee2: calls 30
eLPe21: calls 20
*** FLOP *** [Td Th 2s]
frusciantee2: checks 
eLPe21: bets 60
Mahu2021: folds 
frusciantee2: folds 
Uncalled bet (60) returned to eLPe21
eLPe21 collected 120 from pot
eLPe21: doesn't show hand 
*** SUMMARY ***
Total pot 120 | Rake 0 
Board [Td Th 2s]
Seat 1: frusciantee2 (small blind) folded on the Flop
Seat 2: eLPe21 (big blind) collected (120)
Seat 3: Mahu2021 (button) folded on the Flop



PokerStars Hand #248909060530: Tournament #3716447664, $1.84+$0.16 USD Hold'em No Limit - Level I (10/20) - 2024/02/16 12:28:52 CET [2024/02/16 6:28:52 ET]
Table '3716447664 1' 3-max Seat #1 is the button
Seat 1: frusciantee2 (300 in chips) 
Seat 2: eLPe21 (540 in chips) 
Seat 3: Mahu2021 (660 in chips) 
eLPe21: posts small blind 10
Mahu2021: posts big blind 20
*** HOLE CARDS ***
Dealt to Mahu2021 [5d 2c]
frusciantee2: raises 20 to 40
eLPe21: folds 
Mahu2021: folds 
Uncalled bet (20) returned to frusciantee2
frusciantee2 collected 50 from pot
*** SUMMARY ***
Total pot 50 | Rake 0 
Seat 1: frusciantee2 (button) collected (50)
Seat 2: eLPe21 (small blind) folded before Flop
Seat 3: Mahu2021 (big blind) folded before Flop



PokerStars Hand #248909061584: Tournament #3716447664, $1.84+$0.16 USD Hold'em No Limit - Level I (10/20) - 2024/02/16 12:28:59 CET [2024/02/16 6:28:59 ET]
Table '3716447664 1' 3-max Seat #2 is the button
Seat 1: frusciantee2 (330 in chips) 
Seat 2: eLPe21 (530 in chips) 
Seat 3: Mahu2021 (640 in chips) 
Mahu2021: posts small blind 10
frusciantee2: posts big blind 20
*** HOLE CARDS ***
Dealt to Mahu2021 [7h Js]
eLPe21: raises 20 to 40
Mahu2021: calls 30
frusciantee2: folds 
*** FLOP *** [2h Ac Kh]
Mahu2021: checks 
eLPe21: bets 30
Mahu2021: folds 
Uncalled bet (30) returned to eLPe21
eLPe21 collected 100 from pot
eLPe21: doesn't show hand 
*** SUMMARY ***
Total pot 100 | Rake 0 
Board [2h Ac Kh]
Seat 1: frusciantee2 (big blind) folded before Flop
Seat 2: eLPe21 (button) collected (100)
Seat 3: Mahu2021 (small blind) folded on the Flop



PokerStars Hand #248909063169: Tournament #3716447664, $1.84+$0.16 USD Hold'em No Limit - Level I (10/20) - 2024/02/16 12:29:10 CET [2024/02/16 6:29:10 ET]
Table '3716447664 1' 3-max Seat #3 is the button
Seat 1: frusciantee2 (310 in chips) 
Seat 2: eLPe21 (590 in chips) 
Seat 3: Mahu2021 (600 in chips) 
frusciantee2: posts small blind 10
eLPe21: posts big blind 20
*** HOLE CARDS ***
Dealt to Mahu2021 [5c Qh]
Mahu2021: folds 
frusciantee2: raises 20 to 40
eLPe21: calls 20
*** FLOP *** [Td 7s 8c]
frusciantee2: bets 20
eLPe21: folds 
Uncalled bet (20) returned to frusciantee2
frusciantee2 collected 80 from pot
*** SUMMARY ***
Total pot 80 | Rake 0 
Board [Td 7s 8c]
Seat 1: frusciantee2 (small blind) collected (80)
Seat 2: eLPe21 (big blind) folded on the Flop
Seat 3: Mahu2021 (button) folded before Flop (didn't bet)



PokerStars Hand #248909065928: Tournament #3716447664, $1.84+$0.16 USD Hold'em No Limit - Level I (10/20) - 2024/02/16 12:29:28 CET [2024/02/16 6:29:28 ET]
Table '3716447664 1' 3-max Seat #1 is the button
Seat 1: frusciantee2 (350 in chips) 
Seat 2: eLPe21 (550 in chips) 
Seat 3: Mahu2021 (600 in chips) 
eLPe21: posts small blind 10
Mahu2021: posts big blind 20
*** HOLE CARDS ***
Dealt to Mahu2021 [2c 8h]
frusciantee2: folds 
eLPe21: calls 10
Mahu2021: checks 
*** FLOP *** [Qh 7d 4d]
eLPe21: bets 20
Mahu2021: folds 
Uncalled bet (20) returned to eLPe21
eLPe21 collected 40 from pot
eLPe21: doesn't show hand 
*** SUMMARY ***
Total pot 40 | Rake 0 
Board [Qh 7d 4d]
Seat 1: frusciantee2 (button) folded before Flop (didn't bet)
Seat 2: eLPe21 (small blind) collected (40)
Seat 3: Mahu2021 (big blind) folded on the Flop



PokerStars Hand #248909067298: Tournament #3716447664, $1.84+$0.16 USD Hold'em No Limit - Level I (10/20) - 2024/02/16 12:29:36 CET [2024/02/16 6:29:36 ET]
Table '3716447664 1' 3-max Seat #2 is the button
Seat 1: frusciantee2 (350 in chips) 
Seat 2: eLPe21 (570 in chips) 
Seat 3: Mahu2021 (580 in chips) 
Mahu2021: posts small blind 10
frusciantee2: posts big blind 20
*** HOLE CARDS ***
Dealt to Mahu2021 [4c 8d]
eLPe21: folds 
Mahu2021: folds 
Uncalled bet (10) returned to frusciantee2
frusciantee2 collected 20 from pot
*** SUMMARY ***
Total pot 20 | Rake 0 
Seat 1: frusciantee2 (big blind) collected (20)
Seat 2: eLPe21 (button) folded before Flop (didn't bet)
Seat 3: Mahu2021 (small blind) folded before Flop



PokerStars Hand #248909068102: Tournament #3716447664, $1.84+$0.16 USD Hold'em No Limit - Level I (10/20) - 2024/02/16 12:29:41 CET [2024/02/16 6:29:41 ET]
Table '3716447664 1' 3-max Seat #3 is the button
Seat 1: frusciantee2 (360 in chips) 
Seat 2: eLPe21 (570 in chips) 
Seat 3: Mahu2021 (570 in chips) 
frusciantee2: posts small blind 10
eLPe21: posts big blind 20
*** HOLE CARDS ***
Dealt to Mahu2021 [8h Jh]
Mahu2021: raises 20 to 40
frusciantee2: calls 30
eLPe21: calls 20
*** FLOP *** [9d 7h Ks]
frusciantee2: checks 
eLPe21: checks 
Mahu2021: checks 
*** TURN *** [9d 7h Ks] [5h]
frusciantee2: bets 120
eLPe21: folds 
Mahu2021: calls 120
*** RIVER *** [9d 7h Ks 5h] [Kc]
frusciantee2: bets 200 and is all-in
Mahu2021: folds 
Uncalled bet (200) returned to frusciantee2
frusciantee2 collected 360 from pot
*** SUMMARY ***
Total pot 360 | Rake 0 
Board [9d 7h Ks 5h Kc]
Seat 1: frusciantee2 (small blind) collected (360)
Seat 2: eLPe21 (big blind) folded on the Turn
Seat 3: Mahu2021 (button) folded on the River



PokerStars Hand #248909071581: Tournament #3716447664, $1.84+$0.16 USD Hold'em No Limit - Level I (10/20) - 2024/02/16 12:30:04 CET [2024/02/16 6:30:04 ET]
Table '3716447664 1' 3-max Seat #1 is the button
Seat 1: frusciantee2 (560 in chips) 
Seat 2: eLPe21 (530 in chips) 
Seat 3: Mahu2021 (410 in chips) 
eLPe21: posts small blind 10
Mahu2021: posts big blind 20
*** HOLE CARDS ***
Dealt to Mahu2021 [Ts 9h]
frusciantee2: folds 
eLPe21: calls 10
Mahu2021: checks 
*** FLOP *** [Ks Qd 5d]
eLPe21: checks 
Mahu2021: checks 
*** TURN *** [Ks Qd 5d] [7h]
eLPe21: checks 
Mahu2021: bets 40
eLPe21: folds 
Uncalled bet (40) returned to Mahu2021
Mahu2021 collected 40 from pot
Mahu2021: doesn't show hand 
*** SUMMARY ***
Total pot 40 | Rake 0 
Board [Ks Qd 5d 7h]
Seat 1: frusciantee2 (button) folded before Flop (didn't bet)
Seat 2: eLPe21 (small blind) folded on the Turn
Seat 3: Mahu2021 (big blind) collected (40)



PokerStars Hand #248909075166: Tournament #3716447664, $1.84+$0.16 USD Hold'em No Limit - Level II (15/30) - 2024/02/16 12:30:27 CET [2024/02/16 6:30:27 ET]
Table '3716447664 1' 3-max Seat #2 is the button
Seat 1: frusciantee2 (560 in chips) 
Seat 2: eLPe21 (510 in chips) 
Seat 3: Mahu2021 (430 in chips) 
Mahu2021: posts small blind 15
frusciantee2: posts big blind 30
*** HOLE CARDS ***
Dealt to Mahu2021 [8d 2s]
eLPe21: folds 
Mahu2021: folds 
Uncalled bet (15) returned to frusciantee2
frusciantee2 collected 30 from pot
*** SUMMARY ***
Total pot 30 | Rake 0 
Seat 1: frusciantee2 (big blind) collected (30)
Seat 2: eLPe21 (button) folded before Flop (didn't bet)
Seat 3: Mahu2021 (small blind) folded before Flop



PokerStars Hand #248909075885: Tournament #3716447664, $1.84+$0.16 USD Hold'em No Limit - Level II (15/30) - 2024/02/16 12:30:32 CET [2024/02/16 6:30:32 ET]
Table '3716447664 1' 3-max Seat #3 is the button
Seat 1: frusciantee2 (575 in chips) 
Seat 2: eLPe21 (510 in chips) 
Seat 3: Mahu2021 (415 in chips) 
frusciantee2: posts small blind 15
eLPe21: posts big blind 30
*** HOLE CARDS ***
Dealt to Mahu2021 [Ah 4d]
Mahu2021: raises 30 to 60
frusciantee2: folds 
eLPe21: raises 450 to 510 and is all-in
Mahu2021: folds 
Uncalled bet (450) returned to eLPe21
eLPe21 collected 135 from pot
eLPe21: doesn't show hand 
*** SUMMARY ***
Total pot 135 | Rake 0 
Seat 1: frusciantee2 (small blind) folded before Flop
Seat 2: eLPe21 (big blind) collected (135)
Seat 3: Mahu2021 (button) folded before Flop



PokerStars Hand #248909077461: Tournament #3716447664, $1.84+$0.16 USD Hold'em No Limit - Level II (15/30) - 2024/02/16 12:30:42 CET [2024/02/16 6:30:42 ET]
Table '3716447664 1' 3-max Seat #1 is the button
Seat 1: frusciantee2 (560 in chips) 
Seat 2: eLPe21 (585 in chips) 
Seat 3: Mahu2021 (355 in chips) 
eLPe21: posts small blind 15
Mahu2021: posts big blind 30
*** HOLE CARDS ***
Dealt to Mahu2021 [Jh 3d]
frusciantee2: folds 
eLPe21: raises 555 to 585 and is all-in
Mahu2021: folds 
Uncalled bet (555) returned to eLPe21
eLPe21 collected 60 from pot
eLPe21: doesn't show hand 
*** SUMMARY ***
Total pot 60 | Rake 0 
Seat 1: frusciantee2 (button) folded before Flop (didn't bet)
Seat 2: eLPe21 (small blind) collected (60)
Seat 3: Mahu2021 (big blind) folded before Flop



PokerStars Hand #248909078414: Tournament #3716447664, $1.84+$0.16 USD Hold'em No Limit - Level II (15/30) - 2024/02/16 12:30:49 CET [2024/02/16 6:30:49 ET]
Table '3716447664 1' 3-max Seat #2 is the button
Seat 1: frusciantee2 (560 in chips) 
Seat 2: eLPe21 (615 in chips) 
Seat 3: Mahu2021 (325 in chips) 
Mahu2021: posts small blind 15
frusciantee2: posts big blind 30
*** HOLE CARDS ***
Dealt to Mahu2021 [3h 6h]
eLPe21: raises 585 to 615 and is all-in
Mahu2021: folds 
frusciantee2: folds 
Uncalled bet (585) returned to eLPe21
eLPe21 collected 75 from pot
eLPe21: doesn't show hand 
*** SUMMARY ***
Total pot 75 | Rake 0 
Seat 1: frusciantee2 (big blind) folded before Flop
Seat 2: eLPe21 (button) collected (75)
Seat 3: Mahu2021 (small blind) folded before Flop



PokerStars Hand #248909079183: Tournament #3716447664, $1.84+$0.16 USD Hold'em No Limit - Level II (15/30) - 2024/02/16 12:30:54 CET [2024/02/16 6:30:54 ET]
Table '3716447664 1' 3-max Seat #3 is the button
Seat 1: frusciantee2 (530 in chips) 
Seat 2: eLPe21 (660 in chips) 
Seat 3: Mahu2021 (310 in chips) 
frusciantee2: posts small blind 15
eLPe21: posts big blind 30
*** HOLE CARDS ***
Dealt to Mahu2021 [Ad Ac]
Mahu2021: raises 30 to 60
frusciantee2: folds 
eLPe21: folds 
Uncalled bet (30) returned to Mahu2021
Mahu2021 collected 75 from pot
Mahu2021: doesn't show hand 
*** SUMMARY ***
Total pot 75 | Rake 0 
Seat 1: frusciantee2 (small blind) folded before Flop
Seat 2: eLPe21 (big blind) folded before Flop
Seat 3: Mahu2021 (button) collected (75)



PokerStars Hand #248909080236: Tournament #3716447664, $1.84+$0.16 USD Hold'em No Limit - Level II (15/30) - 2024/02/16 12:31:01 CET [2024/02/16 6:31:01 ET]
Table '3716447664 1' 3-max Seat #1 is the button
Seat 1: frusciantee2 (515 in chips) 
Seat 2: eLPe21 (630 in chips) 
Seat 3: Mahu2021 (355 in chips) 
eLPe21: posts small blind 15
Mahu2021: posts big blind 30
*** HOLE CARDS ***
Dealt to Mahu2021 [7d 4h]
frusciantee2: folds 
eLPe21: folds 
Uncalled bet (15) returned to Mahu2021
Mahu2021 collected 30 from pot
Mahu2021: doesn't show hand 
*** SUMMARY ***
Total pot 30 | Rake 0 
Seat 1: frusciantee2 (button) folded before Flop (didn't bet)
Seat 2: eLPe21 (small blind) folded before Flop
Seat 3: Mahu2021 (big blind) collected (30)



PokerStars Hand #248909080838: Tournament #3716447664, $1.84+$0.16 USD Hold'em No Limit - Level II (15/30) - 2024/02/16 12:31:05 CET [2024/02/16 6:31:05 ET]
Table '3716447664 1' 3-max Seat #2 is the button
Seat 1: frusciantee2 (515 in chips) 
Seat 2: eLPe21 (615 in chips) 
Seat 3: Mahu2021 (370 in chips) 
Mahu2021: posts small blind 15
frusciantee2: posts big blind 30
*** HOLE CARDS ***
Dealt to Mahu2021 [3c Tc]
eLPe21: folds 
Mahu2021: folds 
Uncalled bet (15) returned to frusciantee2
frusciantee2 collected 30 from pot
*** SUMMARY ***
Total pot 30 | Rake 0 
Seat 1: frusciantee2 (big blind) collected (30)
Seat 2: eLPe21 (button) folded before Flop (didn't bet)
Seat 3: Mahu2021 (small blind) folded before Flop



PokerStars Hand #248909081656: Tournament #3716447664, $1.84+$0.16 USD Hold'em No Limit - Level II (15/30) - 2024/02/16 12:31:10 CET [2024/02/16 6:31:10 ET]
Table '3716447664 1' 3-max Seat #3 is the button
Seat 1: frusciantee2 (530 in chips) 
Seat 2: eLPe21 (615 in chips) 
Seat 3: Mahu2021 (355 in chips) 
frusciantee2: posts small blind 15
eLPe21: posts big blind 30
*** HOLE CARDS ***
Dealt to Mahu2021 [4s Qh]
Mahu2021: folds 
frusciantee2: folds 
Uncalled bet (15) returned to eLPe21
eLPe21 collected 30 from pot
eLPe21: doesn't show hand 
*** SUMMARY ***
Total pot 30 | Rake 0 
Seat 1: frusciantee2 (small blind) folded before Flop
Seat 2: eLPe21 (big blind) collected (30)
Seat 3: Mahu2021 (button) folded before Flop (didn't bet)



PokerStars Hand #248909082393: Tournament #3716447664, $1.84+$0.16 USD Hold'em No Limit - Level II (15/30) - 2024/02/16 12:31:15 CET [2024/02/16 6:31:15 ET]
Table '3716447664 1' 3-max Seat #1 is the button
Seat 1: frusciantee2 (515 in chips) 
Seat 2: eLPe21 (630 in chips) 
Seat 3: Mahu2021 (355 in chips) 
eLPe21: posts small blind 15
Mahu2021: posts big blind 30
*** HOLE CARDS ***
Dealt to Mahu2021 [Ks 4s]
frusciantee2: folds 
eLPe21: raises 600 to 630 and is all-in
Mahu2021: folds 
Uncalled bet (600) returned to eLPe21
eLPe21 collected 60 from pot
eLPe21: doesn't show hand 
*** SUMMARY ***
Total pot 60 | Rake 0 
Seat 1: frusciantee2 (button) folded before Flop (didn't bet)
Seat 2: eLPe21 (small blind) collected (60)
Seat 3: Mahu2021 (big blind) folded before Flop



PokerStars Hand #248909084137: Tournament #3716447664, $1.84+$0.16 USD Hold'em No Limit - Level II (15/30) - 2024/02/16 12:31:27 CET [2024/02/16 6:31:27 ET]
Table '3716447664 1' 3-max Seat #2 is the button
Seat 1: frusciantee2 (515 in chips) 
Seat 2: eLPe21 (660 in chips) 
Seat 3: Mahu2021 (325 in chips) 
Mahu2021: posts small blind 15
frusciantee2: posts big blind 30
*** HOLE CARDS ***
Dealt to Mahu2021 [3c Ts]
eLPe21: folds 
Mahu2021: folds 
Uncalled bet (15) returned to frusciantee2
frusciantee2 collected 30 from pot
*** SUMMARY ***
Total pot 30 | Rake 0 
Seat 1: frusciantee2 (big blind) collected (30)
Seat 2: eLPe21 (button) folded before Flop (didn't bet)
Seat 3: Mahu2021 (small blind) folded before Flop



PokerStars Hand #248909084850: Tournament #3716447664, $1.84+$0.16 USD Hold'em No Limit - Level II (15/30) - 2024/02/16 12:31:31 CET [2024/02/16 6:31:31 ET]
Table '3716447664 1' 3-max Seat #3 is the button
Seat 1: frusciantee2 (530 in chips) 
Seat 2: eLPe21 (660 in chips) 
Seat 3: Mahu2021 (310 in chips) 
frusciantee2: posts small blind 15
eLPe21: posts big blind 30
*** HOLE CARDS ***
Dealt to Mahu2021 [3d Qc]
Mahu2021: folds 
frusciantee2: raises 30 to 60
eLPe21: raises 600 to 660 and is all-in
frusciantee2: calls 470 and is all-in
Uncalled bet (130) returned to eLPe21
*** FLOP *** [2s 3c Tc]
*** TURN *** [2s 3c Tc] [6c]
*** RIVER *** [2s 3c Tc 6c] [5c]
*** SHOW DOWN ***
frusciantee2: shows [Jh Qd] (high card Queen)
eLPe21: shows [Ad 3s] (a pair of Threes)
eLPe21 collected 1060 from pot
frusciantee2 finished the tournament in 3rd place
*** SUMMARY ***
Total pot 1060 | Rake 0 
Board [2s 3c Tc 6c 5c]
Seat 1: frusciantee2 (small blind) showed [Jh Qd] and lost with high card Queen
Seat 2: eLPe21 (big blind) showed [Ad 3s] and won (1060) with a pair of Threes
Seat 3: Mahu2021 (button) folded before Flop (didn't bet)



PokerStars Hand #248909087894: Tournament #3716447664, $1.84+$0.16 USD Hold'em No Limit - Level II (15/30) - 2024/02/16 12:31:51 CET [2024/02/16 6:31:51 ET]
Table '3716447664 1' 3-max Seat #2 is the button
Seat 2: eLPe21 (1190 in chips) 
Seat 3: Mahu2021 (310 in chips) 
eLPe21: posts small blind 15
Mahu2021: posts big blind 30
*** HOLE CARDS ***
Dealt to Mahu2021 [6d 5d]
eLPe21: calls 15
Mahu2021: checks 
*** FLOP *** [2s 4h Ad]
Mahu2021: checks 
eLPe21: bets 30
Mahu2021: calls 30
*** TURN *** [2s 4h Ad] [Qc]
Mahu2021: checks 
eLPe21: checks 
*** RIVER *** [2s 4h Ad Qc] [3h]
Mahu2021: bets 120
eLPe21: folds 
Uncalled bet (120) returned to Mahu2021
Mahu2021 collected 120 from pot
Mahu2021: doesn't show hand 
*** SUMMARY ***
Total pot 120 | Rake 0 
Board [2s 4h Ad Qc 3h]
Seat 2: eLPe21 (button) (small blind) folded on the River
Seat 3: Mahu2021 (big blind) collected (120)



PokerStars Hand #248909089986: Tournament #3716447664, $1.84+$0.16 USD Hold'em No Limit - Level II (15/30) - 2024/02/16 12:32:05 CET [2024/02/16 6:32:05 ET]
Table '3716447664 1' 3-max Seat #3 is the button
Seat 2: eLPe21 (1130 in chips) 
Seat 3: Mahu2021 (370 in chips) 
Mahu2021: posts small blind 15
eLPe21: posts big blind 30
*** HOLE CARDS ***
Dealt to Mahu2021 [4c 7h]
Mahu2021: folds 
Uncalled bet (15) returned to eLPe21
eLPe21 collected 30 from pot
eLPe21: doesn't show hand 
*** SUMMARY ***
Total pot 30 | Rake 0 
Seat 2: eLPe21 (big blind) collected (30)
Seat 3: Mahu2021 (button) (small blind) folded before Flop



PokerStars Hand #248909090616: Tournament #3716447664, $1.84+$0.16 USD Hold'em No Limit - Level II (15/30) - 2024/02/16 12:32:10 CET [2024/02/16 6:32:10 ET]
Table '3716447664 1' 3-max Seat #2 is the button
Seat 2: eLPe21 (1145 in chips) 
Seat 3: Mahu2021 (355 in chips) 
eLPe21: posts small blind 15
Mahu2021: posts big blind 30
*** HOLE CARDS ***
Dealt to Mahu2021 [Ks 5d]
eLPe21: raises 1115 to 1145 and is all-in
Mahu2021: folds 
Uncalled bet (1115) returned to eLPe21
eLPe21 collected 60 from pot
eLPe21: doesn't show hand 
*** SUMMARY ***
Total pot 60 | Rake 0 
Seat 2: eLPe21 (button) (small blind) collected (60)
Seat 3: Mahu2021 (big blind) folded before Flop



PokerStars Hand #248909091408: Tournament #3716447664, $1.84+$0.16 USD Hold'em No Limit - Level II (15/30) - 2024/02/16 12:32:15 CET [2024/02/16 6:32:15 ET]
Table '3716447664 1' 3-max Seat #3 is the button
Seat 2: eLPe21 (1175 in chips) 
Seat 3: Mahu2021 (325 in chips) 
Mahu2021: posts small blind 15
eLPe21: posts big blind 30
*** HOLE CARDS ***
Dealt to Mahu2021 [Kd 9h]
Mahu2021: raises 30 to 60
eLPe21: folds 
Uncalled bet (30) returned to Mahu2021
Mahu2021 collected 60 from pot
Mahu2021: doesn't show hand 
*** SUMMARY ***
Total pot 60 | Rake 0 
Seat 2: eLPe21 (big blind) folded before Flop
Seat 3: Mahu2021 (button) (small blind) collected (60)



PokerStars Hand #248909092259: Tournament #3716447664, $1.84+$0.16 USD Hold'em No Limit - Level II (15/30) - 2024/02/16 12:32:20 CET [2024/02/16 6:32:20 ET]
Table '3716447664 1' 3-max Seat #2 is the button
Seat 2: eLPe21 (1145 in chips) 
Seat 3: Mahu2021 (355 in chips) 
eLPe21: posts small blind 15
Mahu2021: posts big blind 30
*** HOLE CARDS ***
Dealt to Mahu2021 [Kd Ks]
eLPe21: folds 
Uncalled bet (15) returned to Mahu2021
Mahu2021 collected 30 from pot
Mahu2021: doesn't show hand 
*** SUMMARY ***
Total pot 30 | Rake 0 
Seat 2: eLPe21 (button) (small blind) folded before Flop
Seat 3: Mahu2021 (big blind) collected (30)



PokerStars Hand #248909092661: Tournament #3716447664, $1.84+$0.16 USD Hold'em No Limit - Level II (15/30) - 2024/02/16 12:32:23 CET [2024/02/16 6:32:23 ET]
Table '3716447664 1' 3-max Seat #3 is the button
Seat 2: eLPe21 (1130 in chips) 
Seat 3: Mahu2021 (370 in chips) 
Mahu2021: posts small blind 15
eLPe21: posts big blind 30
*** HOLE CARDS ***
Dealt to Mahu2021 [8h Kh]
Mahu2021: raises 30 to 60
eLPe21: folds 
Uncalled bet (30) returned to Mahu2021
Mahu2021 collected 60 from pot
Mahu2021: doesn't show hand 
*** SUMMARY ***
Total pot 60 | Rake 0 
Seat 2: eLPe21 (big blind) folded before Flop
Seat 3: Mahu2021 (button) (small blind) collected (60)



PokerStars Hand #248909093420: Tournament #3716447664, $1.84+$0.16 USD Hold'em No Limit - Level II (15/30) - 2024/02/16 12:32:28 CET [2024/02/16 6:32:28 ET]
Table '3716447664 1' 3-max Seat #2 is the button
Seat 2: eLPe21 (1100 in chips) 
Seat 3: Mahu2021 (400 in chips) 
eLPe21: posts small blind 15
Mahu2021: posts big blind 30
*** HOLE CARDS ***
Dealt to Mahu2021 [Tc 9c]
eLPe21: raises 1070 to 1100 and is all-in
Mahu2021: folds 
Uncalled bet (1070) returned to eLPe21
eLPe21 collected 60 from pot
eLPe21: doesn't show hand 
*** SUMMARY ***
Total pot 60 | Rake 0 
Seat 2: eLPe21 (button) (small blind) collected (60)
Seat 3: Mahu2021 (big blind) folded before Flop



PokerStars Hand #248909094207: Tournament #3716447664, $1.84+$0.16 USD Hold'em No Limit - Level II (15/30) - 2024/02/16 12:32:33 CET [2024/02/16 6:32:33 ET]
Table '3716447664 1' 3-max Seat #3 is the button
Seat 2: eLPe21 (1130 in chips) 
Seat 3: Mahu2021 (370 in chips) 
Mahu2021: posts small blind 15
eLPe21: posts big blind 30
*** HOLE CARDS ***
Dealt to Mahu2021 [8s 2d]
Mahu2021: folds 
Uncalled bet (15) returned to eLPe21
eLPe21 collected 30 from pot
eLPe21: doesn't show hand 
*** SUMMARY ***
Total pot 30 | Rake 0 
Seat 2: eLPe21 (big blind) collected (30)
Seat 3: Mahu2021 (button) (small blind) folded before Flop



PokerStars Hand #248909094825: Tournament #3716447664, $1.84+$0.16 USD Hold'em No Limit - Level II (15/30) - 2024/02/16 12:32:37 CET [2024/02/16 6:32:37 ET]
Table '3716447664 1' 3-max Seat #2 is the button
Seat 2: eLPe21 (1145 in chips) 
Seat 3: Mahu2021 (355 in chips) 
eLPe21: posts small blind 15
Mahu2021: posts big blind 30
*** HOLE CARDS ***
Dealt to Mahu2021 [4s 9d]
eLPe21: raises 1115 to 1145 and is all-in
Mahu2021: folds 
Uncalled bet (1115) returned to eLPe21
eLPe21 collected 60 from pot
eLPe21: doesn't show hand 
*** SUMMARY ***
Total pot 60 | Rake 0 
Seat 2: eLPe21 (button) (small blind) collected (60)
Seat 3: Mahu2021 (big blind) folded before Flop



PokerStars Hand #248909095632: Tournament #3716447664, $1.84+$0.16 USD Hold'em No Limit - Level II (15/30) - 2024/02/16 12:32:43 CET [2024/02/16 6:32:43 ET]
Table '3716447664 1' 3-max Seat #3 is the button
Seat 2: eLPe21 (1175 in chips) 
Seat 3: Mahu2021 (325 in chips) 
Mahu2021: posts small blind 15
eLPe21: posts big blind 30
*** HOLE CARDS ***
Dealt to Mahu2021 [9s 4h]
Mahu2021: folds 
Uncalled bet (15) returned to eLPe21
eLPe21 collected 30 from pot
eLPe21: doesn't show hand 
*** SUMMARY ***
Total pot 30 | Rake 0 
Seat 2: eLPe21 (big blind) collected (30)
Seat 3: Mahu2021 (button) (small blind) folded before Flop



PokerStars Hand #248909096275: Tournament #3716447664, $1.84+$0.16 USD Hold'em No Limit - Level II (15/30) - 2024/02/16 12:32:47 CET [2024/02/16 6:32:47 ET]
Table '3716447664 1' 3-max Seat #2 is the button
Seat 2: eLPe21 (1190 in chips) 
Seat 3: Mahu2021 (310 in chips) 
eLPe21: posts small blind 15
Mahu2021: posts big blind 30
*** HOLE CARDS ***
Dealt to Mahu2021 [6s 3d]
eLPe21: folds 
Uncalled bet (15) returned to Mahu2021
Mahu2021 collected 30 from pot
Mahu2021: doesn't show hand 
*** SUMMARY ***
Total pot 30 | Rake 0 
Seat 2: eLPe21 (button) (small blind) folded before Flop
Seat 3: Mahu2021 (big blind) collected (30)



PokerStars Hand #248909096733: Tournament #3716447664, $1.84+$0.16 USD Hold'em No Limit - Level II (15/30) - 2024/02/16 12:32:50 CET [2024/02/16 6:32:50 ET]
Table '3716447664 1' 3-max Seat #3 is the button
Seat 2: eLPe21 (1175 in chips) 
Seat 3: Mahu2021 (325 in chips) 
Mahu2021: posts small blind 15
eLPe21: posts big blind 30
*** HOLE CARDS ***
Dealt to Mahu2021 [8d 2c]
Mahu2021: folds 
Uncalled bet (15) returned to eLPe21
eLPe21 collected 30 from pot
eLPe21: doesn't show hand 
*** SUMMARY ***
Total pot 30 | Rake 0 
Seat 2: eLPe21 (big blind) collected (30)
Seat 3: Mahu2021 (button) (small blind) folded before Flop



PokerStars Hand #248909097328: Tournament #3716447664, $1.84+$0.16 USD Hold'em No Limit - Level II (15/30) - 2024/02/16 12:32:54 CET [2024/02/16 6:32:54 ET]
Table '3716447664 1' 3-max Seat #2 is the button
Seat 2: eLPe21 (1190 in chips) 
Seat 3: Mahu2021 (310 in chips) 
eLPe21: posts small blind 15
Mahu2021: posts big blind 30
*** HOLE CARDS ***
Dealt to Mahu2021 [Tc Ts]
eLPe21: calls 15
Mahu2021: raises 280 to 310 and is all-in
eLPe21: folds 
Uncalled bet (280) returned to Mahu2021
Mahu2021 collected 60 from pot
Mahu2021: doesn't show hand 
*** SUMMARY ***
Total pot 60 | Rake 0 
Seat 2: eLPe21 (button) (small blind) folded before Flop
Seat 3: Mahu2021 (big blind) collected (60)



PokerStars Hand #248909098459: Tournament #3716447664, $1.84+$0.16 USD Hold'em No Limit - Level II (15/30) - 2024/02/16 12:33:02 CET [2024/02/16 6:33:02 ET]
Table '3716447664 1' 3-max Seat #3 is the button
Seat 2: eLPe21 (1160 in chips) 
Seat 3: Mahu2021 (340 in chips) 
Mahu2021: posts small blind 15
eLPe21: posts big blind 30
*** HOLE CARDS ***
Dealt to Mahu2021 [Td 6c]
Mahu2021: folds 
Uncalled bet (15) returned to eLPe21
eLPe21 collected 30 from pot
eLPe21: doesn't show hand 
*** SUMMARY ***
Total pot 30 | Rake 0 
Seat 2: eLPe21 (big blind) collected (30)
Seat 3: Mahu2021 (button) (small blind) folded before Flop



PokerStars Hand #248909099334: Tournament #3716447664, $1.84+$0.16 USD Hold'em No Limit - Level II (15/30) - 2024/02/16 12:33:07 CET [2024/02/16 6:33:07 ET]
Table '3716447664 1' 3-max Seat #2 is the button
Seat 2: eLPe21 (1175 in chips) 
Seat 3: Mahu2021 (325 in chips) 
eLPe21: posts small blind 15
Mahu2021: posts big blind 30
*** HOLE CARDS ***
Dealt to Mahu2021 [2c Qs]
eLPe21: raises 30 to 60
Mahu2021: calls 30
*** FLOP *** [3h Qh 2d]
Mahu2021: checks 
eLPe21: bets 45
Mahu2021: calls 45
*** TURN *** [3h Qh 2d] [Ah]
Mahu2021: checks 
eLPe21: bets 84
Mahu2021: calls 84
*** RIVER *** [3h Qh 2d Ah] [Ts]
Mahu2021: checks 
eLPe21: bets 986 and is all-in
Mahu2021: calls 136 and is all-in
Uncalled bet (850) returned to eLPe21
*** SHOW DOWN ***
eLPe21: shows [4c Qc] (a pair of Queens)
Mahu2021: shows [2c Qs] (two pair, Queens and Deuces)
Mahu2021 collected 650 from pot
*** SUMMARY ***
Total pot 650 | Rake 0 
Board [3h Qh 2d Ah Ts]
Seat 2: eLPe21 (button) (small blind) showed [4c Qc] and lost with a pair of Queens
Seat 3: Mahu2021 (big blind) showed [2c Qs] and won (650) with two pair, Queens and Deuces



PokerStars Hand #248909102716: Tournament #3716447664, $1.84+$0.16 USD Hold'em No Limit - Level III (20/40) - 2024/02/16 12:33:28 CET [2024/02/16 6:33:28 ET]
Table '3716447664 1' 3-max Seat #3 is the button
Seat 2: eLPe21 (850 in chips) 
Seat 3: Mahu2021 (650 in chips) 
Mahu2021: posts small blind 20
eLPe21: posts big blind 40
*** HOLE CARDS ***
Dealt to Mahu2021 [Kc Kh]
Mahu2021: raises 610 to 650 and is all-in
eLPe21: calls 610
*** FLOP *** [7d 9s Ts]
*** TURN *** [7d 9s Ts] [Kd]
*** RIVER *** [7d 9s Ts Kd] [9c]
*** SHOW DOWN ***
eLPe21: shows [Tc Td] (a full house, Tens full of Nines)
Mahu2021: shows [Kc Kh] (a full house, Kings full of Nines)
Mahu2021 collected 1300 from pot
*** SUMMARY ***
Total pot 1300 | Rake 0 
Board [7d 9s Ts Kd 9c]
Seat 2: eLPe21 (big blind) showed [Tc Td] and lost with a full house, Tens full of Nines
Seat 3: Mahu2021 (button) (small blind) showed [Kc Kh] and won (1300) with a full house, Kings full of Nines



PokerStars Hand #248909104659: Tournament #3716447664, $1.84+$0.16 USD Hold'em No Limit - Level III (20/40) - 2024/02/16 12:33:41 CET [2024/02/16 6:33:41 ET]
Table '3716447664 1' 3-max Seat #2 is the button
Seat 2: eLPe21 (200 in chips) 
Seat 3: Mahu2021 (1300 in chips) 
eLPe21: posts small blind 20
Mahu2021: posts big blind 40
*** HOLE CARDS ***
Dealt to Mahu2021 [9h 2h]
eLPe21: raises 160 to 200 and is all-in
Mahu2021: folds 
Uncalled bet (160) returned to eLPe21
eLPe21 collected 80 from pot
eLPe21: doesn't show hand 
*** SUMMARY ***
Total pot 80 | Rake 0 
Seat 2: eLPe21 (button) (small blind) collected (80)
Seat 3: Mahu2021 (big blind) folded before Flop



PokerStars Hand #248909105367: Tournament #3716447664, $1.84+$0.16 USD Hold'em No Limit - Level III (20/40) - 2024/02/16 12:33:45 CET [2024/02/16 6:33:45 ET]
Table '3716447664 1' 3-max Seat #3 is the button
Seat 2: eLPe21 (240 in chips) 
Seat 3: Mahu2021 (1260 in chips) 
Mahu2021: posts small blind 20
eLPe21: posts big blind 40
*** HOLE CARDS ***
Dealt to Mahu2021 [2s 9h]
Mahu2021: folds 
Uncalled bet (20) returned to eLPe21
eLPe21 collected 40 from pot
eLPe21: doesn't show hand 
*** SUMMARY ***
Total pot 40 | Rake 0 
Seat 2: eLPe21 (big blind) collected (40)
Seat 3: Mahu2021 (button) (small blind) folded before Flop



PokerStars Hand #248909106022: Tournament #3716447664, $1.84+$0.16 USD Hold'em No Limit - Level III (20/40) - 2024/02/16 12:33:49 CET [2024/02/16 6:33:49 ET]
Table '3716447664 1' 3-max Seat #2 is the button
Seat 2: eLPe21 (260 in chips) 
Seat 3: Mahu2021 (1240 in chips) 
eLPe21: posts small blind 20
Mahu2021: posts big blind 40
*** HOLE CARDS ***
Dealt to Mahu2021 [Kc 6s]
eLPe21: raises 220 to 260 and is all-in
Mahu2021: calls 220
*** FLOP *** [5d 7c 8s]
*** TURN *** [5d 7c 8s] [5s]
*** RIVER *** [5d 7c 8s 5s] [Th]
*** SHOW DOWN ***
Mahu2021: shows [Kc 6s] (a pair of Fives)
eLPe21: shows [9h 5h] (three of a kind, Fives)
eLPe21 collected 520 from pot
*** SUMMARY ***
Total pot 520 | Rake 0 
Board [5d 7c 8s 5s Th]
Seat 2: eLPe21 (button) (small blind) showed [9h 5h] and won (520) with three of a kind, Fives
Seat 3: Mahu2021 (big blind) showed [Kc 6s] and lost with a pair of Fives



PokerStars Hand #248909107792: Tournament #3716447664, $1.84+$0.16 USD Hold'em No Limit - Level III (20/40) - 2024/02/16 12:34:01 CET [2024/02/16 6:34:01 ET]
Table '3716447664 1' 3-max Seat #3 is the button
Seat 2: eLPe21 (520 in chips) 
Seat 3: Mahu2021 (980 in chips) 
Mahu2021: posts small blind 20
eLPe21: posts big blind 40
*** HOLE CARDS ***
Dealt to Mahu2021 [Kc 7c]
Mahu2021: raises 940 to 980 and is all-in
eLPe21: folds 
Uncalled bet (940) returned to Mahu2021
Mahu2021 collected 80 from pot
Mahu2021: doesn't show hand 
*** SUMMARY ***
Total pot 80 | Rake 0 
Seat 2: eLPe21 (big blind) folded before Flop
Seat 3: Mahu2021 (button) (small blind) collected (80)



PokerStars Hand #248909109090: Tournament #3716447664, $1.84+$0.16 USD Hold'em No Limit - Level III (20/40) - 2024/02/16 12:34:09 CET [2024/02/16 6:34:09 ET]
Table '3716447664 1' 3-max Seat #2 is the button
Seat 2: eLPe21 (480 in chips) 
Seat 3: Mahu2021 (1020 in chips) 
eLPe21: posts small blind 20
Mahu2021: posts big blind 40
*** HOLE CARDS ***
Dealt to Mahu2021 [Jc 6s]
eLPe21: calls 20
Mahu2021: checks 
*** FLOP *** [Ah 3s Ts]
Mahu2021: checks 
eLPe21: bets 40
Mahu2021: folds 
Uncalled bet (40) returned to eLPe21
eLPe21 collected 80 from pot
eLPe21: doesn't show hand 
*** SUMMARY ***
Total pot 80 | Rake 0 
Board [Ah 3s Ts]
Seat 2: eLPe21 (button) (small blind) collected (80)
Seat 3: Mahu2021 (big blind) folded on the Flop



PokerStars Hand #248909110427: Tournament #3716447664, $1.84+$0.16 USD Hold'em No Limit - Level III (20/40) - 2024/02/16 12:34:17 CET [2024/02/16 6:34:17 ET]
Table '3716447664 1' 3-max Seat #3 is the button
Seat 2: eLPe21 (520 in chips) 
Seat 3: Mahu2021 (980 in chips) 
Mahu2021: posts small blind 20
eLPe21: posts big blind 40
*** HOLE CARDS ***
Dealt to Mahu2021 [4s 6h]
Mahu2021: folds 
Uncalled bet (20) returned to eLPe21
eLPe21 collected 40 from pot
eLPe21: doesn't show hand 
*** SUMMARY ***
Total pot 40 | Rake 0 
Seat 2: eLPe21 (big blind) collected (40)
Seat 3: Mahu2021 (button) (small blind) folded before Flop



PokerStars Hand #248909111074: Tournament #3716447664, $1.84+$0.16 USD Hold'em No Limit - Level III (20/40) - 2024/02/16 12:34:21 CET [2024/02/16 6:34:21 ET]
Table '3716447664 1' 3-max Seat #2 is the button
Seat 2: eLPe21 (540 in chips) 
Seat 3: Mahu2021 (960 in chips) 
eLPe21: posts small blind 20
Mahu2021: posts big blind 40
*** HOLE CARDS ***
Dealt to Mahu2021 [Kd 3d]
eLPe21: calls 20
Mahu2021: checks 
*** FLOP *** [5s Js 4h]
Mahu2021: checks 
eLPe21: bets 40
Mahu2021: calls 40
*** TURN *** [5s Js 4h] [8h]
Mahu2021: checks 
eLPe21: bets 80
Mahu2021: folds 
Uncalled bet (80) returned to eLPe21
eLPe21 collected 160 from pot
eLPe21: doesn't show hand 
*** SUMMARY ***
Total pot 160 | Rake 0 
Board [5s Js 4h 8h]
Seat 2: eLPe21 (button) (small blind) collected (160)
Seat 3: Mahu2021 (big blind) folded on the Turn



PokerStars Hand #248909112808: Tournament #3716447664, $1.84+$0.16 USD Hold'em No Limit - Level III (20/40) - 2024/02/16 12:34:33 CET [2024/02/16 6:34:33 ET]
Table '3716447664 1' 3-max Seat #3 is the button
Seat 2: eLPe21 (620 in chips) 
Seat 3: Mahu2021 (880 in chips) 
Mahu2021: posts small blind 20
eLPe21: posts big blind 40
*** HOLE CARDS ***
Dealt to Mahu2021 [5c 5h]
Mahu2021: raises 840 to 880 and is all-in
eLPe21: folds 
Uncalled bet (840) returned to Mahu2021
Mahu2021 collected 80 from pot
Mahu2021: doesn't show hand 
*** SUMMARY ***
Total pot 80 | Rake 0 
Seat 2: eLPe21 (big blind) folded before Flop
Seat 3: Mahu2021 (button) (small blind) collected (80)



PokerStars Hand #248909114401: Tournament #3716447664, $1.84+$0.16 USD Hold'em No Limit - Level III (20/40) - 2024/02/16 12:34:43 CET [2024/02/16 6:34:43 ET]
Table '3716447664 1' 3-max Seat #2 is the button
Seat 2: eLPe21 (580 in chips) 
Seat 3: Mahu2021 (920 in chips) 
eLPe21: posts small blind 20
Mahu2021: posts big blind 40
*** HOLE CARDS ***
Dealt to Mahu2021 [6d Ad]
eLPe21: raises 40 to 80
Mahu2021: raises 840 to 920 and is all-in
eLPe21: folds 
Uncalled bet (840) returned to Mahu2021
Mahu2021 collected 160 from pot
Mahu2021: doesn't show hand 
*** SUMMARY ***
Total pot 160 | Rake 0 
Seat 2: eLPe21 (button) (small blind) folded before Flop
Seat 3: Mahu2021 (big blind) collected (160)



PokerStars Hand #248909115465: Tournament #3716447664, $1.84+$0.16 USD Hold'em No Limit - Level III (20/40) - 2024/02/16 12:34:50 CET [2024/02/16 6:34:50 ET]
Table '3716447664 1' 3-max Seat #3 is the button
Seat 2: eLPe21 (500 in chips) 
Seat 3: Mahu2021 (1000 in chips) 
Mahu2021: posts small blind 20
eLPe21: posts big blind 40
*** HOLE CARDS ***
Dealt to Mahu2021 [Ah 5c]
Mahu2021: raises 40 to 80
eLPe21: raises 420 to 500 and is all-in
Mahu2021: calls 420
*** FLOP *** [Jh Ac 3h]
*** TURN *** [Jh Ac 3h] [4h]
*** RIVER *** [Jh Ac 3h 4h] [6c]
*** SHOW DOWN ***
eLPe21: shows [Qs Ts] (high card Ace)
Mahu2021: shows [Ah 5c] (a pair of Aces)
Mahu2021 collected 1000 from pot
eLPe21 finished the tournament in 2nd place
Mahu2021 wins the tournament and receives $6.00 - congratulations!
*** SUMMARY ***
Total pot 1000 | Rake 0 
Board [Jh Ac 3h 4h 6c]
Seat 2: eLPe21 (big blind) showed [Qs Ts] and lost with high card Ace
Seat 3: Mahu2021 (button) (small blind) showed [Ah 5c] and won (1000) with a pair of Aces



