PokerStars Hand #249194178594: Tournament #3723568972, $1.84+$0.16 USD Hold'em No Limit - Level I (10/20) - 2024/03/02 15:54:09 CET [2024/03/02 9:54:09 ET]
Table '3723568972 1' 3-max Seat #1 is the button
Seat 1: emi2210 (500 in chips) 
Seat 2: Mahu2021 (500 in chips) 
Seat 3: %0%22%0%22 (500 in chips) 
Mahu2021: posts small blind 10
%0%22%0%22: posts big blind 20
*** HOLE CARDS ***
Dealt to Mahu2021 [8h Ks]
emi2210: raises 20 to 40
Mahu2021: folds 
%0%22%0%22: calls 20
*** FLOP *** [Qs 8d 6d]
%0%22%0%22: checks 
emi2210: bets 45
%0%22%0%22: calls 45
*** TURN *** [Qs 8d 6d] [2c]
%0%22%0%22: checks 
emi2210: checks 
*** RIVER *** [Qs 8d 6d 2c] [Qc]
%0%22%0%22: checks 
emi2210: checks 
*** SHOW DOWN ***
%0%22%0%22: shows [Ah 8c] (two pair, Queens and Eights)
emi2210: mucks hand 
%0%22%0%22 collected 180 from pot
*** SUMMARY ***
Total pot 180 | Rake 0 
Board [Qs 8d 6d 2c Qc]
Seat 1: emi2210 (button) mucked [Jh Ad]
Seat 2: Mahu2021 (small blind) folded before Flop
Seat 3: %0%22%0%22 (big blind) showed [Ah 8c] and won (180) with two pair, Queens and Eights



PokerStars Hand #249194185430: Tournament #3723568972, $1.84+$0.16 USD Hold'em No Limit - Level I (10/20) - 2024/03/02 15:54:39 CET [2024/03/02 9:54:39 ET]
Table '3723568972 1' 3-max Seat #2 is the button
Seat 1: emi2210 (415 in chips) 
Seat 2: Mahu2021 (490 in chips) 
Seat 3: %0%22%0%22 (595 in chips) 
%0%22%0%22: posts small blind 10
emi2210: posts big blind 20
*** HOLE CARDS ***
Dealt to Mahu2021 [9d Jc]
Mahu2021: calls 20
%0%22%0%22: calls 10
emi2210: checks 
*** FLOP *** [7s 6s 9h]
%0%22%0%22: checks 
emi2210: checks 
Mahu2021: bets 60
%0%22%0%22: raises 104 to 164
emi2210: folds 
Mahu2021: folds 
Uncalled bet (104) returned to %0%22%0%22
%0%22%0%22 collected 180 from pot
%0%22%0%22: doesn't show hand 
*** SUMMARY ***
Total pot 180 | Rake 0 
Board [7s 6s 9h]
Seat 1: emi2210 (big blind) folded on the Flop
Seat 2: Mahu2021 (button) folded on the Flop
Seat 3: %0%22%0%22 (small blind) collected (180)



PokerStars Hand #249194191745: Tournament #3723568972, $1.84+$0.16 USD Hold'em No Limit - Level I (10/20) - 2024/03/02 15:55:09 CET [2024/03/02 9:55:09 ET]
Table '3723568972 1' 3-max Seat #3 is the button
Seat 1: emi2210 (395 in chips) 
Seat 2: Mahu2021 (410 in chips) 
Seat 3: %0%22%0%22 (695 in chips) 
emi2210: posts small blind 10
Mahu2021: posts big blind 20
*** HOLE CARDS ***
Dealt to Mahu2021 [3h 3s]
%0%22%0%22: calls 20
emi2210: folds 
Mahu2021: checks 
*** FLOP *** [2d Qs 4d]
Mahu2021: bets 20
%0%22%0%22: folds 
Uncalled bet (20) returned to Mahu2021
Mahu2021 collected 50 from pot
Mahu2021: doesn't show hand 
*** SUMMARY ***
Total pot 50 | Rake 0 
Board [2d Qs 4d]
Seat 1: emi2210 (small blind) folded before Flop
Seat 2: Mahu2021 (big blind) collected (50)
Seat 3: %0%22%0%22 (button) folded on the Flop



PokerStars Hand #249194193747: Tournament #3723568972, $1.84+$0.16 USD Hold'em No Limit - Level I (10/20) - 2024/03/02 15:55:20 CET [2024/03/02 9:55:20 ET]
Table '3723568972 1' 3-max Seat #1 is the button
Seat 1: emi2210 (385 in chips) 
Seat 2: Mahu2021 (440 in chips) 
Seat 3: %0%22%0%22 (675 in chips) 
Mahu2021: posts small blind 10
%0%22%0%22: posts big blind 20
*** HOLE CARDS ***
Dealt to Mahu2021 [Qh Td]
emi2210: folds 
Mahu2021: calls 10
%0%22%0%22: checks 
*** FLOP *** [5s 5d Qc]
Mahu2021: bets 20
%0%22%0%22: folds 
Uncalled bet (20) returned to Mahu2021
Mahu2021 collected 40 from pot
Mahu2021: doesn't show hand 
*** SUMMARY ***
Total pot 40 | Rake 0 
Board [5s 5d Qc]
Seat 1: emi2210 (button) folded before Flop (didn't bet)
Seat 2: Mahu2021 (small blind) collected (40)
Seat 3: %0%22%0%22 (big blind) folded on the Flop



PokerStars Hand #249194197433: Tournament #3723568972, $1.84+$0.16 USD Hold'em No Limit - Level I (10/20) - 2024/03/02 15:55:41 CET [2024/03/02 9:55:41 ET]
Table '3723568972 1' 3-max Seat #2 is the button
Seat 1: emi2210 (385 in chips) 
Seat 2: Mahu2021 (460 in chips) 
Seat 3: %0%22%0%22 (655 in chips) 
%0%22%0%22: posts small blind 10
emi2210: posts big blind 20
*** HOLE CARDS ***
Dealt to Mahu2021 [Td Qs]
Mahu2021: calls 20
%0%22%0%22: folds 
emi2210: checks 
*** FLOP *** [Kd Jh Tc]
emi2210: checks 
Mahu2021: checks 
*** TURN *** [Kd Jh Tc] [6c]
emi2210: checks 
Mahu2021: bets 20
emi2210: calls 20
*** RIVER *** [Kd Jh Tc 6c] [7s]
emi2210: checks 
Mahu2021: checks 
*** SHOW DOWN ***
emi2210: shows [5h 6s] (a pair of Sixes)
Mahu2021: shows [Td Qs] (a pair of Tens)
Mahu2021 collected 90 from pot
*** SUMMARY ***
Total pot 90 | Rake 0 
Board [Kd Jh Tc 6c 7s]
Seat 1: emi2210 (big blind) showed [5h 6s] and lost with a pair of Sixes
Seat 2: Mahu2021 (button) showed [Td Qs] and won (90) with a pair of Tens
Seat 3: %0%22%0%22 (small blind) folded before Flop



PokerStars Hand #249194201575: Tournament #3723568972, $1.84+$0.16 USD Hold'em No Limit - Level I (10/20) - 2024/03/02 15:56:05 CET [2024/03/02 9:56:05 ET]
Table '3723568972 1' 3-max Seat #3 is the button
Seat 1: emi2210 (345 in chips) 
Seat 2: Mahu2021 (510 in chips) 
Seat 3: %0%22%0%22 (645 in chips) 
emi2210: posts small blind 10
Mahu2021: posts big blind 20
*** HOLE CARDS ***
Dealt to Mahu2021 [7h 6s]
%0%22%0%22: calls 20
emi2210: folds 
Mahu2021: checks 
*** FLOP *** [4s Jc 9c]
Mahu2021: checks 
%0%22%0%22: checks 
*** TURN *** [4s Jc 9c] [4d]
Mahu2021: checks 
%0%22%0%22: bets 29
Mahu2021: folds 
Uncalled bet (29) returned to %0%22%0%22
%0%22%0%22 collected 50 from pot
%0%22%0%22: doesn't show hand 
*** SUMMARY ***
Total pot 50 | Rake 0 
Board [4s Jc 9c 4d]
Seat 1: emi2210 (small blind) folded before Flop
Seat 2: Mahu2021 (big blind) folded on the Turn
Seat 3: %0%22%0%22 (button) collected (50)



PokerStars Hand #249194204932: Tournament #3723568972, $1.84+$0.16 USD Hold'em No Limit - Level II (15/30) - 2024/03/02 15:56:24 CET [2024/03/02 9:56:24 ET]
Table '3723568972 1' 3-max Seat #1 is the button
Seat 1: emi2210 (335 in chips) 
Seat 2: Mahu2021 (490 in chips) 
Seat 3: %0%22%0%22 (675 in chips) 
Mahu2021: posts small blind 15
%0%22%0%22: posts big blind 30
*** HOLE CARDS ***
Dealt to Mahu2021 [Qd 8h]
emi2210: folds 
Mahu2021: calls 15
%0%22%0%22: checks 
*** FLOP *** [7h As Kh]
Mahu2021: checks 
%0%22%0%22: checks 
*** TURN *** [7h As Kh] [Ac]
Mahu2021: checks 
%0%22%0%22: checks 
*** RIVER *** [7h As Kh Ac] [9h]
Mahu2021: checks 
%0%22%0%22: checks 
*** SHOW DOWN ***
Mahu2021: shows [Qd 8h] (a pair of Aces)
%0%22%0%22: mucks hand 
Mahu2021 collected 60 from pot
*** SUMMARY ***
Total pot 60 | Rake 0 
Board [7h As Kh Ac 9h]
Seat 1: emi2210 (button) folded before Flop (didn't bet)
Seat 2: Mahu2021 (small blind) showed [Qd 8h] and won (60) with a pair of Aces
Seat 3: %0%22%0%22 (big blind) mucked [6h Tc]



PokerStars Hand #249194209364: Tournament #3723568972, $1.84+$0.16 USD Hold'em No Limit - Level II (15/30) - 2024/03/02 15:56:49 CET [2024/03/02 9:56:49 ET]
Table '3723568972 1' 3-max Seat #2 is the button
Seat 1: emi2210 (335 in chips) 
Seat 2: Mahu2021 (520 in chips) 
Seat 3: %0%22%0%22 (645 in chips) 
%0%22%0%22: posts small blind 15
emi2210: posts big blind 30
*** HOLE CARDS ***
Dealt to Mahu2021 [Ah 7s]
Mahu2021: raises 30 to 60
%0%22%0%22: folds 
emi2210: folds 
Uncalled bet (30) returned to Mahu2021
Mahu2021 collected 75 from pot
Mahu2021: doesn't show hand 
*** SUMMARY ***
Total pot 75 | Rake 0 
Seat 1: emi2210 (big blind) folded before Flop
Seat 2: Mahu2021 (button) collected (75)
Seat 3: %0%22%0%22 (small blind) folded before Flop



PokerStars Hand #249194210668: Tournament #3723568972, $1.84+$0.16 USD Hold'em No Limit - Level II (15/30) - 2024/03/02 15:56:56 CET [2024/03/02 9:56:56 ET]
Table '3723568972 1' 3-max Seat #3 is the button
Seat 1: emi2210 (305 in chips) 
Seat 2: Mahu2021 (565 in chips) 
Seat 3: %0%22%0%22 (630 in chips) 
emi2210: posts small blind 15
Mahu2021: posts big blind 30
*** HOLE CARDS ***
Dealt to Mahu2021 [Tc 2d]
%0%22%0%22: raises 30 to 60
emi2210: folds 
Mahu2021: folds 
Uncalled bet (30) returned to %0%22%0%22
%0%22%0%22 collected 75 from pot
%0%22%0%22: doesn't show hand 
*** SUMMARY ***
Total pot 75 | Rake 0 
Seat 1: emi2210 (small blind) folded before Flop
Seat 2: Mahu2021 (big blind) folded before Flop
Seat 3: %0%22%0%22 (button) collected (75)



PokerStars Hand #249194212735: Tournament #3723568972, $1.84+$0.16 USD Hold'em No Limit - Level II (15/30) - 2024/03/02 15:57:08 CET [2024/03/02 9:57:08 ET]
Table '3723568972 1' 3-max Seat #1 is the button
Seat 1: emi2210 (290 in chips) 
Seat 2: Mahu2021 (535 in chips) 
Seat 3: %0%22%0%22 (675 in chips) 
Mahu2021: posts small blind 15
%0%22%0%22: posts big blind 30
*** HOLE CARDS ***
Dealt to Mahu2021 [5d Td]
emi2210: folds 
Mahu2021: calls 15
%0%22%0%22: raises 39 to 69
Mahu2021: folds 
Uncalled bet (39) returned to %0%22%0%22
%0%22%0%22 collected 60 from pot
%0%22%0%22: doesn't show hand 
*** SUMMARY ***
Total pot 60 | Rake 0 
Seat 1: emi2210 (button) folded before Flop (didn't bet)
Seat 2: Mahu2021 (small blind) folded before Flop
Seat 3: %0%22%0%22 (big blind) collected (60)



PokerStars Hand #249194215194: Tournament #3723568972, $1.84+$0.16 USD Hold'em No Limit - Level II (15/30) - 2024/03/02 15:57:22 CET [2024/03/02 9:57:22 ET]
Table '3723568972 1' 3-max Seat #2 is the button
Seat 1: emi2210 (290 in chips) 
Seat 2: Mahu2021 (505 in chips) 
Seat 3: %0%22%0%22 (705 in chips) 
%0%22%0%22: posts small blind 15
emi2210: posts big blind 30
*** HOLE CARDS ***
Dealt to Mahu2021 [3c Td]
Mahu2021: folds 
%0%22%0%22: calls 15
emi2210: checks 
*** FLOP *** [8h 7s Qc]
%0%22%0%22: checks 
emi2210: checks 
*** TURN *** [8h 7s Qc] [Qd]
%0%22%0%22: checks 
emi2210: checks 
*** RIVER *** [8h 7s Qc Qd] [6d]
%0%22%0%22: checks 
emi2210: checks 
*** SHOW DOWN ***
%0%22%0%22: shows [2h As] (a pair of Queens)
emi2210: shows [Ts 8c] (two pair, Queens and Eights)
emi2210 collected 60 from pot
*** SUMMARY ***
Total pot 60 | Rake 0 
Board [8h 7s Qc Qd 6d]
Seat 1: emi2210 (big blind) showed [Ts 8c] and won (60) with two pair, Queens and Eights
Seat 2: Mahu2021 (button) folded before Flop (didn't bet)
Seat 3: %0%22%0%22 (small blind) showed [2h As] and lost with a pair of Queens



PokerStars Hand #249194218175: Tournament #3723568972, $1.84+$0.16 USD Hold'em No Limit - Level II (15/30) - 2024/03/02 15:57:39 CET [2024/03/02 9:57:39 ET]
Table '3723568972 1' 3-max Seat #3 is the button
Seat 1: emi2210 (320 in chips) 
Seat 2: Mahu2021 (505 in chips) 
Seat 3: %0%22%0%22 (675 in chips) 
emi2210: posts small blind 15
Mahu2021: posts big blind 30
*** HOLE CARDS ***
Dealt to Mahu2021 [4c 5d]
%0%22%0%22: raises 30 to 60
emi2210: folds 
Mahu2021: calls 30
*** FLOP *** [8h 7d 3d]
Mahu2021: checks 
%0%22%0%22: checks 
*** TURN *** [8h 7d 3d] [Qh]
Mahu2021: checks 
%0%22%0%22: bets 45
Mahu2021: folds 
Uncalled bet (45) returned to %0%22%0%22
%0%22%0%22 collected 135 from pot
%0%22%0%22: doesn't show hand 
*** SUMMARY ***
Total pot 135 | Rake 0 
Board [8h 7d 3d Qh]
Seat 1: emi2210 (small blind) folded before Flop
Seat 2: Mahu2021 (big blind) folded on the Turn
Seat 3: %0%22%0%22 (button) collected (135)



PokerStars Hand #249194220998: Tournament #3723568972, $1.84+$0.16 USD Hold'em No Limit - Level II (15/30) - 2024/03/02 15:57:55 CET [2024/03/02 9:57:55 ET]
Table '3723568972 1' 3-max Seat #1 is the button
Seat 1: emi2210 (305 in chips) 
Seat 2: Mahu2021 (445 in chips) 
Seat 3: %0%22%0%22 (750 in chips) 
Mahu2021: posts small blind 15
%0%22%0%22: posts big blind 30
*** HOLE CARDS ***
Dealt to Mahu2021 [4d Ks]
emi2210: raises 275 to 305 and is all-in
Mahu2021: folds 
%0%22%0%22: calls 275
*** FLOP *** [9s 8s 6h]
*** TURN *** [9s 8s 6h] [Tc]
*** RIVER *** [9s 8s 6h Tc] [8c]
*** SHOW DOWN ***
%0%22%0%22: shows [Kc 5s] (a pair of Eights)
emi2210: shows [Ad Kh] (a pair of Eights - Ace kicker)
emi2210 collected 625 from pot
*** SUMMARY ***
Total pot 625 | Rake 0 
Board [9s 8s 6h Tc 8c]
Seat 1: emi2210 (button) showed [Ad Kh] and won (625) with a pair of Eights
Seat 2: Mahu2021 (small blind) folded before Flop
Seat 3: %0%22%0%22 (big blind) showed [Kc 5s] and lost with a pair of Eights



PokerStars Hand #249194223435: Tournament #3723568972, $1.84+$0.16 USD Hold'em No Limit - Level II (15/30) - 2024/03/02 15:58:09 CET [2024/03/02 9:58:09 ET]
Table '3723568972 1' 3-max Seat #2 is the button
Seat 1: emi2210 (625 in chips) 
Seat 2: Mahu2021 (430 in chips) 
Seat 3: %0%22%0%22 (445 in chips) 
%0%22%0%22: posts small blind 15
emi2210: posts big blind 30
*** HOLE CARDS ***
Dealt to Mahu2021 [Td 8d]
Mahu2021: calls 30
%0%22%0%22: raises 171 to 201
emi2210: folds 
Mahu2021: folds 
Uncalled bet (171) returned to %0%22%0%22
%0%22%0%22 collected 90 from pot
%0%22%0%22: doesn't show hand 
*** SUMMARY ***
Total pot 90 | Rake 0 
Seat 1: emi2210 (big blind) folded before Flop
Seat 2: Mahu2021 (button) folded before Flop
Seat 3: %0%22%0%22 (small blind) collected (90)



PokerStars Hand #249194225386: Tournament #3723568972, $1.84+$0.16 USD Hold'em No Limit - Level III (20/40) - 2024/03/02 15:58:20 CET [2024/03/02 9:58:20 ET]
Table '3723568972 1' 3-max Seat #3 is the button
Seat 1: emi2210 (595 in chips) 
Seat 2: Mahu2021 (400 in chips) 
Seat 3: %0%22%0%22 (505 in chips) 
emi2210: posts small blind 20
Mahu2021: posts big blind 40
*** HOLE CARDS ***
Dealt to Mahu2021 [9h Qh]
%0%22%0%22: raises 40 to 80
emi2210: folds 
Mahu2021: calls 40
*** FLOP *** [4s Jd 6d]
Mahu2021: checks 
%0%22%0%22: checks 
*** TURN *** [4s Jd 6d] [Kc]
Mahu2021: checks 
%0%22%0%22: checks 
*** RIVER *** [4s Jd 6d Kc] [2h]
Mahu2021: checks 
%0%22%0%22: bets 59
Mahu2021: calls 59
*** SHOW DOWN ***
%0%22%0%22: shows [Ac 4d] (a pair of Fours)
Mahu2021: mucks hand 
%0%22%0%22 collected 298 from pot
*** SUMMARY ***
Total pot 298 | Rake 0 
Board [4s Jd 6d Kc 2h]
Seat 1: emi2210 (small blind) folded before Flop
Seat 2: Mahu2021 (big blind) mucked [9h Qh]
Seat 3: %0%22%0%22 (button) showed [Ac 4d] and won (298) with a pair of Fours



PokerStars Hand #249194227810: Tournament #3723568972, $1.84+$0.16 USD Hold'em No Limit - Level III (20/40) - 2024/03/02 15:58:34 CET [2024/03/02 9:58:34 ET]
Table '3723568972 1' 3-max Seat #1 is the button
Seat 1: emi2210 (575 in chips) 
Seat 2: Mahu2021 (261 in chips) 
Seat 3: %0%22%0%22 (664 in chips) 
Mahu2021: posts small blind 20
%0%22%0%22: posts big blind 40
*** HOLE CARDS ***
Dealt to Mahu2021 [9h Jd]
emi2210: raises 40 to 80
Mahu2021: folds 
%0%22%0%22: folds 
Uncalled bet (40) returned to emi2210
emi2210 collected 100 from pot
*** SUMMARY ***
Total pot 100 | Rake 0 
Seat 1: emi2210 (button) collected (100)
Seat 2: Mahu2021 (small blind) folded before Flop
Seat 3: %0%22%0%22 (big blind) folded before Flop



PokerStars Hand #249194229346: Tournament #3723568972, $1.84+$0.16 USD Hold'em No Limit - Level III (20/40) - 2024/03/02 15:58:42 CET [2024/03/02 9:58:42 ET]
Table '3723568972 1' 3-max Seat #2 is the button
Seat 1: emi2210 (635 in chips) 
Seat 2: Mahu2021 (241 in chips) 
Seat 3: %0%22%0%22 (624 in chips) 
%0%22%0%22: posts small blind 20
emi2210: posts big blind 40
*** HOLE CARDS ***
Dealt to Mahu2021 [Jc Th]
Mahu2021: raises 201 to 241 and is all-in
%0%22%0%22: raises 201 to 442
emi2210: folds 
Uncalled bet (201) returned to %0%22%0%22
*** FLOP *** [6h 5c 6d]
*** TURN *** [6h 5c 6d] [Kc]
*** RIVER *** [6h 5c 6d Kc] [8s]
*** SHOW DOWN ***
%0%22%0%22: shows [3d 3h] (two pair, Sixes and Threes)
Mahu2021: shows [Jc Th] (a pair of Sixes)
%0%22%0%22 collected 522 from pot
Mahu2021 finished the tournament in 3rd place
*** SUMMARY ***
Total pot 522 | Rake 0 
Board [6h 5c 6d Kc 8s]
Seat 1: emi2210 (big blind) folded before Flop
Seat 2: Mahu2021 (button) showed [Jc Th] and lost with a pair of Sixes
Seat 3: %0%22%0%22 (small blind) showed [3d 3h] and won (522) with two pair, Sixes and Threes



