PokerStars Zoom Hand #255094097413:  Hold'em No Limit ($0.05/$0.10) - 2025/03/01 21:54:42 CET [2025/03/01 15:54:42 ET]
Table 'Aludra' 6-max Seat #1 is the button
Seat 1: teebeutel16 ($4.54 in chips) 
Seat 2: shabaBOBO ($15.09 in chips) 
Seat 3: Mahu2021 ($10 in chips) 
Seat 4: durugica10 ($10 in chips) 
Seat 5: ProjectPokerPro ($10.15 in chips) 
Seat 6: M.kozlovsky ($9.90 in chips) 
shabaBOBO: posts small blind $0.05
Mahu2021: posts big blind $0.10
*** HOLE CARDS ***
Dealt to Mahu2021 [8s 2d]
durugica10: folds 
ProjectPokerPro: folds 
M.kozlovsky: folds 
teebeutel16: calls $0.10
shabaBOBO: raises $0.30 to $0.40
Mahu2021: folds 
teebeutel16: folds 
Uncalled bet ($0.30) returned to shabaBOBO
shabaBOBO collected $0.30 from pot
shabaBOBO: doesn't show hand 
*** SUMMARY ***
Total pot $0.30 | Rake $0 
Seat 1: teebeutel16 (button) folded before Flop
Seat 2: shabaBOBO (small blind) collected ($0.30)
Seat 3: Mahu2021 (big blind) folded before Flop
Seat 4: durugica10 folded before Flop (didn't bet)
Seat 5: ProjectPokerPro folded before Flop (didn't bet)
Seat 6: M.kozlovsky folded before Flop (didn't bet)



PokerStars Zoom Hand #255094100623:  Hold'em No Limit ($0.05/$0.10) - 2025/03/01 21:54:53 CET [2025/03/01 15:54:53 ET]
Table 'Aludra' 6-max Seat #1 is the button
Seat 1: Mahu2021 ($9.90 in chips) 
Seat 2: Anesme1 ($14.84 in chips) 
Seat 3: erps112 ($11.08 in chips) 
Seat 4: welshman19 ($17.07 in chips) 
Seat 5: JonKing75 ($11.49 in chips) 
Seat 6: pokeripuikko ($24.12 in chips) 
Anesme1: posts small blind $0.05
erps112: posts big blind $0.10
*** HOLE CARDS ***
Dealt to Mahu2021 [Ad Ah]
welshman19: folds 
JonKing75: folds 
pokeripuikko: folds 
Mahu2021: raises $0.20 to $0.30
Anesme1: folds 
erps112: calls $0.20
*** FLOP *** [7h 2d 2s]
erps112: checks 
Mahu2021: bets $0.30
erps112: folds 
Uncalled bet ($0.30) returned to Mahu2021
Mahu2021 collected $0.62 from pot
Mahu2021: doesn't show hand 
*** SUMMARY ***
Total pot $0.65 | Rake $0.03 
Board [7h 2d 2s]
Seat 1: Mahu2021 (button) collected ($0.62)
Seat 2: Anesme1 (small blind) folded before Flop
Seat 3: erps112 (big blind) folded on the Flop
Seat 4: welshman19 folded before Flop (didn't bet)
Seat 5: JonKing75 folded before Flop (didn't bet)
Seat 6: pokeripuikko folded before Flop (didn't bet)



PokerStars Zoom Hand #255094106085:  Hold'em No Limit ($0.05/$0.10) - 2025/03/01 21:55:13 CET [2025/03/01 15:55:13 ET]
Table 'Aludra' 6-max Seat #1 is the button
Seat 1: marcioadrs ($10 in chips) 
Seat 2: Mahu2021 ($10.22 in chips) 
Seat 3: alanindublin ($15.57 in chips) 
Seat 4: Omaha Craig ($5.66 in chips) 
Seat 5: overmind27 ($15.45 in chips) 
Seat 6: jengar07 ($5.98 in chips) 
Mahu2021: posts small blind $0.05
alanindublin: posts big blind $0.10
*** HOLE CARDS ***
Dealt to Mahu2021 [5d 5s]
Omaha Craig: raises $0.10 to $0.20
overmind27: folds 
jengar07: folds 
marcioadrs: folds 
Mahu2021: calls $0.15
alanindublin: folds 
*** FLOP *** [6c 5h Kh]
Mahu2021: checks 
Omaha Craig: checks 
*** TURN *** [6c 5h Kh] [9c]
Mahu2021: checks 
Omaha Craig: checks 
*** RIVER *** [6c 5h Kh 9c] [Ks]
Mahu2021: bets $1.10
Omaha Craig: folds 
Uncalled bet ($1.10) returned to Mahu2021
Mahu2021 collected $0.48 from pot
Mahu2021: doesn't show hand 
*** SUMMARY ***
Total pot $0.50 | Rake $0.02 
Board [6c 5h Kh 9c Ks]
Seat 1: marcioadrs (button) folded before Flop (didn't bet)
Seat 2: Mahu2021 (small blind) collected ($0.48)
Seat 3: alanindublin (big blind) folded before Flop
Seat 4: Omaha Craig folded on the River
Seat 5: overmind27 folded before Flop (didn't bet)
Seat 6: jengar07 folded before Flop (didn't bet)



