PokerStars Hand #248000126039: Tournament #3694644324, $1.84+$0.16 USD Hold'em No Limit - Level I (10/20) - 2024/01/01 18:55:38 CET [2024/01/01 12:55:38 ET]
Table '3694644324 1' 3-max Seat #1 is the button
Seat 1: ChoboPower (500 in chips) 
Seat 2: Mahu2021 (500 in chips) 
Seat 3: sande45 (500 in chips) 
Mahu2021: posts small blind 10
sande45: posts big blind 20
*** HOLE CARDS ***
Dealt to Mahu2021 [5d Td]
ChoboPower: raises 20 to 40
Mahu2021: folds 
sande45: raises 40 to 80
ChoboPower: calls 40
*** FLOP *** [9h 4c 9c]
sande45: bets 40
ChoboPower: folds 
Uncalled bet (40) returned to sande45
sande45 collected 170 from pot
sande45: doesn't show hand 
*** SUMMARY ***
Total pot 170 | Rake 0 
Board [9h 4c 9c]
Seat 1: ChoboPower (button) folded on the Flop
Seat 2: Mahu2021 (small blind) folded before Flop
Seat 3: sande45 (big blind) collected (170)



PokerStars Hand #248000131801: Tournament #3694644324, $1.84+$0.16 USD Hold'em No Limit - Level I (10/20) - 2024/01/01 18:56:02 CET [2024/01/01 12:56:02 ET]
Table '3694644324 1' 3-max Seat #2 is the button
Seat 1: ChoboPower (420 in chips) 
Seat 2: Mahu2021 (490 in chips) 
Seat 3: sande45 (590 in chips) 
sande45: posts small blind 10
ChoboPower: posts big blind 20
*** HOLE CARDS ***
Dealt to Mahu2021 [8c 8d]
Mahu2021: calls 20
sande45: calls 10
ChoboPower: checks 
*** FLOP *** [7s Td Ks]
sande45: checks 
ChoboPower: checks 
Mahu2021: checks 
*** TURN *** [7s Td Ks] [9s]
sande45: checks 
ChoboPower: checks 
Mahu2021: bets 60
sande45: folds 
ChoboPower: folds 
Uncalled bet (60) returned to Mahu2021
Mahu2021 collected 60 from pot
Mahu2021: doesn't show hand 
*** SUMMARY ***
Total pot 60 | Rake 0 
Board [7s Td Ks 9s]
Seat 1: ChoboPower (big blind) folded on the Turn
Seat 2: Mahu2021 (button) collected (60)
Seat 3: sande45 (small blind) folded on the Turn



PokerStars Hand #248000140792: Tournament #3694644324, $1.84+$0.16 USD Hold'em No Limit - Level I (10/20) - 2024/01/01 18:56:39 CET [2024/01/01 12:56:39 ET]
Table '3694644324 1' 3-max Seat #3 is the button
Seat 1: ChoboPower (400 in chips) 
Seat 2: Mahu2021 (530 in chips) 
Seat 3: sande45 (570 in chips) 
ChoboPower: posts small blind 10
Mahu2021: posts big blind 20
*** HOLE CARDS ***
Dealt to Mahu2021 [3h Qd]
sande45: calls 20
ChoboPower: folds 
Mahu2021: checks 
*** FLOP *** [Ad 5c Jc]
Mahu2021: checks 
sande45: checks 
*** TURN *** [Ad 5c Jc] [4h]
Mahu2021: checks 
sande45: bets 25
Mahu2021: folds 
Uncalled bet (25) returned to sande45
sande45 collected 50 from pot
sande45: doesn't show hand 
*** SUMMARY ***
Total pot 50 | Rake 0 
Board [Ad 5c Jc 4h]
Seat 1: ChoboPower (small blind) folded before Flop
Seat 2: Mahu2021 (big blind) folded on the Turn
Seat 3: sande45 (button) collected (50)



PokerStars Hand #248000145876: Tournament #3694644324, $1.84+$0.16 USD Hold'em No Limit - Level I (10/20) - 2024/01/01 18:57:00 CET [2024/01/01 12:57:00 ET]
Table '3694644324 1' 3-max Seat #1 is the button
Seat 1: ChoboPower (390 in chips) 
Seat 2: Mahu2021 (510 in chips) 
Seat 3: sande45 (600 in chips) 
Mahu2021: posts small blind 10
sande45: posts big blind 20
*** HOLE CARDS ***
Dealt to Mahu2021 [Td As]
ChoboPower: folds 
Mahu2021: raises 20 to 40
sande45: calls 20
*** FLOP *** [Kh 5s 8d]
Mahu2021: checks 
sande45: checks 
*** TURN *** [Kh 5s 8d] [Qs]
Mahu2021: checks 
sande45: bets 40
Mahu2021: folds 
Uncalled bet (40) returned to sande45
sande45 collected 80 from pot
sande45: doesn't show hand 
*** SUMMARY ***
Total pot 80 | Rake 0 
Board [Kh 5s 8d Qs]
Seat 1: ChoboPower (button) folded before Flop (didn't bet)
Seat 2: Mahu2021 (small blind) folded on the Turn
Seat 3: sande45 (big blind) collected (80)



PokerStars Hand #248000150231: Tournament #3694644324, $1.84+$0.16 USD Hold'em No Limit - Level I (10/20) - 2024/01/01 18:57:18 CET [2024/01/01 12:57:18 ET]
Table '3694644324 1' 3-max Seat #2 is the button
Seat 1: ChoboPower (390 in chips) 
Seat 2: Mahu2021 (470 in chips) 
Seat 3: sande45 (640 in chips) 
sande45: posts small blind 10
ChoboPower: posts big blind 20
*** HOLE CARDS ***
Dealt to Mahu2021 [7d 3d]
Mahu2021: folds 
sande45: calls 10
ChoboPower: checks 
*** FLOP *** [4d 7s Tc]
sande45: bets 40
ChoboPower: folds 
Uncalled bet (40) returned to sande45
sande45 collected 40 from pot
sande45: doesn't show hand 
*** SUMMARY ***
Total pot 40 | Rake 0 
Board [4d 7s Tc]
Seat 1: ChoboPower (big blind) folded on the Flop
Seat 2: Mahu2021 (button) folded before Flop (didn't bet)
Seat 3: sande45 (small blind) collected (40)



PokerStars Hand #248000153152: Tournament #3694644324, $1.84+$0.16 USD Hold'em No Limit - Level I (10/20) - 2024/01/01 18:57:30 CET [2024/01/01 12:57:30 ET]
Table '3694644324 1' 3-max Seat #3 is the button
Seat 1: ChoboPower (370 in chips) 
Seat 2: Mahu2021 (470 in chips) 
Seat 3: sande45 (660 in chips) 
ChoboPower: posts small blind 10
Mahu2021: posts big blind 20
*** HOLE CARDS ***
Dealt to Mahu2021 [3s Kd]
sande45: calls 20
ChoboPower: calls 10
Mahu2021: checks 
*** FLOP *** [8d 9c Kh]
ChoboPower: checks 
Mahu2021: checks 
sande45: checks 
*** TURN *** [8d 9c Kh] [Ks]
ChoboPower: checks 
Mahu2021: bets 20
sande45: calls 20
ChoboPower: folds 
*** RIVER *** [8d 9c Kh Ks] [5h]
Mahu2021: bets 100
sande45: raises 140 to 240
Mahu2021: calls 140
*** SHOW DOWN ***
sande45: shows [6d 7d] (a straight, Five to Nine)
Mahu2021: mucks hand 
sande45 collected 580 from pot
*** SUMMARY ***
Total pot 580 | Rake 0 
Board [8d 9c Kh Ks 5h]
Seat 1: ChoboPower (small blind) folded on the Turn
Seat 2: Mahu2021 (big blind) mucked [3s Kd]
Seat 3: sande45 (button) showed [6d 7d] and won (580) with a straight, Five to Nine



PokerStars Hand #248000162925: Tournament #3694644324, $1.84+$0.16 USD Hold'em No Limit - Level I (10/20) - 2024/01/01 18:58:10 CET [2024/01/01 12:58:10 ET]
Table '3694644324 1' 3-max Seat #1 is the button
Seat 1: ChoboPower (350 in chips) 
Seat 2: Mahu2021 (190 in chips) 
Seat 3: sande45 (960 in chips) 
Mahu2021: posts small blind 10
sande45: posts big blind 20
*** HOLE CARDS ***
Dealt to Mahu2021 [8c 4d]
ChoboPower: raises 20 to 40
Mahu2021: folds 
sande45: calls 20
*** FLOP *** [3c Qd 2s]
sande45: checks 
ChoboPower: checks 
*** TURN *** [3c Qd 2s] [3s]
sande45: checks 
ChoboPower: checks 
*** RIVER *** [3c Qd 2s 3s] [Js]
sande45: checks 
ChoboPower: bets 92
sande45: calls 92
*** SHOW DOWN ***
ChoboPower: shows [Qh Qs] (a full house, Queens full of Threes)
sande45: mucks hand 
ChoboPower collected 274 from pot
*** SUMMARY ***
Total pot 274 | Rake 0 
Board [3c Qd 2s 3s Js]
Seat 1: ChoboPower (button) showed [Qh Qs] and won (274) with a full house, Queens full of Threes
Seat 2: Mahu2021 (small blind) folded before Flop
Seat 3: sande45 (big blind) mucked [Ah Ts]



PokerStars Hand #248000172842: Tournament #3694644324, $1.84+$0.16 USD Hold'em No Limit - Level II (15/30) - 2024/01/01 18:58:50 CET [2024/01/01 12:58:50 ET]
Table '3694644324 1' 3-max Seat #2 is the button
Seat 1: ChoboPower (492 in chips) 
Seat 2: Mahu2021 (180 in chips) 
Seat 3: sande45 (828 in chips) 
sande45: posts small blind 15
ChoboPower: posts big blind 30
*** HOLE CARDS ***
Dealt to Mahu2021 [5c Th]
Mahu2021: folds 
sande45: raises 60 to 90
ChoboPower: calls 60
*** FLOP *** [2s Kc 3c]
sande45: bets 60
ChoboPower: calls 60
*** TURN *** [2s Kc 3c] [Ah]
sande45: bets 60
ChoboPower: calls 60
*** RIVER *** [2s Kc 3c Ah] [2d]
sande45: checks 
ChoboPower: bets 282 and is all-in
sande45: calls 282
*** SHOW DOWN ***
ChoboPower: shows [Kd Ts] (two pair, Kings and Deuces)
sande45: shows [Kh Qs] (two pair, Kings and Deuces)
sande45 collected 492 from pot
ChoboPower collected 492 from pot
*** SUMMARY ***
Total pot 984 | Rake 0 
Board [2s Kc 3c Ah 2d]
Seat 1: ChoboPower (big blind) showed [Kd Ts] and won (492) with two pair, Kings and Deuces
Seat 2: Mahu2021 (button) folded before Flop (didn't bet)
Seat 3: sande45 (small blind) showed [Kh Qs] and won (492) with two pair, Kings and Deuces



PokerStars Hand #248000185680: Tournament #3694644324, $1.84+$0.16 USD Hold'em No Limit - Level II (15/30) - 2024/01/01 18:59:42 CET [2024/01/01 12:59:42 ET]
Table '3694644324 1' 3-max Seat #3 is the button
Seat 1: ChoboPower (492 in chips) 
Seat 2: Mahu2021 (180 in chips) 
Seat 3: sande45 (828 in chips) 
ChoboPower: posts small blind 15
Mahu2021: posts big blind 30
*** HOLE CARDS ***
Dealt to Mahu2021 [Ad 4s]
sande45: folds 
ChoboPower: raises 462 to 492 and is all-in
Mahu2021: folds 
Uncalled bet (462) returned to ChoboPower
ChoboPower collected 60 from pot
ChoboPower: doesn't show hand 
*** SUMMARY ***
Total pot 60 | Rake 0 
Seat 1: ChoboPower (small blind) collected (60)
Seat 2: Mahu2021 (big blind) folded before Flop
Seat 3: sande45 (button) folded before Flop (didn't bet)



PokerStars Hand #248000188095: Tournament #3694644324, $1.84+$0.16 USD Hold'em No Limit - Level II (15/30) - 2024/01/01 18:59:52 CET [2024/01/01 12:59:52 ET]
Table '3694644324 1' 3-max Seat #1 is the button
Seat 1: ChoboPower (522 in chips) 
Seat 2: Mahu2021 (150 in chips) 
Seat 3: sande45 (828 in chips) 
Mahu2021: posts small blind 15
sande45: posts big blind 30
*** HOLE CARDS ***
Dealt to Mahu2021 [4c As]
ChoboPower: folds 
Mahu2021: raises 120 to 150 and is all-in
sande45: folds 
Uncalled bet (120) returned to Mahu2021
Mahu2021 collected 60 from pot
Mahu2021: doesn't show hand 
*** SUMMARY ***
Total pot 60 | Rake 0 
Seat 1: ChoboPower (button) folded before Flop (didn't bet)
Seat 2: Mahu2021 (small blind) collected (60)
Seat 3: sande45 (big blind) folded before Flop



PokerStars Hand #248000190029: Tournament #3694644324, $1.84+$0.16 USD Hold'em No Limit - Level II (15/30) - 2024/01/01 19:00:00 CET [2024/01/01 13:00:00 ET]
Table '3694644324 1' 3-max Seat #2 is the button
Seat 1: ChoboPower (522 in chips) 
Seat 2: Mahu2021 (180 in chips) 
Seat 3: sande45 (798 in chips) 
sande45: posts small blind 15
ChoboPower: posts big blind 30
*** HOLE CARDS ***
Dealt to Mahu2021 [5h 7h]
Mahu2021: calls 30
sande45: calls 15
ChoboPower: checks 
*** FLOP *** [4d 5d 8d]
sande45: bets 30
ChoboPower: folds 
Mahu2021: raises 120 to 150 and is all-in
sande45: calls 120
*** TURN *** [4d 5d 8d] [Ah]
*** RIVER *** [4d 5d 8d Ah] [Qd]
*** SHOW DOWN ***
sande45: shows [4c Kd] (a flush, King high)
Mahu2021: shows [5h 7h] (a pair of Fives)
sande45 collected 390 from pot
Mahu2021 finished the tournament in 3rd place
*** SUMMARY ***
Total pot 390 | Rake 0 
Board [4d 5d 8d Ah Qd]
Seat 1: ChoboPower (big blind) folded on the Flop
Seat 2: Mahu2021 (button) showed [5h 7h] and lost with a pair of Fives
Seat 3: sande45 (small blind) showed [4c Kd] and won (390) with a flush, King high



