PokerStars Hand #252672441113: Tournament #3806063222, $1.84+$0.16 USD Hold'em No Limit - Level I (10/20) - 2024/09/28 18:48:57 CET [2024/09/28 12:48:57 ET]
Table '3806063222 1' 3-max Seat #1 is the button
Seat 1: iengland1 (500 in chips) 
Seat 2: Lekcey05 (500 in chips) 
Seat 3: Mahu2021 (500 in chips) 
Lekcey05: posts small blind 10
Mahu2021: posts big blind 20
*** HOLE CARDS ***
Dealt to Mahu2021 [6d Qh]
iengland1: calls 20
Lekcey05: raises 40 to 60
Mahu2021: folds 
iengland1: calls 40
*** FLOP *** [2h Ah 7s]
Lekcey05: bets 35
iengland1: calls 35
*** TURN *** [2h Ah 7s] [Ad]
Lekcey05: checks 
iengland1: checks 
*** RIVER *** [2h Ah 7s Ad] [Ac]
Lekcey05: checks 
iengland1: checks 
*** SHOW DOWN ***
Lekcey05: shows [Qd Kh] (three of a kind, Aces)
iengland1: mucks hand 
Lekcey05 collected 210 from pot
*** SUMMARY ***
Total pot 210 | Rake 0 
Board [2h Ah 7s Ad Ac]
Seat 1: iengland1 (button) mucked [Kc Jc]
Seat 2: Lekcey05 (small blind) showed [Qd Kh] and won (210) with three of a kind, Aces
Seat 3: Mahu2021 (big blind) folded before Flop



PokerStars Hand #252672448835: Tournament #3806063222, $1.84+$0.16 USD Hold'em No Limit - Level I (10/20) - 2024/09/28 18:49:28 CET [2024/09/28 12:49:28 ET]
Table '3806063222 1' 3-max Seat #2 is the button
Seat 1: iengland1 (405 in chips) 
Seat 2: Lekcey05 (615 in chips) 
Seat 3: Mahu2021 (480 in chips) 
Mahu2021: posts small blind 10
iengland1: posts big blind 20
*** HOLE CARDS ***
Dealt to Mahu2021 [Ad 7s]
Lekcey05: folds 
Mahu2021: raises 20 to 40
iengland1: calls 20
*** FLOP *** [4h 9c Jd]
Mahu2021: checks 
iengland1: bets 40
Mahu2021: calls 40
*** TURN *** [4h 9c Jd] [2d]
Mahu2021: checks 
iengland1: bets 20
Mahu2021: calls 20
*** RIVER *** [4h 9c Jd 2d] [8d]
Mahu2021: bets 100
iengland1: calls 100
*** SHOW DOWN ***
Mahu2021: shows [Ad 7s] (high card Ace)
iengland1: shows [Ks Kh] (a pair of Kings)
iengland1 collected 400 from pot
*** SUMMARY ***
Total pot 400 | Rake 0 
Board [4h 9c Jd 2d 8d]
Seat 1: iengland1 (big blind) showed [Ks Kh] and won (400) with a pair of Kings
Seat 2: Lekcey05 (button) folded before Flop (didn't bet)
Seat 3: Mahu2021 (small blind) showed [Ad 7s] and lost with high card Ace



PokerStars Hand #252672454789: Tournament #3806063222, $1.84+$0.16 USD Hold'em No Limit - Level I (10/20) - 2024/09/28 18:49:51 CET [2024/09/28 12:49:51 ET]
Table '3806063222 1' 3-max Seat #3 is the button
Seat 1: iengland1 (605 in chips) 
Seat 2: Lekcey05 (615 in chips) 
Seat 3: Mahu2021 (280 in chips) 
iengland1: posts small blind 10
Lekcey05: posts big blind 20
*** HOLE CARDS ***
Dealt to Mahu2021 [Qs 2h]
Mahu2021: folds 
iengland1: calls 10
Lekcey05: raises 595 to 615 and is all-in
iengland1: folds 
Uncalled bet (595) returned to Lekcey05
Lekcey05 collected 40 from pot
Lekcey05: doesn't show hand 
*** SUMMARY ***
Total pot 40 | Rake 0 
Seat 1: iengland1 (small blind) folded before Flop
Seat 2: Lekcey05 (big blind) collected (40)
Seat 3: Mahu2021 (button) folded before Flop (didn't bet)



PokerStars Hand #252672457517: Tournament #3806063222, $1.84+$0.16 USD Hold'em No Limit - Level I (10/20) - 2024/09/28 18:50:01 CET [2024/09/28 12:50:01 ET]
Table '3806063222 1' 3-max Seat #1 is the button
Seat 1: iengland1 (585 in chips) 
Seat 2: Lekcey05 (635 in chips) 
Seat 3: Mahu2021 (280 in chips) 
Lekcey05: posts small blind 10
Mahu2021: posts big blind 20
*** HOLE CARDS ***
Dealt to Mahu2021 [7h 2d]
iengland1: calls 20
Lekcey05: raises 615 to 635 and is all-in
Mahu2021: folds 
iengland1: folds 
Uncalled bet (615) returned to Lekcey05
Lekcey05 collected 60 from pot
Lekcey05: doesn't show hand 
*** SUMMARY ***
Total pot 60 | Rake 0 
Seat 1: iengland1 (button) folded before Flop
Seat 2: Lekcey05 (small blind) collected (60)
Seat 3: Mahu2021 (big blind) folded before Flop



PokerStars Hand #252672459903: Tournament #3806063222, $1.84+$0.16 USD Hold'em No Limit - Level I (10/20) - 2024/09/28 18:50:11 CET [2024/09/28 12:50:11 ET]
Table '3806063222 1' 3-max Seat #2 is the button
Seat 1: iengland1 (565 in chips) 
Seat 2: Lekcey05 (675 in chips) 
Seat 3: Mahu2021 (260 in chips) 
Mahu2021: posts small blind 10
iengland1: posts big blind 20
*** HOLE CARDS ***
Dealt to Mahu2021 [5s 4s]
Lekcey05: folds 
Mahu2021: calls 10
iengland1: checks 
*** FLOP *** [8d Jc As]
Mahu2021: checks 
iengland1: checks 
*** TURN *** [8d Jc As] [8c]
Mahu2021: checks 
iengland1: checks 
*** RIVER *** [8d Jc As 8c] [8h]
Mahu2021: checks 
iengland1: checks 
*** SHOW DOWN ***
Mahu2021: shows [5s 4s] (three of a kind, Eights)
iengland1: shows [2s 9c] (three of a kind, Eights)
Mahu2021 collected 20 from pot
iengland1 collected 20 from pot
*** SUMMARY ***
Total pot 40 | Rake 0 
Board [8d Jc As 8c 8h]
Seat 1: iengland1 (big blind) showed [2s 9c] and won (20) with three of a kind, Eights
Seat 2: Lekcey05 (button) folded before Flop (didn't bet)
Seat 3: Mahu2021 (small blind) showed [5s 4s] and won (20) with three of a kind, Eights



PokerStars Hand #252672463576: Tournament #3806063222, $1.84+$0.16 USD Hold'em No Limit - Level I (10/20) - 2024/09/28 18:50:26 CET [2024/09/28 12:50:26 ET]
Table '3806063222 1' 3-max Seat #3 is the button
Seat 1: iengland1 (565 in chips) 
Seat 2: Lekcey05 (675 in chips) 
Seat 3: Mahu2021 (260 in chips) 
iengland1: posts small blind 10
Lekcey05: posts big blind 20
*** HOLE CARDS ***
Dealt to Mahu2021 [7s 6c]
Mahu2021: folds 
iengland1: calls 10
Lekcey05: checks 
*** FLOP *** [8c 5d Tc]
iengland1: checks 
Lekcey05: checks 
*** TURN *** [8c 5d Tc] [Qd]
iengland1: checks 
Lekcey05: checks 
*** RIVER *** [8c 5d Tc Qd] [7c]
iengland1: checks 
Lekcey05: checks 
*** SHOW DOWN ***
iengland1: shows [6s Ac] (high card Ace)
Lekcey05: mucks hand 
iengland1 collected 40 from pot
*** SUMMARY ***
Total pot 40 | Rake 0 
Board [8c 5d Tc Qd 7c]
Seat 1: iengland1 (small blind) showed [6s Ac] and won (40) with high card Ace
Seat 2: Lekcey05 (big blind) mucked [2s 4h]
Seat 3: Mahu2021 (button) folded before Flop (didn't bet)



PokerStars Hand #252672469297: Tournament #3806063222, $1.84+$0.16 USD Hold'em No Limit - Level I (10/20) - 2024/09/28 18:50:48 CET [2024/09/28 12:50:48 ET]
Table '3806063222 1' 3-max Seat #1 is the button
Seat 1: iengland1 (585 in chips) 
Seat 2: Lekcey05 (655 in chips) 
Seat 3: Mahu2021 (260 in chips) 
Lekcey05: posts small blind 10
Mahu2021: posts big blind 20
*** HOLE CARDS ***
Dealt to Mahu2021 [Ac Js]
iengland1: folds 
Lekcey05: raises 20 to 40
Mahu2021: raises 220 to 260 and is all-in
Lekcey05: calls 220
*** FLOP *** [6c 2c Th]
*** TURN *** [6c 2c Th] [3d]
*** RIVER *** [6c 2c Th 3d] [4h]
*** SHOW DOWN ***
Lekcey05: shows [Ks Ad] (high card Ace)
Mahu2021: shows [Ac Js] (high card Ace - lower kicker)
Lekcey05 collected 520 from pot
Mahu2021 finished the tournament in 3rd place
*** SUMMARY ***
Total pot 520 | Rake 0 
Board [6c 2c Th 3d 4h]
Seat 1: iengland1 (button) folded before Flop (didn't bet)
Seat 2: Lekcey05 (small blind) showed [Ks Ad] and won (520) with high card Ace
Seat 3: Mahu2021 (big blind) showed [Ac Js] and lost with high card Ace



