PokerStars Hand #253309881848: Tournament #3821363376, $1.84+$0.16 USD Hold'em No Limit - Level I (10/20) - 2024/11/08 15:16:44 CET [2024/11/08 9:16:44 ET]
Table '3821363376 1' 3-max Seat #1 is the button
Seat 1: Mahu2021 (500 in chips) 
Seat 2: Trache08 (500 in chips) 
Seat 3: DrakanudoPoker (500 in chips) 
Trache08: posts small blind 10
DrakanudoPoker: posts big blind 20
*** HOLE CARDS ***
Dealt to Mahu2021 [5h 3d]
Mahu2021: folds 
Trache08: raises 20 to 40
DrakanudoPoker: folds 
Uncalled bet (20) returned to Trache08
Trache08 collected 40 from pot
*** SUMMARY ***
Total pot 40 | Rake 0 
Seat 1: Mahu2021 (button) folded before Flop (didn't bet)
Seat 2: Trache08 (small blind) collected (40)
Seat 3: DrakanudoPoker (big blind) folded before Flop



PokerStars Hand #253309884437: Tournament #3821363376, $1.84+$0.16 USD Hold'em No Limit - Level I (10/20) - 2024/11/08 15:16:59 CET [2024/11/08 9:16:59 ET]
Table '3821363376 1' 3-max Seat #2 is the button
Seat 1: Mahu2021 (500 in chips) 
Seat 2: Trache08 (520 in chips) 
Seat 3: DrakanudoPoker (480 in chips) 
DrakanudoPoker: posts small blind 10
Mahu2021: posts big blind 20
*** HOLE CARDS ***
Dealt to Mahu2021 [3h 2h]
Trache08: calls 20
DrakanudoPoker: calls 10
Mahu2021: checks 
*** FLOP *** [8h 5d Kd]
DrakanudoPoker: checks 
Mahu2021: checks 
Trache08: bets 20
DrakanudoPoker: folds 
Mahu2021: folds 
Uncalled bet (20) returned to Trache08
Trache08 collected 60 from pot
*** SUMMARY ***
Total pot 60 | Rake 0 
Board [8h 5d Kd]
Seat 1: Mahu2021 (big blind) folded on the Flop
Seat 2: Trache08 (button) collected (60)
Seat 3: DrakanudoPoker (small blind) folded on the Flop



PokerStars Hand #253309888071: Tournament #3821363376, $1.84+$0.16 USD Hold'em No Limit - Level I (10/20) - 2024/11/08 15:17:20 CET [2024/11/08 9:17:20 ET]
Table '3821363376 1' 3-max Seat #3 is the button
Seat 1: Mahu2021 (480 in chips) 
Seat 2: Trache08 (560 in chips) 
Seat 3: DrakanudoPoker (460 in chips) 
Mahu2021: posts small blind 10
Trache08: posts big blind 20
*** HOLE CARDS ***
Dealt to Mahu2021 [Ts 3d]
DrakanudoPoker: folds 
Mahu2021: folds 
Uncalled bet (10) returned to Trache08
Trache08 collected 20 from pot
*** SUMMARY ***
Total pot 20 | Rake 0 
Seat 1: Mahu2021 (small blind) folded before Flop
Seat 2: Trache08 (big blind) collected (20)
Seat 3: DrakanudoPoker (button) folded before Flop (didn't bet)



PokerStars Hand #253309888903: Tournament #3821363376, $1.84+$0.16 USD Hold'em No Limit - Level I (10/20) - 2024/11/08 15:17:25 CET [2024/11/08 9:17:25 ET]
Table '3821363376 1' 3-max Seat #1 is the button
Seat 1: Mahu2021 (470 in chips) 
Seat 2: Trache08 (570 in chips) 
Seat 3: DrakanudoPoker (460 in chips) 
Trache08: posts small blind 10
DrakanudoPoker: posts big blind 20
*** HOLE CARDS ***
Dealt to Mahu2021 [Qd 8c]
Mahu2021: folds 
Trache08: calls 10
DrakanudoPoker: checks 
*** FLOP *** [7c 7d 7s]
Trache08: checks 
DrakanudoPoker: checks 
*** TURN *** [7c 7d 7s] [Qc]
Trache08: checks 
DrakanudoPoker: checks 
*** RIVER *** [7c 7d 7s Qc] [6s]
Trache08: checks 
DrakanudoPoker: bets 40
Trache08: folds 
Uncalled bet (40) returned to DrakanudoPoker
DrakanudoPoker collected 40 from pot
DrakanudoPoker: doesn't show hand 
*** SUMMARY ***
Total pot 40 | Rake 0 
Board [7c 7d 7s Qc 6s]
Seat 1: Mahu2021 (button) folded before Flop (didn't bet)
Seat 2: Trache08 (small blind) folded on the River
Seat 3: DrakanudoPoker (big blind) collected (40)



PokerStars Hand #253309893173: Tournament #3821363376, $1.84+$0.16 USD Hold'em No Limit - Level I (10/20) - 2024/11/08 15:17:50 CET [2024/11/08 9:17:50 ET]
Table '3821363376 1' 3-max Seat #2 is the button
Seat 1: Mahu2021 (470 in chips) 
Seat 2: Trache08 (550 in chips) 
Seat 3: DrakanudoPoker (480 in chips) 
DrakanudoPoker: posts small blind 10
Mahu2021: posts big blind 20
*** HOLE CARDS ***
Dealt to Mahu2021 [6s 4h]
Trache08: folds 
DrakanudoPoker: calls 10
Mahu2021: checks 
*** FLOP *** [Jd 4d 8d]
DrakanudoPoker: bets 20
Mahu2021: raises 40 to 60
DrakanudoPoker: calls 40
*** TURN *** [Jd 4d 8d] [8h]
DrakanudoPoker: checks 
Mahu2021: checks 
*** RIVER *** [Jd 4d 8d 8h] [3d]
DrakanudoPoker: bets 160
Mahu2021: folds 
Uncalled bet (160) returned to DrakanudoPoker
DrakanudoPoker collected 160 from pot
DrakanudoPoker: doesn't show hand 
*** SUMMARY ***
Total pot 160 | Rake 0 
Board [Jd 4d 8d 8h 3d]
Seat 1: Mahu2021 (big blind) folded on the River
Seat 2: Trache08 (button) folded before Flop (didn't bet)
Seat 3: DrakanudoPoker (small blind) collected (160)



PokerStars Hand #253309900158: Tournament #3821363376, $1.84+$0.16 USD Hold'em No Limit - Level I (10/20) - 2024/11/08 15:18:30 CET [2024/11/08 9:18:30 ET]
Table '3821363376 1' 3-max Seat #3 is the button
Seat 1: Mahu2021 (390 in chips) 
Seat 2: Trache08 (550 in chips) 
Seat 3: DrakanudoPoker (560 in chips) 
Mahu2021: posts small blind 10
Trache08: posts big blind 20
*** HOLE CARDS ***
Dealt to Mahu2021 [Ad Jc]
DrakanudoPoker: raises 20 to 40
Mahu2021: calls 30
Trache08: calls 20
*** FLOP *** [Ac 7c Jd]
Mahu2021: bets 40
Trache08: calls 40
DrakanudoPoker: calls 40
*** TURN *** [Ac 7c Jd] [Js]
Mahu2021: bets 40
Trache08: calls 40
DrakanudoPoker: calls 40
*** RIVER *** [Ac 7c Jd Js] [7d]
Mahu2021: bets 80
Trache08: raises 80 to 160
DrakanudoPoker: folds 
Mahu2021: raises 110 to 270 and is all-in
Trache08: calls 110
*** SHOW DOWN ***
Mahu2021: shows [Ad Jc] (a full house, Jacks full of Aces)
Trache08: shows [Jh 3c] (a full house, Jacks full of Sevens)
Mahu2021 collected 900 from pot
*** SUMMARY ***
Total pot 900 | Rake 0 
Board [Ac 7c Jd Js 7d]
Seat 1: Mahu2021 (small blind) showed [Ad Jc] and won (900) with a full house, Jacks full of Aces
Seat 2: Trache08 (big blind) showed [Jh 3c] and lost with a full house, Jacks full of Sevens
Seat 3: DrakanudoPoker (button) folded on the River



PokerStars Hand #253309905498: Tournament #3821363376, $1.84+$0.16 USD Hold'em No Limit - Level I (10/20) - 2024/11/08 15:19:02 CET [2024/11/08 9:19:02 ET]
Table '3821363376 1' 3-max Seat #1 is the button
Seat 1: Mahu2021 (900 in chips) 
Seat 2: Trache08 (160 in chips) 
Seat 3: DrakanudoPoker (440 in chips) 
Trache08: posts small blind 10
DrakanudoPoker: posts big blind 20
*** HOLE CARDS ***
Dealt to Mahu2021 [Ac Ks]
Mahu2021: raises 20 to 40
Trache08: raises 120 to 160 and is all-in
DrakanudoPoker: folds 
Mahu2021: calls 120
*** FLOP *** [6s 3c Kd]
*** TURN *** [6s 3c Kd] [6c]
*** RIVER *** [6s 3c Kd 6c] [Ts]
*** SHOW DOWN ***
Trache08: shows [Kc 6d] (a full house, Sixes full of Kings)
Mahu2021: shows [Ac Ks] (two pair, Kings and Sixes)
Trache08 collected 340 from pot
*** SUMMARY ***
Total pot 340 | Rake 0 
Board [6s 3c Kd 6c Ts]
Seat 1: Mahu2021 (button) showed [Ac Ks] and lost with two pair, Kings and Sixes
Seat 2: Trache08 (small blind) showed [Kc 6d] and won (340) with a full house, Sixes full of Kings
Seat 3: DrakanudoPoker (big blind) folded before Flop



PokerStars Hand #253309908253: Tournament #3821363376, $1.84+$0.16 USD Hold'em No Limit - Level I (10/20) - 2024/11/08 15:19:18 CET [2024/11/08 9:19:18 ET]
Table '3821363376 1' 3-max Seat #2 is the button
Seat 1: Mahu2021 (740 in chips) 
Seat 2: Trache08 (340 in chips) 
Seat 3: DrakanudoPoker (420 in chips) 
DrakanudoPoker: posts small blind 10
Mahu2021: posts big blind 20
*** HOLE CARDS ***
Dealt to Mahu2021 [Qh Ad]
Trache08: raises 320 to 340 and is all-in
DrakanudoPoker: folds 
Mahu2021: calls 320
*** FLOP *** [6c Ks 5d]
*** TURN *** [6c Ks 5d] [4c]
*** RIVER *** [6c Ks 5d 4c] [4h]
*** SHOW DOWN ***
Mahu2021: shows [Qh Ad] (a pair of Fours)
Trache08: shows [7s 9c] (a pair of Fours - lower kicker)
Mahu2021 collected 690 from pot
Trache08 finished the tournament in 3rd place
*** SUMMARY ***
Total pot 690 | Rake 0 
Board [6c Ks 5d 4c 4h]
Seat 1: Mahu2021 (big blind) showed [Qh Ad] and won (690) with a pair of Fours
Seat 2: Trache08 (button) showed [7s 9c] and lost with a pair of Fours
Seat 3: DrakanudoPoker (small blind) folded before Flop



PokerStars Hand #253309911351: Tournament #3821363376, $1.84+$0.16 USD Hold'em No Limit - Level I (10/20) - 2024/11/08 15:19:36 CET [2024/11/08 9:19:36 ET]
Table '3821363376 1' 3-max Seat #1 is the button
Seat 1: Mahu2021 (1090 in chips) 
Seat 3: DrakanudoPoker (410 in chips) 
Mahu2021: posts small blind 10
DrakanudoPoker: posts big blind 20
*** HOLE CARDS ***
Dealt to Mahu2021 [6c Qc]
Mahu2021: raises 20 to 40
DrakanudoPoker: calls 20
*** FLOP *** [3s 8c Ks]
DrakanudoPoker: checks 
Mahu2021: bets 40
DrakanudoPoker: folds 
Uncalled bet (40) returned to Mahu2021
Mahu2021 collected 80 from pot
Mahu2021: doesn't show hand 
*** SUMMARY ***
Total pot 80 | Rake 0 
Board [3s 8c Ks]
Seat 1: Mahu2021 (button) (small blind) collected (80)
Seat 3: DrakanudoPoker (big blind) folded on the Flop



PokerStars Hand #253309915180: Tournament #3821363376, $1.84+$0.16 USD Hold'em No Limit - Level II (15/30) - 2024/11/08 15:19:58 CET [2024/11/08 9:19:58 ET]
Table '3821363376 1' 3-max Seat #3 is the button
Seat 1: Mahu2021 (1130 in chips) 
Seat 3: DrakanudoPoker (370 in chips) 
DrakanudoPoker: posts small blind 15
Mahu2021: posts big blind 30
*** HOLE CARDS ***
Dealt to Mahu2021 [Kh Jh]
DrakanudoPoker: calls 15
Mahu2021: raises 60 to 90
DrakanudoPoker: folds 
Uncalled bet (60) returned to Mahu2021
Mahu2021 collected 60 from pot
Mahu2021: doesn't show hand 
*** SUMMARY ***
Total pot 60 | Rake 0 
Seat 1: Mahu2021 (big blind) collected (60)
Seat 3: DrakanudoPoker (button) (small blind) folded before Flop



PokerStars Hand #253309916757: Tournament #3821363376, $1.84+$0.16 USD Hold'em No Limit - Level II (15/30) - 2024/11/08 15:20:08 CET [2024/11/08 9:20:08 ET]
Table '3821363376 1' 3-max Seat #1 is the button
Seat 1: Mahu2021 (1160 in chips) 
Seat 3: DrakanudoPoker (340 in chips) 
Mahu2021: posts small blind 15
DrakanudoPoker: posts big blind 30
*** HOLE CARDS ***
Dealt to Mahu2021 [Kh Jh]
Mahu2021: raises 60 to 90
DrakanudoPoker: folds 
Uncalled bet (60) returned to Mahu2021
Mahu2021 collected 60 from pot
Mahu2021: doesn't show hand 
*** SUMMARY ***
Total pot 60 | Rake 0 
Seat 1: Mahu2021 (button) (small blind) collected (60)
Seat 3: DrakanudoPoker (big blind) folded before Flop



PokerStars Hand #253309918797: Tournament #3821363376, $1.84+$0.16 USD Hold'em No Limit - Level II (15/30) - 2024/11/08 15:20:20 CET [2024/11/08 9:20:20 ET]
Table '3821363376 1' 3-max Seat #3 is the button
Seat 1: Mahu2021 (1190 in chips) 
Seat 3: DrakanudoPoker (310 in chips) 
DrakanudoPoker: posts small blind 15
Mahu2021: posts big blind 30
*** HOLE CARDS ***
Dealt to Mahu2021 [Js Jc]
DrakanudoPoker: calls 15
Mahu2021: raises 60 to 90
DrakanudoPoker: folds 
Uncalled bet (60) returned to Mahu2021
Mahu2021 collected 60 from pot
Mahu2021: doesn't show hand 
*** SUMMARY ***
Total pot 60 | Rake 0 
Seat 1: Mahu2021 (big blind) collected (60)
Seat 3: DrakanudoPoker (button) (small blind) folded before Flop



PokerStars Hand #253309920053: Tournament #3821363376, $1.84+$0.16 USD Hold'em No Limit - Level II (15/30) - 2024/11/08 15:20:27 CET [2024/11/08 9:20:27 ET]
Table '3821363376 1' 3-max Seat #1 is the button
Seat 1: Mahu2021 (1220 in chips) 
Seat 3: DrakanudoPoker (280 in chips) 
Mahu2021: posts small blind 15
DrakanudoPoker: posts big blind 30
*** HOLE CARDS ***
Dealt to Mahu2021 [8d 7h]
Mahu2021: calls 15
DrakanudoPoker: checks 
*** FLOP *** [6s 3h 3s]
DrakanudoPoker: checks 
Mahu2021: checks 
*** TURN *** [6s 3h 3s] [2d]
DrakanudoPoker: bets 30
Mahu2021: folds 
Uncalled bet (30) returned to DrakanudoPoker
DrakanudoPoker collected 60 from pot
DrakanudoPoker: doesn't show hand 
*** SUMMARY ***
Total pot 60 | Rake 0 
Board [6s 3h 3s 2d]
Seat 1: Mahu2021 (button) (small blind) folded on the Turn
Seat 3: DrakanudoPoker (big blind) collected (60)



PokerStars Hand #253309922254: Tournament #3821363376, $1.84+$0.16 USD Hold'em No Limit - Level II (15/30) - 2024/11/08 15:20:40 CET [2024/11/08 9:20:40 ET]
Table '3821363376 1' 3-max Seat #3 is the button
Seat 1: Mahu2021 (1190 in chips) 
Seat 3: DrakanudoPoker (310 in chips) 
DrakanudoPoker: posts small blind 15
Mahu2021: posts big blind 30
*** HOLE CARDS ***
Dealt to Mahu2021 [Kc 2c]
DrakanudoPoker: calls 15
Mahu2021: checks 
*** FLOP *** [4h 9c 7s]
Mahu2021: checks 
DrakanudoPoker: bets 30
Mahu2021: folds 
Uncalled bet (30) returned to DrakanudoPoker
DrakanudoPoker collected 60 from pot
DrakanudoPoker: doesn't show hand 
*** SUMMARY ***
Total pot 60 | Rake 0 
Board [4h 9c 7s]
Seat 1: Mahu2021 (big blind) folded on the Flop
Seat 3: DrakanudoPoker (button) (small blind) collected (60)



PokerStars Hand #253309924057: Tournament #3821363376, $1.84+$0.16 USD Hold'em No Limit - Level II (15/30) - 2024/11/08 15:20:50 CET [2024/11/08 9:20:50 ET]
Table '3821363376 1' 3-max Seat #1 is the button
Seat 1: Mahu2021 (1160 in chips) 
Seat 3: DrakanudoPoker (340 in chips) 
Mahu2021: posts small blind 15
DrakanudoPoker: posts big blind 30
*** HOLE CARDS ***
Dealt to Mahu2021 [8s 7s]
Mahu2021: raises 30 to 60
DrakanudoPoker: folds 
Uncalled bet (30) returned to Mahu2021
Mahu2021 collected 60 from pot
Mahu2021: doesn't show hand 
*** SUMMARY ***
Total pot 60 | Rake 0 
Seat 1: Mahu2021 (button) (small blind) collected (60)
Seat 3: DrakanudoPoker (big blind) folded before Flop



PokerStars Hand #253309926379: Tournament #3821363376, $1.84+$0.16 USD Hold'em No Limit - Level II (15/30) - 2024/11/08 15:21:04 CET [2024/11/08 9:21:04 ET]
Table '3821363376 1' 3-max Seat #3 is the button
Seat 1: Mahu2021 (1190 in chips) 
Seat 3: DrakanudoPoker (310 in chips) 
DrakanudoPoker: posts small blind 15
Mahu2021: posts big blind 30
*** HOLE CARDS ***
Dealt to Mahu2021 [5c 9c]
DrakanudoPoker: calls 15
Mahu2021: checks 
*** FLOP *** [9h 7d 6d]
Mahu2021: bets 30
DrakanudoPoker: calls 30
*** TURN *** [9h 7d 6d] [4d]
Mahu2021: bets 30
DrakanudoPoker: raises 45 to 75
Mahu2021: calls 45
*** RIVER *** [9h 7d 6d 4d] [Jh]
Mahu2021: checks 
DrakanudoPoker: bets 175 and is all-in
Mahu2021: calls 175
*** SHOW DOWN ***
DrakanudoPoker: shows [Ks Kc] (a pair of Kings)
Mahu2021: shows [5c 9c] (a pair of Nines)
DrakanudoPoker collected 620 from pot
*** SUMMARY ***
Total pot 620 | Rake 0 
Board [9h 7d 6d 4d Jh]
Seat 1: Mahu2021 (big blind) showed [5c 9c] and lost with a pair of Nines
Seat 3: DrakanudoPoker (button) (small blind) showed [Ks Kc] and won (620) with a pair of Kings



PokerStars Hand #253309931310: Tournament #3821363376, $1.84+$0.16 USD Hold'em No Limit - Level II (15/30) - 2024/11/08 15:21:33 CET [2024/11/08 9:21:33 ET]
Table '3821363376 1' 3-max Seat #1 is the button
Seat 1: Mahu2021 (880 in chips) 
Seat 3: DrakanudoPoker (620 in chips) 
Mahu2021: posts small blind 15
DrakanudoPoker: posts big blind 30
*** HOLE CARDS ***
Dealt to Mahu2021 [8d Ts]
Mahu2021: folds 
Uncalled bet (15) returned to DrakanudoPoker
DrakanudoPoker collected 30 from pot
DrakanudoPoker: doesn't show hand 
*** SUMMARY ***
Total pot 30 | Rake 0 
Seat 1: Mahu2021 (button) (small blind) folded before Flop
Seat 3: DrakanudoPoker (big blind) collected (30)



PokerStars Hand #253309932094: Tournament #3821363376, $1.84+$0.16 USD Hold'em No Limit - Level II (15/30) - 2024/11/08 15:21:37 CET [2024/11/08 9:21:37 ET]
Table '3821363376 1' 3-max Seat #3 is the button
Seat 1: Mahu2021 (865 in chips) 
Seat 3: DrakanudoPoker (635 in chips) 
DrakanudoPoker: posts small blind 15
Mahu2021: posts big blind 30
*** HOLE CARDS ***
Dealt to Mahu2021 [6c 9c]
DrakanudoPoker: calls 15
Mahu2021: checks 
*** FLOP *** [Ad 6h 3s]
Mahu2021: bets 30
DrakanudoPoker: calls 30
*** TURN *** [Ad 6h 3s] [8s]
Mahu2021: checks 
DrakanudoPoker: checks 
*** RIVER *** [Ad 6h 3s 8s] [Kd]
Mahu2021: checks 
DrakanudoPoker: checks 
*** SHOW DOWN ***
Mahu2021: shows [6c 9c] (a pair of Sixes)
DrakanudoPoker: mucks hand 
Mahu2021 collected 120 from pot
*** SUMMARY ***
Total pot 120 | Rake 0 
Board [Ad 6h 3s 8s Kd]
Seat 1: Mahu2021 (big blind) showed [6c 9c] and won (120) with a pair of Sixes
Seat 3: DrakanudoPoker (button) (small blind) mucked [3d 5h]



PokerStars Hand #253309935497: Tournament #3821363376, $1.84+$0.16 USD Hold'em No Limit - Level II (15/30) - 2024/11/08 15:21:57 CET [2024/11/08 9:21:57 ET]
Table '3821363376 1' 3-max Seat #1 is the button
Seat 1: Mahu2021 (925 in chips) 
Seat 3: DrakanudoPoker (575 in chips) 
Mahu2021: posts small blind 15
DrakanudoPoker: posts big blind 30
*** HOLE CARDS ***
Dealt to Mahu2021 [9c 8c]
Mahu2021: raises 30 to 60
DrakanudoPoker: folds 
Uncalled bet (30) returned to Mahu2021
Mahu2021 collected 60 from pot
Mahu2021: doesn't show hand 
*** SUMMARY ***
Total pot 60 | Rake 0 
Seat 1: Mahu2021 (button) (small blind) collected (60)
Seat 3: DrakanudoPoker (big blind) folded before Flop



PokerStars Hand #253309937436: Tournament #3821363376, $1.84+$0.16 USD Hold'em No Limit - Level II (15/30) - 2024/11/08 15:22:08 CET [2024/11/08 9:22:08 ET]
Table '3821363376 1' 3-max Seat #3 is the button
Seat 1: Mahu2021 (955 in chips) 
Seat 3: DrakanudoPoker (545 in chips) 
DrakanudoPoker: posts small blind 15
Mahu2021: posts big blind 30
*** HOLE CARDS ***
Dealt to Mahu2021 [8c As]
DrakanudoPoker: calls 15
Mahu2021: raises 925 to 955 and is all-in
DrakanudoPoker: folds 
Uncalled bet (925) returned to Mahu2021
Mahu2021 collected 60 from pot
Mahu2021: doesn't show hand 
*** SUMMARY ***
Total pot 60 | Rake 0 
Seat 1: Mahu2021 (big blind) collected (60)
Seat 3: DrakanudoPoker (button) (small blind) folded before Flop



PokerStars Hand #253309939113: Tournament #3821363376, $1.84+$0.16 USD Hold'em No Limit - Level II (15/30) - 2024/11/08 15:22:18 CET [2024/11/08 9:22:18 ET]
Table '3821363376 1' 3-max Seat #1 is the button
Seat 1: Mahu2021 (985 in chips) 
Seat 3: DrakanudoPoker (515 in chips) 
Mahu2021: posts small blind 15
DrakanudoPoker: posts big blind 30
*** HOLE CARDS ***
Dealt to Mahu2021 [Js 3h]
Mahu2021: raises 60 to 90
DrakanudoPoker: folds 
Uncalled bet (60) returned to Mahu2021
Mahu2021 collected 60 from pot
Mahu2021: doesn't show hand 
*** SUMMARY ***
Total pot 60 | Rake 0 
Seat 1: Mahu2021 (button) (small blind) collected (60)
Seat 3: DrakanudoPoker (big blind) folded before Flop



PokerStars Hand #253309940492: Tournament #3821363376, $1.84+$0.16 USD Hold'em No Limit - Level II (15/30) - 2024/11/08 15:22:26 CET [2024/11/08 9:22:26 ET]
Table '3821363376 1' 3-max Seat #3 is the button
Seat 1: Mahu2021 (1015 in chips) 
Seat 3: DrakanudoPoker (485 in chips) 
DrakanudoPoker: posts small blind 15
Mahu2021: posts big blind 30
*** HOLE CARDS ***
Dealt to Mahu2021 [9d Kd]
DrakanudoPoker: calls 15
Mahu2021: raises 60 to 90
DrakanudoPoker: raises 395 to 485 and is all-in
Mahu2021: calls 395
*** FLOP *** [4c Jc 9c]
*** TURN *** [4c Jc 9c] [2d]
*** RIVER *** [4c Jc 9c 2d] [2c]
*** SHOW DOWN ***
Mahu2021: shows [9d Kd] (two pair, Nines and Deuces)
DrakanudoPoker: shows [Js Jd] (a full house, Jacks full of Deuces)
DrakanudoPoker collected 970 from pot
*** SUMMARY ***
Total pot 970 | Rake 0 
Board [4c Jc 9c 2d 2c]
Seat 1: Mahu2021 (big blind) showed [9d Kd] and lost with two pair, Nines and Deuces
Seat 3: DrakanudoPoker (button) (small blind) showed [Js Jd] and won (970) with a full house, Jacks full of Deuces



PokerStars Hand #253309944679: Tournament #3821363376, $1.84+$0.16 USD Hold'em No Limit - Level III (20/40) - 2024/11/08 15:22:50 CET [2024/11/08 9:22:50 ET]
Table '3821363376 1' 3-max Seat #1 is the button
Seat 1: Mahu2021 (530 in chips) 
Seat 3: DrakanudoPoker (970 in chips) 
Mahu2021: posts small blind 20
DrakanudoPoker: posts big blind 40
*** HOLE CARDS ***
Dealt to Mahu2021 [Jc 2h]
Mahu2021: raises 40 to 80
DrakanudoPoker: calls 40
*** FLOP *** [Th 7s 8c]
DrakanudoPoker: checks 
Mahu2021: checks 
*** TURN *** [Th 7s 8c] [9d]
DrakanudoPoker: bets 60
Mahu2021: calls 60
*** RIVER *** [Th 7s 8c 9d] [6h]
DrakanudoPoker: bets 270
Mahu2021: calls 270
*** SHOW DOWN ***
DrakanudoPoker: shows [3c 2c] (a straight, Six to Ten)
Mahu2021: shows [Jc 2h] (a straight, Seven to Jack)
Mahu2021 collected 820 from pot
*** SUMMARY ***
Total pot 820 | Rake 0 
Board [Th 7s 8c 9d 6h]
Seat 1: Mahu2021 (button) (small blind) showed [Jc 2h] and won (820) with a straight, Seven to Jack
Seat 3: DrakanudoPoker (big blind) showed [3c 2c] and lost with a straight, Six to Ten



PokerStars Hand #253309948621: Tournament #3821363376, $1.84+$0.16 USD Hold'em No Limit - Level III (20/40) - 2024/11/08 15:23:14 CET [2024/11/08 9:23:14 ET]
Table '3821363376 1' 3-max Seat #3 is the button
Seat 1: Mahu2021 (940 in chips) 
Seat 3: DrakanudoPoker (560 in chips) 
DrakanudoPoker: posts small blind 20
Mahu2021: posts big blind 40
*** HOLE CARDS ***
Dealt to Mahu2021 [Ks Td]
DrakanudoPoker: calls 20
Mahu2021: raises 80 to 120
DrakanudoPoker: folds 
Uncalled bet (80) returned to Mahu2021
Mahu2021 collected 80 from pot
Mahu2021: doesn't show hand 
*** SUMMARY ***
Total pot 80 | Rake 0 
Seat 1: Mahu2021 (big blind) collected (80)
Seat 3: DrakanudoPoker (button) (small blind) folded before Flop



PokerStars Hand #253309950895: Tournament #3821363376, $1.84+$0.16 USD Hold'em No Limit - Level III (20/40) - 2024/11/08 15:23:27 CET [2024/11/08 9:23:27 ET]
Table '3821363376 1' 3-max Seat #1 is the button
Seat 1: Mahu2021 (980 in chips) 
Seat 3: DrakanudoPoker (520 in chips) 
Mahu2021: posts small blind 20
DrakanudoPoker: posts big blind 40
*** HOLE CARDS ***
Dealt to Mahu2021 [Qh 4s]
Mahu2021: raises 40 to 80
DrakanudoPoker: calls 40
*** FLOP *** [6s 5s 2c]
DrakanudoPoker: checks 
Mahu2021: checks 
*** TURN *** [6s 5s 2c] [8s]
DrakanudoPoker: bets 120
Mahu2021: calls 120
*** RIVER *** [6s 5s 2c 8s] [3s]
DrakanudoPoker: bets 300
Mahu2021: calls 300
*** SHOW DOWN ***
DrakanudoPoker: shows [6d Kd] (a pair of Sixes)
Mahu2021: shows [Qh 4s] (a flush, Eight high)
Mahu2021 collected 1000 from pot
*** SUMMARY ***
Total pot 1000 | Rake 0 
Board [6s 5s 2c 8s 3s]
Seat 1: Mahu2021 (button) (small blind) showed [Qh 4s] and won (1000) with a flush, Eight high
Seat 3: DrakanudoPoker (big blind) showed [6d Kd] and lost with a pair of Sixes



PokerStars Hand #253309955783: Tournament #3821363376, $1.84+$0.16 USD Hold'em No Limit - Level III (20/40) - 2024/11/08 15:23:55 CET [2024/11/08 9:23:55 ET]
Table '3821363376 1' 3-max Seat #3 is the button
Seat 1: Mahu2021 (1480 in chips) 
Seat 3: DrakanudoPoker (20 in chips) 
DrakanudoPoker: posts small blind 20 and is all-in
Mahu2021: posts big blind 40
*** HOLE CARDS ***
Dealt to Mahu2021 [Tc 6s]
Uncalled bet (20) returned to Mahu2021
*** FLOP *** [4d Th Ks]
*** TURN *** [4d Th Ks] [6h]
*** RIVER *** [4d Th Ks 6h] [6c]
*** SHOW DOWN ***
Mahu2021: shows [Tc 6s] (a full house, Sixes full of Tens)
DrakanudoPoker: shows [7c 5s] (a pair of Sixes)
Mahu2021 collected 40 from pot
DrakanudoPoker finished the tournament in 2nd place
Mahu2021 wins the tournament and receives $6.00 - congratulations!
*** SUMMARY ***
Total pot 40 | Rake 0 
Board [4d Th Ks 6h 6c]
Seat 1: Mahu2021 (big blind) showed [Tc 6s] and won (40) with a full house, Sixes full of Tens
Seat 3: DrakanudoPoker (button) (small blind) showed [7c 5s] and lost with a pair of Sixes



