PokerStars Hand #248438060817: Tournament #3704927518, $1.84+$0.16 USD Hold'em No Limit - Level I (10/20) - 2024/01/22 22:12:58 CET [2024/01/22 16:12:58 ET]
Table '3704927518 1' 3-max Seat #1 is the button
Seat 1: Gaxer69 (500 in chips) 
Seat 2: Mahu2021 (500 in chips) 
Seat 3: leo132435 (500 in chips) 
Mahu2021: posts small blind 10
leo132435: posts big blind 20
*** HOLE CARDS ***
Dealt to Mahu2021 [2h 7d]
Gaxer69: folds 
Mahu2021: folds 
Uncalled bet (10) returned to leo132435
leo132435 collected 20 from pot
leo132435: doesn't show hand 
*** SUMMARY ***
Total pot 20 | Rake 0 
Seat 1: Gaxer69 (button) folded before Flop (didn't bet)
Seat 2: Mahu2021 (small blind) folded before Flop
Seat 3: leo132435 (big blind) collected (20)



PokerStars Hand #248438062464: Tournament #3704927518, $1.84+$0.16 USD Hold'em No Limit - Level I (10/20) - 2024/01/22 22:13:02 CET [2024/01/22 16:13:02 ET]
Table '3704927518 1' 3-max Seat #2 is the button
Seat 1: Gaxer69 (500 in chips) 
Seat 2: Mahu2021 (490 in chips) 
Seat 3: leo132435 (510 in chips) 
leo132435: posts small blind 10
Gaxer69: posts big blind 20
*** HOLE CARDS ***
Dealt to Mahu2021 [9d 7d]
Mahu2021: folds 
leo132435: folds 
Uncalled bet (10) returned to Gaxer69
Gaxer69 collected 20 from pot
Gaxer69: doesn't show hand 
*** SUMMARY ***
Total pot 20 | Rake 0 
Seat 1: Gaxer69 (big blind) collected (20)
Seat 2: Mahu2021 (button) folded before Flop (didn't bet)
Seat 3: leo132435 (small blind) folded before Flop



PokerStars Hand #248438064917: Tournament #3704927518, $1.84+$0.16 USD Hold'em No Limit - Level I (10/20) - 2024/01/22 22:13:08 CET [2024/01/22 16:13:08 ET]
Table '3704927518 1' 3-max Seat #3 is the button
Seat 1: Gaxer69 (510 in chips) 
Seat 2: Mahu2021 (490 in chips) 
Seat 3: leo132435 (500 in chips) 
Gaxer69: posts small blind 10
Mahu2021: posts big blind 20
*** HOLE CARDS ***
Dealt to Mahu2021 [8c Ts]
leo132435: folds 
Gaxer69: folds 
Uncalled bet (10) returned to Mahu2021
Mahu2021 collected 20 from pot
Mahu2021: doesn't show hand 
*** SUMMARY ***
Total pot 20 | Rake 0 
Seat 1: Gaxer69 (small blind) folded before Flop
Seat 2: Mahu2021 (big blind) collected (20)
Seat 3: leo132435 (button) folded before Flop (didn't bet)



PokerStars Hand #248438067249: Tournament #3704927518, $1.84+$0.16 USD Hold'em No Limit - Level I (10/20) - 2024/01/22 22:13:14 CET [2024/01/22 16:13:14 ET]
Table '3704927518 1' 3-max Seat #1 is the button
Seat 1: Gaxer69 (500 in chips) 
Seat 2: Mahu2021 (500 in chips) 
Seat 3: leo132435 (500 in chips) 
Mahu2021: posts small blind 10
leo132435: posts big blind 20
*** HOLE CARDS ***
Dealt to Mahu2021 [9d 4d]
Gaxer69: raises 20 to 40
Mahu2021: folds 
leo132435: calls 20
*** FLOP *** [2s 6c 7h]
leo132435: checks 
Gaxer69: bets 90
leo132435: folds 
Uncalled bet (90) returned to Gaxer69
Gaxer69 collected 90 from pot
Gaxer69: doesn't show hand 
*** SUMMARY ***
Total pot 90 | Rake 0 
Board [2s 6c 7h]
Seat 1: Gaxer69 (button) collected (90)
Seat 2: Mahu2021 (small blind) folded before Flop
Seat 3: leo132435 (big blind) folded on the Flop



PokerStars Hand #248438072873: Tournament #3704927518, $1.84+$0.16 USD Hold'em No Limit - Level I (10/20) - 2024/01/22 22:13:28 CET [2024/01/22 16:13:28 ET]
Table '3704927518 1' 3-max Seat #2 is the button
Seat 1: Gaxer69 (550 in chips) 
Seat 2: Mahu2021 (490 in chips) 
Seat 3: leo132435 (460 in chips) 
leo132435: posts small blind 10
Gaxer69: posts big blind 20
*** HOLE CARDS ***
Dealt to Mahu2021 [2c 3d]
Mahu2021: folds 
leo132435: calls 10
Gaxer69: checks 
*** FLOP *** [5c Td 4c]
leo132435: checks 
Gaxer69: checks 
*** TURN *** [5c Td 4c] [Qc]
leo132435: checks 
Gaxer69: bets 40
leo132435: folds 
Uncalled bet (40) returned to Gaxer69
Gaxer69 collected 40 from pot
Gaxer69: doesn't show hand 
*** SUMMARY ***
Total pot 40 | Rake 0 
Board [5c Td 4c Qc]
Seat 1: Gaxer69 (big blind) collected (40)
Seat 2: Mahu2021 (button) folded before Flop (didn't bet)
Seat 3: leo132435 (small blind) folded on the Turn



PokerStars Hand #248438086986: Tournament #3704927518, $1.84+$0.16 USD Hold'em No Limit - Level I (10/20) - 2024/01/22 22:14:02 CET [2024/01/22 16:14:02 ET]
Table '3704927518 1' 3-max Seat #3 is the button
Seat 1: Gaxer69 (570 in chips) 
Seat 2: Mahu2021 (490 in chips) 
Seat 3: leo132435 (440 in chips) 
Gaxer69: posts small blind 10
Mahu2021: posts big blind 20
*** HOLE CARDS ***
Dealt to Mahu2021 [5s 3h]
leo132435: folds 
Gaxer69: calls 10
Mahu2021: checks 
*** FLOP *** [Jh Ks 2h]
Gaxer69: bets 40
Mahu2021: folds 
Uncalled bet (40) returned to Gaxer69
Gaxer69 collected 40 from pot
Gaxer69: doesn't show hand 
*** SUMMARY ***
Total pot 40 | Rake 0 
Board [Jh Ks 2h]
Seat 1: Gaxer69 (small blind) collected (40)
Seat 2: Mahu2021 (big blind) folded on the Flop
Seat 3: leo132435 (button) folded before Flop (didn't bet)



PokerStars Hand #248438091249: Tournament #3704927518, $1.84+$0.16 USD Hold'em No Limit - Level I (10/20) - 2024/01/22 22:14:13 CET [2024/01/22 16:14:13 ET]
Table '3704927518 1' 3-max Seat #1 is the button
Seat 1: Gaxer69 (590 in chips) 
Seat 2: Mahu2021 (470 in chips) 
Seat 3: leo132435 (440 in chips) 
Mahu2021: posts small blind 10
leo132435: posts big blind 20
*** HOLE CARDS ***
Dealt to Mahu2021 [4h Qh]
Gaxer69: raises 20 to 40
Mahu2021: calls 30
leo132435: folds 
*** FLOP *** [3s Js Kc]
Mahu2021: checks 
Gaxer69: checks 
*** TURN *** [3s Js Kc] [4c]
Mahu2021: checks 
Gaxer69: bets 40
Mahu2021: calls 40
*** RIVER *** [3s Js Kc 4c] [9s]
Mahu2021: checks 
Gaxer69: checks 
*** SHOW DOWN ***
Mahu2021: shows [4h Qh] (a pair of Fours)
Gaxer69: shows [Ah Jc] (a pair of Jacks)
Gaxer69 collected 180 from pot
*** SUMMARY ***
Total pot 180 | Rake 0 
Board [3s Js Kc 4c 9s]
Seat 1: Gaxer69 (button) showed [Ah Jc] and won (180) with a pair of Jacks
Seat 2: Mahu2021 (small blind) showed [4h Qh] and lost with a pair of Fours
Seat 3: leo132435 (big blind) folded before Flop



PokerStars Hand #248438099885: Tournament #3704927518, $1.84+$0.16 USD Hold'em No Limit - Level I (10/20) - 2024/01/22 22:14:34 CET [2024/01/22 16:14:34 ET]
Table '3704927518 1' 3-max Seat #2 is the button
Seat 1: Gaxer69 (690 in chips) 
Seat 2: Mahu2021 (390 in chips) 
Seat 3: leo132435 (420 in chips) 
leo132435: posts small blind 10
Gaxer69: posts big blind 20
*** HOLE CARDS ***
Dealt to Mahu2021 [6d 4c]
Mahu2021: folds 
leo132435: folds 
Uncalled bet (10) returned to Gaxer69
Gaxer69 collected 20 from pot
Gaxer69: doesn't show hand 
*** SUMMARY ***
Total pot 20 | Rake 0 
Seat 1: Gaxer69 (big blind) collected (20)
Seat 2: Mahu2021 (button) folded before Flop (didn't bet)
Seat 3: leo132435 (small blind) folded before Flop



PokerStars Hand #248438103504: Tournament #3704927518, $1.84+$0.16 USD Hold'em No Limit - Level I (10/20) - 2024/01/22 22:14:43 CET [2024/01/22 16:14:43 ET]
Table '3704927518 1' 3-max Seat #3 is the button
Seat 1: Gaxer69 (700 in chips) 
Seat 2: Mahu2021 (390 in chips) 
Seat 3: leo132435 (410 in chips) 
Gaxer69: posts small blind 10
Mahu2021: posts big blind 20
*** HOLE CARDS ***
Dealt to Mahu2021 [Qs 2d]
leo132435: raises 20 to 40
Gaxer69: folds 
Mahu2021: calls 20
*** FLOP *** [Ts Th 4h]
Mahu2021: checks 
leo132435: bets 30
Mahu2021: folds 
Uncalled bet (30) returned to leo132435
leo132435 collected 90 from pot
leo132435: doesn't show hand 
*** SUMMARY ***
Total pot 90 | Rake 0 
Board [Ts Th 4h]
Seat 1: Gaxer69 (small blind) folded before Flop
Seat 2: Mahu2021 (big blind) folded on the Flop
Seat 3: leo132435 (button) collected (90)



PokerStars Hand #248438113922: Tournament #3704927518, $1.84+$0.16 USD Hold'em No Limit - Level I (10/20) - 2024/01/22 22:15:08 CET [2024/01/22 16:15:08 ET]
Table '3704927518 1' 3-max Seat #1 is the button
Seat 1: Gaxer69 (690 in chips) 
Seat 2: Mahu2021 (350 in chips) 
Seat 3: leo132435 (460 in chips) 
Mahu2021: posts small blind 10
leo132435: posts big blind 20
*** HOLE CARDS ***
Dealt to Mahu2021 [4h Qc]
Gaxer69: folds 
Mahu2021: folds 
Uncalled bet (10) returned to leo132435
leo132435 collected 20 from pot
leo132435: doesn't show hand 
*** SUMMARY ***
Total pot 20 | Rake 0 
Seat 1: Gaxer69 (button) folded before Flop (didn't bet)
Seat 2: Mahu2021 (small blind) folded before Flop
Seat 3: leo132435 (big blind) collected (20)



PokerStars Hand #248438115775: Tournament #3704927518, $1.84+$0.16 USD Hold'em No Limit - Level I (10/20) - 2024/01/22 22:15:12 CET [2024/01/22 16:15:12 ET]
Table '3704927518 1' 3-max Seat #2 is the button
Seat 1: Gaxer69 (690 in chips) 
Seat 2: Mahu2021 (340 in chips) 
Seat 3: leo132435 (470 in chips) 
leo132435: posts small blind 10
Gaxer69: posts big blind 20
*** HOLE CARDS ***
Dealt to Mahu2021 [Qd Td]
Mahu2021: raises 40 to 60
leo132435: folds 
Gaxer69: calls 40
*** FLOP *** [2h 9s Th]
Gaxer69: checks 
Mahu2021: bets 130
Gaxer69: folds 
Uncalled bet (130) returned to Mahu2021
Mahu2021 collected 130 from pot
Mahu2021: doesn't show hand 
*** SUMMARY ***
Total pot 130 | Rake 0 
Board [2h 9s Th]
Seat 1: Gaxer69 (big blind) folded on the Flop
Seat 2: Mahu2021 (button) collected (130)
Seat 3: leo132435 (small blind) folded before Flop



PokerStars Hand #248438122134: Tournament #3704927518, $1.84+$0.16 USD Hold'em No Limit - Level I (10/20) - 2024/01/22 22:15:28 CET [2024/01/22 16:15:28 ET]
Table '3704927518 1' 3-max Seat #3 is the button
Seat 1: Gaxer69 (630 in chips) 
Seat 2: Mahu2021 (410 in chips) 
Seat 3: leo132435 (460 in chips) 
Gaxer69: posts small blind 10
Mahu2021: posts big blind 20
*** HOLE CARDS ***
Dealt to Mahu2021 [5c 3s]
leo132435: folds 
Gaxer69: calls 10
Mahu2021: checks 
*** FLOP *** [Ts Th 5d]
Gaxer69: checks 
Mahu2021: bets 40
Gaxer69: folds 
Uncalled bet (40) returned to Mahu2021
Mahu2021 collected 40 from pot
Mahu2021: doesn't show hand 
*** SUMMARY ***
Total pot 40 | Rake 0 
Board [Ts Th 5d]
Seat 1: Gaxer69 (small blind) folded on the Flop
Seat 2: Mahu2021 (big blind) collected (40)
Seat 3: leo132435 (button) folded before Flop (didn't bet)



PokerStars Hand #248438129095: Tournament #3704927518, $1.84+$0.16 USD Hold'em No Limit - Level I (10/20) - 2024/01/22 22:15:44 CET [2024/01/22 16:15:44 ET]
Table '3704927518 1' 3-max Seat #1 is the button
Seat 1: Gaxer69 (610 in chips) 
Seat 2: Mahu2021 (430 in chips) 
Seat 3: leo132435 (460 in chips) 
Mahu2021: posts small blind 10
leo132435: posts big blind 20
*** HOLE CARDS ***
Dealt to Mahu2021 [4s 5h]
Gaxer69: calls 20
Mahu2021: calls 10
leo132435: checks 
*** FLOP *** [7c Kc Ks]
Mahu2021: checks 
leo132435: checks 
Gaxer69: checks 
*** TURN *** [7c Kc Ks] [7s]
Mahu2021: checks 
leo132435: checks 
Gaxer69: checks 
*** RIVER *** [7c Kc Ks 7s] [Jh]
Mahu2021: checks 
leo132435: bets 30
Gaxer69: calls 30
Mahu2021: folds 
*** SHOW DOWN ***
leo132435: shows [7h Kh] (a full house, Kings full of Sevens)
Gaxer69: mucks hand 
leo132435 collected 120 from pot
*** SUMMARY ***
Total pot 120 | Rake 0 
Board [7c Kc Ks 7s Jh]
Seat 1: Gaxer69 (button) mucked [Tc Jd]
Seat 2: Mahu2021 (small blind) folded on the River
Seat 3: leo132435 (big blind) showed [7h Kh] and won (120) with a full house, Kings full of Sevens



PokerStars Hand #248438142585: Tournament #3704927518, $1.84+$0.16 USD Hold'em No Limit - Level II (15/30) - 2024/01/22 22:16:17 CET [2024/01/22 16:16:17 ET]
Table '3704927518 1' 3-max Seat #2 is the button
Seat 1: Gaxer69 (560 in chips) 
Seat 2: Mahu2021 (410 in chips) 
Seat 3: leo132435 (530 in chips) 
leo132435: posts small blind 15
Gaxer69: posts big blind 30
*** HOLE CARDS ***
Dealt to Mahu2021 [3c 2s]
Mahu2021: folds 
leo132435: raises 60 to 90
Gaxer69: calls 60
*** FLOP *** [7d Jc Qd]
leo132435: bets 59
Gaxer69: raises 91 to 150
leo132435: folds 
Uncalled bet (91) returned to Gaxer69
Gaxer69 collected 298 from pot
Gaxer69: doesn't show hand 
*** SUMMARY ***
Total pot 298 | Rake 0 
Board [7d Jc Qd]
Seat 1: Gaxer69 (big blind) collected (298)
Seat 2: Mahu2021 (button) folded before Flop (didn't bet)
Seat 3: leo132435 (small blind) folded on the Flop



PokerStars Hand #248438153510: Tournament #3704927518, $1.84+$0.16 USD Hold'em No Limit - Level II (15/30) - 2024/01/22 22:16:43 CET [2024/01/22 16:16:43 ET]
Table '3704927518 1' 3-max Seat #3 is the button
Seat 1: Gaxer69 (709 in chips) 
Seat 2: Mahu2021 (410 in chips) 
Seat 3: leo132435 (381 in chips) 
Gaxer69: posts small blind 15
Mahu2021: posts big blind 30
*** HOLE CARDS ***
Dealt to Mahu2021 [7c Jc]
leo132435: folds 
Gaxer69: folds 
Uncalled bet (15) returned to Mahu2021
Mahu2021 collected 30 from pot
Mahu2021: doesn't show hand 
*** SUMMARY ***
Total pot 30 | Rake 0 
Seat 1: Gaxer69 (small blind) folded before Flop
Seat 2: Mahu2021 (big blind) collected (30)
Seat 3: leo132435 (button) folded before Flop (didn't bet)



PokerStars Hand #248438156507: Tournament #3704927518, $1.84+$0.16 USD Hold'em No Limit - Level II (15/30) - 2024/01/22 22:16:50 CET [2024/01/22 16:16:50 ET]
Table '3704927518 1' 3-max Seat #1 is the button
Seat 1: Gaxer69 (694 in chips) 
Seat 2: Mahu2021 (425 in chips) 
Seat 3: leo132435 (381 in chips) 
Mahu2021: posts small blind 15
leo132435: posts big blind 30
*** HOLE CARDS ***
Dealt to Mahu2021 [Jc Kc]
Gaxer69: folds 
Mahu2021: raises 60 to 90
leo132435: calls 60
*** FLOP *** [7h Qc 9c]
Mahu2021: bets 90
leo132435: raises 201 to 291 and is all-in
Mahu2021: calls 201
*** TURN *** [7h Qc 9c] [Kh]
*** RIVER *** [7h Qc 9c Kh] [6d]
*** SHOW DOWN ***
Mahu2021: shows [Jc Kc] (a pair of Kings)
leo132435: shows [6c 8c] (a pair of Sixes)
Mahu2021 collected 762 from pot
leo132435 finished the tournament in 3rd place
*** SUMMARY ***
Total pot 762 | Rake 0 
Board [7h Qc 9c Kh 6d]
Seat 1: Gaxer69 (button) folded before Flop (didn't bet)
Seat 2: Mahu2021 (small blind) showed [Jc Kc] and won (762) with a pair of Kings
Seat 3: leo132435 (big blind) showed [6c 8c] and lost with a pair of Sixes



PokerStars Hand #248438167996: Tournament #3704927518, $1.84+$0.16 USD Hold'em No Limit - Level II (15/30) - 2024/01/22 22:17:18 CET [2024/01/22 16:17:18 ET]
Table '3704927518 1' 3-max Seat #2 is the button
Seat 1: Gaxer69 (694 in chips) 
Seat 2: Mahu2021 (806 in chips) 
Mahu2021: posts small blind 15
Gaxer69: posts big blind 30
*** HOLE CARDS ***
Dealt to Mahu2021 [9d 5c]
Mahu2021: folds 
Uncalled bet (15) returned to Gaxer69
Gaxer69 collected 30 from pot
Gaxer69: doesn't show hand 
*** SUMMARY ***
Total pot 30 | Rake 0 
Seat 1: Gaxer69 (big blind) collected (30)
Seat 2: Mahu2021 (button) (small blind) folded before Flop



PokerStars Hand #248438169859: Tournament #3704927518, $1.84+$0.16 USD Hold'em No Limit - Level II (15/30) - 2024/01/22 22:17:23 CET [2024/01/22 16:17:23 ET]
Table '3704927518 1' 3-max Seat #1 is the button
Seat 1: Gaxer69 (709 in chips) 
Seat 2: Mahu2021 (791 in chips) 
Gaxer69: posts small blind 15
Mahu2021: posts big blind 30
*** HOLE CARDS ***
Dealt to Mahu2021 [4h Ts]
Gaxer69: calls 15
Mahu2021: checks 
*** FLOP *** [Ad Ac 9s]
Mahu2021: checks 
Gaxer69: checks 
*** TURN *** [Ad Ac 9s] [6s]
Mahu2021: checks 
Gaxer69: bets 60
Mahu2021: folds 
Uncalled bet (60) returned to Gaxer69
Gaxer69 collected 60 from pot
Gaxer69: doesn't show hand 
*** SUMMARY ***
Total pot 60 | Rake 0 
Board [Ad Ac 9s 6s]
Seat 1: Gaxer69 (button) (small blind) collected (60)
Seat 2: Mahu2021 (big blind) folded on the Turn



PokerStars Hand #248438174995: Tournament #3704927518, $1.84+$0.16 USD Hold'em No Limit - Level II (15/30) - 2024/01/22 22:17:35 CET [2024/01/22 16:17:35 ET]
Table '3704927518 1' 3-max Seat #2 is the button
Seat 1: Gaxer69 (739 in chips) 
Seat 2: Mahu2021 (761 in chips) 
Mahu2021: posts small blind 15
Gaxer69: posts big blind 30
*** HOLE CARDS ***
Dealt to Mahu2021 [Ts Tc]
Mahu2021: raises 60 to 90
Gaxer69: calls 60
*** FLOP *** [6s As 9d]
Gaxer69: checks 
Mahu2021: bets 90
Gaxer69: folds 
Uncalled bet (90) returned to Mahu2021
Mahu2021 collected 180 from pot
Mahu2021: doesn't show hand 
*** SUMMARY ***
Total pot 180 | Rake 0 
Board [6s As 9d]
Seat 1: Gaxer69 (big blind) folded on the Flop
Seat 2: Mahu2021 (button) (small blind) collected (180)



PokerStars Hand #248438179435: Tournament #3704927518, $1.84+$0.16 USD Hold'em No Limit - Level II (15/30) - 2024/01/22 22:17:46 CET [2024/01/22 16:17:46 ET]
Table '3704927518 1' 3-max Seat #1 is the button
Seat 1: Gaxer69 (649 in chips) 
Seat 2: Mahu2021 (851 in chips) 
Gaxer69: posts small blind 15
Mahu2021: posts big blind 30
*** HOLE CARDS ***
Dealt to Mahu2021 [6s 5h]
Gaxer69: folds 
Uncalled bet (15) returned to Mahu2021
Mahu2021 collected 30 from pot
Mahu2021: doesn't show hand 
*** SUMMARY ***
Total pot 30 | Rake 0 
Seat 1: Gaxer69 (button) (small blind) folded before Flop
Seat 2: Mahu2021 (big blind) collected (30)



PokerStars Hand #248438181211: Tournament #3704927518, $1.84+$0.16 USD Hold'em No Limit - Level II (15/30) - 2024/01/22 22:17:50 CET [2024/01/22 16:17:50 ET]
Table '3704927518 1' 3-max Seat #2 is the button
Seat 1: Gaxer69 (634 in chips) 
Seat 2: Mahu2021 (866 in chips) 
Mahu2021: posts small blind 15
Gaxer69: posts big blind 30
*** HOLE CARDS ***
Dealt to Mahu2021 [As 7h]
Mahu2021: raises 60 to 90
Gaxer69: folds 
Uncalled bet (60) returned to Mahu2021
Mahu2021 collected 60 from pot
Mahu2021: doesn't show hand 
*** SUMMARY ***
Total pot 60 | Rake 0 
Seat 1: Gaxer69 (big blind) folded before Flop
Seat 2: Mahu2021 (button) (small blind) collected (60)



PokerStars Hand #248438183889: Tournament #3704927518, $1.84+$0.16 USD Hold'em No Limit - Level II (15/30) - 2024/01/22 22:17:57 CET [2024/01/22 16:17:57 ET]
Table '3704927518 1' 3-max Seat #1 is the button
Seat 1: Gaxer69 (604 in chips) 
Seat 2: Mahu2021 (896 in chips) 
Gaxer69: posts small blind 15
Mahu2021: posts big blind 30
*** HOLE CARDS ***
Dealt to Mahu2021 [Ts 4c]
Gaxer69: folds 
Uncalled bet (15) returned to Mahu2021
Mahu2021 collected 30 from pot
Mahu2021: doesn't show hand 
*** SUMMARY ***
Total pot 30 | Rake 0 
Seat 1: Gaxer69 (button) (small blind) folded before Flop
Seat 2: Mahu2021 (big blind) collected (30)



PokerStars Hand #248438185972: Tournament #3704927518, $1.84+$0.16 USD Hold'em No Limit - Level II (15/30) - 2024/01/22 22:18:02 CET [2024/01/22 16:18:02 ET]
Table '3704927518 1' 3-max Seat #2 is the button
Seat 1: Gaxer69 (589 in chips) 
Seat 2: Mahu2021 (911 in chips) 
Mahu2021: posts small blind 15
Gaxer69: posts big blind 30
*** HOLE CARDS ***
Dealt to Mahu2021 [6h Ts]
Mahu2021: folds 
Uncalled bet (15) returned to Gaxer69
Gaxer69 collected 30 from pot
Gaxer69: doesn't show hand 
*** SUMMARY ***
Total pot 30 | Rake 0 
Seat 1: Gaxer69 (big blind) collected (30)
Seat 2: Mahu2021 (button) (small blind) folded before Flop



PokerStars Hand #248438187657: Tournament #3704927518, $1.84+$0.16 USD Hold'em No Limit - Level II (15/30) - 2024/01/22 22:18:06 CET [2024/01/22 16:18:06 ET]
Table '3704927518 1' 3-max Seat #1 is the button
Seat 1: Gaxer69 (604 in chips) 
Seat 2: Mahu2021 (896 in chips) 
Gaxer69: posts small blind 15
Mahu2021: posts big blind 30
*** HOLE CARDS ***
Dealt to Mahu2021 [Kd 5s]
Gaxer69: calls 15
Mahu2021: checks 
*** FLOP *** [8c Td Kc]
Mahu2021: checks 
Gaxer69: checks 
*** TURN *** [8c Td Kc] [7d]
Mahu2021: checks 
Gaxer69: checks 
*** RIVER *** [8c Td Kc 7d] [5d]
Mahu2021: bets 90
Gaxer69: folds 
Uncalled bet (90) returned to Mahu2021
Mahu2021 collected 60 from pot
Mahu2021: doesn't show hand 
*** SUMMARY ***
Total pot 60 | Rake 0 
Board [8c Td Kc 7d 5d]
Seat 1: Gaxer69 (button) (small blind) folded on the River
Seat 2: Mahu2021 (big blind) collected (60)



PokerStars Hand #248438193928: Tournament #3704927518, $1.84+$0.16 USD Hold'em No Limit - Level II (15/30) - 2024/01/22 22:18:21 CET [2024/01/22 16:18:21 ET]
Table '3704927518 1' 3-max Seat #2 is the button
Seat 1: Gaxer69 (574 in chips) 
Seat 2: Mahu2021 (926 in chips) 
Mahu2021: posts small blind 15
Gaxer69: posts big blind 30
*** HOLE CARDS ***
Dealt to Mahu2021 [3c Js]
Mahu2021: calls 15
Gaxer69: checks 
*** FLOP *** [Ks As 7d]
Gaxer69: checks 
Mahu2021: bets 30
Gaxer69: folds 
Uncalled bet (30) returned to Mahu2021
Mahu2021 collected 60 from pot
Mahu2021: doesn't show hand 
*** SUMMARY ***
Total pot 60 | Rake 0 
Board [Ks As 7d]
Seat 1: Gaxer69 (big blind) folded on the Flop
Seat 2: Mahu2021 (button) (small blind) collected (60)



PokerStars Hand #248438198736: Tournament #3704927518, $1.84+$0.16 USD Hold'em No Limit - Level II (15/30) - 2024/01/22 22:18:33 CET [2024/01/22 16:18:33 ET]
Table '3704927518 1' 3-max Seat #1 is the button
Seat 1: Gaxer69 (544 in chips) 
Seat 2: Mahu2021 (956 in chips) 
Gaxer69: posts small blind 15
Mahu2021: posts big blind 30
*** HOLE CARDS ***
Dealt to Mahu2021 [Ks 5s]
Gaxer69: folds 
Uncalled bet (15) returned to Mahu2021
Mahu2021 collected 30 from pot
Mahu2021: doesn't show hand 
*** SUMMARY ***
Total pot 30 | Rake 0 
Seat 1: Gaxer69 (button) (small blind) folded before Flop
Seat 2: Mahu2021 (big blind) collected (30)



PokerStars Hand #248438200487: Tournament #3704927518, $1.84+$0.16 USD Hold'em No Limit - Level II (15/30) - 2024/01/22 22:18:37 CET [2024/01/22 16:18:37 ET]
Table '3704927518 1' 3-max Seat #2 is the button
Seat 1: Gaxer69 (529 in chips) 
Seat 2: Mahu2021 (971 in chips) 
Mahu2021: posts small blind 15
Gaxer69: posts big blind 30
*** HOLE CARDS ***
Dealt to Mahu2021 [4d 9d]
Mahu2021: folds 
Uncalled bet (15) returned to Gaxer69
Gaxer69 collected 30 from pot
Gaxer69: doesn't show hand 
*** SUMMARY ***
Total pot 30 | Rake 0 
Seat 1: Gaxer69 (big blind) collected (30)
Seat 2: Mahu2021 (button) (small blind) folded before Flop



PokerStars Hand #248438202254: Tournament #3704927518, $1.84+$0.16 USD Hold'em No Limit - Level II (15/30) - 2024/01/22 22:18:41 CET [2024/01/22 16:18:41 ET]
Table '3704927518 1' 3-max Seat #1 is the button
Seat 1: Gaxer69 (544 in chips) 
Seat 2: Mahu2021 (956 in chips) 
Gaxer69: posts small blind 15
Mahu2021: posts big blind 30
*** HOLE CARDS ***
Dealt to Mahu2021 [6s 7c]
Gaxer69: raises 30 to 60
Mahu2021: calls 30
*** FLOP *** [3d 2s 7d]
Mahu2021: checks 
Gaxer69: bets 90
Mahu2021: calls 90
*** TURN *** [3d 2s 7d] [Kh]
Mahu2021: checks 
Gaxer69: checks 
*** RIVER *** [3d 2s 7d Kh] [7s]
Mahu2021: bets 300
Gaxer69: folds 
Uncalled bet (300) returned to Mahu2021
Mahu2021 collected 300 from pot
Mahu2021: doesn't show hand 
*** SUMMARY ***
Total pot 300 | Rake 0 
Board [3d 2s 7d Kh 7s]
Seat 1: Gaxer69 (button) (small blind) folded on the River
Seat 2: Mahu2021 (big blind) collected (300)



PokerStars Hand #248438209483: Tournament #3704927518, $1.84+$0.16 USD Hold'em No Limit - Level II (15/30) - 2024/01/22 22:18:59 CET [2024/01/22 16:18:59 ET]
Table '3704927518 1' 3-max Seat #2 is the button
Seat 1: Gaxer69 (394 in chips) 
Seat 2: Mahu2021 (1106 in chips) 
Mahu2021: posts small blind 15
Gaxer69: posts big blind 30
*** HOLE CARDS ***
Dealt to Mahu2021 [6s 2d]
Mahu2021: folds 
Uncalled bet (15) returned to Gaxer69
Gaxer69 collected 30 from pot
Gaxer69: doesn't show hand 
*** SUMMARY ***
Total pot 30 | Rake 0 
Seat 1: Gaxer69 (big blind) collected (30)
Seat 2: Mahu2021 (button) (small blind) folded before Flop



PokerStars Hand #248438212388: Tournament #3704927518, $1.84+$0.16 USD Hold'em No Limit - Level III (20/40) - 2024/01/22 22:19:06 CET [2024/01/22 16:19:06 ET]
Table '3704927518 1' 3-max Seat #1 is the button
Seat 1: Gaxer69 (409 in chips) 
Seat 2: Mahu2021 (1091 in chips) 
Gaxer69: posts small blind 20
Mahu2021: posts big blind 40
*** HOLE CARDS ***
Dealt to Mahu2021 [3d Kh]
Gaxer69: calls 20
Mahu2021: raises 80 to 120
Gaxer69: calls 80
*** FLOP *** [4d 7d 9s]
Mahu2021: checks 
Gaxer69: bets 289 and is all-in
Mahu2021: folds 
Uncalled bet (289) returned to Gaxer69
Gaxer69 collected 240 from pot
Gaxer69: doesn't show hand 
*** SUMMARY ***
Total pot 240 | Rake 0 
Board [4d 7d 9s]
Seat 1: Gaxer69 (button) (small blind) collected (240)
Seat 2: Mahu2021 (big blind) folded on the Flop



PokerStars Hand #248438217975: Tournament #3704927518, $1.84+$0.16 USD Hold'em No Limit - Level III (20/40) - 2024/01/22 22:19:20 CET [2024/01/22 16:19:20 ET]
Table '3704927518 1' 3-max Seat #2 is the button
Seat 1: Gaxer69 (529 in chips) 
Seat 2: Mahu2021 (971 in chips) 
Mahu2021: posts small blind 20
Gaxer69: posts big blind 40
*** HOLE CARDS ***
Dealt to Mahu2021 [Kd 3c]
Mahu2021: raises 80 to 120
Gaxer69: folds 
Uncalled bet (80) returned to Mahu2021
Mahu2021 collected 80 from pot
Mahu2021: doesn't show hand 
*** SUMMARY ***
Total pot 80 | Rake 0 
Seat 1: Gaxer69 (big blind) folded before Flop
Seat 2: Mahu2021 (button) (small blind) collected (80)



PokerStars Hand #248438220326: Tournament #3704927518, $1.84+$0.16 USD Hold'em No Limit - Level III (20/40) - 2024/01/22 22:19:26 CET [2024/01/22 16:19:26 ET]
Table '3704927518 1' 3-max Seat #1 is the button
Seat 1: Gaxer69 (489 in chips) 
Seat 2: Mahu2021 (1011 in chips) 
Gaxer69: posts small blind 20
Mahu2021: posts big blind 40
*** HOLE CARDS ***
Dealt to Mahu2021 [5d Jh]
Gaxer69: folds 
Uncalled bet (20) returned to Mahu2021
Mahu2021 collected 40 from pot
Mahu2021: doesn't show hand 
*** SUMMARY ***
Total pot 40 | Rake 0 
Seat 1: Gaxer69 (button) (small blind) folded before Flop
Seat 2: Mahu2021 (big blind) collected (40)



PokerStars Hand #248438222046: Tournament #3704927518, $1.84+$0.16 USD Hold'em No Limit - Level III (20/40) - 2024/01/22 22:19:30 CET [2024/01/22 16:19:30 ET]
Table '3704927518 1' 3-max Seat #2 is the button
Seat 1: Gaxer69 (469 in chips) 
Seat 2: Mahu2021 (1031 in chips) 
Mahu2021: posts small blind 20
Gaxer69: posts big blind 40
*** HOLE CARDS ***
Dealt to Mahu2021 [Td 7c]
Mahu2021: calls 20
Gaxer69: checks 
*** FLOP *** [9d 2h Qh]
Gaxer69: bets 80
Mahu2021: folds 
Uncalled bet (80) returned to Gaxer69
Gaxer69 collected 80 from pot
Gaxer69: doesn't show hand 
*** SUMMARY ***
Total pot 80 | Rake 0 
Board [9d 2h Qh]
Seat 1: Gaxer69 (big blind) collected (80)
Seat 2: Mahu2021 (button) (small blind) folded on the Flop



PokerStars Hand #248438226195: Tournament #3704927518, $1.84+$0.16 USD Hold'em No Limit - Level III (20/40) - 2024/01/22 22:19:40 CET [2024/01/22 16:19:40 ET]
Table '3704927518 1' 3-max Seat #1 is the button
Seat 1: Gaxer69 (509 in chips) 
Seat 2: Mahu2021 (991 in chips) 
Gaxer69: posts small blind 20
Mahu2021: posts big blind 40
*** HOLE CARDS ***
Dealt to Mahu2021 [9h 2s]
Gaxer69: calls 20
Mahu2021: checks 
*** FLOP *** [Tc 8c Jd]
Mahu2021: checks 
Gaxer69: checks 
*** TURN *** [Tc 8c Jd] [4c]
Mahu2021: checks 
Gaxer69: bets 40
Mahu2021: calls 40
*** RIVER *** [Tc 8c Jd 4c] [Qs]
Mahu2021: bets 160
Gaxer69: calls 160
*** SHOW DOWN ***
Mahu2021: shows [9h 2s] (a straight, Eight to Queen)
Gaxer69: mucks hand 
Mahu2021 collected 480 from pot
*** SUMMARY ***
Total pot 480 | Rake 0 
Board [Tc 8c Jd 4c Qs]
Seat 1: Gaxer69 (button) (small blind) mucked [Qh Ts]
Seat 2: Mahu2021 (big blind) showed [9h 2s] and won (480) with a straight, Eight to Queen



PokerStars Hand #248438233274: Tournament #3704927518, $1.84+$0.16 USD Hold'em No Limit - Level III (20/40) - 2024/01/22 22:19:58 CET [2024/01/22 16:19:58 ET]
Table '3704927518 1' 3-max Seat #2 is the button
Seat 1: Gaxer69 (269 in chips) 
Seat 2: Mahu2021 (1231 in chips) 
Mahu2021: posts small blind 20
Gaxer69: posts big blind 40
*** HOLE CARDS ***
Dealt to Mahu2021 [Tc 7s]
Mahu2021: folds 
Uncalled bet (20) returned to Gaxer69
Gaxer69 collected 40 from pot
Gaxer69: doesn't show hand 
*** SUMMARY ***
Total pot 40 | Rake 0 
Seat 1: Gaxer69 (big blind) collected (40)
Seat 2: Mahu2021 (button) (small blind) folded before Flop



PokerStars Hand #248438234910: Tournament #3704927518, $1.84+$0.16 USD Hold'em No Limit - Level III (20/40) - 2024/01/22 22:20:02 CET [2024/01/22 16:20:02 ET]
Table '3704927518 1' 3-max Seat #1 is the button
Seat 1: Gaxer69 (289 in chips) 
Seat 2: Mahu2021 (1211 in chips) 
Gaxer69: posts small blind 20
Mahu2021: posts big blind 40
*** HOLE CARDS ***
Dealt to Mahu2021 [2d 8h]
Gaxer69: folds 
Uncalled bet (20) returned to Mahu2021
Mahu2021 collected 40 from pot
Mahu2021: doesn't show hand 
*** SUMMARY ***
Total pot 40 | Rake 0 
Seat 1: Gaxer69 (button) (small blind) folded before Flop
Seat 2: Mahu2021 (big blind) collected (40)



PokerStars Hand #248438237015: Tournament #3704927518, $1.84+$0.16 USD Hold'em No Limit - Level III (20/40) - 2024/01/22 22:20:07 CET [2024/01/22 16:20:07 ET]
Table '3704927518 1' 3-max Seat #2 is the button
Seat 1: Gaxer69 (269 in chips) 
Seat 2: Mahu2021 (1231 in chips) 
Mahu2021: posts small blind 20
Gaxer69: posts big blind 40
*** HOLE CARDS ***
Dealt to Mahu2021 [Kd Ts]
Mahu2021: raises 80 to 120
Gaxer69: raises 149 to 269 and is all-in
Mahu2021: calls 149
*** FLOP *** [8d Qh 5h]
*** TURN *** [8d Qh 5h] [9d]
*** RIVER *** [8d Qh 5h 9d] [Ad]
*** SHOW DOWN ***
Gaxer69: shows [Th Jd] (a straight, Eight to Queen)
Mahu2021: shows [Kd Ts] (high card Ace)
Gaxer69 collected 538 from pot
*** SUMMARY ***
Total pot 538 | Rake 0 
Board [8d Qh 5h 9d Ad]
Seat 1: Gaxer69 (big blind) showed [Th Jd] and won (538) with a straight, Eight to Queen
Seat 2: Mahu2021 (button) (small blind) showed [Kd Ts] and lost with high card Ace



PokerStars Hand #248438242681: Tournament #3704927518, $1.84+$0.16 USD Hold'em No Limit - Level III (20/40) - 2024/01/22 22:20:21 CET [2024/01/22 16:20:21 ET]
Table '3704927518 1' 3-max Seat #1 is the button
Seat 1: Gaxer69 (538 in chips) 
Seat 2: Mahu2021 (962 in chips) 
Gaxer69: posts small blind 20
Mahu2021: posts big blind 40
*** HOLE CARDS ***
Dealt to Mahu2021 [Qc 6s]
Gaxer69: folds 
Uncalled bet (20) returned to Mahu2021
Mahu2021 collected 40 from pot
Mahu2021: doesn't show hand 
*** SUMMARY ***
Total pot 40 | Rake 0 
Seat 1: Gaxer69 (button) (small blind) folded before Flop
Seat 2: Mahu2021 (big blind) collected (40)



PokerStars Hand #248438245063: Tournament #3704927518, $1.84+$0.16 USD Hold'em No Limit - Level III (20/40) - 2024/01/22 22:20:27 CET [2024/01/22 16:20:27 ET]
Table '3704927518 1' 3-max Seat #2 is the button
Seat 1: Gaxer69 (518 in chips) 
Seat 2: Mahu2021 (982 in chips) 
Mahu2021: posts small blind 20
Gaxer69: posts big blind 40
*** HOLE CARDS ***
Dealt to Mahu2021 [As Ts]
Mahu2021: raises 80 to 120
Gaxer69: raises 398 to 518 and is all-in
Mahu2021: calls 398
*** FLOP *** [Ad Th 6s]
*** TURN *** [Ad Th 6s] [2d]
*** RIVER *** [Ad Th 6s 2d] [5c]
*** SHOW DOWN ***
Gaxer69: shows [Jh Js] (a pair of Jacks)
Mahu2021: shows [As Ts] (two pair, Aces and Tens)
Mahu2021 collected 1036 from pot
Gaxer69 finished the tournament in 2nd place
Mahu2021 wins the tournament and receives $6.00 - congratulations!
*** SUMMARY ***
Total pot 1036 | Rake 0 
Board [Ad Th 6s 2d 5c]
Seat 1: Gaxer69 (big blind) showed [Jh Js] and lost with a pair of Jacks
Seat 2: Mahu2021 (button) (small blind) showed [As Ts] and won (1036) with two pair, Aces and Tens



