PokerStars Hand #247736335399: Tournament #3688260941, $1.84+$0.16 USD Hold'em No Limit - Level I (10/20) - 2023/12/18 21:53:36 CET [2023/12/18 15:53:36 ET]
Table '3688260941 1' 3-max Seat #1 is the button
Seat 1: Mahu2021 (500 in chips) 
Seat 2: fernandinho802 (500 in chips) 
Seat 3: benbobenbo (500 in chips) 
fernandinho802: posts small blind 10
benbobenbo: posts big blind 20
*** HOLE CARDS ***
Dealt to Mahu2021 [As 5h]
Mahu2021: calls 20
fernandinho802 has timed out
fernandinho802: folds 
fernandinho802 is sitting out
benbobenbo: checks 
*** FLOP *** [6h 6d 9h]
benbobenbo: checks 
Mahu2021: bets 20
benbobenbo: folds 
Uncalled bet (20) returned to Mahu2021
Mahu2021 collected 50 from pot
Mahu2021: doesn't show hand 
*** SUMMARY ***
Total pot 50 | Rake 0 
Board [6h 6d 9h]
Seat 1: Mahu2021 (button) collected (50)
Seat 2: fernandinho802 (small blind) folded before Flop
Seat 3: benbobenbo (big blind) folded on the Flop



PokerStars Hand #247736348287: Tournament #3688260941, $1.84+$0.16 USD Hold'em No Limit - Level I (10/20) - 2023/12/18 21:54:12 CET [2023/12/18 15:54:12 ET]
Table '3688260941 1' 3-max Seat #2 is the button
Seat 1: Mahu2021 (530 in chips) 
Seat 2: fernandinho802 (490 in chips) is sitting out
Seat 3: benbobenbo (480 in chips) 
benbobenbo: posts small blind 10
Mahu2021: posts big blind 20
*** HOLE CARDS ***
Dealt to Mahu2021 [2c 6c]
fernandinho802: folds 
benbobenbo: calls 10
Mahu2021: checks 
*** FLOP *** [Qs 4s As]
benbobenbo: checks 
Mahu2021: checks 
*** TURN *** [Qs 4s As] [Td]
benbobenbo: checks 
Mahu2021: bets 40
benbobenbo: folds 
Uncalled bet (40) returned to Mahu2021
Mahu2021 collected 40 from pot
Mahu2021: doesn't show hand 
*** SUMMARY ***
Total pot 40 | Rake 0 
Board [Qs 4s As Td]
Seat 1: Mahu2021 (big blind) collected (40)
Seat 2: fernandinho802 (button) folded before Flop (didn't bet)
Seat 3: benbobenbo (small blind) folded on the Turn



PokerStars Hand #247736356862: Tournament #3688260941, $1.84+$0.16 USD Hold'em No Limit - Level I (10/20) - 2023/12/18 21:54:36 CET [2023/12/18 15:54:36 ET]
Table '3688260941 1' 3-max Seat #3 is the button
Seat 1: Mahu2021 (550 in chips) 
Seat 2: fernandinho802 (490 in chips) is sitting out
Seat 3: benbobenbo (460 in chips) 
Mahu2021: posts small blind 10
fernandinho802: posts big blind 20
*** HOLE CARDS ***
Dealt to Mahu2021 [2s 5c]
benbobenbo: raises 20 to 40
Mahu2021: folds 
fernandinho802: folds 
Uncalled bet (20) returned to benbobenbo
benbobenbo collected 50 from pot
*** SUMMARY ***
Total pot 50 | Rake 0 
Seat 1: Mahu2021 (small blind) folded before Flop
Seat 2: fernandinho802 (big blind) folded before Flop
Seat 3: benbobenbo (button) collected (50)



PokerStars Hand #247736360440: Tournament #3688260941, $1.84+$0.16 USD Hold'em No Limit - Level I (10/20) - 2023/12/18 21:54:46 CET [2023/12/18 15:54:46 ET]
Table '3688260941 1' 3-max Seat #1 is the button
Seat 1: Mahu2021 (540 in chips) 
Seat 2: fernandinho802 (470 in chips) is sitting out
Seat 3: benbobenbo (490 in chips) 
fernandinho802: posts small blind 10
benbobenbo: posts big blind 20
*** HOLE CARDS ***
Dealt to Mahu2021 [9c Qh]
Mahu2021: calls 20
fernandinho802: folds 
benbobenbo: checks 
*** FLOP *** [8s Qs 4s]
benbobenbo: checks 
Mahu2021: bets 20
benbobenbo: folds 
Uncalled bet (20) returned to Mahu2021
Mahu2021 collected 50 from pot
Mahu2021: doesn't show hand 
*** SUMMARY ***
Total pot 50 | Rake 0 
Board [8s Qs 4s]
Seat 1: Mahu2021 (button) collected (50)
Seat 2: fernandinho802 (small blind) folded before Flop
Seat 3: benbobenbo (big blind) folded on the Flop



PokerStars Hand #247736364645: Tournament #3688260941, $1.84+$0.16 USD Hold'em No Limit - Level I (10/20) - 2023/12/18 21:54:58 CET [2023/12/18 15:54:58 ET]
Table '3688260941 1' 3-max Seat #2 is the button
Seat 1: Mahu2021 (570 in chips) 
Seat 2: fernandinho802 (460 in chips) is sitting out
Seat 3: benbobenbo (470 in chips) 
benbobenbo: posts small blind 10
Mahu2021: posts big blind 20
*** HOLE CARDS ***
Dealt to Mahu2021 [7s 7d]
fernandinho802: folds 
benbobenbo: raises 20 to 40
Mahu2021: calls 20
*** FLOP *** [4s As 5h]
benbobenbo: checks 
Mahu2021: checks 
*** TURN *** [4s As 5h] [2h]
benbobenbo: bets 20
Mahu2021: folds 
Uncalled bet (20) returned to benbobenbo
benbobenbo collected 80 from pot
*** SUMMARY ***
Total pot 80 | Rake 0 
Board [4s As 5h 2h]
Seat 1: Mahu2021 (big blind) folded on the Turn
Seat 2: fernandinho802 (button) folded before Flop (didn't bet)
Seat 3: benbobenbo (small blind) collected (80)



PokerStars Hand #247736369819: Tournament #3688260941, $1.84+$0.16 USD Hold'em No Limit - Level I (10/20) - 2023/12/18 21:55:14 CET [2023/12/18 15:55:14 ET]
Table '3688260941 1' 3-max Seat #3 is the button
Seat 1: Mahu2021 (530 in chips) 
Seat 2: fernandinho802 (460 in chips) is sitting out
Seat 3: benbobenbo (510 in chips) 
Mahu2021: posts small blind 10
fernandinho802: posts big blind 20
*** HOLE CARDS ***
Dealt to Mahu2021 [9c 8s]
benbobenbo: raises 20 to 40
Mahu2021: calls 30
fernandinho802: folds 
*** FLOP *** [2s Qd 6c]
Mahu2021: checks 
benbobenbo: bets 20
Mahu2021: folds 
Uncalled bet (20) returned to benbobenbo
benbobenbo collected 100 from pot
*** SUMMARY ***
Total pot 100 | Rake 0 
Board [2s Qd 6c]
Seat 1: Mahu2021 (small blind) folded on the Flop
Seat 2: fernandinho802 (big blind) folded before Flop
Seat 3: benbobenbo (button) collected (100)



PokerStars Hand #247736372228: Tournament #3688260941, $1.84+$0.16 USD Hold'em No Limit - Level I (10/20) - 2023/12/18 21:55:23 CET [2023/12/18 15:55:23 ET]
Table '3688260941 1' 3-max Seat #1 is the button
Seat 1: Mahu2021 (490 in chips) 
Seat 2: fernandinho802 (440 in chips) is sitting out
Seat 3: benbobenbo (570 in chips) 
fernandinho802: posts small blind 10
benbobenbo: posts big blind 20
*** HOLE CARDS ***
Dealt to Mahu2021 [Tc 4d]
Mahu2021: folds 
fernandinho802: folds 
Uncalled bet (10) returned to benbobenbo
benbobenbo collected 20 from pot
*** SUMMARY ***
Total pot 20 | Rake 0 
Seat 1: Mahu2021 (button) folded before Flop (didn't bet)
Seat 2: fernandinho802 (small blind) folded before Flop
Seat 3: benbobenbo (big blind) collected (20)



PokerStars Hand #247736373363: Tournament #3688260941, $1.84+$0.16 USD Hold'em No Limit - Level I (10/20) - 2023/12/18 21:55:27 CET [2023/12/18 15:55:27 ET]
Table '3688260941 1' 3-max Seat #2 is the button
Seat 1: Mahu2021 (490 in chips) 
Seat 2: fernandinho802 (430 in chips) is sitting out
Seat 3: benbobenbo (580 in chips) 
benbobenbo: posts small blind 10
Mahu2021: posts big blind 20
*** HOLE CARDS ***
Dealt to Mahu2021 [Ac 7c]
fernandinho802: folds 
benbobenbo: folds 
Uncalled bet (10) returned to Mahu2021
Mahu2021 collected 20 from pot
Mahu2021: doesn't show hand 
*** SUMMARY ***
Total pot 20 | Rake 0 
Seat 1: Mahu2021 (big blind) collected (20)
Seat 2: fernandinho802 (button) folded before Flop (didn't bet)
Seat 3: benbobenbo (small blind) folded before Flop



PokerStars Hand #247736374447: Tournament #3688260941, $1.84+$0.16 USD Hold'em No Limit - Level I (10/20) - 2023/12/18 21:55:31 CET [2023/12/18 15:55:31 ET]
Table '3688260941 1' 3-max Seat #3 is the button
Seat 1: Mahu2021 (500 in chips) 
Seat 2: fernandinho802 (430 in chips) is sitting out
Seat 3: benbobenbo (570 in chips) 
Mahu2021: posts small blind 10
fernandinho802: posts big blind 20
*** HOLE CARDS ***
Dealt to Mahu2021 [2d 8d]
benbobenbo: calls 20
Mahu2021: calls 10
fernandinho802: folds 
*** FLOP *** [5d 3d 9d]
Mahu2021: bets 20
benbobenbo: folds 
Uncalled bet (20) returned to Mahu2021
Mahu2021 collected 60 from pot
Mahu2021: doesn't show hand 
*** SUMMARY ***
Total pot 60 | Rake 0 
Board [5d 3d 9d]
Seat 1: Mahu2021 (small blind) collected (60)
Seat 2: fernandinho802 (big blind) folded before Flop
Seat 3: benbobenbo (button) folded on the Flop



PokerStars Hand #247736378396: Tournament #3688260941, $1.84+$0.16 USD Hold'em No Limit - Level II (15/30) - 2023/12/18 21:55:46 CET [2023/12/18 15:55:46 ET]
Table '3688260941 1' 3-max Seat #1 is the button
Seat 1: Mahu2021 (540 in chips) 
Seat 2: fernandinho802 (410 in chips) is sitting out
Seat 3: benbobenbo (550 in chips) 
fernandinho802: posts small blind 15
benbobenbo: posts big blind 30
*** HOLE CARDS ***
Dealt to Mahu2021 [Ah 8s]
Mahu2021: raises 30 to 60
fernandinho802: folds 
benbobenbo: folds 
Uncalled bet (30) returned to Mahu2021
Mahu2021 collected 75 from pot
Mahu2021: doesn't show hand 
*** SUMMARY ***
Total pot 75 | Rake 0 
Seat 1: Mahu2021 (button) collected (75)
Seat 2: fernandinho802 (small blind) folded before Flop
Seat 3: benbobenbo (big blind) folded before Flop



PokerStars Hand #247736380199: Tournament #3688260941, $1.84+$0.16 USD Hold'em No Limit - Level II (15/30) - 2023/12/18 21:55:53 CET [2023/12/18 15:55:53 ET]
Table '3688260941 1' 3-max Seat #2 is the button
Seat 1: Mahu2021 (585 in chips) 
Seat 2: fernandinho802 (395 in chips) is sitting out
Seat 3: benbobenbo (520 in chips) 
benbobenbo: posts small blind 15
Mahu2021: posts big blind 30
*** HOLE CARDS ***
Dealt to Mahu2021 [Qc Ac]
fernandinho802: folds 
benbobenbo: raises 30 to 60
Mahu2021: raises 90 to 150
benbobenbo: folds 
Uncalled bet (90) returned to Mahu2021
Mahu2021 collected 120 from pot
Mahu2021: doesn't show hand 
*** SUMMARY ***
Total pot 120 | Rake 0 
Seat 1: Mahu2021 (big blind) collected (120)
Seat 2: fernandinho802 (button) folded before Flop (didn't bet)
Seat 3: benbobenbo (small blind) folded before Flop



PokerStars Hand #247736382067: Tournament #3688260941, $1.84+$0.16 USD Hold'em No Limit - Level II (15/30) - 2023/12/18 21:56:00 CET [2023/12/18 15:56:00 ET]
Table '3688260941 1' 3-max Seat #3 is the button
Seat 1: Mahu2021 (645 in chips) 
Seat 2: fernandinho802 (395 in chips) is sitting out
Seat 3: benbobenbo (460 in chips) 
Mahu2021: posts small blind 15
fernandinho802: posts big blind 30
*** HOLE CARDS ***
Dealt to Mahu2021 [3c Ad]
benbobenbo: folds 
Mahu2021: raises 30 to 60
fernandinho802: folds 
Uncalled bet (30) returned to Mahu2021
Mahu2021 collected 60 from pot
Mahu2021: doesn't show hand 
*** SUMMARY ***
Total pot 60 | Rake 0 
Seat 1: Mahu2021 (small blind) collected (60)
Seat 2: fernandinho802 (big blind) folded before Flop
Seat 3: benbobenbo (button) folded before Flop (didn't bet)



PokerStars Hand #247736383276: Tournament #3688260941, $1.84+$0.16 USD Hold'em No Limit - Level II (15/30) - 2023/12/18 21:56:04 CET [2023/12/18 15:56:04 ET]
Table '3688260941 1' 3-max Seat #1 is the button
Seat 1: Mahu2021 (675 in chips) 
Seat 2: fernandinho802 (365 in chips) is sitting out
Seat 3: benbobenbo (460 in chips) 
fernandinho802: posts small blind 15
benbobenbo: posts big blind 30
*** HOLE CARDS ***
Dealt to Mahu2021 [Ac As]
Mahu2021: raises 30 to 60
fernandinho802: folds 
benbobenbo: calls 30
*** FLOP *** [Kc 8c 5c]
benbobenbo: bets 30
Mahu2021: calls 30
*** TURN *** [Kc 8c 5c] [Td]
benbobenbo: bets 30
Mahu2021: calls 30
*** RIVER *** [Kc 8c 5c Td] [Jc]
benbobenbo: bets 128
Mahu2021: raises 427 to 555 and is all-in
benbobenbo: calls 212 and is all-in
Uncalled bet (215) returned to Mahu2021
*** SHOW DOWN ***
Mahu2021: shows [Ac As] (a flush, Ace high)
benbobenbo: shows [3s 9c] (a flush, King high)
Mahu2021 collected 935 from pot
benbobenbo finished the tournament in 3rd place
*** SUMMARY ***
Total pot 935 | Rake 0 
Board [Kc 8c 5c Td Jc]
Seat 1: Mahu2021 (button) showed [Ac As] and won (935) with a flush, Ace high
Seat 2: fernandinho802 (small blind) folded before Flop
Seat 3: benbobenbo (big blind) showed [3s 9c] and lost with a flush, King high



PokerStars Hand #247736388584: Tournament #3688260941, $1.84+$0.16 USD Hold'em No Limit - Level II (15/30) - 2023/12/18 21:56:24 CET [2023/12/18 15:56:24 ET]
Table '3688260941 1' 3-max Seat #2 is the button
Seat 1: Mahu2021 (1150 in chips) 
Seat 2: fernandinho802 (350 in chips) is sitting out
fernandinho802: posts small blind 15
Mahu2021: posts big blind 30
*** HOLE CARDS ***
Dealt to Mahu2021 [9d Jd]
fernandinho802: folds 
Uncalled bet (15) returned to Mahu2021
Mahu2021 collected 30 from pot
Mahu2021: doesn't show hand 
*** SUMMARY ***
Total pot 30 | Rake 0 
Seat 1: Mahu2021 (big blind) collected (30)
Seat 2: fernandinho802 (button) (small blind) folded before Flop



PokerStars Hand #247736389059: Tournament #3688260941, $1.84+$0.16 USD Hold'em No Limit - Level II (15/30) - 2023/12/18 21:56:26 CET [2023/12/18 15:56:26 ET]
Table '3688260941 1' 3-max Seat #1 is the button
Seat 1: Mahu2021 (1165 in chips) 
Seat 2: fernandinho802 (335 in chips) is sitting out
Mahu2021: posts small blind 15
fernandinho802: posts big blind 30
*** HOLE CARDS ***
Dealt to Mahu2021 [Qd Kd]
Mahu2021: raises 30 to 60
fernandinho802: folds 
Uncalled bet (30) returned to Mahu2021
Mahu2021 collected 60 from pot
Mahu2021: doesn't show hand 
*** SUMMARY ***
Total pot 60 | Rake 0 
Seat 1: Mahu2021 (button) (small blind) collected (60)
Seat 2: fernandinho802 (big blind) folded before Flop



PokerStars Hand #247736390305: Tournament #3688260941, $1.84+$0.16 USD Hold'em No Limit - Level II (15/30) - 2023/12/18 21:56:30 CET [2023/12/18 15:56:30 ET]
Table '3688260941 1' 3-max Seat #2 is the button
Seat 1: Mahu2021 (1195 in chips) 
Seat 2: fernandinho802 (305 in chips) is sitting out
fernandinho802: posts small blind 15
Mahu2021: posts big blind 30
*** HOLE CARDS ***
Dealt to Mahu2021 [9h Th]
fernandinho802: folds 
Uncalled bet (15) returned to Mahu2021
Mahu2021 collected 30 from pot
Mahu2021: doesn't show hand 
*** SUMMARY ***
Total pot 30 | Rake 0 
Seat 1: Mahu2021 (big blind) collected (30)
Seat 2: fernandinho802 (button) (small blind) folded before Flop



PokerStars Hand #247736390800: Tournament #3688260941, $1.84+$0.16 USD Hold'em No Limit - Level II (15/30) - 2023/12/18 21:56:32 CET [2023/12/18 15:56:32 ET]
Table '3688260941 1' 3-max Seat #1 is the button
Seat 1: Mahu2021 (1210 in chips) 
Seat 2: fernandinho802 (290 in chips) is sitting out
Mahu2021: posts small blind 15
fernandinho802: posts big blind 30
*** HOLE CARDS ***
Dealt to Mahu2021 [Ks 4c]
Mahu2021: raises 30 to 60
fernandinho802: folds 
Uncalled bet (30) returned to Mahu2021
Mahu2021 collected 60 from pot
Mahu2021: doesn't show hand 
*** SUMMARY ***
Total pot 60 | Rake 0 
Seat 1: Mahu2021 (button) (small blind) collected (60)
Seat 2: fernandinho802 (big blind) folded before Flop



PokerStars Hand #247736392001: Tournament #3688260941, $1.84+$0.16 USD Hold'em No Limit - Level II (15/30) - 2023/12/18 21:56:36 CET [2023/12/18 15:56:36 ET]
Table '3688260941 1' 3-max Seat #2 is the button
Seat 1: Mahu2021 (1240 in chips) 
Seat 2: fernandinho802 (260 in chips) is sitting out
fernandinho802: posts small blind 15
Mahu2021: posts big blind 30
*** HOLE CARDS ***
Dealt to Mahu2021 [4c 6d]
fernandinho802: folds 
Uncalled bet (15) returned to Mahu2021
Mahu2021 collected 30 from pot
Mahu2021: doesn't show hand 
*** SUMMARY ***
Total pot 30 | Rake 0 
Seat 1: Mahu2021 (big blind) collected (30)
Seat 2: fernandinho802 (button) (small blind) folded before Flop



PokerStars Hand #247736392519: Tournament #3688260941, $1.84+$0.16 USD Hold'em No Limit - Level II (15/30) - 2023/12/18 21:56:38 CET [2023/12/18 15:56:38 ET]
Table '3688260941 1' 3-max Seat #1 is the button
Seat 1: Mahu2021 (1255 in chips) 
Seat 2: fernandinho802 (245 in chips) is sitting out
Mahu2021: posts small blind 15
fernandinho802: posts big blind 30
*** HOLE CARDS ***
Dealt to Mahu2021 [8d Th]
Mahu2021: raises 30 to 60
fernandinho802: folds 
Uncalled bet (30) returned to Mahu2021
Mahu2021 collected 60 from pot
Mahu2021: doesn't show hand 
*** SUMMARY ***
Total pot 60 | Rake 0 
Seat 1: Mahu2021 (button) (small blind) collected (60)
Seat 2: fernandinho802 (big blind) folded before Flop



PokerStars Hand #247736393642: Tournament #3688260941, $1.84+$0.16 USD Hold'em No Limit - Level II (15/30) - 2023/12/18 21:56:43 CET [2023/12/18 15:56:43 ET]
Table '3688260941 1' 3-max Seat #2 is the button
Seat 1: Mahu2021 (1285 in chips) 
Seat 2: fernandinho802 (215 in chips) is sitting out
fernandinho802: posts small blind 15
Mahu2021: posts big blind 30
*** HOLE CARDS ***
Dealt to Mahu2021 [6s 9s]
fernandinho802: folds 
Uncalled bet (15) returned to Mahu2021
Mahu2021 collected 30 from pot
Mahu2021: doesn't show hand 
*** SUMMARY ***
Total pot 30 | Rake 0 
Seat 1: Mahu2021 (big blind) collected (30)
Seat 2: fernandinho802 (button) (small blind) folded before Flop



PokerStars Hand #247736394155: Tournament #3688260941, $1.84+$0.16 USD Hold'em No Limit - Level II (15/30) - 2023/12/18 21:56:44 CET [2023/12/18 15:56:44 ET]
Table '3688260941 1' 3-max Seat #1 is the button
Seat 1: Mahu2021 (1300 in chips) 
Seat 2: fernandinho802 (200 in chips) is sitting out
Mahu2021: posts small blind 15
fernandinho802: posts big blind 30
*** HOLE CARDS ***
Dealt to Mahu2021 [Kd 5h]
Mahu2021: raises 30 to 60
fernandinho802: folds 
Uncalled bet (30) returned to Mahu2021
Mahu2021 collected 60 from pot
Mahu2021: doesn't show hand 
*** SUMMARY ***
Total pot 60 | Rake 0 
Seat 1: Mahu2021 (button) (small blind) collected (60)
Seat 2: fernandinho802 (big blind) folded before Flop



PokerStars Hand #247736395290: Tournament #3688260941, $1.84+$0.16 USD Hold'em No Limit - Level II (15/30) - 2023/12/18 21:56:49 CET [2023/12/18 15:56:49 ET]
Table '3688260941 1' 3-max Seat #2 is the button
Seat 1: Mahu2021 (1330 in chips) 
Seat 2: fernandinho802 (170 in chips) is sitting out
fernandinho802: posts small blind 15
Mahu2021: posts big blind 30
*** HOLE CARDS ***
Dealt to Mahu2021 [Js 3d]
fernandinho802: folds 
Uncalled bet (15) returned to Mahu2021
Mahu2021 collected 30 from pot
Mahu2021: doesn't show hand 
*** SUMMARY ***
Total pot 30 | Rake 0 
Seat 1: Mahu2021 (big blind) collected (30)
Seat 2: fernandinho802 (button) (small blind) folded before Flop



PokerStars Hand #247736395806: Tournament #3688260941, $1.84+$0.16 USD Hold'em No Limit - Level II (15/30) - 2023/12/18 21:56:50 CET [2023/12/18 15:56:50 ET]
Table '3688260941 1' 3-max Seat #1 is the button
Seat 1: Mahu2021 (1345 in chips) 
Seat 2: fernandinho802 (155 in chips) is sitting out
Mahu2021: posts small blind 15
fernandinho802: posts big blind 30
*** HOLE CARDS ***
Dealt to Mahu2021 [5s 2s]
Mahu2021: raises 30 to 60
fernandinho802: folds 
Uncalled bet (30) returned to Mahu2021
Mahu2021 collected 60 from pot
Mahu2021: doesn't show hand 
*** SUMMARY ***
Total pot 60 | Rake 0 
Seat 1: Mahu2021 (button) (small blind) collected (60)
Seat 2: fernandinho802 (big blind) folded before Flop



PokerStars Hand #247736396909: Tournament #3688260941, $1.84+$0.16 USD Hold'em No Limit - Level II (15/30) - 2023/12/18 21:56:54 CET [2023/12/18 15:56:54 ET]
Table '3688260941 1' 3-max Seat #2 is the button
Seat 1: Mahu2021 (1375 in chips) 
Seat 2: fernandinho802 (125 in chips) is sitting out
fernandinho802: posts small blind 15
Mahu2021: posts big blind 30
*** HOLE CARDS ***
Dealt to Mahu2021 [Kh Jd]
fernandinho802: folds 
Uncalled bet (15) returned to Mahu2021
Mahu2021 collected 30 from pot
Mahu2021: doesn't show hand 
*** SUMMARY ***
Total pot 30 | Rake 0 
Seat 1: Mahu2021 (big blind) collected (30)
Seat 2: fernandinho802 (button) (small blind) folded before Flop



PokerStars Hand #247736397421: Tournament #3688260941, $1.84+$0.16 USD Hold'em No Limit - Level II (15/30) - 2023/12/18 21:56:56 CET [2023/12/18 15:56:56 ET]
Table '3688260941 1' 3-max Seat #1 is the button
Seat 1: Mahu2021 (1390 in chips) 
Seat 2: fernandinho802 (110 in chips) is sitting out
Mahu2021: posts small blind 15
fernandinho802: posts big blind 30
*** HOLE CARDS ***
Dealt to Mahu2021 [9d 5c]
Mahu2021: raises 30 to 60
fernandinho802: folds 
Uncalled bet (30) returned to Mahu2021
Mahu2021 collected 60 from pot
Mahu2021: doesn't show hand 
*** SUMMARY ***
Total pot 60 | Rake 0 
Seat 1: Mahu2021 (button) (small blind) collected (60)
Seat 2: fernandinho802 (big blind) folded before Flop



PokerStars Hand #247736398568: Tournament #3688260941, $1.84+$0.16 USD Hold'em No Limit - Level II (15/30) - 2023/12/18 21:57:00 CET [2023/12/18 15:57:00 ET]
Table '3688260941 1' 3-max Seat #2 is the button
Seat 1: Mahu2021 (1420 in chips) 
Seat 2: fernandinho802 (80 in chips) is sitting out
fernandinho802: posts small blind 15
Mahu2021: posts big blind 30
*** HOLE CARDS ***
Dealt to Mahu2021 [3s Qd]
fernandinho802: folds 
Uncalled bet (15) returned to Mahu2021
Mahu2021 collected 30 from pot
Mahu2021: doesn't show hand 
*** SUMMARY ***
Total pot 30 | Rake 0 
Seat 1: Mahu2021 (big blind) collected (30)
Seat 2: fernandinho802 (button) (small blind) folded before Flop



PokerStars Hand #247736399014: Tournament #3688260941, $1.84+$0.16 USD Hold'em No Limit - Level II (15/30) - 2023/12/18 21:57:02 CET [2023/12/18 15:57:02 ET]
Table '3688260941 1' 3-max Seat #1 is the button
Seat 1: Mahu2021 (1435 in chips) 
Seat 2: fernandinho802 (65 in chips) is sitting out
Mahu2021: posts small blind 15
fernandinho802: posts big blind 30
*** HOLE CARDS ***
Dealt to Mahu2021 [9c 3c]
Mahu2021: raises 30 to 60
fernandinho802: folds 
Uncalled bet (30) returned to Mahu2021
Mahu2021 collected 60 from pot
Mahu2021: doesn't show hand 
*** SUMMARY ***
Total pot 60 | Rake 0 
Seat 1: Mahu2021 (button) (small blind) collected (60)
Seat 2: fernandinho802 (big blind) folded before Flop



PokerStars Hand #247736400183: Tournament #3688260941, $1.84+$0.16 USD Hold'em No Limit - Level II (15/30) - 2023/12/18 21:57:07 CET [2023/12/18 15:57:07 ET]
Table '3688260941 1' 3-max Seat #2 is the button
Seat 1: Mahu2021 (1465 in chips) 
Seat 2: fernandinho802 (35 in chips) is sitting out
fernandinho802: posts small blind 15
Mahu2021: posts big blind 30
*** HOLE CARDS ***
Dealt to Mahu2021 [4c 2s]
fernandinho802: folds 
Uncalled bet (15) returned to Mahu2021
Mahu2021 collected 30 from pot
Mahu2021: doesn't show hand 
*** SUMMARY ***
Total pot 30 | Rake 0 
Seat 1: Mahu2021 (big blind) collected (30)
Seat 2: fernandinho802 (button) (small blind) folded before Flop



PokerStars Hand #247736400711: Tournament #3688260941, $1.84+$0.16 USD Hold'em No Limit - Level II (15/30) - 2023/12/18 21:57:08 CET [2023/12/18 15:57:08 ET]
Table '3688260941 1' 3-max Seat #1 is the button
Seat 1: Mahu2021 (1480 in chips) 
Seat 2: fernandinho802 (20 in chips) is sitting out
Mahu2021: posts small blind 15
fernandinho802: posts big blind 20 and is all-in
*** HOLE CARDS ***
Dealt to Mahu2021 [4s 3h]
Mahu2021: calls 5
fernandinho802: folds 
Mahu2021 collected 40 from pot
fernandinho802 finished the tournament in 2nd place
Mahu2021 wins the tournament and receives $4.00 - congratulations!
Mahu2021: doesn't show hand 
*** SUMMARY ***
Total pot 40 | Rake 0 
Seat 1: Mahu2021 (button) (small blind) collected (40)
Seat 2: fernandinho802 (big blind) folded before Flop



