PokerStars Hand #253488873779: Tournament #3825490301, $1.84+$0.16 USD Hold'em No Limit - Level I (10/20) - 2024/11/20 12:26:44 CET [2024/11/20 6:26:44 ET]
Table '3825490301 1' 3-max Seat #1 is the button
Seat 1: chetah279 (500 in chips) 
Seat 2: Pavlos.0 (500 in chips) 
Seat 3: Mahu2021 (500 in chips) 
Pavlos.0: posts small blind 10
Mahu2021: posts big blind 20
*** HOLE CARDS ***
Dealt to Mahu2021 [Qs 5h]
chetah279: folds 
Pavlos.0: folds 
Uncalled bet (10) returned to Mahu2021
Mahu2021 collected 20 from pot
Mahu2021: doesn't show hand 
*** SUMMARY ***
Total pot 20 | Rake 0 
Seat 1: chetah279 (button) folded before Flop (didn't bet)
Seat 2: Pavlos.0 (small blind) folded before Flop
Seat 3: Mahu2021 (big blind) collected (20)



PokerStars Hand #253488874562: Tournament #3825490301, $1.84+$0.16 USD Hold'em No Limit - Level I (10/20) - 2024/11/20 12:26:51 CET [2024/11/20 6:26:51 ET]
Table '3825490301 1' 3-max Seat #2 is the button
Seat 1: chetah279 (500 in chips) 
Seat 2: Pavlos.0 (490 in chips) 
Seat 3: Mahu2021 (510 in chips) 
Mahu2021: posts small blind 10
chetah279: posts big blind 20
*** HOLE CARDS ***
Dealt to Mahu2021 [3h 2c]
Pavlos.0: calls 20
Mahu2021: folds 
chetah279: checks 
*** FLOP *** [7s 5h Jd]
chetah279: checks 
Pavlos.0: checks 
*** TURN *** [7s 5h Jd] [4c]
chetah279: checks 
Pavlos.0: checks 
*** RIVER *** [7s 5h Jd 4c] [Tc]
chetah279: checks 
Pavlos.0: checks 
*** SHOW DOWN ***
chetah279: shows [6s 2s] (high card Jack)
Pavlos.0: shows [Ks 9s] (high card King)
Pavlos.0 collected 50 from pot
*** SUMMARY ***
Total pot 50 | Rake 0 
Board [7s 5h Jd 4c Tc]
Seat 1: chetah279 (big blind) showed [6s 2s] and lost with high card Jack
Seat 2: Pavlos.0 (button) showed [Ks 9s] and won (50) with high card King
Seat 3: Mahu2021 (small blind) folded before Flop



PokerStars Hand #253488877129: Tournament #3825490301, $1.84+$0.16 USD Hold'em No Limit - Level I (10/20) - 2024/11/20 12:27:12 CET [2024/11/20 6:27:12 ET]
Table '3825490301 1' 3-max Seat #3 is the button
Seat 1: chetah279 (480 in chips) 
Seat 2: Pavlos.0 (520 in chips) 
Seat 3: Mahu2021 (500 in chips) 
chetah279: posts small blind 10
Pavlos.0: posts big blind 20
*** HOLE CARDS ***
Dealt to Mahu2021 [6d Qd]
Mahu2021: raises 20 to 40
chetah279: calls 30
Pavlos.0: folds 
*** FLOP *** [Ad 3s Td]
chetah279: checks 
Mahu2021: bets 40
chetah279: calls 40
*** TURN *** [Ad 3s Td] [2c]
chetah279: bets 180
Mahu2021: folds 
Uncalled bet (180) returned to chetah279
chetah279 collected 180 from pot
chetah279: doesn't show hand 
*** SUMMARY ***
Total pot 180 | Rake 0 
Board [Ad 3s Td 2c]
Seat 1: chetah279 (small blind) collected (180)
Seat 2: Pavlos.0 (big blind) folded before Flop
Seat 3: Mahu2021 (button) folded on the Turn



PokerStars Hand #253488880633: Tournament #3825490301, $1.84+$0.16 USD Hold'em No Limit - Level I (10/20) - 2024/11/20 12:27:41 CET [2024/11/20 6:27:41 ET]
Table '3825490301 1' 3-max Seat #1 is the button
Seat 1: chetah279 (580 in chips) 
Seat 2: Pavlos.0 (500 in chips) 
Seat 3: Mahu2021 (420 in chips) 
Pavlos.0: posts small blind 10
Mahu2021: posts big blind 20
*** HOLE CARDS ***
Dealt to Mahu2021 [5c Qs]
chetah279: folds 
Pavlos.0: calls 10
Mahu2021: checks 
*** FLOP *** [9h 3c 7h]
Pavlos.0: bets 20
Mahu2021: calls 20
*** TURN *** [9h 3c 7h] [Kc]
Pavlos.0: checks 
Mahu2021: bets 40
Pavlos.0: calls 40
*** RIVER *** [9h 3c 7h Kc] [8h]
Pavlos.0: bets 100
Mahu2021: folds 
Uncalled bet (100) returned to Pavlos.0
Pavlos.0 collected 160 from pot
*** SUMMARY ***
Total pot 160 | Rake 0 
Board [9h 3c 7h Kc 8h]
Seat 1: chetah279 (button) folded before Flop (didn't bet)
Seat 2: Pavlos.0 (small blind) collected (160)
Seat 3: Mahu2021 (big blind) folded on the River



PokerStars Hand #253488883946: Tournament #3825490301, $1.84+$0.16 USD Hold'em No Limit - Level I (10/20) - 2024/11/20 12:28:09 CET [2024/11/20 6:28:09 ET]
Table '3825490301 1' 3-max Seat #2 is the button
Seat 1: chetah279 (580 in chips) 
Seat 2: Pavlos.0 (580 in chips) 
Seat 3: Mahu2021 (340 in chips) 
Mahu2021: posts small blind 10
chetah279: posts big blind 20
*** HOLE CARDS ***
Dealt to Mahu2021 [Jd 3s]
Pavlos.0: calls 20
Mahu2021: folds 
chetah279: checks 
*** FLOP *** [As 8h 6h]
chetah279: checks 
Pavlos.0: bets 20
chetah279: folds 
Uncalled bet (20) returned to Pavlos.0
Pavlos.0 collected 50 from pot
*** SUMMARY ***
Total pot 50 | Rake 0 
Board [As 8h 6h]
Seat 1: chetah279 (big blind) folded on the Flop
Seat 2: Pavlos.0 (button) collected (50)
Seat 3: Mahu2021 (small blind) folded before Flop



PokerStars Hand #253488885165: Tournament #3825490301, $1.84+$0.16 USD Hold'em No Limit - Level I (10/20) - 2024/11/20 12:28:20 CET [2024/11/20 6:28:20 ET]
Table '3825490301 1' 3-max Seat #3 is the button
Seat 1: chetah279 (560 in chips) 
Seat 2: Pavlos.0 (610 in chips) 
Seat 3: Mahu2021 (330 in chips) 
chetah279: posts small blind 10
Pavlos.0: posts big blind 20
*** HOLE CARDS ***
Dealt to Mahu2021 [Qc Qh]
Mahu2021: raises 20 to 40
chetah279: folds 
Pavlos.0: folds 
Uncalled bet (20) returned to Mahu2021
Mahu2021 collected 50 from pot
Mahu2021: doesn't show hand 
*** SUMMARY ***
Total pot 50 | Rake 0 
Seat 1: chetah279 (small blind) folded before Flop
Seat 2: Pavlos.0 (big blind) folded before Flop
Seat 3: Mahu2021 (button) collected (50)



PokerStars Hand #253488885919: Tournament #3825490301, $1.84+$0.16 USD Hold'em No Limit - Level I (10/20) - 2024/11/20 12:28:26 CET [2024/11/20 6:28:26 ET]
Table '3825490301 1' 3-max Seat #1 is the button
Seat 1: chetah279 (550 in chips) 
Seat 2: Pavlos.0 (590 in chips) 
Seat 3: Mahu2021 (360 in chips) 
Pavlos.0: posts small blind 10
Mahu2021: posts big blind 20
*** HOLE CARDS ***
Dealt to Mahu2021 [Kc Qs]
chetah279: folds 
Pavlos.0: calls 10
Mahu2021: raises 60 to 80
Pavlos.0: folds 
Uncalled bet (60) returned to Mahu2021
Mahu2021 collected 40 from pot
Mahu2021: doesn't show hand 
*** SUMMARY ***
Total pot 40 | Rake 0 
Seat 1: chetah279 (button) folded before Flop (didn't bet)
Seat 2: Pavlos.0 (small blind) folded before Flop
Seat 3: Mahu2021 (big blind) collected (40)



PokerStars Hand #253488887063: Tournament #3825490301, $1.84+$0.16 USD Hold'em No Limit - Level I (10/20) - 2024/11/20 12:28:36 CET [2024/11/20 6:28:36 ET]
Table '3825490301 1' 3-max Seat #2 is the button
Seat 1: chetah279 (550 in chips) 
Seat 2: Pavlos.0 (570 in chips) 
Seat 3: Mahu2021 (380 in chips) 
Mahu2021: posts small blind 10
chetah279: posts big blind 20
*** HOLE CARDS ***
Dealt to Mahu2021 [3s Jc]
Pavlos.0: folds 
Mahu2021: calls 10
chetah279: checks 
*** FLOP *** [7d 6d Ts]
Mahu2021: checks 
chetah279: checks 
*** TURN *** [7d 6d Ts] [8c]
Mahu2021: checks 
chetah279: checks 
*** RIVER *** [7d 6d Ts 8c] [4d]
Mahu2021: checks 
chetah279: checks 
*** SHOW DOWN ***
Mahu2021: shows [3s Jc] (high card Jack)
chetah279: shows [Jh 4s] (a pair of Fours)
chetah279 collected 40 from pot
*** SUMMARY ***
Total pot 40 | Rake 0 
Board [7d 6d Ts 8c 4d]
Seat 1: chetah279 (big blind) showed [Jh 4s] and won (40) with a pair of Fours
Seat 2: Pavlos.0 (button) folded before Flop (didn't bet)
Seat 3: Mahu2021 (small blind) showed [3s Jc] and lost with high card Jack



PokerStars Hand #253488888715: Tournament #3825490301, $1.84+$0.16 USD Hold'em No Limit - Level I (10/20) - 2024/11/20 12:28:50 CET [2024/11/20 6:28:50 ET]
Table '3825490301 1' 3-max Seat #3 is the button
Seat 1: chetah279 (570 in chips) 
Seat 2: Pavlos.0 (570 in chips) 
Seat 3: Mahu2021 (360 in chips) 
chetah279: posts small blind 10
Pavlos.0: posts big blind 20
*** HOLE CARDS ***
Dealt to Mahu2021 [5d Kc]
Mahu2021: folds 
chetah279: calls 10
Pavlos.0: raises 20 to 40
chetah279: calls 20
*** FLOP *** [3c 6h Td]
chetah279: checks 
Pavlos.0: bets 20
chetah279: calls 20
*** TURN *** [3c 6h Td] [Ts]
chetah279: checks 
Pavlos.0: bets 40
chetah279: calls 40
*** RIVER *** [3c 6h Td Ts] [6s]
chetah279: checks 
Pavlos.0: checks 
*** SHOW DOWN ***
chetah279: shows [4s 5s] (two pair, Tens and Sixes)
Pavlos.0: shows [Ah As] (two pair, Aces and Tens)
Pavlos.0 collected 200 from pot
*** SUMMARY ***
Total pot 200 | Rake 0 
Board [3c 6h Td Ts 6s]
Seat 1: chetah279 (small blind) showed [4s 5s] and lost with two pair, Tens and Sixes
Seat 2: Pavlos.0 (big blind) showed [Ah As] and won (200) with two pair, Aces and Tens
Seat 3: Mahu2021 (button) folded before Flop (didn't bet)



PokerStars Hand #253488891996: Tournament #3825490301, $1.84+$0.16 USD Hold'em No Limit - Level I (10/20) - 2024/11/20 12:29:18 CET [2024/11/20 6:29:18 ET]
Table '3825490301 1' 3-max Seat #1 is the button
Seat 1: chetah279 (470 in chips) 
Seat 2: Pavlos.0 (670 in chips) 
Seat 3: Mahu2021 (360 in chips) 
Pavlos.0: posts small blind 10
Mahu2021: posts big blind 20
*** HOLE CARDS ***
Dealt to Mahu2021 [Ac 8s]
chetah279: raises 20 to 40
Pavlos.0: folds 
Mahu2021: calls 20
*** FLOP *** [Js Jh 9c]
Mahu2021: checks 
chetah279: bets 20
Mahu2021: calls 20
*** TURN *** [Js Jh 9c] [2s]
Mahu2021: checks 
chetah279: bets 20
Mahu2021: calls 20
*** RIVER *** [Js Jh 9c 2s] [Kd]
Mahu2021: checks 
chetah279: bets 20
Mahu2021: calls 20
*** SHOW DOWN ***
chetah279: shows [Jc As] (three of a kind, Jacks)
Mahu2021: mucks hand 
chetah279 collected 210 from pot
*** SUMMARY ***
Total pot 210 | Rake 0 
Board [Js Jh 9c 2s Kd]
Seat 1: chetah279 (button) showed [Jc As] and won (210) with three of a kind, Jacks
Seat 2: Pavlos.0 (small blind) folded before Flop
Seat 3: Mahu2021 (big blind) mucked [Ac 8s]



PokerStars Hand #253488894276: Tournament #3825490301, $1.84+$0.16 USD Hold'em No Limit - Level I (10/20) - 2024/11/20 12:29:37 CET [2024/11/20 6:29:37 ET]
Table '3825490301 1' 3-max Seat #2 is the button
Seat 1: chetah279 (580 in chips) 
Seat 2: Pavlos.0 (660 in chips) 
Seat 3: Mahu2021 (260 in chips) 
Mahu2021: posts small blind 10
chetah279: posts big blind 20
*** HOLE CARDS ***
Dealt to Mahu2021 [Qh Ac]
Pavlos.0: calls 20
Mahu2021: calls 10
chetah279: checks 
*** FLOP *** [Ks 7d 7s]
Mahu2021: checks 
chetah279: checks 
Pavlos.0: bets 20
Mahu2021: calls 20
chetah279: folds 
*** TURN *** [Ks 7d 7s] [Qc]
Mahu2021: checks 
Pavlos.0: checks 
*** RIVER *** [Ks 7d 7s Qc] [Ah]
Mahu2021: checks 
Pavlos.0: bets 60
Mahu2021: raises 60 to 120
Pavlos.0: folds 
Uncalled bet (60) returned to Mahu2021
Mahu2021 collected 220 from pot
Mahu2021: doesn't show hand 
*** SUMMARY ***
Total pot 220 | Rake 0 
Board [Ks 7d 7s Qc Ah]
Seat 1: chetah279 (big blind) folded on the Flop
Seat 2: Pavlos.0 (button) folded on the River
Seat 3: Mahu2021 (small blind) collected (220)



PokerStars Hand #253488897315: Tournament #3825490301, $1.84+$0.16 USD Hold'em No Limit - Level II (15/30) - 2024/11/20 12:30:02 CET [2024/11/20 6:30:02 ET]
Table '3825490301 1' 3-max Seat #3 is the button
Seat 1: chetah279 (560 in chips) 
Seat 2: Pavlos.0 (560 in chips) 
Seat 3: Mahu2021 (380 in chips) 
chetah279: posts small blind 15
Pavlos.0: posts big blind 30
*** HOLE CARDS ***
Dealt to Mahu2021 [6c Qc]
Mahu2021: calls 30
chetah279: folds 
Pavlos.0: checks 
*** FLOP *** [Ac 8s 7s]
Pavlos.0: bets 30
Mahu2021: folds 
Uncalled bet (30) returned to Pavlos.0
Pavlos.0 collected 75 from pot
*** SUMMARY ***
Total pot 75 | Rake 0 
Board [Ac 8s 7s]
Seat 1: chetah279 (small blind) folded before Flop
Seat 2: Pavlos.0 (big blind) collected (75)
Seat 3: Mahu2021 (button) folded on the Flop



PokerStars Hand #253488898930: Tournament #3825490301, $1.84+$0.16 USD Hold'em No Limit - Level II (15/30) - 2024/11/20 12:30:16 CET [2024/11/20 6:30:16 ET]
Table '3825490301 1' 3-max Seat #1 is the button
Seat 1: chetah279 (545 in chips) 
Seat 2: Pavlos.0 (605 in chips) 
Seat 3: Mahu2021 (350 in chips) 
Pavlos.0: posts small blind 15
Mahu2021: posts big blind 30
*** HOLE CARDS ***
Dealt to Mahu2021 [3s As]
chetah279: calls 30
Pavlos.0: calls 15
Mahu2021: checks 
*** FLOP *** [7s Jd 5d]
Pavlos.0: checks 
Mahu2021: checks 
chetah279: bets 30
Pavlos.0: calls 30
Mahu2021: folds 
*** TURN *** [7s Jd 5d] [2d]
Pavlos.0: checks 
chetah279: checks 
*** RIVER *** [7s Jd 5d 2d] [5s]
Pavlos.0: checks 
chetah279: checks 
*** SHOW DOWN ***
Pavlos.0: shows [4s 6h] (a pair of Fives)
chetah279: shows [9c Js] (two pair, Jacks and Fives)
chetah279 collected 150 from pot
*** SUMMARY ***
Total pot 150 | Rake 0 
Board [7s Jd 5d 2d 5s]
Seat 1: chetah279 (button) showed [9c Js] and won (150) with two pair, Jacks and Fives
Seat 2: Pavlos.0 (small blind) showed [4s 6h] and lost with a pair of Fives
Seat 3: Mahu2021 (big blind) folded on the Flop



PokerStars Hand #253488901906: Tournament #3825490301, $1.84+$0.16 USD Hold'em No Limit - Level II (15/30) - 2024/11/20 12:30:40 CET [2024/11/20 6:30:40 ET]
Table '3825490301 1' 3-max Seat #2 is the button
Seat 1: chetah279 (635 in chips) 
Seat 2: Pavlos.0 (545 in chips) 
Seat 3: Mahu2021 (320 in chips) 
Mahu2021: posts small blind 15
chetah279: posts big blind 30
*** HOLE CARDS ***
Dealt to Mahu2021 [3s 7d]
Pavlos.0: folds 
Mahu2021: folds 
Uncalled bet (15) returned to chetah279
chetah279 collected 30 from pot
chetah279: doesn't show hand 
*** SUMMARY ***
Total pot 30 | Rake 0 
Seat 1: chetah279 (big blind) collected (30)
Seat 2: Pavlos.0 (button) folded before Flop (didn't bet)
Seat 3: Mahu2021 (small blind) folded before Flop



PokerStars Hand #253488902838: Tournament #3825490301, $1.84+$0.16 USD Hold'em No Limit - Level II (15/30) - 2024/11/20 12:30:48 CET [2024/11/20 6:30:48 ET]
Table '3825490301 1' 3-max Seat #3 is the button
Seat 1: chetah279 (650 in chips) 
Seat 2: Pavlos.0 (545 in chips) 
Seat 3: Mahu2021 (305 in chips) 
chetah279: posts small blind 15
Pavlos.0: posts big blind 30
*** HOLE CARDS ***
Dealt to Mahu2021 [5s Kc]
Mahu2021: folds 
chetah279: folds 
Uncalled bet (15) returned to Pavlos.0
Pavlos.0 collected 30 from pot
*** SUMMARY ***
Total pot 30 | Rake 0 
Seat 1: chetah279 (small blind) folded before Flop
Seat 2: Pavlos.0 (big blind) collected (30)
Seat 3: Mahu2021 (button) folded before Flop (didn't bet)



PokerStars Hand #253488903512: Tournament #3825490301, $1.84+$0.16 USD Hold'em No Limit - Level II (15/30) - 2024/11/20 12:30:54 CET [2024/11/20 6:30:54 ET]
Table '3825490301 1' 3-max Seat #1 is the button
Seat 1: chetah279 (635 in chips) 
Seat 2: Pavlos.0 (560 in chips) 
Seat 3: Mahu2021 (305 in chips) 
Pavlos.0: posts small blind 15
Mahu2021: posts big blind 30
*** HOLE CARDS ***
Dealt to Mahu2021 [9h Js]
chetah279: folds 
Pavlos.0: calls 15
Mahu2021: checks 
*** FLOP *** [8s Ah Qc]
Pavlos.0: bets 30
Mahu2021: calls 30
*** TURN *** [8s Ah Qc] [Kd]
Pavlos.0: bets 30
Mahu2021: calls 30
*** RIVER *** [8s Ah Qc Kd] [Ks]
Pavlos.0: bets 30
Mahu2021: folds 
Uncalled bet (30) returned to Pavlos.0
Pavlos.0 collected 180 from pot
*** SUMMARY ***
Total pot 180 | Rake 0 
Board [8s Ah Qc Kd Ks]
Seat 1: chetah279 (button) folded before Flop (didn't bet)
Seat 2: Pavlos.0 (small blind) collected (180)
Seat 3: Mahu2021 (big blind) folded on the River



PokerStars Hand #253488906603: Tournament #3825490301, $1.84+$0.16 USD Hold'em No Limit - Level II (15/30) - 2024/11/20 12:31:20 CET [2024/11/20 6:31:20 ET]
Table '3825490301 1' 3-max Seat #2 is the button
Seat 1: chetah279 (635 in chips) 
Seat 2: Pavlos.0 (650 in chips) 
Seat 3: Mahu2021 (215 in chips) 
Mahu2021: posts small blind 15
chetah279: posts big blind 30
*** HOLE CARDS ***
Dealt to Mahu2021 [5s 8h]
Pavlos.0: folds 
Mahu2021: folds 
Uncalled bet (15) returned to chetah279
chetah279 collected 30 from pot
chetah279: doesn't show hand 
*** SUMMARY ***
Total pot 30 | Rake 0 
Seat 1: chetah279 (big blind) collected (30)
Seat 2: Pavlos.0 (button) folded before Flop (didn't bet)
Seat 3: Mahu2021 (small blind) folded before Flop



PokerStars Hand #253488907352: Tournament #3825490301, $1.84+$0.16 USD Hold'em No Limit - Level II (15/30) - 2024/11/20 12:31:26 CET [2024/11/20 6:31:26 ET]
Table '3825490301 1' 3-max Seat #3 is the button
Seat 1: chetah279 (650 in chips) 
Seat 2: Pavlos.0 (650 in chips) 
Seat 3: Mahu2021 (200 in chips) 
chetah279: posts small blind 15
Pavlos.0: posts big blind 30
*** HOLE CARDS ***
Dealt to Mahu2021 [3c 3s]
Mahu2021: raises 170 to 200 and is all-in
chetah279: folds 
Pavlos.0: folds 
Uncalled bet (170) returned to Mahu2021
Mahu2021 collected 75 from pot
Mahu2021: doesn't show hand 
*** SUMMARY ***
Total pot 75 | Rake 0 
Seat 1: chetah279 (small blind) folded before Flop
Seat 2: Pavlos.0 (big blind) folded before Flop
Seat 3: Mahu2021 (button) collected (75)



PokerStars Hand #253488908647: Tournament #3825490301, $1.84+$0.16 USD Hold'em No Limit - Level II (15/30) - 2024/11/20 12:31:37 CET [2024/11/20 6:31:37 ET]
Table '3825490301 1' 3-max Seat #1 is the button
Seat 1: chetah279 (635 in chips) 
Seat 2: Pavlos.0 (620 in chips) 
Seat 3: Mahu2021 (245 in chips) 
Pavlos.0: posts small blind 15
Mahu2021: posts big blind 30
*** HOLE CARDS ***
Dealt to Mahu2021 [Tc 2h]
chetah279: raises 605 to 635 and is all-in
Pavlos.0: calls 605 and is all-in
Mahu2021: folds 
Uncalled bet (15) returned to chetah279
*** FLOP *** [6h Qs 4d]
*** TURN *** [6h Qs 4d] [3s]
*** RIVER *** [6h Qs 4d 3s] [Kd]
*** SHOW DOWN ***
Pavlos.0: shows [Kh Ad] (a pair of Kings)
chetah279: shows [7h 7d] (a pair of Sevens)
Pavlos.0 collected 1270 from pot
*** SUMMARY ***
Total pot 1270 | Rake 0 
Board [6h Qs 4d 3s Kd]
Seat 1: chetah279 (button) showed [7h 7d] and lost with a pair of Sevens
Seat 2: Pavlos.0 (small blind) showed [Kh Ad] and won (1270) with a pair of Kings
Seat 3: Mahu2021 (big blind) folded before Flop



PokerStars Hand #253488910390: Tournament #3825490301, $1.84+$0.16 USD Hold'em No Limit - Level II (15/30) - 2024/11/20 12:31:51 CET [2024/11/20 6:31:51 ET]
Table '3825490301 1' 3-max Seat #2 is the button
Seat 1: chetah279 (15 in chips) 
Seat 2: Pavlos.0 (1270 in chips) 
Seat 3: Mahu2021 (215 in chips) 
Mahu2021: posts small blind 15
chetah279: posts big blind 15 and is all-in
*** HOLE CARDS ***
Dealt to Mahu2021 [6s 2c]
Pavlos.0: raises 1255 to 1270 and is all-in
Mahu2021: folds 
Uncalled bet (1255) returned to Pavlos.0
*** FLOP *** [5h 4c Qc]
*** TURN *** [5h 4c Qc] [3h]
*** RIVER *** [5h 4c Qc 3h] [5s]
*** SHOW DOWN ***
chetah279: shows [Td 9h] (a pair of Fives)
Pavlos.0: shows [Ah 9s] (a pair of Fives - Ace kicker)
Pavlos.0 collected 45 from pot
chetah279 finished the tournament in 3rd place
*** SUMMARY ***
Total pot 45 | Rake 0 
Board [5h 4c Qc 3h 5s]
Seat 1: chetah279 (big blind) showed [Td 9h] and lost with a pair of Fives
Seat 2: Pavlos.0 (button) showed [Ah 9s] and won (45) with a pair of Fives
Seat 3: Mahu2021 (small blind) folded before Flop



PokerStars Hand #253488913011: Tournament #3825490301, $1.84+$0.16 USD Hold'em No Limit - Level II (15/30) - 2024/11/20 12:32:13 CET [2024/11/20 6:32:13 ET]
Table '3825490301 1' 3-max Seat #3 is the button
Seat 2: Pavlos.0 (1300 in chips) 
Seat 3: Mahu2021 (200 in chips) 
Mahu2021: posts small blind 15
Pavlos.0: posts big blind 30
*** HOLE CARDS ***
Dealt to Mahu2021 [As Tc]
Mahu2021: calls 15
Pavlos.0: checks 
*** FLOP *** [2c 3h Ks]
Pavlos.0: checks 
Mahu2021: checks 
*** TURN *** [2c 3h Ks] [8c]
Pavlos.0: checks 
Mahu2021: checks 
*** RIVER *** [2c 3h Ks 8c] [8d]
Pavlos.0: checks 
Mahu2021: bets 30
Pavlos.0: folds 
Uncalled bet (30) returned to Mahu2021
Mahu2021 collected 60 from pot
Mahu2021: doesn't show hand 
*** SUMMARY ***
Total pot 60 | Rake 0 
Board [2c 3h Ks 8c 8d]
Seat 2: Pavlos.0 (big blind) folded on the River
Seat 3: Mahu2021 (button) (small blind) collected (60)



PokerStars Hand #253488915886: Tournament #3825490301, $1.84+$0.16 USD Hold'em No Limit - Level II (15/30) - 2024/11/20 12:32:38 CET [2024/11/20 6:32:38 ET]
Table '3825490301 1' 3-max Seat #2 is the button
Seat 2: Pavlos.0 (1270 in chips) 
Seat 3: Mahu2021 (230 in chips) 
Pavlos.0: posts small blind 15
Mahu2021: posts big blind 30
*** HOLE CARDS ***
Dealt to Mahu2021 [7d Js]
Pavlos.0: calls 15
Mahu2021: checks 
*** FLOP *** [6s 8s 7s]
Mahu2021: bets 30
Pavlos.0: folds 
Uncalled bet (30) returned to Mahu2021
Mahu2021 collected 60 from pot
Mahu2021: doesn't show hand 
*** SUMMARY ***
Total pot 60 | Rake 0 
Board [6s 8s 7s]
Seat 2: Pavlos.0 (button) (small blind) folded on the Flop
Seat 3: Mahu2021 (big blind) collected (60)



PokerStars Hand #253488917697: Tournament #3825490301, $1.84+$0.16 USD Hold'em No Limit - Level III (20/40) - 2024/11/20 12:32:53 CET [2024/11/20 6:32:53 ET]
Table '3825490301 1' 3-max Seat #3 is the button
Seat 2: Pavlos.0 (1240 in chips) 
Seat 3: Mahu2021 (260 in chips) 
Mahu2021: posts small blind 20
Pavlos.0: posts big blind 40
*** HOLE CARDS ***
Dealt to Mahu2021 [Jc 3s]
Mahu2021: calls 20
Pavlos.0: checks 
*** FLOP *** [8s Qc 7d]
Pavlos.0: checks 
Mahu2021: checks 
*** TURN *** [8s Qc 7d] [3c]
Pavlos.0: checks 
Mahu2021: bets 40
Pavlos.0: folds 
Uncalled bet (40) returned to Mahu2021
Mahu2021 collected 80 from pot
Mahu2021: doesn't show hand 
*** SUMMARY ***
Total pot 80 | Rake 0 
Board [8s Qc 7d 3c]
Seat 2: Pavlos.0 (big blind) folded on the Turn
Seat 3: Mahu2021 (button) (small blind) collected (80)



PokerStars Hand #253488920166: Tournament #3825490301, $1.84+$0.16 USD Hold'em No Limit - Level III (20/40) - 2024/11/20 12:33:13 CET [2024/11/20 6:33:13 ET]
Table '3825490301 1' 3-max Seat #2 is the button
Seat 2: Pavlos.0 (1200 in chips) 
Seat 3: Mahu2021 (300 in chips) 
Pavlos.0: posts small blind 20
Mahu2021: posts big blind 40
*** HOLE CARDS ***
Dealt to Mahu2021 [Th 9d]
Pavlos.0: raises 80 to 120
Mahu2021: folds 
Uncalled bet (80) returned to Pavlos.0
Pavlos.0 collected 80 from pot
*** SUMMARY ***
Total pot 80 | Rake 0 
Seat 2: Pavlos.0 (button) (small blind) collected (80)
Seat 3: Mahu2021 (big blind) folded before Flop



PokerStars Hand #253488921792: Tournament #3825490301, $1.84+$0.16 USD Hold'em No Limit - Level III (20/40) - 2024/11/20 12:33:26 CET [2024/11/20 6:33:26 ET]
Table '3825490301 1' 3-max Seat #3 is the button
Seat 2: Pavlos.0 (1240 in chips) 
Seat 3: Mahu2021 (260 in chips) 
Mahu2021: posts small blind 20
Pavlos.0: posts big blind 40
*** HOLE CARDS ***
Dealt to Mahu2021 [7h 2s]
Mahu2021: folds 
Uncalled bet (20) returned to Pavlos.0
Pavlos.0 collected 40 from pot
*** SUMMARY ***
Total pot 40 | Rake 0 
Seat 2: Pavlos.0 (big blind) collected (40)
Seat 3: Mahu2021 (button) (small blind) folded before Flop



PokerStars Hand #253488922317: Tournament #3825490301, $1.84+$0.16 USD Hold'em No Limit - Level III (20/40) - 2024/11/20 12:33:31 CET [2024/11/20 6:33:31 ET]
Table '3825490301 1' 3-max Seat #2 is the button
Seat 2: Pavlos.0 (1260 in chips) 
Seat 3: Mahu2021 (240 in chips) 
Pavlos.0: posts small blind 20
Mahu2021: posts big blind 40
*** HOLE CARDS ***
Dealt to Mahu2021 [Jc 2d]
Pavlos.0: raises 80 to 120
Mahu2021: folds 
Uncalled bet (80) returned to Pavlos.0
Pavlos.0 collected 80 from pot
*** SUMMARY ***
Total pot 80 | Rake 0 
Seat 2: Pavlos.0 (button) (small blind) collected (80)
Seat 3: Mahu2021 (big blind) folded before Flop



PokerStars Hand #253488923159: Tournament #3825490301, $1.84+$0.16 USD Hold'em No Limit - Level III (20/40) - 2024/11/20 12:33:37 CET [2024/11/20 6:33:37 ET]
Table '3825490301 1' 3-max Seat #3 is the button
Seat 2: Pavlos.0 (1300 in chips) 
Seat 3: Mahu2021 (200 in chips) 
Mahu2021: posts small blind 20
Pavlos.0: posts big blind 40
*** HOLE CARDS ***
Dealt to Mahu2021 [9h Ac]
Mahu2021: calls 20
Pavlos.0: checks 
*** FLOP *** [6h Th 4d]
Pavlos.0: checks 
Mahu2021: checks 
*** TURN *** [6h Th 4d] [Js]
Pavlos.0: checks 
Mahu2021: checks 
*** RIVER *** [6h Th 4d Js] [7d]
Pavlos.0: checks 
Mahu2021: checks 
*** SHOW DOWN ***
Pavlos.0: shows [7s 8d] (a pair of Sevens)
Mahu2021: mucks hand 
Pavlos.0 collected 80 from pot
*** SUMMARY ***
Total pot 80 | Rake 0 
Board [6h Th 4d Js 7d]
Seat 2: Pavlos.0 (big blind) showed [7s 8d] and won (80) with a pair of Sevens
Seat 3: Mahu2021 (button) (small blind) mucked [9h Ac]



PokerStars Hand #253488924768: Tournament #3825490301, $1.84+$0.16 USD Hold'em No Limit - Level III (20/40) - 2024/11/20 12:33:51 CET [2024/11/20 6:33:51 ET]
Table '3825490301 1' 3-max Seat #2 is the button
Seat 2: Pavlos.0 (1340 in chips) 
Seat 3: Mahu2021 (160 in chips) 
Pavlos.0: posts small blind 20
Mahu2021: posts big blind 40
*** HOLE CARDS ***
Dealt to Mahu2021 [7h 7d]
Pavlos.0: raises 80 to 120
Mahu2021: raises 40 to 160 and is all-in
Pavlos.0: calls 40
*** FLOP *** [3d Jh 5h]
*** TURN *** [3d Jh 5h] [8d]
*** RIVER *** [3d Jh 5h 8d] [5c]
*** SHOW DOWN ***
Mahu2021: shows [7h 7d] (two pair, Sevens and Fives)
Pavlos.0: shows [9c 9h] (two pair, Nines and Fives)
Pavlos.0 collected 320 from pot
Mahu2021 finished the tournament in 2nd place
Pavlos.0 wins the tournament and receives $8.00 - congratulations!
*** SUMMARY ***
Total pot 320 | Rake 0 
Board [3d Jh 5h 8d 5c]
Seat 2: Pavlos.0 (button) (small blind) showed [9c 9h] and won (320) with two pair, Nines and Fives
Seat 3: Mahu2021 (big blind) showed [7h 7d] and lost with two pair, Sevens and Fives



