PokerStars Zoom Hand #254449713978:  Hold'em No Limit ($0.50/$1.00) - 2025/01/19 17:34:54 CET [2025/01/19 11:34:54 ET]
Table 'Triangulum' 6-max Seat #1 is the button
Seat 1: leandro_h772 ($116.67 in chips) 
Seat 2: Mahu2021 ($95.45 in chips) 
Seat 3: iNeverBluff398 ($101.50 in chips) 
Seat 4: Solgaard ($111.87 in chips) 
Seat 5: Raising chip ($106.65 in chips) 
Mahu2021: posts small blind $0.50
iNeverBluff398: posts big blind $1
*** HOLE CARDS ***
Dealt to Mahu2021 [Th 5c]
Solgaard: folds 
Raising chip: folds 
leandro_h772: raises $1.20 to $2.20
Mahu2021: folds 
iNeverBluff398: calls $1.20
*** FLOP *** [Td Js Qd]
iNeverBluff398: checks 
leandro_h772: bets $1.54
iNeverBluff398: folds 
Uncalled bet ($1.54) returned to leandro_h772
leandro_h772 collected $4.66 from pot
leandro_h772: doesn't show hand 
*** SUMMARY ***
Total pot $4.90 | Rake $0.24 
Board [Td Js Qd]
Seat 1: leandro_h772 (button) collected ($4.66)
Seat 2: Mahu2021 (small blind) folded before Flop
Seat 3: iNeverBluff398 (big blind) folded on the Flop
Seat 4: Solgaard folded before Flop (didn't bet)
Seat 5: Raising chip folded before Flop (didn't bet)



PokerStars Zoom Hand #254449711022:  Hold'em No Limit ($0.50/$1.00) - 2025/01/19 17:34:44 CET [2025/01/19 11:34:44 ET]
Table 'Triangulum' 6-max Seat #1 is the button
Seat 1: prinzantonio ($76.28 in chips) 
Seat 2: IrukandjiLi ($157.17 in chips) 
Seat 3: Mahu2021 ($96.45 in chips) 
Seat 4: TheRedPillx ($102.28 in chips) 
Seat 5: imhungarian8 ($106.70 in chips) 
Seat 6: lukeaaaa101 ($101.50 in chips) 
IrukandjiLi: posts small blind $0.50
Mahu2021: posts big blind $1
*** HOLE CARDS ***
Dealt to Mahu2021 [5d Jd]
TheRedPillx: folds 
imhungarian8: raises $1 to $2
lukeaaaa101: folds 
prinzantonio: raises $5.50 to $7.50
IrukandjiLi: folds 
Mahu2021: folds 
imhungarian8: folds 
Uncalled bet ($5.50) returned to prinzantonio
prinzantonio collected $5.50 from pot
prinzantonio: doesn't show hand 
*** SUMMARY ***
Total pot $5.50 | Rake $0 
Seat 1: prinzantonio (button) collected ($5.50)
Seat 2: IrukandjiLi (small blind) folded before Flop
Seat 3: Mahu2021 (big blind) folded before Flop
Seat 4: TheRedPillx folded before Flop (didn't bet)
Seat 5: imhungarian8 folded before Flop
Seat 6: lukeaaaa101 folded before Flop (didn't bet)



PokerStars Zoom Hand #254449725900:  Hold'em No Limit ($0.50/$1.00) - 2025/01/19 17:35:34 CET [2025/01/19 11:35:34 ET]
Table 'Triangulum' 6-max Seat #1 is the button
Seat 1: imhungarian8 ($113.26 in chips) 
Seat 2: simoniustin ($129.16 in chips) 
Seat 3: PowWhammy ($50.43 in chips) 
Seat 4: iNeverBluff398 ($100 in chips) 
Seat 5: Mahu2021 ($92.95 in chips) 
simoniustin: posts small blind $0.50
PowWhammy: posts big blind $1
*** HOLE CARDS ***
Dealt to Mahu2021 [7h 2d]
iNeverBluff398: folds 
Mahu2021: folds 
imhungarian8: folds 
simoniustin: folds 
Uncalled bet ($0.50) returned to PowWhammy
PowWhammy collected $1 from pot
PowWhammy: doesn't show hand 
*** SUMMARY ***
Total pot $1 | Rake $0 
Seat 1: imhungarian8 (button) folded before Flop (didn't bet)
Seat 2: simoniustin (small blind) folded before Flop
Seat 3: PowWhammy (big blind) collected ($1)
Seat 4: iNeverBluff398 folded before Flop (didn't bet)
Seat 5: Mahu2021 folded before Flop (didn't bet)



PokerStars Zoom Hand #254449726773:  Hold'em No Limit ($0.50/$1.00) - 2025/01/19 17:35:37 CET [2025/01/19 11:35:37 ET]
Table 'Triangulum' 6-max Seat #1 is the button
Seat 1: iNeverBluff398 ($100 in chips) 
Seat 2: Solgaard ($112.37 in chips) 
Seat 3: Mahu2021 ($92.95 in chips) 
Seat 4: imhungarian8 ($104.70 in chips) 
Seat 5: Raising chip ($100 in chips) 
Solgaard: posts small blind $0.50
Mahu2021: posts big blind $1
*** HOLE CARDS ***
Dealt to Mahu2021 [Qh 7h]
imhungarian8: folds 
Raising chip: folds 
iNeverBluff398: raises $1.20 to $2.20
Solgaard: folds 
Mahu2021: calls $1.20
*** FLOP *** [6d 2c Kd]
Mahu2021: checks 
iNeverBluff398: checks 
*** TURN *** [6d 2c Kd] [Ah]
Mahu2021: checks 
iNeverBluff398: bets $3.50
Mahu2021: folds 
Uncalled bet ($3.50) returned to iNeverBluff398
iNeverBluff398 collected $4.66 from pot
iNeverBluff398: doesn't show hand 
*** SUMMARY ***
Total pot $4.90 | Rake $0.24 
Board [6d 2c Kd Ah]
Seat 1: iNeverBluff398 (button) collected ($4.66)
Seat 2: Solgaard (small blind) folded before Flop
Seat 3: Mahu2021 (big blind) folded on the Turn
Seat 4: imhungarian8 folded before Flop (didn't bet)
Seat 5: Raising chip folded before Flop (didn't bet)



PokerStars Zoom Hand #254449715731:  Hold'em No Limit ($0.50/$1.00) - 2025/01/19 17:35:00 CET [2025/01/19 11:35:00 ET]
Table 'Triangulum' 6-max Seat #1 is the button
Seat 1: Mahu2021 ($94.95 in chips) 
Seat 2: misuju ($131.89 in chips) 
Seat 3: PowWhammy ($133.75 in chips) 
Seat 4: simoniustin ($100 in chips) 
Seat 5: maxrion ($48.50 in chips) 
Seat 6: aleximous ($103 in chips) 
misuju: posts small blind $0.50
PowWhammy: posts big blind $1
*** HOLE CARDS ***
Dealt to Mahu2021 [Qd Ac]
simoniustin: folds 
maxrion: folds 
aleximous: raises $1 to $2
Mahu2021: calls $2
misuju: calls $1.50
PowWhammy: calls $1
*** FLOP *** [6c Kh 8c]
misuju: checks 
PowWhammy: bets $2
aleximous: calls $2
Mahu2021: folds 
misuju: calls $2
*** TURN *** [6c Kh 8c] [4h]
misuju: checks 
PowWhammy: checks 
aleximous: checks 
*** RIVER *** [6c Kh 8c 4h] [5c]
misuju: bets $2
PowWhammy: calls $2
aleximous: folds 
*** SHOW DOWN ***
misuju: shows [Kc Qc] (a flush, King high)
PowWhammy: mucks hand 
misuju collected $16.88 from pot
*** SUMMARY ***
Total pot $18 | Rake $1.12 
Board [6c Kh 8c 4h 5c]
Seat 1: Mahu2021 (button) folded on the Flop
Seat 2: misuju (small blind) showed [Kc Qc] and won ($16.88) with a flush, King high
Seat 3: PowWhammy (big blind) mucked [8d 2d]
Seat 4: simoniustin folded before Flop (didn't bet)
Seat 5: maxrion folded before Flop (didn't bet)
Seat 6: aleximous folded on the River



PokerStars Zoom Hand #254449738548:  Hold'em No Limit ($0.50/$1.00) - 2025/01/19 17:36:17 CET [2025/01/19 11:36:17 ET]
Table 'Triangulum' 6-max Seat #1 is the button
Seat 1: MattyAllton ($323.65 in chips) 
Seat 2: Mahu2021 ($90.75 in chips) 
Seat 3: prinzantonio ($77.78 in chips) 
Seat 4: IrukandjiLi ($188.60 in chips) 
Seat 5: Solgaard ($111.87 in chips) 
Seat 6: BoyLoc0 ($393.91 in chips) 
Mahu2021: posts small blind $0.50
prinzantonio: posts big blind $1
*** HOLE CARDS ***
Dealt to Mahu2021 [3c 8d]
IrukandjiLi: folds 
Solgaard: raises $2 to $3
BoyLoc0: folds 
MattyAllton: folds 
Mahu2021: folds 
prinzantonio: folds 
Uncalled bet ($2) returned to Solgaard
Solgaard collected $2.50 from pot
Solgaard: doesn't show hand 
*** SUMMARY ***
Total pot $2.50 | Rake $0 
Seat 1: MattyAllton (button) folded before Flop (didn't bet)
Seat 2: Mahu2021 (small blind) folded before Flop
Seat 3: prinzantonio (big blind) folded before Flop
Seat 4: IrukandjiLi folded before Flop (didn't bet)
Seat 5: Solgaard collected ($2.50)
Seat 6: BoyLoc0 folded before Flop (didn't bet)



PokerStars Zoom Hand #254449739386:  Hold'em No Limit ($0.50/$1.00) - 2025/01/19 17:36:20 CET [2025/01/19 11:36:20 ET]
Table 'Triangulum' 6-max Seat #1 is the button
Seat 1: aleximous ($101 in chips) 
Seat 2: Raising chip ($111.21 in chips) 
Seat 3: iNeverBluff398 ($105.96 in chips) 
Seat 4: Mahu2021 ($90.25 in chips) 
Seat 5: moskraila14 ($36.95 in chips) 
Seat 6: simoniustin ($102 in chips) 
Raising chip: posts small blind $0.50
iNeverBluff398: posts big blind $1
*** HOLE CARDS ***
Dealt to Mahu2021 [3d Td]
Mahu2021: folds 
moskraila14: folds 
simoniustin: folds 
aleximous: folds 
Raising chip: raises $2 to $3
iNeverBluff398: folds 
Uncalled bet ($2) returned to Raising chip
Raising chip collected $2 from pot
Raising chip: doesn't show hand 
*** SUMMARY ***
Total pot $2 | Rake $0 
Seat 1: aleximous (button) folded before Flop (didn't bet)
Seat 2: Raising chip (small blind) collected ($2)
Seat 3: iNeverBluff398 (big blind) folded before Flop
Seat 4: Mahu2021 folded before Flop (didn't bet)
Seat 5: moskraila14 folded before Flop (didn't bet)
Seat 6: simoniustin folded before Flop (didn't bet)



PokerStars Zoom Hand #254449732662:  Hold'em No Limit ($0.50/$1.00) - 2025/01/19 17:35:57 CET [2025/01/19 11:35:57 ET]
Table 'Triangulum' 6-max Seat #1 is the button
Seat 1: Raising chip ($100 in chips) 
Seat 2: kikoo07 ($116.66 in chips) 
Seat 3: TheRedPillx ($103.22 in chips) 
Seat 4: imhungarian8 ($102 in chips) 
Seat 5: Mahu2021 ($90.75 in chips) 
kikoo07: posts small blind $0.50
TheRedPillx: posts big blind $1
*** HOLE CARDS ***
Dealt to Mahu2021 [4h 7c]
imhungarian8: folds 
Mahu2021: folds 
Raising chip: raises $1.50 to $2.50
kikoo07: folds 
TheRedPillx: calls $1.50
*** FLOP *** [Jh Js 3d]
TheRedPillx: checks 
Raising chip: bets $1.41
TheRedPillx: folds 
Uncalled bet ($1.41) returned to Raising chip
Raising chip collected $5.22 from pot
Raising chip: doesn't show hand 
*** SUMMARY ***
Total pot $5.50 | Rake $0.28 
Board [Jh Js 3d]
Seat 1: Raising chip (button) collected ($5.22)
Seat 2: kikoo07 (small blind) folded before Flop
Seat 3: TheRedPillx (big blind) folded on the Flop
Seat 4: imhungarian8 folded before Flop (didn't bet)
Seat 5: Mahu2021 folded before Flop (didn't bet)



PokerStars Zoom Hand #254449734927:  Hold'em No Limit ($0.50/$1.00) - 2025/01/19 17:36:05 CET [2025/01/19 11:36:05 ET]
Table 'Triangulum' 6-max Seat #1 is the button
Seat 1: kikoo07 ($116.16 in chips) 
Seat 2: simoniustin ($102.50 in chips) 
Seat 3: imhungarian8 ($102 in chips) 
Seat 4: aleximous ($101 in chips) 
Seat 5: TheRedPillx ($100 in chips) 
Seat 6: Mahu2021 ($90.75 in chips) 
simoniustin: posts small blind $0.50
imhungarian8: posts big blind $1
*** HOLE CARDS ***
Dealt to Mahu2021 [6h 4c]
aleximous: folds 
TheRedPillx: folds 
Mahu2021: folds 
kikoo07: raises $1 to $2
simoniustin: folds 
imhungarian8: calls $1
*** FLOP *** [Ad Ah 2d]
imhungarian8: checks 
kikoo07: checks 
*** TURN *** [Ad Ah 2d] [6s]
imhungarian8: checks 
kikoo07: bets $2.40
imhungarian8: folds 
Uncalled bet ($2.40) returned to kikoo07
kikoo07 collected $4.28 from pot
kikoo07: doesn't show hand 
*** SUMMARY ***
Total pot $4.50 | Rake $0.22 
Board [Ad Ah 2d 6s]
Seat 1: kikoo07 (button) collected ($4.28)
Seat 2: simoniustin (small blind) folded before Flop
Seat 3: imhungarian8 (big blind) folded on the Turn
Seat 4: aleximous folded before Flop (didn't bet)
Seat 5: TheRedPillx folded before Flop (didn't bet)
Seat 6: Mahu2021 folded before Flop (didn't bet)



PokerStars Zoom Hand #254449737290:  Hold'em No Limit ($0.50/$1.00) - 2025/01/19 17:36:13 CET [2025/01/19 11:36:13 ET]
Table 'Triangulum' 6-max Seat #1 is the button
Seat 1: Mahu2021 ($90.75 in chips) 
Seat 2: imhungarian8 ($116.64 in chips) 
Seat 3: TheRedPillx ($100 in chips) 
Seat 4: prinzantonio ($77.78 in chips) 
Seat 5: aleximous ($100 in chips) 
Seat 6: Raising chip ($111.21 in chips) 
imhungarian8: posts small blind $0.50
TheRedPillx: posts big blind $1
*** HOLE CARDS ***
Dealt to Mahu2021 [3d Ah]
prinzantonio: folds 
aleximous: folds 
Raising chip: folds 
Mahu2021: folds 
imhungarian8: raises $1.70 to $2.70
TheRedPillx: calls $1.70
*** FLOP *** [Kd 2c Jc]
imhungarian8: bets $3.85
TheRedPillx: folds 
Uncalled bet ($3.85) returned to imhungarian8
imhungarian8 collected $5.13 from pot
imhungarian8: doesn't show hand 
*** SUMMARY ***
Total pot $5.40 | Rake $0.27 
Board [Kd 2c Jc]
Seat 1: Mahu2021 (button) folded before Flop (didn't bet)
Seat 2: imhungarian8 (small blind) collected ($5.13)
Seat 3: TheRedPillx (big blind) folded on the Flop
Seat 4: prinzantonio folded before Flop (didn't bet)
Seat 5: aleximous folded before Flop (didn't bet)
Seat 6: Raising chip folded before Flop (didn't bet)



PokerStars Zoom Hand #254449740700:  Hold'em No Limit ($0.50/$1.00) - 2025/01/19 17:36:25 CET [2025/01/19 11:36:25 ET]
Table 'Triangulum' 6-max Seat #1 is the button
Seat 1: PowWhammy ($127.25 in chips) 
Seat 2: BoyLoc0 ($393.91 in chips) 
Seat 3: aleximous ($101 in chips) 
Seat 4: Mahu2021 ($90.25 in chips) 
Seat 5: simoniustin ($102 in chips) 
Seat 6: leandro_h772 ($127.05 in chips) 
BoyLoc0: posts small blind $0.50
aleximous: posts big blind $1
*** HOLE CARDS ***
Dealt to Mahu2021 [5c 2s]
Mahu2021: folds 
simoniustin: raises $1.50 to $2.50
leandro_h772: folds 
PowWhammy: folds 
BoyLoc0: folds 
aleximous: folds 
Uncalled bet ($1.50) returned to simoniustin
simoniustin collected $2.50 from pot
simoniustin: doesn't show hand 
*** SUMMARY ***
Total pot $2.50 | Rake $0 
Seat 1: PowWhammy (button) folded before Flop (didn't bet)
Seat 2: BoyLoc0 (small blind) folded before Flop
Seat 3: aleximous (big blind) folded before Flop
Seat 4: Mahu2021 folded before Flop (didn't bet)
Seat 5: simoniustin collected ($2.50)
Seat 6: leandro_h772 folded before Flop (didn't bet)



PokerStars Zoom Hand #254449742104:  Hold'em No Limit ($0.50/$1.00) - 2025/01/19 17:36:29 CET [2025/01/19 11:36:29 ET]
Table 'Triangulum' 6-max Seat #1 is the button
Seat 1: iNeverBluff398 ($131.59 in chips) 
Seat 2: TheRedPillx ($107.98 in chips) 
Seat 3: moskraila14 ($36.95 in chips) 
Seat 4: leandro_h772 ($127.05 in chips) 
Seat 5: Solgaard ($113.37 in chips) 
Seat 6: Mahu2021 ($90.25 in chips) 
TheRedPillx: posts small blind $0.50
moskraila14: posts big blind $1
*** HOLE CARDS ***
Dealt to Mahu2021 [8c Ts]
leandro_h772: folds 
Solgaard: folds 
Mahu2021: folds 
iNeverBluff398: raises $1.20 to $2.20
TheRedPillx: folds 
moskraila14: calls $1.20
*** FLOP *** [4d 6s 9d]
moskraila14: checks 
iNeverBluff398: checks 
*** TURN *** [4d 6s 9d] [Th]
moskraila14: checks 
iNeverBluff398: bets $3.50
moskraila14: calls $3.50
*** RIVER *** [4d 6s 9d Th] [Kc]
moskraila14: checks 
iNeverBluff398: bets $5
moskraila14: calls $5
*** SHOW DOWN ***
iNeverBluff398: shows [Tc As] (a pair of Tens)
moskraila14: mucks hand 
iNeverBluff398 collected $20.80 from pot
*** SUMMARY ***
Total pot $21.90 | Rake $1.10 
Board [4d 6s 9d Th Kc]
Seat 1: iNeverBluff398 (button) showed [Tc As] and won ($20.80) with a pair of Tens
Seat 2: TheRedPillx (small blind) folded before Flop
Seat 3: moskraila14 (big blind) mucked [2h 9s]
Seat 4: leandro_h772 folded before Flop (didn't bet)
Seat 5: Solgaard folded before Flop (didn't bet)
Seat 6: Mahu2021 folded before Flop (didn't bet)



PokerStars Zoom Hand #254449747855:  Hold'em No Limit ($0.50/$1.00) - 2025/01/19 17:36:49 CET [2025/01/19 11:36:49 ET]
Table 'Triangulum' 6-max Seat #1 is the button
Seat 1: simoniustin ($100 in chips) 
Seat 2: Mahu2021 ($89.25 in chips) 
Seat 3: MIGHTYDWOW ($100 in chips) 
Seat 4: annilann ($64.54 in chips) 
Seat 5: IrukandjiLi ($187.10 in chips) 
Seat 6: imhungarian8 ($100 in chips) 
Mahu2021: posts small blind $0.50
MIGHTYDWOW: posts big blind $1
*** HOLE CARDS ***
Dealt to Mahu2021 [Kh Qc]
annilann: raises $1 to $2
IrukandjiLi: folds 
imhungarian8: folds 
simoniustin: calls $2
Mahu2021: calls $1.50
MIGHTYDWOW: calls $1
*** FLOP *** [5s Qd 5c]
Mahu2021: bets $2
MIGHTYDWOW: folds 
annilann: folds 
simoniustin: folds 
Uncalled bet ($2) returned to Mahu2021
Mahu2021 collected $7.60 from pot
Mahu2021: doesn't show hand 
*** SUMMARY ***
Total pot $8 | Rake $0.40 
Board [5s Qd 5c]
Seat 1: simoniustin (button) folded on the Flop
Seat 2: Mahu2021 (small blind) collected ($7.60)
Seat 3: MIGHTYDWOW (big blind) folded on the Flop
Seat 4: annilann folded on the Flop
Seat 5: IrukandjiLi folded before Flop (didn't bet)
Seat 6: imhungarian8 folded before Flop (didn't bet)



PokerStars Zoom Hand #254449743842:  Hold'em No Limit ($0.50/$1.00) - 2025/01/19 17:36:35 CET [2025/01/19 11:36:35 ET]
Table 'Triangulum' 6-max Seat #1 is the button
Seat 1: misuju ($141.77 in chips) 
Seat 2: TheRedPillx ($100 in chips) 
Seat 3: Mahu2021 ($90.25 in chips) 
Seat 4: rusher_NiNja ($100 in chips) 
Seat 5: imhungarian8 ($119.07 in chips) 
Seat 6: Raising chip ($100 in chips) 
TheRedPillx: posts small blind $0.50
Mahu2021: posts big blind $1
*** HOLE CARDS ***
Dealt to Mahu2021 [9h Qc]
rusher_NiNja: raises $1.20 to $2.20
imhungarian8: folds 
Raising chip: folds 
misuju: calls $2.20
TheRedPillx: folds 
Mahu2021: folds 
*** FLOP *** [2d Ad 3c]
rusher_NiNja: bets $1.96
misuju: calls $1.96
*** TURN *** [2d Ad 3c] [Jc]
rusher_NiNja: bets $3
misuju: calls $3
*** RIVER *** [2d Ad 3c Jc] [8c]
rusher_NiNja: checks 
misuju: checks 
*** SHOW DOWN ***
rusher_NiNja: shows [Kh Jd] (a pair of Jacks)
misuju: shows [Ac Qh] (a pair of Aces)
misuju collected $14.83 from pot
*** SUMMARY ***
Total pot $15.82 | Rake $0.99 
Board [2d Ad 3c Jc 8c]
Seat 1: misuju (button) showed [Ac Qh] and won ($14.83) with a pair of Aces
Seat 2: TheRedPillx (small blind) folded before Flop
Seat 3: Mahu2021 (big blind) folded before Flop
Seat 4: rusher_NiNja showed [Kh Jd] and lost with a pair of Jacks
Seat 5: imhungarian8 folded before Flop (didn't bet)
Seat 6: Raising chip folded before Flop (didn't bet)



PokerStars Zoom Hand #254449746667:  Hold'em No Limit ($0.50/$1.00) - 2025/01/19 17:36:45 CET [2025/01/19 11:36:45 ET]
Table 'Triangulum' 6-max Seat #1 is the button
Seat 1: imhungarian8 ($106.48 in chips) 
Seat 2: simoniustin ($100 in chips) 
Seat 3: Raising chip ($102.72 in chips) 
Seat 4: Mahu2021 ($89.25 in chips) 
Seat 5: annilann ($64.54 in chips) 
Seat 6: IrukandjiLi ($187.10 in chips) 
simoniustin: posts small blind $0.50
Raising chip: posts big blind $1
*** HOLE CARDS ***
Dealt to Mahu2021 [3h 4d]
Mahu2021: folds 
annilann: folds 
IrukandjiLi: folds 
imhungarian8: raises $1.50 to $2.50
simoniustin: raises $9.50 to $12
Raising chip: folds 
imhungarian8: raises $14 to $26
simoniustin: folds 
Uncalled bet ($14) returned to imhungarian8
imhungarian8 collected $25 from pot
imhungarian8: doesn't show hand 
*** SUMMARY ***
Total pot $25 | Rake $0 
Seat 1: imhungarian8 (button) collected ($25)
Seat 2: simoniustin (small blind) folded before Flop
Seat 3: Raising chip (big blind) folded before Flop
Seat 4: Mahu2021 folded before Flop (didn't bet)
Seat 5: annilann folded before Flop (didn't bet)
Seat 6: IrukandjiLi folded before Flop (didn't bet)



PokerStars Zoom Hand #254449759283:  Hold'em No Limit ($0.50/$1.00) - 2025/01/19 17:37:27 CET [2025/01/19 11:37:27 ET]
Table 'Triangulum' 6-max Seat #1 is the button
Seat 1: Mahu2021 ($94.85 in chips) 
Seat 2: CichiChanMarian ($159.37 in chips) 
Seat 3: IrukandjiLi ($187.10 in chips) 
Seat 4: imhungarian8 ($110.26 in chips) 
Seat 5: Raising chip ($100 in chips) 
Seat 6: iNeverBluff398 ($106.46 in chips) 
CichiChanMarian: posts small blind $0.50
IrukandjiLi: posts big blind $1
*** HOLE CARDS ***
Dealt to Mahu2021 [Qh 7s]
imhungarian8: folds 
Raising chip: folds 
iNeverBluff398: raises $1.20 to $2.20
Mahu2021: folds 
CichiChanMarian: folds 
IrukandjiLi: folds 
Uncalled bet ($1.20) returned to iNeverBluff398
iNeverBluff398 collected $2.50 from pot
iNeverBluff398: doesn't show hand 
*** SUMMARY ***
Total pot $2.50 | Rake $0 
Seat 1: Mahu2021 (button) folded before Flop (didn't bet)
Seat 2: CichiChanMarian (small blind) folded before Flop
Seat 3: IrukandjiLi (big blind) folded before Flop
Seat 4: imhungarian8 folded before Flop (didn't bet)
Seat 5: Raising chip folded before Flop (didn't bet)
Seat 6: iNeverBluff398 collected ($2.50)



PokerStars Zoom Hand #254449763117:  Hold'em No Limit ($0.50/$1.00) - 2025/01/19 17:37:40 CET [2025/01/19 11:37:40 ET]
Table 'Triangulum' 6-max Seat #1 is the button
Seat 1: prinzantonio ($71.08 in chips) 
Seat 2: MIGHTYDWOW ($97.50 in chips) 
Seat 3: Mahu2021 ($94.85 in chips) 
Seat 4: simoniustin ($105.70 in chips) 
Seat 5: CichiChanMarian ($158.87 in chips) 
Seat 6: TheRedPillx ($103.42 in chips) 
MIGHTYDWOW: posts small blind $0.50
Mahu2021: posts big blind $1
*** HOLE CARDS ***
Dealt to Mahu2021 [6c Jd]
simoniustin: folds 
CichiChanMarian: folds 
TheRedPillx: folds 
prinzantonio: folds 
MIGHTYDWOW: folds 
Uncalled bet ($0.50) returned to Mahu2021
Mahu2021 collected $1 from pot
Mahu2021: doesn't show hand 
*** SUMMARY ***
Total pot $1 | Rake $0 
Seat 1: prinzantonio (button) folded before Flop (didn't bet)
Seat 2: MIGHTYDWOW (small blind) folded before Flop
Seat 3: Mahu2021 (big blind) collected ($1)
Seat 4: simoniustin folded before Flop (didn't bet)
Seat 5: CichiChanMarian folded before Flop (didn't bet)
Seat 6: TheRedPillx folded before Flop (didn't bet)



PokerStars Zoom Hand #254449762126:  Hold'em No Limit ($0.50/$1.00) - 2025/01/19 17:37:37 CET [2025/01/19 11:37:37 ET]
Table 'Triangulum' 6-max Seat #1 is the button
Seat 1: simoniustin ($100 in chips) 
Seat 2: Raising chip ($100 in chips) 
Seat 3: maxrion ($50.03 in chips) 
Seat 4: TheRedPillx ($103.42 in chips) 
Seat 5: MIGHTYDWOW ($97.50 in chips) 
Seat 6: Mahu2021 ($94.85 in chips) 
Raising chip: posts small blind $0.50
maxrion: posts big blind $1
*** HOLE CARDS ***
Dealt to Mahu2021 [2d Ac]
TheRedPillx: folds 
MIGHTYDWOW: folds 
Mahu2021: folds 
simoniustin: raises $1.50 to $2.50
Raising chip: folds 
maxrion: folds 
Uncalled bet ($1.50) returned to simoniustin
simoniustin collected $2.50 from pot
simoniustin: doesn't show hand 
*** SUMMARY ***
Total pot $2.50 | Rake $0 
Seat 1: simoniustin (button) collected ($2.50)
Seat 2: Raising chip (small blind) folded before Flop
Seat 3: maxrion (big blind) folded before Flop
Seat 4: TheRedPillx folded before Flop (didn't bet)
Seat 5: MIGHTYDWOW folded before Flop (didn't bet)
Seat 6: Mahu2021 folded before Flop (didn't bet)



PokerStars Zoom Hand #254449765603:  Hold'em No Limit ($0.50/$1.00) - 2025/01/19 17:37:48 CET [2025/01/19 11:37:48 ET]
Table 'Triangulum' 6-max Seat #1 is the button
Seat 1: kikoo07 ($130.91 in chips) 
Seat 2: Mahu2021 ($95.35 in chips) 
Seat 3: iNeverBluff398 ($107.96 in chips) 
Seat 4: lukeaaaa101 ($100 in chips) 
Seat 5: Raising chip ($100 in chips) 
Seat 6: MattyAllton ($322.24 in chips) 
Mahu2021: posts small blind $0.50
iNeverBluff398: posts big blind $1
*** HOLE CARDS ***
Dealt to Mahu2021 [6c Jd]
lukeaaaa101: raises $1.50 to $2.50
Raising chip: folds 
MattyAllton: folds 
kikoo07: folds 
Mahu2021: folds 
iNeverBluff398: folds 
Uncalled bet ($1.50) returned to lukeaaaa101
lukeaaaa101 collected $2.50 from pot
lukeaaaa101: doesn't show hand 
*** SUMMARY ***
Total pot $2.50 | Rake $0 
Seat 1: kikoo07 (button) folded before Flop (didn't bet)
Seat 2: Mahu2021 (small blind) folded before Flop
Seat 3: iNeverBluff398 (big blind) folded before Flop
Seat 4: lukeaaaa101 collected ($2.50)
Seat 5: Raising chip folded before Flop (didn't bet)
Seat 6: MattyAllton folded before Flop (didn't bet)



PokerStars Zoom Hand #254449770639:  Hold'em No Limit ($0.50/$1.00) - 2025/01/19 17:38:06 CET [2025/01/19 11:38:06 ET]
Table 'Triangulum' 6-max Seat #1 is the button
Seat 1: TheRedPillx ($105.98 in chips) 
Seat 2: maxrion ($49.03 in chips) 
Seat 3: IrukandjiLi ($110.81 in chips) 
Seat 4: Mahu2021 ($94.85 in chips) 
Seat 5: simoniustin ($101.50 in chips) 
Seat 6: aleximous ($109.86 in chips) 
maxrion: posts small blind $0.50
IrukandjiLi: posts big blind $1
*** HOLE CARDS ***
Dealt to Mahu2021 [Ad 4s]
Mahu2021: folds 
simoniustin: raises $1.50 to $2.50
aleximous: folds 
TheRedPillx: folds 
maxrion: folds 
IrukandjiLi: folds 
Uncalled bet ($1.50) returned to simoniustin
simoniustin collected $2.50 from pot
simoniustin: doesn't show hand 
*** SUMMARY ***
Total pot $2.50 | Rake $0 
Seat 1: TheRedPillx (button) folded before Flop (didn't bet)
Seat 2: maxrion (small blind) folded before Flop
Seat 3: IrukandjiLi (big blind) folded before Flop
Seat 4: Mahu2021 folded before Flop (didn't bet)
Seat 5: simoniustin collected ($2.50)
Seat 6: aleximous folded before Flop (didn't bet)



PokerStars Zoom Hand #254449767665:  Hold'em No Limit ($0.50/$1.00) - 2025/01/19 17:37:55 CET [2025/01/19 11:37:55 ET]
Table 'Triangulum' 6-max Seat #1 is the button
Seat 1: Mahu2021 ($94.85 in chips) 
Seat 2: aleximous ($100 in chips) 
Seat 3: MattyAllton ($322.24 in chips) 
Seat 4: kikoo07 ($130.91 in chips) 
Seat 5: simoniustin ($101.50 in chips) 
Seat 6: annilann ($61.04 in chips) 
aleximous: posts small blind $0.50
MattyAllton: posts big blind $1
*** HOLE CARDS ***
Dealt to Mahu2021 [7h 5s]
kikoo07: raises $1.50 to $2.50
simoniustin: folds 
annilann: folds 
Mahu2021: folds 
aleximous: folds 
MattyAllton: calls $1.50
*** FLOP *** [7d Ac As]
MattyAllton: checks 
kikoo07: checks 
*** TURN *** [7d Ac As] [9h]
MattyAllton: checks 
kikoo07: bets $2.92
MattyAllton: calls $2.92
*** RIVER *** [7d Ac As 9h] [Qc]
MattyAllton: checks 
kikoo07: checks 
*** SHOW DOWN ***
MattyAllton: shows [6c 6s] (two pair, Aces and Sixes)
kikoo07: shows [Td Tc] (two pair, Aces and Tens)
kikoo07 collected $10.77 from pot
*** SUMMARY ***
Total pot $11.34 | Rake $0.57 
Board [7d Ac As 9h Qc]
Seat 1: Mahu2021 (button) folded before Flop (didn't bet)
Seat 2: aleximous (small blind) folded before Flop
Seat 3: MattyAllton (big blind) showed [6c 6s] and lost with two pair, Aces and Sixes
Seat 4: kikoo07 showed [Td Tc] and won ($10.77) with two pair, Aces and Tens
Seat 5: simoniustin folded before Flop (didn't bet)
Seat 6: annilann folded before Flop (didn't bet)



PokerStars Zoom Hand #254449771650:  Hold'em No Limit ($0.50/$1.00) - 2025/01/19 17:38:09 CET [2025/01/19 11:38:09 ET]
Table 'Triangulum' 6-max Seat #1 is the button
Seat 1: IrukandjiLi ($157.17 in chips) 
Seat 2: Mahu2021 ($94.85 in chips) 
Seat 3: TheRedPillx ($103.28 in chips) 
Seat 4: aleximous ($100 in chips) 
Seat 5: MIGHTYDWOW ($96 in chips) 
Seat 6: Raising chip ($101.22 in chips) 
Mahu2021: posts small blind $0.50
TheRedPillx: posts big blind $1
*** HOLE CARDS ***
Dealt to Mahu2021 [6c Jc]
aleximous: folds 
MIGHTYDWOW: folds 
Raising chip: raises $1.50 to $2.50
IrukandjiLi: folds 
Mahu2021: folds 
TheRedPillx: folds 
Uncalled bet ($1.50) returned to Raising chip
Raising chip collected $2.50 from pot
Raising chip: doesn't show hand 
*** SUMMARY ***
Total pot $2.50 | Rake $0 
Seat 1: IrukandjiLi (button) folded before Flop (didn't bet)
Seat 2: Mahu2021 (small blind) folded before Flop
Seat 3: TheRedPillx (big blind) folded before Flop
Seat 4: aleximous folded before Flop (didn't bet)
Seat 5: MIGHTYDWOW folded before Flop (didn't bet)
Seat 6: Raising chip collected ($2.50)



PokerStars Zoom Hand #254449773733:  Hold'em No Limit ($0.50/$1.00) - 2025/01/19 17:38:16 CET [2025/01/19 11:38:16 ET]
Table 'Triangulum' 6-max Seat #1 is the button
Seat 1: Mahu2021 ($94.35 in chips) 
Seat 2: MattyAllton ($316.82 in chips) 
Seat 3: simoniustin ($103 in chips) 
Seat 4: IrukandjiLi ($157.17 in chips) 
Seat 5: kikoo07 ($136.26 in chips) 
Seat 6: imhungarian8 ($127.94 in chips) 
MattyAllton: posts small blind $0.50
simoniustin: posts big blind $1
*** HOLE CARDS ***
Dealt to Mahu2021 [Kh 5h]
IrukandjiLi: folds 
kikoo07: folds 
imhungarian8: folds 
Mahu2021: raises $1 to $2
MattyAllton: folds 
simoniustin: folds 
Uncalled bet ($1) returned to Mahu2021
Mahu2021 collected $2.50 from pot
Mahu2021: doesn't show hand 
*** SUMMARY ***
Total pot $2.50 | Rake $0 
Seat 1: Mahu2021 (button) collected ($2.50)
Seat 2: MattyAllton (small blind) folded before Flop
Seat 3: simoniustin (big blind) folded before Flop
Seat 4: IrukandjiLi folded before Flop (didn't bet)
Seat 5: kikoo07 folded before Flop (didn't bet)
Seat 6: imhungarian8 folded before Flop (didn't bet)



PokerStars Zoom Hand #254449760666:  Hold'em No Limit ($0.50/$1.00) - 2025/01/19 17:37:32 CET [2025/01/19 11:37:32 ET]
Table 'Triangulum' 6-max Seat #1 is the button
Seat 1: aleximous ($116.04 in chips) 
Seat 2: PowWhammy ($132.13 in chips) 
Seat 3: imhungarian8 ($110.26 in chips) 
Seat 4: maxrion ($50.03 in chips) 
Seat 5: Mahu2021 ($94.85 in chips) 
Seat 6: MIGHTYDWOW ($97.50 in chips) 
PowWhammy: posts small blind $0.50
imhungarian8: posts big blind $1
*** HOLE CARDS ***
Dealt to Mahu2021 [3d Qs]
maxrion: folds 
Mahu2021: folds 
MIGHTYDWOW: folds 
aleximous: folds 
PowWhammy: calls $0.50
imhungarian8: checks 
*** FLOP *** [4h Ts 8d]
PowWhammy: checks 
imhungarian8: checks 
*** TURN *** [4h Ts 8d] [2s]
PowWhammy: checks 
imhungarian8: checks 
*** RIVER *** [4h Ts 8d 2s] [Td]
PowWhammy: checks 
imhungarian8: checks 
*** SHOW DOWN ***
PowWhammy: shows [7d 6d] (a pair of Tens)
imhungarian8: shows [Ac 7h] (a pair of Tens - Ace kicker)
imhungarian8 collected $1.90 from pot
*** SUMMARY ***
Total pot $2 | Rake $0.10 
Board [4h Ts 8d 2s Td]
Seat 1: aleximous (button) folded before Flop (didn't bet)
Seat 2: PowWhammy (small blind) showed [7d 6d] and lost with a pair of Tens
Seat 3: imhungarian8 (big blind) showed [Ac 7h] and won ($1.90) with a pair of Tens
Seat 4: maxrion folded before Flop (didn't bet)
Seat 5: Mahu2021 folded before Flop (didn't bet)
Seat 6: MIGHTYDWOW folded before Flop (didn't bet)



PokerStars Zoom Hand #254449769371:  Hold'em No Limit ($0.50/$1.00) - 2025/01/19 17:38:01 CET [2025/01/19 11:38:01 ET]
Table 'Triangulum' 6-max Seat #1 is the button
Seat 1: annilann ($61.04 in chips) 
Seat 2: moskraila14 ($31.25 in chips) 
Seat 3: CichiChanMarian ($158.87 in chips) 
Seat 4: simoniustin ($101.50 in chips) 
Seat 5: Mahu2021 ($94.85 in chips) 
Seat 6: aleximous ($100 in chips) 
moskraila14: posts small blind $0.50
CichiChanMarian: posts big blind $1
*** HOLE CARDS ***
Dealt to Mahu2021 [5c Th]
simoniustin: folds 
Mahu2021: folds 
aleximous: folds 
annilann: raises $2 to $3
moskraila14: calls $2.50
CichiChanMarian: calls $2
*** FLOP *** [Qd 6s Jd]
moskraila14: bets $4.28
CichiChanMarian: calls $4.28
annilann: folds 
*** TURN *** [Qd 6s Jd] [Kd]
moskraila14: checks 
CichiChanMarian: bets $5.50
moskraila14: raises $18.47 to $23.97 and is all-in
CichiChanMarian: calls $18.47
*** RIVER *** [Qd 6s Jd Kd] [7c]
*** SHOW DOWN ***
moskraila14: shows [Qh 8c] (a pair of Queens)
CichiChanMarian: shows [6c Jc] (two pair, Jacks and Sixes)
CichiChanMarian collected $63 from pot
*** SUMMARY ***
Total pot $65.50 | Rake $2.50 
Board [Qd 6s Jd Kd 7c]
Seat 1: annilann (button) folded on the Flop
Seat 2: moskraila14 (small blind) showed [Qh 8c] and lost with a pair of Queens
Seat 3: CichiChanMarian (big blind) showed [6c Jc] and won ($63) with two pair, Jacks and Sixes
Seat 4: simoniustin folded before Flop (didn't bet)
Seat 5: Mahu2021 folded before Flop (didn't bet)
Seat 6: aleximous folded before Flop (didn't bet)



PokerStars Zoom Hand #254449777281:  Hold'em No Limit ($0.50/$1.00) - 2025/01/19 17:38:28 CET [2025/01/19 11:38:28 ET]
Table 'Triangulum' 6-max Seat #1 is the button
Seat 1: iNeverBluff398 ($106.46 in chips) 
Seat 2: leandro_h772 ($61.23 in chips) 
Seat 3: Mahu2021 ($95.85 in chips) 
Seat 4: Raising chip ($100 in chips) 
Seat 5: IrukandjiLi ($157.17 in chips) 
Seat 6: TheRedPillx ($102.28 in chips) 
leandro_h772: posts small blind $0.50
Mahu2021: posts big blind $1
*** HOLE CARDS ***
Dealt to Mahu2021 [Qh Ad]
Raising chip: folds 
IrukandjiLi: folds 
TheRedPillx: folds 
iNeverBluff398: raises $1.20 to $2.20
leandro_h772: raises $4.80 to $7
Mahu2021: folds 
iNeverBluff398: folds 
Uncalled bet ($4.80) returned to leandro_h772
leandro_h772 collected $5.40 from pot
leandro_h772: doesn't show hand 
*** SUMMARY ***
Total pot $5.40 | Rake $0 
Seat 1: iNeverBluff398 (button) folded before Flop
Seat 2: leandro_h772 (small blind) collected ($5.40)
Seat 3: Mahu2021 (big blind) folded before Flop
Seat 4: Raising chip folded before Flop (didn't bet)
Seat 5: IrukandjiLi folded before Flop (didn't bet)
Seat 6: TheRedPillx folded before Flop (didn't bet)



PokerStars Zoom Hand #254449784913:  Hold'em No Limit ($0.50/$1.00) - 2025/01/19 17:38:54 CET [2025/01/19 11:38:54 ET]
Table 'Triangulum' 6-max Seat #1 is the button
Seat 1: TheRedPillx ($102.28 in chips) 
Seat 2: IrukandjiLi ($108.31 in chips) 
Seat 3: Raising chip ($107.05 in chips) 
Seat 4: iNeverBluff398 ($100.50 in chips) 
Seat 5: Mahu2021 ($94.85 in chips) 
IrukandjiLi: posts small blind $0.50
Raising chip: posts big blind $1
*** HOLE CARDS ***
Dealt to Mahu2021 [9s 7s]
iNeverBluff398: folds 
Mahu2021: folds 
TheRedPillx: folds 
IrukandjiLi: raises $2 to $3
Raising chip: folds 
Uncalled bet ($2) returned to IrukandjiLi
IrukandjiLi collected $2 from pot
IrukandjiLi: doesn't show hand 
*** SUMMARY ***
Total pot $2 | Rake $0 
Seat 1: TheRedPillx (button) folded before Flop (didn't bet)
Seat 2: IrukandjiLi (small blind) collected ($2)
Seat 3: Raising chip (big blind) folded before Flop
Seat 4: iNeverBluff398 folded before Flop (didn't bet)
Seat 5: Mahu2021 folded before Flop (didn't bet)



PokerStars Zoom Hand #254449787593:  Hold'em No Limit ($0.50/$1.00) - 2025/01/19 17:39:03 CET [2025/01/19 11:39:03 ET]
Table 'Triangulum' 6-max Seat #1 is the button
Seat 1: iNeverBluff398 ($100.50 in chips) 
Seat 2: TheRedPillx ($105.14 in chips) 
Seat 3: annilann ($51.08 in chips) 
Seat 4: Mahu2021 ($94.85 in chips) 
Seat 5: IrukandjiLi ($157.17 in chips) 
TheRedPillx: posts small blind $0.50
annilann: posts big blind $1
*** HOLE CARDS ***
Dealt to Mahu2021 [8s 7s]
Mahu2021: folds 
IrukandjiLi: folds 
iNeverBluff398: raises $1.20 to $2.20
TheRedPillx: folds 
annilann: folds 
Uncalled bet ($1.20) returned to iNeverBluff398
iNeverBluff398 collected $2.50 from pot
iNeverBluff398: doesn't show hand 
*** SUMMARY ***
Total pot $2.50 | Rake $0 
Seat 1: iNeverBluff398 (button) collected ($2.50)
Seat 2: TheRedPillx (small blind) folded before Flop
Seat 3: annilann (big blind) folded before Flop
Seat 4: Mahu2021 folded before Flop (didn't bet)
Seat 5: IrukandjiLi folded before Flop (didn't bet)



PokerStars Zoom Hand #254449786434:  Hold'em No Limit ($0.50/$1.00) - 2025/01/19 17:38:59 CET [2025/01/19 11:38:59 ET]
Table 'Triangulum' 6-max Seat #1 is the button
Seat 1: aleximous ($120.54 in chips) 
Seat 2: annilann ($51.58 in chips) 
Seat 3: imhungarian8 ($117.98 in chips) 
Seat 4: Mahu2021 ($94.85 in chips) 
Seat 5: prinzantonio ($54.86 in chips) 
annilann: posts small blind $0.50
imhungarian8: posts big blind $1
*** HOLE CARDS ***
Dealt to Mahu2021 [9d Qd]
Mahu2021: folds 
prinzantonio: raises $2.50 to $3.50
aleximous: folds 
annilann: folds 
imhungarian8: folds 
Uncalled bet ($2.50) returned to prinzantonio
prinzantonio collected $2.50 from pot
prinzantonio: doesn't show hand 
*** SUMMARY ***
Total pot $2.50 | Rake $0 
Seat 1: aleximous (button) folded before Flop (didn't bet)
Seat 2: annilann (small blind) folded before Flop
Seat 3: imhungarian8 (big blind) folded before Flop
Seat 4: Mahu2021 folded before Flop (didn't bet)
Seat 5: prinzantonio collected ($2.50)



PokerStars Zoom Hand #254449789090:  Hold'em No Limit ($0.50/$1.00) - 2025/01/19 17:39:08 CET [2025/01/19 11:39:08 ET]
Table 'Triangulum' 6-max Seat #1 is the button
Seat 1: lukeaaaa101 ($100 in chips) 
Seat 2: simoniustin ($100 in chips) 
Seat 3: Mahu2021 ($94.85 in chips) 
Seat 4: misuju ($143.44 in chips) 
Seat 5: TheRedPillx ($104.64 in chips) 
simoniustin: posts small blind $0.50
Mahu2021: posts big blind $1
*** HOLE CARDS ***
Dealt to Mahu2021 [Ts 4h]
misuju: folds 
TheRedPillx: folds 
lukeaaaa101: folds 
simoniustin: folds 
Uncalled bet ($0.50) returned to Mahu2021
Mahu2021 collected $1 from pot
Mahu2021: doesn't show hand 
*** SUMMARY ***
Total pot $1 | Rake $0 
Seat 1: lukeaaaa101 (button) folded before Flop (didn't bet)
Seat 2: simoniustin (small blind) folded before Flop
Seat 3: Mahu2021 (big blind) collected ($1)
Seat 4: misuju folded before Flop (didn't bet)
Seat 5: TheRedPillx folded before Flop (didn't bet)



PokerStars Zoom Hand #254449792341:  Hold'em No Limit ($0.50/$1.00) - 2025/01/19 17:39:19 CET [2025/01/19 11:39:19 ET]
Table 'Triangulum' 6-max Seat #1 is the button
Seat 1: Mahu2021 ($95.35 in chips) 
Seat 2: imhungarian8 ($116.98 in chips) 
Seat 3: maxrion ($40.53 in chips) 
Seat 4: misuju ($143.44 in chips) 
Seat 5: simoniustin ($100 in chips) 
imhungarian8: posts small blind $0.50
maxrion: posts big blind $1
*** HOLE CARDS ***
Dealt to Mahu2021 [Kc Qs]
misuju: folds 
simoniustin: folds 
Mahu2021: raises $1 to $2
imhungarian8: folds 
maxrion: calls $1
*** FLOP *** [Th 4c 5c]
maxrion: checks 
Mahu2021: checks 
*** TURN *** [Th 4c 5c] [Qd]
maxrion: checks 
Mahu2021: bets $2
maxrion: folds 
Uncalled bet ($2) returned to Mahu2021
Mahu2021 collected $4.28 from pot
Mahu2021: doesn't show hand 
*** SUMMARY ***
Total pot $4.50 | Rake $0.22 
Board [Th 4c 5c Qd]
Seat 1: Mahu2021 (button) collected ($4.28)
Seat 2: imhungarian8 (small blind) folded before Flop
Seat 3: maxrion (big blind) folded on the Turn
Seat 4: misuju folded before Flop (didn't bet)
Seat 5: simoniustin folded before Flop (didn't bet)



PokerStars Zoom Hand #254449799192:  Hold'em No Limit ($0.50/$1.00) - 2025/01/19 17:39:42 CET [2025/01/19 11:39:42 ET]
Table 'Triangulum' 6-max Seat #1 is the button
Seat 1: simoniustin ($100 in chips) 
Seat 2: Mahu2021 ($97.63 in chips) 
Seat 3: misuju ($142.94 in chips) 
Seat 4: IrukandjiLi ($156.67 in chips) 
Seat 5: maxrion ($38.53 in chips) 
Mahu2021: posts small blind $0.50
misuju: posts big blind $1
*** HOLE CARDS ***
Dealt to Mahu2021 [2s Jd]
IrukandjiLi: folds 
maxrion: raises $1.50 to $2.50
simoniustin: calls $2.50
Mahu2021: folds 
misuju: calls $1.50
*** FLOP *** [Ad 7c 4h]
misuju: checks 
maxrion: checks 
simoniustin: checks 
*** TURN *** [Ad 7c 4h] [Qs]
misuju: checks 
maxrion: checks 
simoniustin: checks 
*** RIVER *** [Ad 7c 4h Qs] [Qh]
misuju: checks 
maxrion: bets $6
simoniustin: folds 
misuju: folds 
Uncalled bet ($6) returned to maxrion
maxrion collected $7.60 from pot
maxrion: doesn't show hand 
*** SUMMARY ***
Total pot $8 | Rake $0.40 
Board [Ad 7c 4h Qs Qh]
Seat 1: simoniustin (button) folded on the River
Seat 2: Mahu2021 (small blind) folded before Flop
Seat 3: misuju (big blind) folded on the River
Seat 4: IrukandjiLi folded before Flop (didn't bet)
Seat 5: maxrion collected ($7.60)



PokerStars Zoom Hand #254449803045:  Hold'em No Limit ($0.50/$1.00) - 2025/01/19 17:39:55 CET [2025/01/19 11:39:55 ET]
Table 'Triangulum' 6-max Seat #1 is the button
Seat 1: IrukandjiLi ($181.10 in chips) 
Seat 2: BoyLoc0 ($385.35 in chips) 
Seat 3: imhungarian8 ($113.98 in chips) 
Seat 4: aleximous ($119.54 in chips) 
Seat 5: Mahu2021 ($97.13 in chips) 
BoyLoc0: posts small blind $0.50
imhungarian8: posts big blind $1
*** HOLE CARDS ***
Dealt to Mahu2021 [Ac Qs]
aleximous: folds 
Mahu2021: raises $1.40 to $2.40
IrukandjiLi: folds 
BoyLoc0: folds 
imhungarian8: calls $1.40
*** FLOP *** [2s Ks 2h]
imhungarian8: checks 
Mahu2021: checks 
*** TURN *** [2s Ks 2h] [9s]
imhungarian8: checks 
Mahu2021: bets $2
imhungarian8: folds 
Uncalled bet ($2) returned to Mahu2021
Mahu2021 collected $5.04 from pot
Mahu2021: doesn't show hand 
*** SUMMARY ***
Total pot $5.30 | Rake $0.26 
Board [2s Ks 2h 9s]
Seat 1: IrukandjiLi (button) folded before Flop (didn't bet)
Seat 2: BoyLoc0 (small blind) folded before Flop
Seat 3: imhungarian8 (big blind) folded on the Turn
Seat 4: aleximous folded before Flop (didn't bet)
Seat 5: Mahu2021 collected ($5.04)



PokerStars Zoom Hand #254449819623:  Hold'em No Limit ($0.50/$1.00) - 2025/01/19 17:40:51 CET [2025/01/19 11:40:51 ET]
Table 'Triangulum' 6-max Seat #1 is the button
Seat 1: TheRedPillx ($100 in chips) 
Seat 2: IrukandjiLi ($108.31 in chips) 
Seat 3: MIGHTYDWOW ($92.85 in chips) 
Seat 4: leandro_h772 ($100 in chips) 
Seat 5: iNeverBluff398 ($100 in chips) 
Seat 6: Mahu2021 ($99.77 in chips) 
IrukandjiLi: posts small blind $0.50
MIGHTYDWOW: posts big blind $1
*** HOLE CARDS ***
Dealt to Mahu2021 [6h Qh]
leandro_h772: folds 
iNeverBluff398: folds 
Mahu2021: folds 
TheRedPillx: raises $1.50 to $2.50
IrukandjiLi: folds 
MIGHTYDWOW: folds 
Uncalled bet ($1.50) returned to TheRedPillx
TheRedPillx collected $2.50 from pot
TheRedPillx: doesn't show hand 
*** SUMMARY ***
Total pot $2.50 | Rake $0 
Seat 1: TheRedPillx (button) collected ($2.50)
Seat 2: IrukandjiLi (small blind) folded before Flop
Seat 3: MIGHTYDWOW (big blind) folded before Flop
Seat 4: leandro_h772 folded before Flop (didn't bet)
Seat 5: iNeverBluff398 folded before Flop (didn't bet)
Seat 6: Mahu2021 folded before Flop (didn't bet)



PokerStars Zoom Hand #254449820881:  Hold'em No Limit ($0.50/$1.00) - 2025/01/19 17:40:55 CET [2025/01/19 11:40:55 ET]
Table 'Triangulum' 6-max Seat #1 is the button
Seat 1: leandro_h772 ($100 in chips) 
Seat 2: Mahu2021 ($99.77 in chips) 
Seat 3: imhungarian8 ($118.02 in chips) 
Seat 4: Raising chip ($100 in chips) 
Seat 5: IrukandjiLi ($107.81 in chips) 
Mahu2021: posts small blind $0.50
imhungarian8: posts big blind $1
*** HOLE CARDS ***
Dealt to Mahu2021 [Kh Td]
Raising chip has timed out
Raising chip: folds 
IrukandjiLi: folds 
leandro_h772: raises $1.20 to $2.20
Mahu2021: calls $1.70
imhungarian8: calls $1.20
*** FLOP *** [2c 8s Jh]
Mahu2021: checks 
imhungarian8: checks 
leandro_h772: bets $2.07
Mahu2021: folds 
imhungarian8: folds 
Uncalled bet ($2.07) returned to leandro_h772
leandro_h772 collected $6.27 from pot
leandro_h772: doesn't show hand 
*** SUMMARY ***
Total pot $6.60 | Rake $0.33 
Board [2c 8s Jh]
Seat 1: leandro_h772 (button) collected ($6.27)
Seat 2: Mahu2021 (small blind) folded on the Flop
Seat 3: imhungarian8 (big blind) folded on the Flop
Seat 4: Raising chip folded before Flop (didn't bet)
Seat 5: IrukandjiLi folded before Flop (didn't bet)



PokerStars Zoom Hand #254449832265:  Hold'em No Limit ($0.50/$1.00) - 2025/01/19 17:41:33 CET [2025/01/19 11:41:33 ET]
Table 'Triangulum' 6-max Seat #1 is the button
Seat 1: MattyAllton ($290.82 in chips) 
Seat 2: leandro_h772 ($104.07 in chips) 
Seat 3: Mahu2021 ($97.57 in chips) 
Seat 4: imhungarian8 ($128.83 in chips) 
Seat 5: iNeverBluff398 ($105.53 in chips) 
Seat 6: simoniustin ($103.72 in chips) 
leandro_h772: posts small blind $0.50
Mahu2021: posts big blind $1
*** HOLE CARDS ***
Dealt to Mahu2021 [Qs 5d]
imhungarian8: folds 
iNeverBluff398: raises $1.20 to $2.20
simoniustin: folds 
MattyAllton: folds 
leandro_h772: folds 
Mahu2021: folds 
Uncalled bet ($1.20) returned to iNeverBluff398
iNeverBluff398 collected $2.50 from pot
iNeverBluff398: doesn't show hand 
*** SUMMARY ***
Total pot $2.50 | Rake $0 
Seat 1: MattyAllton (button) folded before Flop (didn't bet)
Seat 2: leandro_h772 (small blind) folded before Flop
Seat 3: Mahu2021 (big blind) folded before Flop
Seat 4: imhungarian8 folded before Flop (didn't bet)
Seat 5: iNeverBluff398 collected ($2.50)
Seat 6: simoniustin folded before Flop (didn't bet)



PokerStars Zoom Hand #254449830827:  Hold'em No Limit ($0.50/$1.00) - 2025/01/19 17:41:28 CET [2025/01/19 11:41:28 ET]
Table 'Triangulum' 6-max Seat #1 is the button
Seat 1: iNeverBluff398 ($105.53 in chips) 
Seat 2: misuju ($138.94 in chips) 
Seat 3: IrukandjiLi ($107.31 in chips) 
Seat 4: prinzantonio ($32.02 in chips) 
Seat 5: BoyLoc0 ($375.30 in chips) 
Seat 6: Mahu2021 ($97.57 in chips) 
misuju: posts small blind $0.50
IrukandjiLi: posts big blind $1
*** HOLE CARDS ***
Dealt to Mahu2021 [Ad 5h]
prinzantonio: folds 
BoyLoc0: raises $1.50 to $2.50
Mahu2021: folds 
iNeverBluff398: folds 
misuju: folds 
IrukandjiLi: folds 
Uncalled bet ($1.50) returned to BoyLoc0
BoyLoc0 collected $2.50 from pot
BoyLoc0: doesn't show hand 
*** SUMMARY ***
Total pot $2.50 | Rake $0 
Seat 1: iNeverBluff398 (button) folded before Flop (didn't bet)
Seat 2: misuju (small blind) folded before Flop
Seat 3: IrukandjiLi (big blind) folded before Flop
Seat 4: prinzantonio folded before Flop (didn't bet)
Seat 5: BoyLoc0 collected ($2.50)
Seat 6: Mahu2021 folded before Flop (didn't bet)



PokerStars Zoom Hand #254449836858:  Hold'em No Limit ($0.50/$1.00) - 2025/01/19 17:41:48 CET [2025/01/19 11:41:48 ET]
Table 'Triangulum' 6-max Seat #1 is the button
Seat 1: Mahu2021 ($96.57 in chips) 
Seat 2: maxrion ($47.63 in chips) 
Seat 3: simoniustin ($100 in chips) 
Seat 4: imhungarian8 ($116.08 in chips) 
Seat 5: TheRedPillx ($105.09 in chips) 
Seat 6: Airich69 ($95.50 in chips) 
maxrion: posts small blind $0.50
simoniustin: posts big blind $1
*** HOLE CARDS ***
Dealt to Mahu2021 [4c Jd]
imhungarian8: folds 
TheRedPillx: folds 
Airich69: raises $2 to $3
Mahu2021: folds 
maxrion: folds 
simoniustin: folds 
Uncalled bet ($2) returned to Airich69
Airich69 collected $2.50 from pot
Airich69: doesn't show hand 
*** SUMMARY ***
Total pot $2.50 | Rake $0 
Seat 1: Mahu2021 (button) folded before Flop (didn't bet)
Seat 2: maxrion (small blind) folded before Flop
Seat 3: simoniustin (big blind) folded before Flop
Seat 4: imhungarian8 folded before Flop (didn't bet)
Seat 5: TheRedPillx folded before Flop (didn't bet)
Seat 6: Airich69 collected ($2.50)



PokerStars Zoom Hand #254449835549:  Hold'em No Limit ($0.50/$1.00) - 2025/01/19 17:41:44 CET [2025/01/19 11:41:44 ET]
Table 'Triangulum' 6-max Seat #1 is the button
Seat 1: lol_en_uggla ($133.23 in chips) 
Seat 2: simoniustin ($100 in chips) 
Seat 3: Raising chip ($100 in chips) 
Seat 4: misuju ($138.44 in chips) 
Seat 5: Mahu2021 ($96.57 in chips) 
Seat 6: iNeverBluff398 ($102.50 in chips) 
simoniustin: posts small blind $0.50
Raising chip: posts big blind $1
*** HOLE CARDS ***
Dealt to Mahu2021 [9s 4d]
misuju: raises $1 to $2
Mahu2021: folds 
iNeverBluff398: folds 
lol_en_uggla: folds 
simoniustin: folds 
Raising chip: folds 
Uncalled bet ($1) returned to misuju
misuju collected $2.50 from pot
misuju: doesn't show hand 
*** SUMMARY ***
Total pot $2.50 | Rake $0 
Seat 1: lol_en_uggla (button) folded before Flop (didn't bet)
Seat 2: simoniustin (small blind) folded before Flop
Seat 3: Raising chip (big blind) folded before Flop
Seat 4: misuju collected ($2.50)
Seat 5: Mahu2021 folded before Flop (didn't bet)
Seat 6: iNeverBluff398 folded before Flop (didn't bet)



PokerStars Zoom Hand #254449840768:  Hold'em No Limit ($0.50/$1.00) - 2025/01/19 17:42:02 CET [2025/01/19 11:42:02 ET]
Table 'Triangulum' 6-max Seat #1 is the button
Seat 1: simoniustin ($102.72 in chips) 
Seat 2: Raising chip ($127.83 in chips) 
Seat 3: Mahu2021 ($96.57 in chips) 
Seat 4: aleximous ($115.90 in chips) 
Seat 5: leandro_h772 ($102.57 in chips) 
Raising chip: posts small blind $0.50
Mahu2021: posts big blind $1
*** HOLE CARDS ***
Dealt to Mahu2021 [7h 4d]
aleximous: folds 
leandro_h772: raises $1.20 to $2.20
simoniustin: folds 
Raising chip: folds 
Mahu2021: folds 
Uncalled bet ($1.20) returned to leandro_h772
leandro_h772 collected $2.50 from pot
leandro_h772: doesn't show hand 
*** SUMMARY ***
Total pot $2.50 | Rake $0 
Seat 1: simoniustin (button) folded before Flop (didn't bet)
Seat 2: Raising chip (small blind) folded before Flop
Seat 3: Mahu2021 (big blind) folded before Flop
Seat 4: aleximous folded before Flop (didn't bet)
Seat 5: leandro_h772 collected ($2.50)



PokerStars Zoom Hand #254449837942:  Hold'em No Limit ($0.50/$1.00) - 2025/01/19 17:41:52 CET [2025/01/19 11:41:52 ET]
Table 'Triangulum' 6-max Seat #1 is the button
Seat 1: kikoo07 ($158.73 in chips) 
Seat 2: iNeverBluff398 ($102.50 in chips) 
Seat 3: aleximous ($101.25 in chips) 
Seat 4: Mahu2021 ($96.57 in chips) 
Seat 5: maxrion ($47.13 in chips) 
Seat 6: Raising chip ($127.83 in chips) 
iNeverBluff398: posts small blind $0.50
aleximous: posts big blind $1
*** HOLE CARDS ***
Dealt to Mahu2021 [3d 9h]
Mahu2021: folds 
maxrion: folds 
Raising chip: folds 
kikoo07: folds 
iNeverBluff398: raises $2 to $3
aleximous: raises $6 to $9
iNeverBluff398: raises $12 to $21
aleximous: folds 
Uncalled bet ($12) returned to iNeverBluff398
iNeverBluff398 collected $18 from pot
iNeverBluff398: doesn't show hand 
*** SUMMARY ***
Total pot $18 | Rake $0 
Seat 1: kikoo07 (button) folded before Flop (didn't bet)
Seat 2: iNeverBluff398 (small blind) collected ($18)
Seat 3: aleximous (big blind) folded before Flop
Seat 4: Mahu2021 folded before Flop (didn't bet)
Seat 5: maxrion folded before Flop (didn't bet)
Seat 6: Raising chip folded before Flop (didn't bet)



PokerStars Zoom Hand #254449839595:  Hold'em No Limit ($0.50/$1.00) - 2025/01/19 17:41:57 CET [2025/01/19 11:41:57 ET]
Table 'Triangulum' 6-max Seat #1 is the button
Seat 1: TheRedPillx ($101 in chips) 
Seat 2: imhungarian8 ($128.83 in chips) 
Seat 3: rusher_NiNja ($101 in chips) 
Seat 4: Mahu2021 ($96.57 in chips) 
Seat 5: simoniustin ($101 in chips) 
Seat 6: maxrion ($47.13 in chips) 
imhungarian8: posts small blind $0.50
rusher_NiNja: posts big blind $1
*** HOLE CARDS ***
Dealt to Mahu2021 [Ad 2c]
Mahu2021: folds 
simoniustin: raises $1.50 to $2.50
maxrion: folds 
TheRedPillx: folds 
imhungarian8: folds 
rusher_NiNja: folds 
Uncalled bet ($1.50) returned to simoniustin
simoniustin collected $2.50 from pot
simoniustin: doesn't show hand 
*** SUMMARY ***
Total pot $2.50 | Rake $0 
Seat 1: TheRedPillx (button) folded before Flop (didn't bet)
Seat 2: imhungarian8 (small blind) folded before Flop
Seat 3: rusher_NiNja (big blind) folded before Flop
Seat 4: Mahu2021 folded before Flop (didn't bet)
Seat 5: simoniustin collected ($2.50)
Seat 6: maxrion folded before Flop (didn't bet)



PokerStars Zoom Hand #254449845068:  Hold'em No Limit ($0.50/$1.00) - 2025/01/19 17:42:16 CET [2025/01/19 11:42:16 ET]
Table 'Triangulum' 6-max Seat #1 is the button
Seat 1: Mahu2021 ($95.07 in chips) 
Seat 2: thomasbecks ($50.31 in chips) 
Seat 3: aleximous ($115.90 in chips) 
Seat 4: simoniustin ($102.50 in chips) 
Seat 5: iNeverBluff398 ($100 in chips) 
Seat 6: jimmy410 ($81.43 in chips) 
thomasbecks: posts small blind $0.50
aleximous: posts big blind $1
*** HOLE CARDS ***
Dealt to Mahu2021 [Kc Ts]
simoniustin: folds 
iNeverBluff398: folds 
jimmy410: folds 
Mahu2021: raises $1 to $2
thomasbecks: folds 
aleximous: folds 
Uncalled bet ($1) returned to Mahu2021
Mahu2021 collected $2.50 from pot
Mahu2021: doesn't show hand 
*** SUMMARY ***
Total pot $2.50 | Rake $0 
Seat 1: Mahu2021 (button) collected ($2.50)
Seat 2: thomasbecks (small blind) folded before Flop
Seat 3: aleximous (big blind) folded before Flop
Seat 4: simoniustin folded before Flop (didn't bet)
Seat 5: iNeverBluff398 folded before Flop (didn't bet)
Seat 6: jimmy410 folded before Flop (didn't bet)



PokerStars Zoom Hand #254449847664:  Hold'em No Limit ($0.50/$1.00) - 2025/01/19 17:42:25 CET [2025/01/19 11:42:25 ET]
Table 'Triangulum' 6-max Seat #1 is the button
Seat 1: iNeverBluff398 ($109.03 in chips) 
Seat 2: prinzantonio ($36.18 in chips) 
Seat 3: Raising chip ($100 in chips) 
Seat 4: IrukandjiLi ($106.31 in chips) 
Seat 5: Mahu2021 ($96.57 in chips) 
Seat 6: leandro_h772 ($104.07 in chips) 
prinzantonio: posts small blind $0.50
Raising chip: posts big blind $1
*** HOLE CARDS ***
Dealt to Mahu2021 [6s 7c]
IrukandjiLi: folds 
Mahu2021: folds 
leandro_h772: folds 
iNeverBluff398: folds 
prinzantonio: folds 
Uncalled bet ($0.50) returned to Raising chip
Raising chip collected $1 from pot
Raising chip: doesn't show hand 
*** SUMMARY ***
Total pot $1 | Rake $0 
Seat 1: iNeverBluff398 (button) folded before Flop (didn't bet)
Seat 2: prinzantonio (small blind) folded before Flop
Seat 3: Raising chip (big blind) collected ($1)
Seat 4: IrukandjiLi folded before Flop (didn't bet)
Seat 5: Mahu2021 folded before Flop (didn't bet)
Seat 6: leandro_h772 folded before Flop (didn't bet)



PokerStars Zoom Hand #254449843940:  Hold'em No Limit ($0.50/$1.00) - 2025/01/19 17:42:12 CET [2025/01/19 11:42:12 ET]
Table 'Triangulum' 6-max Seat #1 is the button
Seat 1: leandro_h772 ($104.07 in chips) 
Seat 2: Mahu2021 ($95.57 in chips) 
Seat 3: Solgaard ($112.36 in chips) 
Seat 4: IrukandjiLi ($106.31 in chips) 
Seat 5: imhungarian8 ($115.58 in chips) 
Seat 6: iNeverBluff398 ($109.03 in chips) 
Mahu2021: posts small blind $0.50
Solgaard: posts big blind $1
*** HOLE CARDS ***
Dealt to Mahu2021 [Js 9d]
IrukandjiLi: folds 
imhungarian8: raises $1 to $2
iNeverBluff398: folds 
leandro_h772: folds 
Mahu2021: folds 
Solgaard: calls $1
*** FLOP *** [2h Ad 8s]
Solgaard: checks 
imhungarian8: bets $1.28
Solgaard: folds 
Uncalled bet ($1.28) returned to imhungarian8
imhungarian8 collected $4.28 from pot
imhungarian8: doesn't show hand 
*** SUMMARY ***
Total pot $4.50 | Rake $0.22 
Board [2h Ad 8s]
Seat 1: leandro_h772 (button) folded before Flop (didn't bet)
Seat 2: Mahu2021 (small blind) folded before Flop
Seat 3: Solgaard (big blind) folded on the Flop
Seat 4: IrukandjiLi folded before Flop (didn't bet)
Seat 5: imhungarian8 collected ($4.28)
Seat 6: iNeverBluff398 folded before Flop (didn't bet)



PokerStars Zoom Hand #254449848358:  Hold'em No Limit ($0.50/$1.00) - 2025/01/19 17:42:28 CET [2025/01/19 11:42:28 ET]
Table 'Triangulum' 6-max Seat #1 is the button
Seat 1: rusher_NiNja ($100 in chips) 
Seat 2: iNeverBluff398 ($101.50 in chips) 
Seat 3: TheRedPillx ($102.50 in chips) 
Seat 4: Mahu2021 ($96.57 in chips) 
Seat 5: thomasbecks ($49.81 in chips) 
Seat 6: misuju ($138.94 in chips) 
iNeverBluff398: posts small blind $0.50
TheRedPillx: posts big blind $1
*** HOLE CARDS ***
Dealt to Mahu2021 [2d Ah]
Mahu2021: folds 
thomasbecks: folds 
misuju: raises $1 to $2
rusher_NiNja: folds 
iNeverBluff398: folds 
TheRedPillx: folds 
Uncalled bet ($1) returned to misuju
misuju collected $2.50 from pot
misuju: doesn't show hand 
*** SUMMARY ***
Total pot $2.50 | Rake $0 
Seat 1: rusher_NiNja (button) folded before Flop (didn't bet)
Seat 2: iNeverBluff398 (small blind) folded before Flop
Seat 3: TheRedPillx (big blind) folded before Flop
Seat 4: Mahu2021 folded before Flop (didn't bet)
Seat 5: thomasbecks folded before Flop (didn't bet)
Seat 6: misuju collected ($2.50)



PokerStars Zoom Hand #254449849283:  Hold'em No Limit ($0.50/$1.00) - 2025/01/19 17:42:32 CET [2025/01/19 11:42:32 ET]
Table 'Triangulum' 6-max Seat #1 is the button
Seat 1: simoniustin ($103.18 in chips) 
Seat 2: iNeverBluff398 ($109.03 in chips) 
Seat 3: MattyAllton ($291.82 in chips) 
Seat 4: TheRedPillx ($106.09 in chips) 
Seat 5: leandro_h772 ($118.71 in chips) 
Seat 6: Mahu2021 ($96.57 in chips) 
iNeverBluff398: posts small blind $0.50
MattyAllton: posts big blind $1
*** HOLE CARDS ***
Dealt to Mahu2021 [7c Kc]
TheRedPillx: raises $1 to $2
leandro_h772: folds 
Mahu2021: folds 
simoniustin: folds 
iNeverBluff398: folds 
MattyAllton: calls $1
*** FLOP *** [2d 2c As]
MattyAllton: checks 
TheRedPillx: bets $1.41
MattyAllton: folds 
Uncalled bet ($1.41) returned to TheRedPillx
TheRedPillx collected $4.28 from pot
TheRedPillx: doesn't show hand 
*** SUMMARY ***
Total pot $4.50 | Rake $0.22 
Board [2d 2c As]
Seat 1: simoniustin (button) folded before Flop (didn't bet)
Seat 2: iNeverBluff398 (small blind) folded before Flop
Seat 3: MattyAllton (big blind) folded on the Flop
Seat 4: TheRedPillx collected ($4.28)
Seat 5: leandro_h772 folded before Flop (didn't bet)
Seat 6: Mahu2021 folded before Flop (didn't bet)



PokerStars Zoom Hand #254449851249:  Hold'em No Limit ($0.50/$1.00) - 2025/01/19 17:42:39 CET [2025/01/19 11:42:39 ET]
Table 'Triangulum' 6-max Seat #1 is the button
Seat 1: MIGHTYDWOW ($86.10 in chips) 
Seat 2: IrukandjiLi ($147.67 in chips) 
Seat 3: imhungarian8 ($100 in chips) 
Seat 4: Mahu2021 ($96.57 in chips) 
Seat 5: iNeverBluff398 ($101 in chips) 
IrukandjiLi: posts small blind $0.50
imhungarian8: posts big blind $1
*** HOLE CARDS ***
Dealt to Mahu2021 [2c 8h]
Mahu2021: folds 
iNeverBluff398: folds 
MIGHTYDWOW: folds 
IrukandjiLi: raises $2 to $3
imhungarian8: calls $2
*** FLOP *** [6c 3s 8d]
IrukandjiLi: checks 
imhungarian8: checks 
*** TURN *** [6c 3s 8d] [Ks]
IrukandjiLi: bets $2
imhungarian8: folds 
Uncalled bet ($2) returned to IrukandjiLi
IrukandjiLi collected $5.70 from pot
IrukandjiLi: doesn't show hand 
*** SUMMARY ***
Total pot $6 | Rake $0.30 
Board [6c 3s 8d Ks]
Seat 1: MIGHTYDWOW (button) folded before Flop (didn't bet)
Seat 2: IrukandjiLi (small blind) collected ($5.70)
Seat 3: imhungarian8 (big blind) folded on the Turn
Seat 4: Mahu2021 folded before Flop (didn't bet)
Seat 5: iNeverBluff398 folded before Flop (didn't bet)



PokerStars Zoom Hand #254449851951:  Hold'em No Limit ($0.50/$1.00) - 2025/01/19 17:42:41 CET [2025/01/19 11:42:41 ET]
Table 'Triangulum' 6-max Seat #1 is the button
Seat 1: iNeverBluff398 ($113 in chips) 
Seat 2: simoniustin ($101.22 in chips) 
Seat 3: Mahu2021 ($96.57 in chips) 
Seat 4: Solgaard ($110.36 in chips) 
Seat 5: rusher_NiNja ($100 in chips) 
Seat 6: TheRedPillx ($120.30 in chips) 
simoniustin: posts small blind $0.50
Mahu2021: posts big blind $1
*** HOLE CARDS ***
Dealt to Mahu2021 [Ac Ks]
Solgaard has timed out
Solgaard: folds 
rusher_NiNja: folds 
TheRedPillx: folds 
iNeverBluff398: raises $1.20 to $2.20
simoniustin: calls $1.70
Mahu2021: raises $5.80 to $8
iNeverBluff398: calls $5.80
simoniustin: folds 
*** FLOP *** [7s 6h Tc]
Mahu2021: checks 
iNeverBluff398: checks 
*** TURN *** [7s 6h Tc] [8d]
Mahu2021: checks 
iNeverBluff398: checks 
*** RIVER *** [7s 6h Tc 8d] [2h]
Mahu2021: checks 
iNeverBluff398: checks 
*** SHOW DOWN ***
Mahu2021: shows [Ac Ks] (high card Ace)
iNeverBluff398: shows [Js 6s] (a pair of Sixes)
iNeverBluff398 collected $17.29 from pot
*** SUMMARY ***
Total pot $18.20 | Rake $0.91 
Board [7s 6h Tc 8d 2h]
Seat 1: iNeverBluff398 (button) showed [Js 6s] and won ($17.29) with a pair of Sixes
Seat 2: simoniustin (small blind) folded before Flop
Seat 3: Mahu2021 (big blind) showed [Ac Ks] and lost with high card Ace
Seat 4: Solgaard folded before Flop (didn't bet)
Seat 5: rusher_NiNja folded before Flop (didn't bet)
Seat 6: TheRedPillx folded before Flop (didn't bet)



PokerStars Zoom Hand #254449874570:  Hold'em No Limit ($0.50/$1.00) - 2025/01/19 17:43:56 CET [2025/01/19 11:43:56 ET]
Table 'Triangulum' 6-max Seat #1 is the button
Seat 1: Mahu2021 ($88.57 in chips) 
Seat 2: Solgaard ($109.36 in chips) 
Seat 3: EdgarYY ($100 in chips) 
Seat 4: IrukandjiLi ($150.37 in chips) 
Seat 5: iNeverBluff398 ($107.03 in chips) 
Seat 6: imhungarian8 ($101.50 in chips) 
Solgaard: posts small blind $0.50
EdgarYY: posts big blind $1
*** HOLE CARDS ***
Dealt to Mahu2021 [5c 4d]
IrukandjiLi: folds 
iNeverBluff398: folds 
imhungarian8: folds 
Mahu2021: folds 
Solgaard: folds 
Uncalled bet ($0.50) returned to EdgarYY
EdgarYY collected $1 from pot
EdgarYY: doesn't show hand 
*** SUMMARY ***
Total pot $1 | Rake $0 
Seat 1: Mahu2021 (button) folded before Flop (didn't bet)
Seat 2: Solgaard (small blind) folded before Flop
Seat 3: EdgarYY (big blind) collected ($1)
Seat 4: IrukandjiLi folded before Flop (didn't bet)
Seat 5: iNeverBluff398 folded before Flop (didn't bet)
Seat 6: imhungarian8 folded before Flop (didn't bet)



PokerStars Zoom Hand #254449872691:  Hold'em No Limit ($0.50/$1.00) - 2025/01/19 17:43:50 CET [2025/01/19 11:43:50 ET]
Table 'Triangulum' 6-max Seat #1 is the button
Seat 1: thomasbecks ($66.96 in chips) 
Seat 2: imhungarian8 ($114.02 in chips) 
Seat 3: iNeverBluff398 ($122.29 in chips) 
Seat 4: prinzantonio ($39.33 in chips) 
Seat 5: Mahu2021 ($88.57 in chips) 
Seat 6: TheRedPillx ($106.87 in chips) 
imhungarian8: posts small blind $0.50
iNeverBluff398: posts big blind $1
*** HOLE CARDS ***
Dealt to Mahu2021 [Td 8c]
prinzantonio: folds 
Mahu2021: folds 
TheRedPillx: folds 
thomasbecks: raises $2 to $3
imhungarian8: raises $8 to $11
iNeverBluff398: folds 
thomasbecks: calls $8
*** FLOP *** [Js 4d Ah]
imhungarian8: checks 
thomasbecks: bets $10
imhungarian8: folds 
Uncalled bet ($10) returned to thomasbecks
thomasbecks collected $21.56 from pot
thomasbecks: doesn't show hand 
*** SUMMARY ***
Total pot $23 | Rake $1.44 
Board [Js 4d Ah]
Seat 1: thomasbecks (button) collected ($21.56)
Seat 2: imhungarian8 (small blind) folded on the Flop
Seat 3: iNeverBluff398 (big blind) folded before Flop
Seat 4: prinzantonio folded before Flop (didn't bet)
Seat 5: Mahu2021 folded before Flop (didn't bet)
Seat 6: TheRedPillx folded before Flop (didn't bet)



PokerStars Zoom Hand #254449877335:  Hold'em No Limit ($0.50/$1.00) - 2025/01/19 17:44:05 CET [2025/01/19 11:44:05 ET]
Table 'Triangulum' 6-max Seat #1 is the button
Seat 1: IrukandjiLi ($150.37 in chips) 
Seat 2: jimmy410 ($78.73 in chips) 
Seat 3: aleximous ($100 in chips) 
Seat 4: TheRedPillx ($105.87 in chips) 
Seat 5: simoniustin ($100 in chips) 
Seat 6: Mahu2021 ($88.07 in chips) 
jimmy410: posts small blind $0.50
aleximous: posts big blind $1
*** HOLE CARDS ***
Dealt to Mahu2021 [9h Th]
TheRedPillx: folds 
simoniustin: folds 
Mahu2021: raises $1.40 to $2.40
IrukandjiLi: folds 
jimmy410: calls $1.90
aleximous: folds 
*** FLOP *** [5d Js 9s]
jimmy410: checks 
Mahu2021: bets $2
jimmy410: calls $2
*** TURN *** [5d Js 9s] [6s]
jimmy410: checks 
Mahu2021: bets $2
jimmy410: raises $5 to $7
Mahu2021: folds 
Uncalled bet ($5) returned to jimmy410
jimmy410 collected $13.11 from pot
jimmy410: doesn't show hand 
*** SUMMARY ***
Total pot $13.80 | Rake $0.69 
Board [5d Js 9s 6s]
Seat 1: IrukandjiLi (button) folded before Flop (didn't bet)
Seat 2: jimmy410 (small blind) collected ($13.11)
Seat 3: aleximous (big blind) folded before Flop
Seat 4: TheRedPillx folded before Flop (didn't bet)
Seat 5: simoniustin folded before Flop (didn't bet)
Seat 6: Mahu2021 folded on the Turn



PokerStars Zoom Hand #254449875810:  Hold'em No Limit ($0.50/$1.00) - 2025/01/19 17:44:00 CET [2025/01/19 11:44:00 ET]
Table 'Triangulum' 6-max Seat #1 is the button
Seat 1: simoniustin ($100 in chips) 
Seat 2: Mahu2021 ($88.57 in chips) 
Seat 3: Raising chip ($100 in chips) 
Seat 4: rusher_NiNja ($100 in chips) 
Seat 5: aleximous ($100 in chips) 
Seat 6: iNeverBluff398 ($107.03 in chips) 
Mahu2021: posts small blind $0.50
Raising chip: posts big blind $1
*** HOLE CARDS ***
Dealt to Mahu2021 [Js 2h]
rusher_NiNja: folds 
aleximous: folds 
iNeverBluff398: raises $1.20 to $2.20
simoniustin: folds 
Mahu2021: folds 
Raising chip: calls $1.20
*** FLOP *** [7h 6h 8c]
Raising chip: checks 
iNeverBluff398: bets $3.50
Raising chip: folds 
Uncalled bet ($3.50) returned to iNeverBluff398
iNeverBluff398 collected $4.66 from pot
iNeverBluff398: doesn't show hand 
*** SUMMARY ***
Total pot $4.90 | Rake $0.24 
Board [7h 6h 8c]
Seat 1: simoniustin (button) folded before Flop (didn't bet)
Seat 2: Mahu2021 (small blind) folded before Flop
Seat 3: Raising chip (big blind) folded on the Flop
Seat 4: rusher_NiNja folded before Flop (didn't bet)
Seat 5: aleximous folded before Flop (didn't bet)
Seat 6: iNeverBluff398 collected ($4.66)



PokerStars Zoom Hand #254449886785:  Hold'em No Limit ($0.50/$1.00) - 2025/01/19 17:44:37 CET [2025/01/19 11:44:37 ET]
Table 'Triangulum' 6-max Seat #1 is the button
Seat 1: maxrion ($38.93 in chips) 
Seat 2: aleximous ($125.11 in chips) 
Seat 3: Mahu2021 ($81.67 in chips) 
Seat 4: CichiChanMarian ($100 in chips) 
Seat 5: jimmy410 ($85.44 in chips) 
Seat 6: TheRedPillx ($105.37 in chips) 
aleximous: posts small blind $0.50
Mahu2021: posts big blind $1
*** HOLE CARDS ***
Dealt to Mahu2021 [Js 2d]
CichiChanMarian: folds 
jimmy410: folds 
TheRedPillx: folds 
maxrion: folds 
aleximous: folds 
Uncalled bet ($0.50) returned to Mahu2021
Mahu2021 collected $1 from pot
Mahu2021: doesn't show hand 
*** SUMMARY ***
Total pot $1 | Rake $0 
Seat 1: maxrion (button) folded before Flop (didn't bet)
Seat 2: aleximous (small blind) folded before Flop
Seat 3: Mahu2021 (big blind) collected ($1)
Seat 4: CichiChanMarian folded before Flop (didn't bet)
Seat 5: jimmy410 folded before Flop (didn't bet)
Seat 6: TheRedPillx folded before Flop (didn't bet)



PokerStars Zoom Hand #254449889871:  Hold'em No Limit ($0.50/$1.00) - 2025/01/19 17:44:47 CET [2025/01/19 11:44:47 ET]
Table 'Triangulum' 6-max Seat #1 is the button
Seat 1: aleximous ($124.61 in chips) 
Seat 2: rusher_NiNja ($100 in chips) 
Seat 3: IrukandjiLi ($150.37 in chips) 
Seat 4: jimmy410 ($85.44 in chips) 
Seat 5: Mahu2021 ($82.17 in chips) 
Seat 6: lukeaaaa101 ($100 in chips) 
rusher_NiNja: posts small blind $0.50
IrukandjiLi: posts big blind $1
*** HOLE CARDS ***
Dealt to Mahu2021 [Qd Qh]
jimmy410: raises $1.20 to $2.20
Mahu2021: calls $2.20
lukeaaaa101: folds 
aleximous: folds 
rusher_NiNja: folds 
IrukandjiLi: folds 
*** FLOP *** [6s Qs Ks]
jimmy410: checks 
Mahu2021: bets $5.60
jimmy410: folds 
Uncalled bet ($5.60) returned to Mahu2021
Mahu2021 collected $5.60 from pot
Mahu2021: doesn't show hand 
*** SUMMARY ***
Total pot $5.90 | Rake $0.30 
Board [6s Qs Ks]
Seat 1: aleximous (button) folded before Flop (didn't bet)
Seat 2: rusher_NiNja (small blind) folded before Flop
Seat 3: IrukandjiLi (big blind) folded before Flop
Seat 4: jimmy410 folded on the Flop
Seat 5: Mahu2021 collected ($5.60)
Seat 6: lukeaaaa101 folded before Flop (didn't bet)



PokerStars Zoom Hand #254449894257:  Hold'em No Limit ($0.50/$1.00) - 2025/01/19 17:45:02 CET [2025/01/19 11:45:02 ET]
Table 'Triangulum' 6-max Seat #1 is the button
Seat 1: Mahu2021 ($85.57 in chips) 
Seat 2: EdgarYY ($104.10 in chips) 
Seat 3: jimmy410 ($83.24 in chips) 
Seat 4: iNeverBluff398 ($122.29 in chips) 
Seat 5: aleximous ($124.61 in chips) 
Seat 6: maxrion ($38.93 in chips) 
EdgarYY: posts small blind $0.50
jimmy410: posts big blind $1
*** HOLE CARDS ***
Dealt to Mahu2021 [Jc Tc]
iNeverBluff398: folds 
aleximous: raises $1 to $2
maxrion: folds 
Mahu2021: calls $2
EdgarYY: folds 
jimmy410: folds 
*** FLOP *** [2d Ts 3d]
aleximous: checks 
Mahu2021: bets $2
aleximous: calls $2
*** TURN *** [2d Ts 3d] [6s]
aleximous: checks 
Mahu2021: bets $2
aleximous: calls $2
*** RIVER *** [2d Ts 3d 6s] [4c]
aleximous: checks 
Mahu2021: checks 
*** SHOW DOWN ***
aleximous: shows [Th Js] (a pair of Tens)
Mahu2021: shows [Jc Tc] (a pair of Tens)
aleximous collected $6.41 from pot
Mahu2021 collected $6.41 from pot
*** SUMMARY ***
Total pot $13.50 | Rake $0.68 
Board [2d Ts 3d 6s 4c]
Seat 1: Mahu2021 (button) showed [Jc Tc] and won ($6.41) with a pair of Tens
Seat 2: EdgarYY (small blind) folded before Flop
Seat 3: jimmy410 (big blind) folded before Flop
Seat 4: iNeverBluff398 folded before Flop (didn't bet)
Seat 5: aleximous showed [Th Js] and won ($6.41) with a pair of Tens
Seat 6: maxrion folded before Flop (didn't bet)



PokerStars Zoom Hand #254449906689:  Hold'em No Limit ($0.50/$1.00) - 2025/01/19 17:45:44 CET [2025/01/19 11:45:44 ET]
Table 'Triangulum' 6-max Seat #1 is the button
Seat 1: aleximous ($110.40 in chips) 
Seat 2: Mahu2021 ($85.98 in chips) 
Seat 3: iNeverBluff398 ($120.09 in chips) 
Seat 4: TheRedPillx ($104.87 in chips) 
Seat 5: EdgarYY ($103.50 in chips) 
Seat 6: IrukandjiLi ($178.65 in chips) 
Mahu2021: posts small blind $0.50
iNeverBluff398: posts big blind $1
*** HOLE CARDS ***
Dealt to Mahu2021 [9c 2c]
TheRedPillx: folds 
EdgarYY: folds 
IrukandjiLi: folds 
aleximous: folds 
Mahu2021: folds 
Uncalled bet ($0.50) returned to iNeverBluff398
iNeverBluff398 collected $1 from pot
iNeverBluff398: doesn't show hand 
*** SUMMARY ***
Total pot $1 | Rake $0 
Seat 1: aleximous (button) folded before Flop (didn't bet)
Seat 2: Mahu2021 (small blind) folded before Flop
Seat 3: iNeverBluff398 (big blind) collected ($1)
Seat 4: TheRedPillx folded before Flop (didn't bet)
Seat 5: EdgarYY folded before Flop (didn't bet)
Seat 6: IrukandjiLi folded before Flop (didn't bet)



PokerStars Zoom Hand #254449908456:  Hold'em No Limit ($0.50/$1.00) - 2025/01/19 17:45:49 CET [2025/01/19 11:45:49 ET]
Table 'Triangulum' 6-max Seat #1 is the button
Seat 1: CichiChanMarian ($100 in chips) 
Seat 2: thomasbecks ($83.52 in chips) 
Seat 3: Raising chip ($103.70 in chips) 
Seat 4: Mahu2021 ($85.48 in chips) 
Seat 5: aleximous ($110.40 in chips) 
Seat 6: IrukandjiLi ($148.87 in chips) 
thomasbecks: posts small blind $0.50
Raising chip: posts big blind $1
*** HOLE CARDS ***
Dealt to Mahu2021 [Th Jc]
Mahu2021: folds 
aleximous: raises $1 to $2
IrukandjiLi: folds 
CichiChanMarian: folds 
thomasbecks: folds 
Raising chip: folds 
Uncalled bet ($1) returned to aleximous
aleximous collected $2.50 from pot
aleximous: doesn't show hand 
*** SUMMARY ***
Total pot $2.50 | Rake $0 
Seat 1: CichiChanMarian (button) folded before Flop (didn't bet)
Seat 2: thomasbecks (small blind) folded before Flop
Seat 3: Raising chip (big blind) folded before Flop
Seat 4: Mahu2021 folded before Flop (didn't bet)
Seat 5: aleximous collected ($2.50)
Seat 6: IrukandjiLi folded before Flop (didn't bet)



PokerStars Zoom Hand #254449910555:  Hold'em No Limit ($0.50/$1.00) - 2025/01/19 17:45:56 CET [2025/01/19 11:45:56 ET]
Table 'Triangulum' 6-max Seat #1 is the button
Seat 1: Mahu2021 ($85.48 in chips) 
Seat 2: imhungarian8 ($103 in chips) 
Seat 3: IrukandjiLi ($148.87 in chips) 
Seat 4: Solgaard ($111.36 in chips) 
Seat 5: EdgarYY ($105.96 in chips) 
Seat 6: Raising chip ($100.50 in chips) 
imhungarian8: posts small blind $0.50
IrukandjiLi: posts big blind $1
*** HOLE CARDS ***
Dealt to Mahu2021 [Qs 9s]
Solgaard: folds 
EdgarYY: folds 
Raising chip: folds 
Mahu2021: raises $1 to $2
imhungarian8: folds 
IrukandjiLi: folds 
Uncalled bet ($1) returned to Mahu2021
Mahu2021 collected $2.50 from pot
Mahu2021: doesn't show hand 
*** SUMMARY ***
Total pot $2.50 | Rake $0 
Seat 1: Mahu2021 (button) collected ($2.50)
Seat 2: imhungarian8 (small blind) folded before Flop
Seat 3: IrukandjiLi (big blind) folded before Flop
Seat 4: Solgaard folded before Flop (didn't bet)
Seat 5: EdgarYY folded before Flop (didn't bet)
Seat 6: Raising chip folded before Flop (didn't bet)



PokerStars Zoom Hand #254449916177:  Hold'em No Limit ($0.50/$1.00) - 2025/01/19 17:46:15 CET [2025/01/19 11:46:15 ET]
Table 'Triangulum' 6-max Seat #1 is the button
Seat 1: kikoo07 ($149.69 in chips) 
Seat 2: iNeverBluff398 ($135.01 in chips) 
Seat 3: Mahu2021 ($86.98 in chips) 
Seat 4: simoniustin ($101.72 in chips) 
Seat 5: leandro_h772 ($60.72 in chips) 
Seat 6: imhungarian8 ($102.52 in chips) 
iNeverBluff398: posts small blind $0.50
Mahu2021: posts big blind $1
*** HOLE CARDS ***
Dealt to Mahu2021 [4h 9h]
simoniustin: folds 
leandro_h772: folds 
imhungarian8: folds 
kikoo07: folds 
iNeverBluff398: raises $2 to $3
Mahu2021: folds 
Uncalled bet ($2) returned to iNeverBluff398
iNeverBluff398 collected $2 from pot
iNeverBluff398: doesn't show hand 
*** SUMMARY ***
Total pot $2 | Rake $0 
Seat 1: kikoo07 (button) folded before Flop (didn't bet)
Seat 2: iNeverBluff398 (small blind) collected ($2)
Seat 3: Mahu2021 (big blind) folded before Flop
Seat 4: simoniustin folded before Flop (didn't bet)
Seat 5: leandro_h772 folded before Flop (didn't bet)
Seat 6: imhungarian8 folded before Flop (didn't bet)



PokerStars Zoom Hand #254449919393:  Hold'em No Limit ($0.50/$1.00) - 2025/01/19 17:46:26 CET [2025/01/19 11:46:26 ET]
Table 'Triangulum' 6-max Seat #1 is the button
Seat 1: TheRedPillx ($100 in chips) 
Seat 2: maxrion ($39.43 in chips) 
Seat 3: jimmy410 ($77.20 in chips) 
Seat 4: EdgarYY ($100.50 in chips) 
Seat 5: Raising chip ($102.20 in chips) 
Seat 6: Mahu2021 ($85.98 in chips) 
maxrion: posts small blind $0.50
jimmy410: posts big blind $1
*** HOLE CARDS ***
Dealt to Mahu2021 [Ad 9d]
EdgarYY: folds 
Raising chip: folds 
Mahu2021: raises $1 to $2
TheRedPillx: folds 
maxrion: folds 
jimmy410: folds 
Uncalled bet ($1) returned to Mahu2021
Mahu2021 collected $2.50 from pot
Mahu2021: doesn't show hand 
*** SUMMARY ***
Total pot $2.50 | Rake $0 
Seat 1: TheRedPillx (button) folded before Flop (didn't bet)
Seat 2: maxrion (small blind) folded before Flop
Seat 3: jimmy410 (big blind) folded before Flop
Seat 4: EdgarYY folded before Flop (didn't bet)
Seat 5: Raising chip folded before Flop (didn't bet)
Seat 6: Mahu2021 collected ($2.50)



PokerStars Zoom Hand #254449924641:  Hold'em No Limit ($0.50/$1.00) - 2025/01/19 17:46:43 CET [2025/01/19 11:46:43 ET]
Table 'Triangulum' 6-max Seat #1 is the button
Seat 1: imhungarian8 ($101.50 in chips) 
Seat 2: EdgarYY ($100.50 in chips) 
Seat 3: TheRedPillx ($114.68 in chips) 
Seat 4: iNeverBluff398 ($136.01 in chips) 
Seat 5: aleximous ($107.32 in chips) 
Seat 6: Mahu2021 ($86.98 in chips) 
EdgarYY: posts small blind $0.50
TheRedPillx: posts big blind $1
*** HOLE CARDS ***
Dealt to Mahu2021 [Ad Kh]
iNeverBluff398: folds 
aleximous: folds 
Mahu2021: raises $1 to $2
imhungarian8: folds 
EdgarYY: folds 
TheRedPillx: folds 
Uncalled bet ($1) returned to Mahu2021
Mahu2021 collected $2.50 from pot
Mahu2021: doesn't show hand 
*** SUMMARY ***
Total pot $2.50 | Rake $0 
Seat 1: imhungarian8 (button) folded before Flop (didn't bet)
Seat 2: EdgarYY (small blind) folded before Flop
Seat 3: TheRedPillx (big blind) folded before Flop
Seat 4: iNeverBluff398 folded before Flop (didn't bet)
Seat 5: aleximous folded before Flop (didn't bet)
Seat 6: Mahu2021 collected ($2.50)



PokerStars Zoom Hand #254449928849:  Hold'em No Limit ($0.50/$1.00) - 2025/01/19 17:46:58 CET [2025/01/19 11:46:58 ET]
Table 'Triangulum' 6-max Seat #1 is the button
Seat 1: leandro_h772 ($120.75 in chips) 
Seat 2: Raising chip ($100 in chips) 
Seat 3: prinzantonio ($56.73 in chips) 
Seat 4: EdgarYY ($100 in chips) 
Seat 5: Mahu2021 ($88.48 in chips) 
Seat 6: TheRedPillx ($113.68 in chips) 
Raising chip: posts small blind $0.50
prinzantonio: posts big blind $1
*** HOLE CARDS ***
Dealt to Mahu2021 [4d 8s]
EdgarYY: folds 
Mahu2021: folds 
TheRedPillx: raises $1.25 to $2.25
leandro_h772: folds 
Raising chip: folds 
prinzantonio: folds 
Uncalled bet ($1.25) returned to TheRedPillx
TheRedPillx collected $2.50 from pot
TheRedPillx: doesn't show hand 
*** SUMMARY ***
Total pot $2.50 | Rake $0 
Seat 1: leandro_h772 (button) folded before Flop (didn't bet)
Seat 2: Raising chip (small blind) folded before Flop
Seat 3: prinzantonio (big blind) folded before Flop
Seat 4: EdgarYY folded before Flop (didn't bet)
Seat 5: Mahu2021 folded before Flop (didn't bet)
Seat 6: TheRedPillx collected ($2.50)



PokerStars Zoom Hand #254449922656:  Hold'em No Limit ($0.50/$1.00) - 2025/01/19 17:46:37 CET [2025/01/19 11:46:37 ET]
Table 'Triangulum' 6-max Seat #1 is the button
Seat 1: EdgarYY ($104.46 in chips) 
Seat 2: Mahu2021 ($87.48 in chips) 
Seat 3: maxrion ($38.93 in chips) 
Seat 4: simoniustin ($105.23 in chips) 
Seat 5: jimmy410 ($76.20 in chips) 
Seat 6: iNeverBluff398 ($136.01 in chips) 
Mahu2021: posts small blind $0.50
maxrion: posts big blind $1
*** HOLE CARDS ***
Dealt to Mahu2021 [Jh 9d]
simoniustin: raises $1.50 to $2.50
jimmy410: calls $2.50
iNeverBluff398: folds 
EdgarYY: folds 
Mahu2021: folds 
maxrion: calls $1.50
*** FLOP *** [8c 5s 4h]
maxrion: checks 
simoniustin: checks 
jimmy410: checks 
*** TURN *** [8c 5s 4h] [3h]
maxrion: checks 
simoniustin: checks 
jimmy410: bets $5.32
maxrion: folds 
simoniustin: folds 
Uncalled bet ($5.32) returned to jimmy410
jimmy410 collected $7.60 from pot
jimmy410: doesn't show hand 
*** SUMMARY ***
Total pot $8 | Rake $0.40 
Board [8c 5s 4h 3h]
Seat 1: EdgarYY (button) folded before Flop (didn't bet)
Seat 2: Mahu2021 (small blind) folded before Flop
Seat 3: maxrion (big blind) folded on the Turn
Seat 4: simoniustin folded on the Turn
Seat 5: jimmy410 collected ($7.60)
Seat 6: iNeverBluff398 folded before Flop (didn't bet)



PokerStars Zoom Hand #254449931370:  Hold'em No Limit ($0.50/$1.00) - 2025/01/19 17:47:06 CET [2025/01/19 11:47:06 ET]
Table 'Triangulum' 6-max Seat #1 is the button
Seat 1: iNeverBluff398 ($100 in chips) 
Seat 2: lukeaaaa101 ($100.50 in chips) 
Seat 3: Mahu2021 ($88.48 in chips) 
Seat 4: prinzantonio ($55.73 in chips) 
Seat 5: Gregory_Miha ($102.70 in chips) 
Seat 6: simoniustin ($201.94 in chips) 
lukeaaaa101: posts small blind $0.50
Mahu2021: posts big blind $1
*** HOLE CARDS ***
Dealt to Mahu2021 [4c 7s]
prinzantonio: raises $1 to $2
Gregory_Miha: folds 
simoniustin: folds 
iNeverBluff398: folds 
lukeaaaa101: folds 
Mahu2021: folds 
Uncalled bet ($1) returned to prinzantonio
prinzantonio collected $2.50 from pot
prinzantonio: doesn't show hand 
*** SUMMARY ***
Total pot $2.50 | Rake $0 
Seat 1: iNeverBluff398 (button) folded before Flop (didn't bet)
Seat 2: lukeaaaa101 (small blind) folded before Flop
Seat 3: Mahu2021 (big blind) folded before Flop
Seat 4: prinzantonio collected ($2.50)
Seat 5: Gregory_Miha folded before Flop (didn't bet)
Seat 6: simoniustin folded before Flop (didn't bet)



PokerStars Zoom Hand #254449909733:  Hold'em No Limit ($0.50/$1.00) - 2025/01/19 17:45:54 CET [2025/01/19 11:45:54 ET]
Table 'Triangulum' 6-max Seat #1 is the button
Seat 1: iNeverBluff398 ($122.84 in chips) 
Seat 2: misuju ($135.94 in chips) 
Seat 3: imhungarian8 ($112.56 in chips) 
Seat 4: Mahu2021 ($85.48 in chips) 
Seat 5: thomasbecks ($83.02 in chips) 
Seat 6: CichiChanMarian ($100 in chips) 
misuju: posts small blind $0.50
imhungarian8: posts big blind $1
*** HOLE CARDS ***
Dealt to Mahu2021 [Js 8c]
Mahu2021: folds 
thomasbecks: folds 
CichiChanMarian: raises $1.50 to $2.50
iNeverBluff398: folds 
misuju: calls $2
imhungarian8: calls $1.50
*** FLOP *** [2h 5h 3h]
misuju: checks 
imhungarian8: checks 
CichiChanMarian: bets $1.78
misuju: calls $1.78
imhungarian8: calls $1.78
*** TURN *** [2h 5h 3h] [Qc]
misuju: checks 
imhungarian8: checks 
CichiChanMarian: bets $9.15
misuju: calls $9.15
imhungarian8: calls $9.15
*** RIVER *** [2h 5h 3h Qc] [4d]
misuju: checks 
imhungarian8: checks 
CichiChanMarian: checks 
*** SHOW DOWN ***
misuju: shows [Kd Qs] (a pair of Queens)
imhungarian8: shows [5d 5c] (three of a kind, Fives)
CichiChanMarian: shows [9c Ah] (a straight, Ace to Five)
CichiChanMarian collected $38.28 from pot
*** SUMMARY ***
Total pot $40.29 | Rake $2.01 
Board [2h 5h 3h Qc 4d]
Seat 1: iNeverBluff398 (button) folded before Flop (didn't bet)
Seat 2: misuju (small blind) showed [Kd Qs] and lost with a pair of Queens
Seat 3: imhungarian8 (big blind) showed [5d 5c] and lost with three of a kind, Fives
Seat 4: Mahu2021 folded before Flop (didn't bet)
Seat 5: thomasbecks folded before Flop (didn't bet)
Seat 6: CichiChanMarian showed [9c Ah] and won ($38.28) with a straight, Ace to Five



PokerStars Zoom Hand #254449933156:  Hold'em No Limit ($0.50/$1.00) - 2025/01/19 17:47:13 CET [2025/01/19 11:47:13 ET]
Table 'Triangulum' 6-max Seat #1 is the button
Seat 1: Mahu2021 ($87.48 in chips) 
Seat 2: simoniustin ($201.94 in chips) 
Seat 3: Raising chip ($102.61 in chips) 
Seat 4: jimmy410 ($81.30 in chips) 
Seat 5: iNeverBluff398 ($100 in chips) 
Seat 6: imhungarian8 ($101.02 in chips) 
simoniustin: posts small blind $0.50
Raising chip: posts big blind $1
*** HOLE CARDS ***
Dealt to Mahu2021 [9h 2d]
jimmy410: folds 
iNeverBluff398: folds 
imhungarian8: folds 
Mahu2021: folds 
simoniustin: folds 
Uncalled bet ($0.50) returned to Raising chip
Raising chip collected $1 from pot
Raising chip: doesn't show hand 
*** SUMMARY ***
Total pot $1 | Rake $0 
Seat 1: Mahu2021 (button) folded before Flop (didn't bet)
Seat 2: simoniustin (small blind) folded before Flop
Seat 3: Raising chip (big blind) collected ($1)
Seat 4: jimmy410 folded before Flop (didn't bet)
Seat 5: iNeverBluff398 folded before Flop (didn't bet)
Seat 6: imhungarian8 folded before Flop (didn't bet)



PokerStars Zoom Hand #254449930560:  Hold'em No Limit ($0.50/$1.00) - 2025/01/19 17:47:04 CET [2025/01/19 11:47:04 ET]
Table 'Triangulum' 6-max Seat #1 is the button
Seat 1: prinzantonio ($55.73 in chips) 
Seat 2: EdgarYY ($100 in chips) 
Seat 3: IrukandjiLi ($126.12 in chips) 
Seat 4: aleximous ($100 in chips) 
Seat 5: Mahu2021 ($88.48 in chips) 
Seat 6: imhungarian8 ($100 in chips) 
EdgarYY: posts small blind $0.50
IrukandjiLi: posts big blind $1
*** HOLE CARDS ***
Dealt to Mahu2021 [2s 6s]
aleximous: folds 
Mahu2021: folds 
imhungarian8: raises $1.30 to $2.30
prinzantonio: folds 
EdgarYY: folds 
IrukandjiLi: folds 
Uncalled bet ($1.30) returned to imhungarian8
imhungarian8 collected $2.50 from pot
imhungarian8: doesn't show hand 
*** SUMMARY ***
Total pot $2.50 | Rake $0 
Seat 1: prinzantonio (button) folded before Flop (didn't bet)
Seat 2: EdgarYY (small blind) folded before Flop
Seat 3: IrukandjiLi (big blind) folded before Flop
Seat 4: aleximous folded before Flop (didn't bet)
Seat 5: Mahu2021 folded before Flop (didn't bet)
Seat 6: imhungarian8 collected ($2.50)



PokerStars Zoom Hand #254449936583:  Hold'em No Limit ($0.50/$1.00) - 2025/01/19 17:47:24 CET [2025/01/19 11:47:24 ET]
Table 'Triangulum' 6-max Seat #1 is the button
Seat 1: MIGHTYDWOW ($74.93 in chips) 
Seat 2: IrukandjiLi ($177.15 in chips) 
Seat 3: MattyAllton ($293.30 in chips) 
Seat 4: Mahu2021 ($86.98 in chips) 
Seat 5: EdgarYY ($102 in chips) 
Seat 6: iNeverBluff398 ($113.09 in chips) 
IrukandjiLi: posts small blind $0.50
MattyAllton: posts big blind $1
*** HOLE CARDS ***
Dealt to Mahu2021 [9d 5s]
Mahu2021: folds 
EdgarYY: folds 
iNeverBluff398: folds 
MIGHTYDWOW: folds 
IrukandjiLi: raises $2 to $3
MattyAllton: folds 
Uncalled bet ($2) returned to IrukandjiLi
IrukandjiLi collected $2 from pot
IrukandjiLi: doesn't show hand 
*** SUMMARY ***
Total pot $2 | Rake $0 
Seat 1: MIGHTYDWOW (button) folded before Flop (didn't bet)
Seat 2: IrukandjiLi (small blind) collected ($2)
Seat 3: MattyAllton (big blind) folded before Flop
Seat 4: Mahu2021 folded before Flop (didn't bet)
Seat 5: EdgarYY folded before Flop (didn't bet)
Seat 6: iNeverBluff398 folded before Flop (didn't bet)



PokerStars Zoom Hand #254449938197:  Hold'em No Limit ($0.50/$1.00) - 2025/01/19 17:47:29 CET [2025/01/19 11:47:29 ET]
Table 'Triangulum' 6-max Seat #1 is the button
Seat 1: Mahu2021 ($86.98 in chips) 
Seat 2: Mindtilter ($104.39 in chips) 
Seat 3: iNeverBluff398 ($113.09 in chips) 
Seat 4: EdgarYY ($105.92 in chips) 
Seat 5: MIGHTYDWOW ($74.93 in chips) 
Seat 6: TheRedPillx ($100 in chips) 
Mindtilter: posts small blind $0.50
iNeverBluff398: posts big blind $1
*** HOLE CARDS ***
Dealt to Mahu2021 [Ts 3c]
EdgarYY: folds 
MIGHTYDWOW: raises $2 to $3
TheRedPillx: folds 
Mahu2021: folds 
Mindtilter: folds 
iNeverBluff398: folds 
Uncalled bet ($2) returned to MIGHTYDWOW
MIGHTYDWOW collected $2.50 from pot
MIGHTYDWOW: doesn't show hand 
*** SUMMARY ***
Total pot $2.50 | Rake $0 
Seat 1: Mahu2021 (button) folded before Flop (didn't bet)
Seat 2: Mindtilter (small blind) folded before Flop
Seat 3: iNeverBluff398 (big blind) folded before Flop
Seat 4: EdgarYY folded before Flop (didn't bet)
Seat 5: MIGHTYDWOW collected ($2.50)
Seat 6: TheRedPillx folded before Flop (didn't bet)



PokerStars Zoom Hand #254449941488:  Hold'em No Limit ($0.50/$1.00) - 2025/01/19 17:47:40 CET [2025/01/19 11:47:40 ET]
Table 'Triangulum' 6-max Seat #1 is the button
Seat 1: EdgarYY ($102 in chips) 
Seat 2: TheRedPillx ($101.50 in chips) 
Seat 3: Mahu2021 ($86.98 in chips) 
Seat 4: iNeverBluff398 ($112.09 in chips) 
Seat 5: simoniustin ($152.32 in chips) 
Seat 6: maxrion ($37.43 in chips) 
TheRedPillx: posts small blind $0.50
Mahu2021: posts big blind $1
*** HOLE CARDS ***
Dealt to Mahu2021 [7h 2s]
iNeverBluff398: folds 
simoniustin: raises $1.50 to $2.50
maxrion: folds 
EdgarYY: folds 
TheRedPillx: folds 
Mahu2021: folds 
Uncalled bet ($1.50) returned to simoniustin
simoniustin collected $2.50 from pot
simoniustin: doesn't show hand 
*** SUMMARY ***
Total pot $2.50 | Rake $0 
Seat 1: EdgarYY (button) folded before Flop (didn't bet)
Seat 2: TheRedPillx (small blind) folded before Flop
Seat 3: Mahu2021 (big blind) folded before Flop
Seat 4: iNeverBluff398 folded before Flop (didn't bet)
Seat 5: simoniustin collected ($2.50)
Seat 6: maxrion folded before Flop (didn't bet)



PokerStars Zoom Hand #254449939428:  Hold'em No Limit ($0.50/$1.00) - 2025/01/19 17:47:33 CET [2025/01/19 11:47:33 ET]
Table 'Triangulum' 6-max Seat #1 is the button
Seat 1: simoniustin ($201.44 in chips) 
Seat 2: lol_en_uggla ($137.26 in chips) 
Seat 3: Martinisko 8 ($75 in chips) 
Seat 4: imhungarian8 ($101.50 in chips) 
Seat 5: Mahu2021 ($86.98 in chips) 
Seat 6: maxrion ($37.43 in chips) 
lol_en_uggla: posts small blind $0.50
Martinisko 8: posts big blind $1
*** HOLE CARDS ***
Dealt to Mahu2021 [Qc 9d]
imhungarian8: raises $1 to $2
Mahu2021: folds 
maxrion: folds 
simoniustin: folds 
lol_en_uggla: folds 
Martinisko 8: folds 
Uncalled bet ($1) returned to imhungarian8
imhungarian8 collected $2.50 from pot
imhungarian8: doesn't show hand 
*** SUMMARY ***
Total pot $2.50 | Rake $0 
Seat 1: simoniustin (button) folded before Flop (didn't bet)
Seat 2: lol_en_uggla (small blind) folded before Flop
Seat 3: Martinisko 8 (big blind) folded before Flop
Seat 4: imhungarian8 collected ($2.50)
Seat 5: Mahu2021 folded before Flop (didn't bet)
Seat 6: maxrion folded before Flop (didn't bet)



PokerStars Zoom Hand #254449943277:  Hold'em No Limit ($0.50/$1.00) - 2025/01/19 17:47:46 CET [2025/01/19 11:47:46 ET]
Table 'Triangulum' 6-max Seat #1 is the button
Seat 1: imhungarian8 ($100 in chips) 
Seat 2: iNeverBluff398 ($100 in chips) 
Seat 3: maxrion ($37.43 in chips) 
Seat 4: Mahu2021 ($85.98 in chips) 
Seat 5: IrukandjiLi ($125.12 in chips) 
Seat 6: Raising chip ($100 in chips) 
iNeverBluff398: posts small blind $0.50
maxrion: posts big blind $1
*** HOLE CARDS ***
Dealt to Mahu2021 [Js 7c]
Mahu2021: folds 
IrukandjiLi: folds 
Raising chip: folds 
imhungarian8: raises $1.50 to $2.50
iNeverBluff398: folds 
maxrion: folds 
Uncalled bet ($1.50) returned to imhungarian8
imhungarian8 collected $2.50 from pot
imhungarian8: doesn't show hand 
*** SUMMARY ***
Total pot $2.50 | Rake $0 
Seat 1: imhungarian8 (button) collected ($2.50)
Seat 2: iNeverBluff398 (small blind) folded before Flop
Seat 3: maxrion (big blind) folded before Flop
Seat 4: Mahu2021 folded before Flop (didn't bet)
Seat 5: IrukandjiLi folded before Flop (didn't bet)
Seat 6: Raising chip folded before Flop (didn't bet)



PokerStars Zoom Hand #254449935381:  Hold'em No Limit ($0.50/$1.00) - 2025/01/19 17:47:20 CET [2025/01/19 11:47:20 ET]
Table 'Triangulum' 6-max Seat #1 is the button
Seat 1: misuju ($122.51 in chips) 
Seat 2: CichiChanMarian ($124.85 in chips) 
Seat 3: leandro_h772 ($120.75 in chips) 
Seat 4: imhungarian8 ($101.02 in chips) 
Seat 5: MattyAllton ($293.30 in chips) 
Seat 6: Mahu2021 ($86.98 in chips) 
CichiChanMarian: posts small blind $0.50
leandro_h772: posts big blind $1
*** HOLE CARDS ***
Dealt to Mahu2021 [2d Ks]
imhungarian8: raises $1 to $2
MattyAllton: folds 
Mahu2021: folds 
misuju: folds 
CichiChanMarian: folds 
leandro_h772: calls $1
*** FLOP *** [Kc 6c 4c]
leandro_h772: checks 
imhungarian8: checks 
*** TURN *** [Kc 6c 4c] [Ah]
leandro_h772: checks 
imhungarian8: checks 
*** RIVER *** [Kc 6c 4c Ah] [3s]
leandro_h772: bets $8.64
imhungarian8: folds 
Uncalled bet ($8.64) returned to leandro_h772
leandro_h772 collected $4.28 from pot
leandro_h772: doesn't show hand 
*** SUMMARY ***
Total pot $4.50 | Rake $0.22 
Board [Kc 6c 4c Ah 3s]
Seat 1: misuju (button) folded before Flop (didn't bet)
Seat 2: CichiChanMarian (small blind) folded before Flop
Seat 3: leandro_h772 (big blind) collected ($4.28)
Seat 4: imhungarian8 folded on the River
Seat 5: MattyAllton folded before Flop (didn't bet)
Seat 6: Mahu2021 folded before Flop (didn't bet)



PokerStars Zoom Hand #254449934183:  Hold'em No Limit ($0.50/$1.00) - 2025/01/19 17:47:16 CET [2025/01/19 11:47:16 ET]
Table 'Triangulum' 6-max Seat #1 is the button
Seat 1: TheRedPillx ($115.18 in chips) 
Seat 2: Mahu2021 ($87.48 in chips) 
Seat 3: EdgarYY ($100 in chips) 
Seat 4: leandro_h772 ($120.75 in chips) 
Seat 5: imhungarian8 ($101.02 in chips) 
Seat 6: aleximous ($100 in chips) 
Mahu2021: posts small blind $0.50
EdgarYY: posts big blind $1
*** HOLE CARDS ***
Dealt to Mahu2021 [3h Ts]
leandro_h772: folds 
imhungarian8: folds 
aleximous: raises $1 to $2
TheRedPillx: folds 
Mahu2021: folds 
EdgarYY: raises $10 to $12
aleximous: calls $10
*** FLOP *** [4s Ad As]
EdgarYY: bets $7.68
aleximous: calls $7.68
*** TURN *** [4s Ad As] [8c]
EdgarYY: checks 
aleximous: checks 
*** RIVER *** [4s Ad As 8c] [Td]
EdgarYY: checks 
aleximous: checks 
*** SHOW DOWN ***
EdgarYY: shows [Ks Ah] (three of a kind, Aces)
aleximous: mucks hand 
EdgarYY collected $37.87 from pot
*** SUMMARY ***
Total pot $39.86 | Rake $1.99 
Board [4s Ad As 8c Td]
Seat 1: TheRedPillx (button) folded before Flop (didn't bet)
Seat 2: Mahu2021 (small blind) folded before Flop
Seat 3: EdgarYY (big blind) showed [Ks Ah] and won ($37.87) with three of a kind, Aces
Seat 4: leandro_h772 folded before Flop (didn't bet)
Seat 5: imhungarian8 folded before Flop (didn't bet)
Seat 6: aleximous mucked [5h 4h]



PokerStars Zoom Hand #254449947711:  Hold'em No Limit ($0.50/$1.00) - 2025/01/19 17:48:01 CET [2025/01/19 11:48:01 ET]
Table 'Triangulum' 6-max Seat #1 is the button
Seat 1: simoniustin ($100 in chips) 
Seat 2: Mahu2021 ($85.98 in chips) 
Seat 3: imhungarian8 ($101.50 in chips) 
Seat 4: EdgarYY ($105.42 in chips) 
Seat 5: leandro_h772 ($123.03 in chips) 
Seat 6: iNeverBluff398 ($100 in chips) 
Mahu2021: posts small blind $0.50
imhungarian8: posts big blind $1
*** HOLE CARDS ***
Dealt to Mahu2021 [5s Qh]
EdgarYY: folds 
leandro_h772: folds 
iNeverBluff398: folds 
simoniustin: folds 
Mahu2021: folds 
Uncalled bet ($0.50) returned to imhungarian8
imhungarian8 collected $1 from pot
imhungarian8: doesn't show hand 
*** SUMMARY ***
Total pot $1 | Rake $0 
Seat 1: simoniustin (button) folded before Flop (didn't bet)
Seat 2: Mahu2021 (small blind) folded before Flop
Seat 3: imhungarian8 (big blind) collected ($1)
Seat 4: EdgarYY folded before Flop (didn't bet)
Seat 5: leandro_h772 folded before Flop (didn't bet)
Seat 6: iNeverBluff398 folded before Flop (didn't bet)



PokerStars Zoom Hand #254449944787:  Hold'em No Limit ($0.50/$1.00) - 2025/01/19 17:47:51 CET [2025/01/19 11:47:51 ET]
Table 'Triangulum' 6-max Seat #1 is the button
Seat 1: Raising chip ($104.92 in chips) 
Seat 2: IrukandjiLi ($149.80 in chips) 
Seat 3: simoniustin ($153.82 in chips) 
Seat 4: Mahu2021 ($85.98 in chips) 
Seat 5: Mindtilter ($100 in chips) 
Seat 6: MIGHTYDWOW ($76.43 in chips) 
IrukandjiLi: posts small blind $0.50
simoniustin: posts big blind $1
*** HOLE CARDS ***
Dealt to Mahu2021 [Jd As]
Mahu2021: folds 
Mindtilter: folds 
MIGHTYDWOW: folds 
Raising chip: folds 
IrukandjiLi: folds 
Uncalled bet ($0.50) returned to simoniustin
simoniustin collected $1 from pot
simoniustin: doesn't show hand 
*** SUMMARY ***
Total pot $1 | Rake $0 
Seat 1: Raising chip (button) folded before Flop (didn't bet)
Seat 2: IrukandjiLi (small blind) folded before Flop
Seat 3: simoniustin (big blind) collected ($1)
Seat 4: Mahu2021 folded before Flop (didn't bet)
Seat 5: Mindtilter folded before Flop (didn't bet)
Seat 6: MIGHTYDWOW folded before Flop (didn't bet)



PokerStars Zoom Hand #254449951399:  Hold'em No Limit ($0.50/$1.00) - 2025/01/19 17:48:14 CET [2025/01/19 11:48:14 ET]
Table 'Triangulum' 6-max Seat #1 is the button
Seat 1: Solgaard ($102.46 in chips) 
Seat 2: Raising chip ($103.92 in chips) 
Seat 3: CichiChanMarian ($136.45 in chips) 
Seat 4: aleximous ($118.52 in chips) 
Seat 5: Mahu2021 ($85.48 in chips) 
Seat 6: simoniustin ($154.32 in chips) 
Raising chip: posts small blind $0.50
CichiChanMarian: posts big blind $1
*** HOLE CARDS ***
Dealt to Mahu2021 [3s 7c]
aleximous: folds 
Mahu2021: folds 
simoniustin: raises $1.50 to $2.50
Solgaard: folds 
Raising chip: folds 
CichiChanMarian: folds 
Uncalled bet ($1.50) returned to simoniustin
simoniustin collected $2.50 from pot
simoniustin: doesn't show hand 
*** SUMMARY ***
Total pot $2.50 | Rake $0 
Seat 1: Solgaard (button) folded before Flop (didn't bet)
Seat 2: Raising chip (small blind) folded before Flop
Seat 3: CichiChanMarian (big blind) folded before Flop
Seat 4: aleximous folded before Flop (didn't bet)
Seat 5: Mahu2021 folded before Flop (didn't bet)
Seat 6: simoniustin collected ($2.50)



PokerStars Zoom Hand #254449953024:  Hold'em No Limit ($0.50/$1.00) - 2025/01/19 17:48:19 CET [2025/01/19 11:48:19 ET]
Table 'Triangulum' 6-max Seat #1 is the button
Seat 1: IrukandjiLi ($177.15 in chips) 
Seat 2: aleximous ($107.32 in chips) 
Seat 3: Mahu2021 ($85.48 in chips) 
Seat 4: iNeverBluff398 ($113.48 in chips) 
Seat 5: maxrion ($35.93 in chips) 
Seat 6: imhungarian8 ($102 in chips) 
aleximous: posts small blind $0.50
Mahu2021: posts big blind $1
*** HOLE CARDS ***
Dealt to Mahu2021 [8s 8d]
iNeverBluff398: folds 
maxrion: raises $1.50 to $2.50
imhungarian8: folds 
IrukandjiLi: folds 
aleximous: raises $6.50 to $9
Mahu2021: folds 
maxrion: raises $26.93 to $35.93 and is all-in
aleximous: calls $26.93
*** FLOP *** [5c Qh 6c]
*** TURN *** [5c Qh 6c] [9d]
*** RIVER *** [5c Qh 6c 9d] [6s]
*** SHOW DOWN ***
aleximous: shows [Tc Ts] (two pair, Tens and Sixes)
maxrion: shows [Kh Kc] (two pair, Kings and Sixes)
maxrion cashed out the hand for $55.94 | Cash Out Fee $1.14
*** SUMMARY ***
Total pot $72.86 | Rake $2.50 
Board [5c Qh 6c 9d 6s]
Seat 1: IrukandjiLi (button) folded before Flop (didn't bet)
Seat 2: aleximous (small blind) showed [Tc Ts] and lost with two pair, Tens and Sixes
Seat 3: Mahu2021 (big blind) folded before Flop
Seat 4: iNeverBluff398 folded before Flop (didn't bet)
Seat 5: maxrion showed [Kh Kc] and won ($70.36) with two pair, Kings and Sixes (pot not awarded as player cashed out)
Seat 6: imhungarian8 folded before Flop (didn't bet)



PokerStars Zoom Hand #254449949231:  Hold'em No Limit ($0.50/$1.00) - 2025/01/19 17:48:06 CET [2025/01/19 11:48:06 ET]
Table 'Triangulum' 6-max Seat #1 is the button
Seat 1: IrukandjiLi ($124.62 in chips) 
Seat 2: EdgarYY ($104.28 in chips) 
Seat 3: lukeaaaa101 ($100 in chips) 
Seat 4: Mindtilter ($100 in chips) 
Seat 5: iNeverBluff398 ($100 in chips) 
Seat 6: Mahu2021 ($85.48 in chips) 
EdgarYY: posts small blind $0.50
lukeaaaa101: posts big blind $1
*** HOLE CARDS ***
Dealt to Mahu2021 [8d 4s]
Mindtilter: folds 
iNeverBluff398: folds 
Mahu2021: folds 
IrukandjiLi: folds 
EdgarYY: raises $2 to $3
lukeaaaa101: calls $2
*** FLOP *** [9h 7d 6s]
EdgarYY: bets $3.76
lukeaaaa101: folds 
Uncalled bet ($3.76) returned to EdgarYY
EdgarYY collected $5.70 from pot
EdgarYY: doesn't show hand 
*** SUMMARY ***
Total pot $6 | Rake $0.30 
Board [9h 7d 6s]
Seat 1: IrukandjiLi (button) folded before Flop (didn't bet)
Seat 2: EdgarYY (small blind) collected ($5.70)
Seat 3: lukeaaaa101 (big blind) folded on the Flop
Seat 4: Mindtilter folded before Flop (didn't bet)
Seat 5: iNeverBluff398 folded before Flop (didn't bet)
Seat 6: Mahu2021 folded before Flop (didn't bet)



PokerStars Zoom Hand #254449957559:  Hold'em No Limit ($0.50/$1.00) - 2025/01/19 17:48:34 CET [2025/01/19 11:48:34 ET]
Table 'Triangulum' 6-max Seat #1 is the button
Seat 1: Mahu2021 ($84.48 in chips) 
Seat 2: Mindtilter ($100.50 in chips) 
Seat 3: simoniustin ($100 in chips) 
Seat 4: imhungarian8 ($100.50 in chips) 
Seat 5: MIGHTYDWOW ($76.43 in chips) 
Seat 6: iNeverBluff398 ($100 in chips) 
Mindtilter: posts small blind $0.50
simoniustin: posts big blind $1
*** HOLE CARDS ***
Dealt to Mahu2021 [Jc 7h]
imhungarian8: folds 
MIGHTYDWOW: folds 
iNeverBluff398: raises $1.20 to $2.20
Mahu2021: folds 
Mindtilter: folds 
simoniustin: calls $1.20
*** FLOP *** [8c Ac Qd]
simoniustin: checks 
iNeverBluff398: checks 
*** TURN *** [8c Ac Qd] [5d]
simoniustin: checks 
iNeverBluff398: checks 
*** RIVER *** [8c Ac Qd 5d] [Qh]
simoniustin: bets $3
iNeverBluff398: folds 
Uncalled bet ($3) returned to simoniustin
simoniustin collected $4.66 from pot
simoniustin: doesn't show hand 
*** SUMMARY ***
Total pot $4.90 | Rake $0.24 
Board [8c Ac Qd 5d Qh]
Seat 1: Mahu2021 (button) folded before Flop (didn't bet)
Seat 2: Mindtilter (small blind) folded before Flop
Seat 3: simoniustin (big blind) collected ($4.66)
Seat 4: imhungarian8 folded before Flop (didn't bet)
Seat 5: MIGHTYDWOW folded before Flop (didn't bet)
Seat 6: iNeverBluff398 folded on the River



PokerStars Zoom Hand #254449962788:  Hold'em No Limit ($0.50/$1.00) - 2025/01/19 17:48:52 CET [2025/01/19 11:48:52 ET]
Table 'Triangulum' 6-max Seat #1 is the button
Seat 1: Raising chip ($101.61 in chips) 
Seat 2: imhungarian8 ($100.50 in chips) 
Seat 3: maxrion ($55.94 in chips) 
Seat 4: Mahu2021 ($83.98 in chips) 
Seat 5: IrukandjiLi ($123.62 in chips) 
Seat 6: iNeverBluff398 ($129.10 in chips) 
imhungarian8: posts small blind $0.50
maxrion: posts big blind $1
*** HOLE CARDS ***
Dealt to Mahu2021 [Ac 9s]
Mahu2021: folds 
IrukandjiLi: folds 
iNeverBluff398: raises $1.20 to $2.20
Raising chip: folds 
imhungarian8: folds 
maxrion: folds 
Uncalled bet ($1.20) returned to iNeverBluff398
iNeverBluff398 collected $2.50 from pot
iNeverBluff398: doesn't show hand 
*** SUMMARY ***
Total pot $2.50 | Rake $0 
Seat 1: Raising chip (button) folded before Flop (didn't bet)
Seat 2: imhungarian8 (small blind) folded before Flop
Seat 3: maxrion (big blind) folded before Flop
Seat 4: Mahu2021 folded before Flop (didn't bet)
Seat 5: IrukandjiLi folded before Flop (didn't bet)
Seat 6: iNeverBluff398 collected ($2.50)



PokerStars Zoom Hand #254449963772:  Hold'em No Limit ($0.50/$1.00) - 2025/01/19 17:48:56 CET [2025/01/19 11:48:56 ET]
Table 'Triangulum' 6-max Seat #1 is the button
Seat 1: Mindtilter ($100 in chips) 
Seat 2: leandro_h772 ($130.28 in chips) 
Seat 3: Mahu2021 ($83.98 in chips) 
Seat 4: EdgarYY ($108.60 in chips) 
Seat 5: thomasbecks ($82.68 in chips) 
Seat 6: kikoo07 ($142.20 in chips) 
leandro_h772: posts small blind $0.50
Mahu2021: posts big blind $1
*** HOLE CARDS ***
Dealt to Mahu2021 [As 4h]
EdgarYY: folds 
thomasbecks: raises $2 to $3
kikoo07: folds 
Mindtilter: folds 
leandro_h772: folds 
Mahu2021: calls $2
*** FLOP *** [8d 7d 9h]
Mahu2021: checks 
thomasbecks: checks 
*** TURN *** [8d 7d 9h] [4c]
Mahu2021: bets $2
thomasbecks: calls $2
*** RIVER *** [8d 7d 9h 4c] [7s]
Mahu2021: bets $2
thomasbecks: calls $2
*** SHOW DOWN ***
Mahu2021: shows [As 4h] (two pair, Sevens and Fours)
thomasbecks: mucks hand 
Mahu2021 collected $13.78 from pot
*** SUMMARY ***
Total pot $14.50 | Rake $0.72 
Board [8d 7d 9h 4c 7s]
Seat 1: Mindtilter (button) folded before Flop (didn't bet)
Seat 2: leandro_h772 (small blind) folded before Flop
Seat 3: Mahu2021 (big blind) showed [As 4h] and won ($13.78) with two pair, Sevens and Fours
Seat 4: EdgarYY folded before Flop (didn't bet)
Seat 5: thomasbecks mucked [Ac Jd]
Seat 6: kikoo07 folded before Flop (didn't bet)



PokerStars Zoom Hand #254449959345:  Hold'em No Limit ($0.50/$1.00) - 2025/01/19 17:48:41 CET [2025/01/19 11:48:41 ET]
Table 'Triangulum' 6-max Seat #1 is the button
Seat 1: kikoo07 ($142.20 in chips) 
Seat 2: Mahu2021 ($84.48 in chips) 
Seat 3: Mindtilter ($100 in chips) 
Seat 4: lol_en_uggla ($137.26 in chips) 
Seat 5: IrukandjiLi ($177.15 in chips) 
Seat 6: leandro_h772 ($130.28 in chips) 
Mahu2021: posts small blind $0.50
Mindtilter: posts big blind $1
*** HOLE CARDS ***
Dealt to Mahu2021 [7d 3c]
lol_en_uggla: folds 
IrukandjiLi: raises $1.50 to $2.50
leandro_h772: folds 
kikoo07: folds 
Mahu2021: folds 
Mindtilter: calls $1.50
*** FLOP *** [7s Kc 6s]
Mindtilter: checks 
IrukandjiLi: bets $3.50
Mindtilter: calls $3.50
*** TURN *** [7s Kc 6s] [8s]
Mindtilter: checks 
IrukandjiLi: checks 
*** RIVER *** [7s Kc 6s 8s] [Ks]
Mindtilter: checks 
IrukandjiLi: checks 
*** SHOW DOWN ***
Mindtilter: shows [Kh 2h] (three of a kind, Kings)
IrukandjiLi: mucks hand 
Mindtilter collected $11.88 from pot
*** SUMMARY ***
Total pot $12.50 | Rake $0.62 
Board [7s Kc 6s 8s Ks]
Seat 1: kikoo07 (button) folded before Flop (didn't bet)
Seat 2: Mahu2021 (small blind) folded before Flop
Seat 3: Mindtilter (big blind) showed [Kh 2h] and won ($11.88) with three of a kind, Kings
Seat 4: lol_en_uggla folded before Flop (didn't bet)
Seat 5: IrukandjiLi mucked [8c 7c]
Seat 6: leandro_h772 folded before Flop (didn't bet)



PokerStars Zoom Hand #254449961753:  Hold'em No Limit ($0.50/$1.00) - 2025/01/19 17:48:49 CET [2025/01/19 11:48:49 ET]
Table 'Triangulum' 6-max Seat #1 is the button
Seat 1: simoniustin ($108.15 in chips) 
Seat 2: MIGHTYDWOW ($76.43 in chips) 
Seat 3: EdgarYY ($103.92 in chips) 
Seat 4: imhungarian8 ($145.23 in chips) 
Seat 5: kikoo07 ($142.20 in chips) 
Seat 6: Mahu2021 ($83.98 in chips) 
MIGHTYDWOW: posts small blind $0.50
EdgarYY: posts big blind $1
*** HOLE CARDS ***
Dealt to Mahu2021 [8h Th]
imhungarian8: folds 
kikoo07: folds 
Mahu2021: folds 
simoniustin: raises $1.50 to $2.50
MIGHTYDWOW: calls $2
EdgarYY: calls $1.50
*** FLOP *** [4h 8c As]
MIGHTYDWOW: checks 
EdgarYY: checks 
simoniustin: checks 
*** TURN *** [4h 8c As] [Tc]
MIGHTYDWOW: bets $3.56
EdgarYY: folds 
simoniustin: folds 
Uncalled bet ($3.56) returned to MIGHTYDWOW
MIGHTYDWOW collected $7.12 from pot
MIGHTYDWOW: doesn't show hand 
*** SUMMARY ***
Total pot $7.50 | Rake $0.38 
Board [4h 8c As Tc]
Seat 1: simoniustin (button) folded on the Turn
Seat 2: MIGHTYDWOW (small blind) collected ($7.12)
Seat 3: EdgarYY (big blind) folded on the Turn
Seat 4: imhungarian8 folded before Flop (didn't bet)
Seat 5: kikoo07 folded before Flop (didn't bet)
Seat 6: Mahu2021 folded before Flop (didn't bet)



PokerStars Zoom Hand #254449972519:  Hold'em No Limit ($0.50/$1.00) - 2025/01/19 17:49:26 CET [2025/01/19 11:49:26 ET]
Table 'Triangulum' 6-max Seat #1 is the button
Seat 1: gl0ryan ($100 in chips) 
Seat 2: Mindtilter ($105.88 in chips) 
Seat 3: rusher_NiNja ($101.51 in chips) 
Seat 4: EdgarYY ($127.32 in chips) 
Seat 5: Mahu2021 ($90.76 in chips) 
Seat 6: Solgaard ($98.96 in chips) 
Mindtilter: posts small blind $0.50
rusher_NiNja: posts big blind $1
*** HOLE CARDS ***
Dealt to Mahu2021 [Qh 8c]
EdgarYY: folds 
Mahu2021: folds 
Solgaard: raises $2 to $3
gl0ryan: folds 
Mindtilter: folds 
rusher_NiNja: folds 
Uncalled bet ($2) returned to Solgaard
Solgaard collected $2.50 from pot
Solgaard: doesn't show hand 
*** SUMMARY ***
Total pot $2.50 | Rake $0 
Seat 1: gl0ryan (button) folded before Flop (didn't bet)
Seat 2: Mindtilter (small blind) folded before Flop
Seat 3: rusher_NiNja (big blind) folded before Flop
Seat 4: EdgarYY folded before Flop (didn't bet)
Seat 5: Mahu2021 folded before Flop (didn't bet)
Seat 6: Solgaard collected ($2.50)



PokerStars Zoom Hand #254449976121:  Hold'em No Limit ($0.50/$1.00) - 2025/01/19 17:49:37 CET [2025/01/19 11:49:37 ET]
Table 'Triangulum' 6-max Seat #1 is the button
Seat 1: Mindtilter ($102.28 in chips) 
Seat 2: Mahu2021 ($90.76 in chips) 
Seat 3: aleximous ($106.50 in chips) 
Seat 4: misuju ($119.39 in chips) 
Seat 5: MattyAllton ($296.43 in chips) 
Seat 6: EdgarYY ($127.32 in chips) 
Mahu2021: posts small blind $0.50
aleximous: posts big blind $1
*** HOLE CARDS ***
Dealt to Mahu2021 [6s 3c]
misuju: folds 
MattyAllton: folds 
EdgarYY: folds 
Mindtilter: folds 
Mahu2021: folds 
Uncalled bet ($0.50) returned to aleximous
aleximous collected $1 from pot
aleximous: doesn't show hand 
*** SUMMARY ***
Total pot $1 | Rake $0 
Seat 1: Mindtilter (button) folded before Flop (didn't bet)
Seat 2: Mahu2021 (small blind) folded before Flop
Seat 3: aleximous (big blind) collected ($1)
Seat 4: misuju folded before Flop (didn't bet)
Seat 5: MattyAllton folded before Flop (didn't bet)
Seat 6: EdgarYY folded before Flop (didn't bet)



PokerStars Zoom Hand #254449974327:  Hold'em No Limit ($0.50/$1.00) - 2025/01/19 17:49:32 CET [2025/01/19 11:49:32 ET]
Table 'Triangulum' 6-max Seat #1 is the button
Seat 1: Mahu2021 ($90.76 in chips) 
Seat 2: Mindtilter ($102.78 in chips) 
Seat 3: thomasbecks ($75.68 in chips) 
Seat 4: Raising chip ($100 in chips) 
Seat 5: EdgarYY ($127.32 in chips) 
Seat 6: gl0ryan ($100 in chips) 
Mindtilter: posts small blind $0.50
thomasbecks: posts big blind $1
*** HOLE CARDS ***
Dealt to Mahu2021 [5s Qs]
Raising chip: folds 
EdgarYY: folds 
gl0ryan: raises $1.50 to $2.50
Mahu2021: folds 
Mindtilter: folds 
thomasbecks: raises $2.50 to $5
gl0ryan: calls $2.50
*** FLOP *** [8s Td 5h]
thomasbecks: bets $6
gl0ryan: folds 
Uncalled bet ($6) returned to thomasbecks
thomasbecks collected $9.85 from pot
thomasbecks: doesn't show hand 
*** SUMMARY ***
Total pot $10.50 | Rake $0.65 
Board [8s Td 5h]
Seat 1: Mahu2021 (button) folded before Flop (didn't bet)
Seat 2: Mindtilter (small blind) folded before Flop
Seat 3: thomasbecks (big blind) collected ($9.85)
Seat 4: Raising chip folded before Flop (didn't bet)
Seat 5: EdgarYY folded before Flop (didn't bet)
Seat 6: gl0ryan folded on the Flop



PokerStars Zoom Hand #254449977828:  Hold'em No Limit ($0.50/$1.00) - 2025/01/19 17:49:43 CET [2025/01/19 11:49:43 ET]
Table 'Triangulum' 6-max Seat #1 is the button
Seat 1: misuju ($119.39 in chips) 
Seat 2: MattyAllton ($296.43 in chips) 
Seat 3: gl0ryan ($100 in chips) 
Seat 4: Mahu2021 ($90.26 in chips) 
Seat 5: iNeverBluff398 ($114.98 in chips) 
Seat 6: Raising chip ($105.61 in chips) 
MattyAllton: posts small blind $0.50
gl0ryan: posts big blind $1
*** HOLE CARDS ***
Dealt to Mahu2021 [Kh 6d]
Mahu2021: folds 
iNeverBluff398: folds 
Raising chip: folds 
misuju: folds 
MattyAllton: raises $2 to $3
gl0ryan: folds 
Uncalled bet ($2) returned to MattyAllton
MattyAllton collected $2 from pot
MattyAllton: doesn't show hand 
*** SUMMARY ***
Total pot $2 | Rake $0 
Seat 1: misuju (button) folded before Flop (didn't bet)
Seat 2: MattyAllton (small blind) collected ($2)
Seat 3: gl0ryan (big blind) folded before Flop
Seat 4: Mahu2021 folded before Flop (didn't bet)
Seat 5: iNeverBluff398 folded before Flop (didn't bet)
Seat 6: Raising chip folded before Flop (didn't bet)



PokerStars Zoom Hand #254449982324:  Hold'em No Limit ($0.50/$1.00) - 2025/01/19 17:49:59 CET [2025/01/19 11:49:59 ET]
Table 'Triangulum' 6-max Seat #1 is the button
Seat 1: iNeverBluff398 ($114.98 in chips) 
Seat 2: kikoo07 ($127.72 in chips) 
Seat 3: Mahu2021 ($90.26 in chips) 
Seat 4: thomasbecks ($80.53 in chips) 
Seat 5: jimmy410 ($69.51 in chips) 
Seat 6: gl0ryan ($100 in chips) 
kikoo07: posts small blind $0.50
Mahu2021: posts big blind $1
*** HOLE CARDS ***
Dealt to Mahu2021 [Jc Qh]
thomasbecks: folds 
jimmy410: folds 
gl0ryan: folds 
iNeverBluff398: folds 
kikoo07: folds 
Uncalled bet ($0.50) returned to Mahu2021
Mahu2021 collected $1 from pot
Mahu2021: doesn't show hand 
*** SUMMARY ***
Total pot $1 | Rake $0 
Seat 1: iNeverBluff398 (button) folded before Flop (didn't bet)
Seat 2: kikoo07 (small blind) folded before Flop
Seat 3: Mahu2021 (big blind) collected ($1)
Seat 4: thomasbecks folded before Flop (didn't bet)
Seat 5: jimmy410 folded before Flop (didn't bet)
Seat 6: gl0ryan folded before Flop (didn't bet)



PokerStars Zoom Hand #254449986993:  Hold'em No Limit ($0.50/$1.00) - 2025/01/19 17:50:15 CET [2025/01/19 11:50:15 ET]
Table 'Triangulum' 6-max Seat #1 is the button
Seat 1: jimmy410 ($68.51 in chips) 
Seat 2: Mahu2021 ($90.76 in chips) 
Seat 3: Mindtilter ($102.28 in chips) 
Seat 4: kikoo07 ($127.22 in chips) 
Seat 5: aleximous ($100 in chips) 
Seat 6: lukeaaaa101 ($103.50 in chips) 
Mahu2021: posts small blind $0.50
Mindtilter: posts big blind $1
*** HOLE CARDS ***
Dealt to Mahu2021 [9h 3h]
kikoo07: raises $1.50 to $2.50
aleximous: folds 
lukeaaaa101: folds 
jimmy410: folds 
Mahu2021: folds 
Mindtilter: folds 
Uncalled bet ($1.50) returned to kikoo07
kikoo07 collected $2.50 from pot
kikoo07: doesn't show hand 
*** SUMMARY ***
Total pot $2.50 | Rake $0 
Seat 1: jimmy410 (button) folded before Flop (didn't bet)
Seat 2: Mahu2021 (small blind) folded before Flop
Seat 3: Mindtilter (big blind) folded before Flop
Seat 4: kikoo07 collected ($2.50)
Seat 5: aleximous folded before Flop (didn't bet)
Seat 6: lukeaaaa101 folded before Flop (didn't bet)



PokerStars Zoom Hand #254449985003:  Hold'em No Limit ($0.50/$1.00) - 2025/01/19 17:50:08 CET [2025/01/19 11:50:08 ET]
Table 'Triangulum' 6-max Seat #1 is the button
Seat 1: iNeverBluff398 ($110.09 in chips) 
Seat 2: gl0ryan ($100 in chips) 
Seat 3: imhungarian8 ($100 in chips) 
Seat 4: thomasbecks ($80.03 in chips) 
Seat 5: prinzantonio ($30.14 in chips) 
Seat 6: Mahu2021 ($90.76 in chips) 
gl0ryan: posts small blind $0.50
imhungarian8: posts big blind $1
*** HOLE CARDS ***
Dealt to Mahu2021 [8h 3d]
thomasbecks: folds 
prinzantonio: raises $1 to $2
Mahu2021: folds 
iNeverBluff398: raises $5.50 to $7.50
gl0ryan: folds 
imhungarian8: folds 
prinzantonio: folds 
Uncalled bet ($5.50) returned to iNeverBluff398
iNeverBluff398 collected $5.50 from pot
iNeverBluff398: doesn't show hand 
*** SUMMARY ***
Total pot $5.50 | Rake $0 
Seat 1: iNeverBluff398 (button) collected ($5.50)
Seat 2: gl0ryan (small blind) folded before Flop
Seat 3: imhungarian8 (big blind) folded before Flop
Seat 4: thomasbecks folded before Flop (didn't bet)
Seat 5: prinzantonio folded before Flop
Seat 6: Mahu2021 folded before Flop (didn't bet)



PokerStars Zoom Hand #254449989957:  Hold'em No Limit ($0.50/$1.00) - 2025/01/19 17:50:25 CET [2025/01/19 11:50:25 ET]
Table 'Triangulum' 6-max Seat #1 is the button
Seat 1: Mahu2021 ($90.26 in chips) 
Seat 2: IrukandjiLi ($122.12 in chips) 
Seat 3: lukeaaaa101 ($103.50 in chips) 
Seat 4: Mindtilter ($106.88 in chips) 
Seat 5: EdgarYY ($107.10 in chips) 
Seat 6: maxrion ($59.79 in chips) 
IrukandjiLi: posts small blind $0.50
lukeaaaa101: posts big blind $1
*** HOLE CARDS ***
Dealt to Mahu2021 [7s 9c]
Mindtilter: folds 
EdgarYY: raises $1 to $2
maxrion: folds 
Mahu2021: folds 
IrukandjiLi: folds 
lukeaaaa101: folds 
Uncalled bet ($1) returned to EdgarYY
EdgarYY collected $2.50 from pot
EdgarYY: doesn't show hand 
*** SUMMARY ***
Total pot $2.50 | Rake $0 
Seat 1: Mahu2021 (button) folded before Flop (didn't bet)
Seat 2: IrukandjiLi (small blind) folded before Flop
Seat 3: lukeaaaa101 (big blind) folded before Flop
Seat 4: Mindtilter folded before Flop (didn't bet)
Seat 5: EdgarYY collected ($2.50)
Seat 6: maxrion folded before Flop (didn't bet)



PokerStars Zoom Hand #254449991138:  Hold'em No Limit ($0.50/$1.00) - 2025/01/19 17:50:29 CET [2025/01/19 11:50:29 ET]
Table 'Triangulum' 6-max Seat #1 is the button
Seat 1: aleximous ($115.02 in chips) 
Seat 2: Mindtilter ($101.28 in chips) 
Seat 3: imhungarian8 ($100 in chips) 
Seat 4: CichiChanMarian ($132.95 in chips) 
Seat 5: iNeverBluff398 ($118.85 in chips) 
Seat 6: Mahu2021 ($90.26 in chips) 
Mindtilter: posts small blind $0.50
imhungarian8: posts big blind $1
*** HOLE CARDS ***
Dealt to Mahu2021 [Qs Kd]
CichiChanMarian: folds 
iNeverBluff398: folds 
Mahu2021: raises $1 to $2
aleximous: folds 
Mindtilter: raises $6 to $8
imhungarian8: folds 
Mahu2021: folds 
Uncalled bet ($6) returned to Mindtilter
Mindtilter collected $5 from pot
Mindtilter: doesn't show hand 
*** SUMMARY ***
Total pot $5 | Rake $0 
Seat 1: aleximous (button) folded before Flop (didn't bet)
Seat 2: Mindtilter (small blind) collected ($5)
Seat 3: imhungarian8 (big blind) folded before Flop
Seat 4: CichiChanMarian folded before Flop (didn't bet)
Seat 5: iNeverBluff398 folded before Flop (didn't bet)
Seat 6: Mahu2021 folded before Flop



PokerStars Zoom Hand #254449997132:  Hold'em No Limit ($0.50/$1.00) - 2025/01/19 17:50:49 CET [2025/01/19 11:50:49 ET]
Table 'Triangulum' 6-max Seat #1 is the button
Seat 1: imhungarian8 ($100 in chips) 
Seat 2: Mahu2021 ($88.26 in chips) 
Seat 3: Gregory_Miha ($112.84 in chips) 
Seat 4: IrukandjiLi ($123.12 in chips) 
Seat 5: EdgarYY ($116.22 in chips) 
Seat 6: simoniustin ($101.50 in chips) 
Mahu2021: posts small blind $0.50
Gregory_Miha: posts big blind $1
*** HOLE CARDS ***
Dealt to Mahu2021 [Kc 7s]
IrukandjiLi: raises $1 to $2
EdgarYY: folds 
simoniustin: folds 
imhungarian8: folds 
Mahu2021: folds 
Gregory_Miha: folds 
Uncalled bet ($1) returned to IrukandjiLi
IrukandjiLi collected $2.50 from pot
IrukandjiLi: doesn't show hand 
*** SUMMARY ***
Total pot $2.50 | Rake $0 
Seat 1: imhungarian8 (button) folded before Flop (didn't bet)
Seat 2: Mahu2021 (small blind) folded before Flop
Seat 3: Gregory_Miha (big blind) folded before Flop
Seat 4: IrukandjiLi collected ($2.50)
Seat 5: EdgarYY folded before Flop (didn't bet)
Seat 6: simoniustin folded before Flop (didn't bet)



PokerStars Zoom Hand #254449998539:  Hold'em No Limit ($0.50/$1.00) - 2025/01/19 17:50:54 CET [2025/01/19 11:50:54 ET]
Table 'Triangulum' 6-max Seat #1 is the button
Seat 1: Mindtilter ($104.28 in chips) 
Seat 2: iNeverBluff398 ($112.59 in chips) 
Seat 3: Mahu2021 ($87.76 in chips) 
Seat 4: kikoo07 ($132.98 in chips) 
Seat 5: gl0ryan ($102 in chips) 
Seat 6: leandro_h772 ($96.50 in chips) 
iNeverBluff398: posts small blind $0.50
Mahu2021: posts big blind $1
*** HOLE CARDS ***
Dealt to Mahu2021 [8h 5d]
kikoo07: folds 
gl0ryan: raises $1.50 to $2.50
leandro_h772: folds 
Mindtilter: folds 
iNeverBluff398: folds 
Mahu2021: folds 
Uncalled bet ($1.50) returned to gl0ryan
gl0ryan collected $2.50 from pot
gl0ryan: doesn't show hand 
*** SUMMARY ***
Total pot $2.50 | Rake $0 
Seat 1: Mindtilter (button) folded before Flop (didn't bet)
Seat 2: iNeverBluff398 (small blind) folded before Flop
Seat 3: Mahu2021 (big blind) folded before Flop
Seat 4: kikoo07 folded before Flop (didn't bet)
Seat 5: gl0ryan collected ($2.50)
Seat 6: leandro_h772 folded before Flop (didn't bet)



PokerStars Zoom Hand #254450004239:  Hold'em No Limit ($0.50/$1.00) - 2025/01/19 17:51:13 CET [2025/01/19 11:51:13 ET]
Table 'Triangulum' 6-max Seat #1 is the button
Seat 1: gl0ryan ($100 in chips) 
Seat 2: kikoo07 ($132.98 in chips) 
Seat 3: EdgarYY ($116.22 in chips) 
Seat 4: aleximous ($100 in chips) 
Seat 5: Mahu2021 ($86.76 in chips) 
Seat 6: imhungarian8 ($100 in chips) 
kikoo07: posts small blind $0.50
EdgarYY: posts big blind $1
*** HOLE CARDS ***
Dealt to Mahu2021 [2h As]
aleximous: folds 
Mahu2021: folds 
imhungarian8: folds 
gl0ryan: raises $1.50 to $2.50
kikoo07: folds 
EdgarYY: folds 
Uncalled bet ($1.50) returned to gl0ryan
gl0ryan collected $2.50 from pot
gl0ryan: doesn't show hand 
*** SUMMARY ***
Total pot $2.50 | Rake $0 
Seat 1: gl0ryan (button) collected ($2.50)
Seat 2: kikoo07 (small blind) folded before Flop
Seat 3: EdgarYY (big blind) folded before Flop
Seat 4: aleximous folded before Flop (didn't bet)
Seat 5: Mahu2021 folded before Flop (didn't bet)
Seat 6: imhungarian8 folded before Flop (didn't bet)



PokerStars Zoom Hand #254449988121:  Hold'em No Limit ($0.50/$1.00) - 2025/01/19 17:50:19 CET [2025/01/19 11:50:19 ET]
Table 'Triangulum' 6-max Seat #1 is the button
Seat 1: iNeverBluff398 ($100 in chips) 
Seat 2: Raising chip ($100 in chips) 
Seat 3: maxrion ($60.79 in chips) 
Seat 4: Mahu2021 ($90.26 in chips) 
Seat 5: jimmy410 ($68.51 in chips) 
Seat 6: EdgarYY ($105.48 in chips) 
Raising chip: posts small blind $0.50
maxrion: posts big blind $1
*** HOLE CARDS ***
Dealt to Mahu2021 [Kh 2d]
Mahu2021: folds 
jimmy410: folds 
EdgarYY: folds 
iNeverBluff398: raises $1.20 to $2.20
Raising chip: calls $1.70
maxrion: folds 
*** FLOP *** [9c 7c 3s]
Raising chip: bets $2.46
iNeverBluff398: raises $2.46 to $4.92
Raising chip: calls $2.46
*** TURN *** [9c 7c 3s] [Ts]
Raising chip: bets $10.57
iNeverBluff398: calls $10.57
*** RIVER *** [9c 7c 3s Ts] [3h]
Raising chip: checks 
iNeverBluff398: bets $17.28
Raising chip: calls $17.28
*** SHOW DOWN ***
iNeverBluff398: shows [9s Tc] (two pair, Tens and Nines)
Raising chip: mucks hand 
iNeverBluff398 collected $68.44 from pot
*** SUMMARY ***
Total pot $70.94 | Rake $2.50 
Board [9c 7c 3s Ts 3h]
Seat 1: iNeverBluff398 (button) showed [9s Tc] and won ($68.44) with two pair, Tens and Nines
Seat 2: Raising chip (small blind) mucked [9h Ac]
Seat 3: maxrion (big blind) folded before Flop
Seat 4: Mahu2021 folded before Flop (didn't bet)
Seat 5: jimmy410 folded before Flop (didn't bet)
Seat 6: EdgarYY folded before Flop (didn't bet)



PokerStars Zoom Hand #254449979034:  Hold'em No Limit ($0.50/$1.00) - 2025/01/19 17:49:48 CET [2025/01/19 11:49:48 ET]
Table 'Triangulum' 6-max Seat #1 is the button
Seat 1: Mahu2021 ($90.26 in chips) 
Seat 2: imhungarian8 ($100 in chips) 
Seat 3: simoniustin ($100 in chips) 
Seat 4: Gregory_Miha ($119.01 in chips) 
Seat 5: SanMo30 ($97.30 in chips) 
Seat 6: Mindtilter ($105.38 in chips) 
imhungarian8: posts small blind $0.50
simoniustin: posts big blind $1
*** HOLE CARDS ***
Dealt to Mahu2021 [3c 2c]
Gregory_Miha: folds 
SanMo30: calls $1
Mindtilter: folds 
Mahu2021: folds 
imhungarian8: calls $0.50
simoniustin: raises $5 to $6
SanMo30: calls $5
imhungarian8: calls $5
*** FLOP *** [6c Ks Th]
imhungarian8: checks 
simoniustin: bets $9
SanMo30: calls $9
imhungarian8: folds 
*** TURN *** [6c Ks Th] [Js]
simoniustin: bets $24
SanMo30: calls $24
*** RIVER *** [6c Ks Th Js] [7d]
simoniustin: bets $48
SanMo30: folds 
Uncalled bet ($48) returned to simoniustin
simoniustin collected $81.50 from pot
simoniustin: doesn't show hand 
*** SUMMARY ***
Total pot $84 | Rake $2.50 
Board [6c Ks Th Js 7d]
Seat 1: Mahu2021 (button) folded before Flop (didn't bet)
Seat 2: imhungarian8 (small blind) folded on the Flop
Seat 3: simoniustin (big blind) collected ($81.50)
Seat 4: Gregory_Miha folded before Flop (didn't bet)
Seat 5: SanMo30 folded on the River
Seat 6: Mindtilter folded before Flop (didn't bet)



PokerStars Zoom Hand #254450005133:  Hold'em No Limit ($0.50/$1.00) - 2025/01/19 17:51:16 CET [2025/01/19 11:51:16 ET]
Table 'Triangulum' 6-max Seat #1 is the button
Seat 1: kikoo07 ($132.48 in chips) 
Seat 2: simoniustin ($131.40 in chips) 
Seat 3: lol_en_uggla ($136.76 in chips) 
Seat 4: Raising chip ($115.34 in chips) 
Seat 5: imhungarian8 ($100 in chips) 
Seat 6: Mahu2021 ($86.76 in chips) 
simoniustin: posts small blind $0.50
lol_en_uggla: posts big blind $1
*** HOLE CARDS ***
Dealt to Mahu2021 [8d Qd]
Raising chip: raises $1.50 to $2.50
imhungarian8: folds 
Mahu2021: folds 
kikoo07: folds 
simoniustin: folds 
lol_en_uggla: folds 
Uncalled bet ($1.50) returned to Raising chip
Raising chip collected $2.50 from pot
Raising chip: doesn't show hand 
*** SUMMARY ***
Total pot $2.50 | Rake $0 
Seat 1: kikoo07 (button) folded before Flop (didn't bet)
Seat 2: simoniustin (small blind) folded before Flop
Seat 3: lol_en_uggla (big blind) folded before Flop
Seat 4: Raising chip collected ($2.50)
Seat 5: imhungarian8 folded before Flop (didn't bet)
Seat 6: Mahu2021 folded before Flop (didn't bet)



PokerStars Zoom Hand #254449996047:  Hold'em No Limit ($0.50/$1.00) - 2025/01/19 17:50:46 CET [2025/01/19 11:50:46 ET]
Table 'Triangulum' 6-max Seat #1 is the button
Seat 1: gl0ryan ($100 in chips) 
Seat 2: misuju ($88.95 in chips) 
Seat 3: lol_en_uggla ($138.26 in chips) 
Seat 4: Gregory_Miha ($112.84 in chips) 
Seat 5: Mahu2021 ($88.26 in chips) 
Seat 6: simoniustin ($132.40 in chips) 
misuju: posts small blind $0.50
lol_en_uggla: posts big blind $1
*** HOLE CARDS ***
Dealt to Mahu2021 [5h 2c]
Gregory_Miha: folds 
Mahu2021: folds 
simoniustin: folds 
gl0ryan: raises $1.50 to $2.50
misuju has timed out
misuju: folds 
lol_en_uggla: folds 
Uncalled bet ($1.50) returned to gl0ryan
gl0ryan collected $2.50 from pot
gl0ryan: doesn't show hand 
*** SUMMARY ***
Total pot $2.50 | Rake $0 
Seat 1: gl0ryan (button) collected ($2.50)
Seat 2: misuju (small blind) folded before Flop
Seat 3: lol_en_uggla (big blind) folded before Flop
Seat 4: Gregory_Miha folded before Flop (didn't bet)
Seat 5: Mahu2021 folded before Flop (didn't bet)
Seat 6: simoniustin folded before Flop (didn't bet)



PokerStars Zoom Hand #254450003300:  Hold'em No Limit ($0.50/$1.00) - 2025/01/19 17:51:10 CET [2025/01/19 11:51:10 ET]
Table 'Triangulum' 6-max Seat #1 is the button
Seat 1: EdgarYY ($119.82 in chips) 
Seat 2: leandro_h772 ($142.53 in chips) 
Seat 3: simoniustin ($115.65 in chips) 
Seat 4: Mahu2021 ($86.76 in chips) 
Seat 5: lol_en_uggla ($136.76 in chips) 
Seat 6: MIGHTYDWOW ($79.75 in chips) 
leandro_h772: posts small blind $0.50
simoniustin: posts big blind $1
*** HOLE CARDS ***
Dealt to Mahu2021 [4h Th]
Mahu2021: folds 
lol_en_uggla: folds 
MIGHTYDWOW: raises $2 to $3
EdgarYY: folds 
leandro_h772: calls $2.50
simoniustin: folds 
*** FLOP *** [6c 2c Kh]
leandro_h772: checks 
MIGHTYDWOW: checks 
*** TURN *** [6c 2c Kh] [8h]
leandro_h772: checks 
MIGHTYDWOW: bets $4.33
leandro_h772: folds 
Uncalled bet ($4.33) returned to MIGHTYDWOW
MIGHTYDWOW collected $6.65 from pot
MIGHTYDWOW: doesn't show hand 
*** SUMMARY ***
Total pot $7 | Rake $0.35 
Board [6c 2c Kh 8h]
Seat 1: EdgarYY (button) folded before Flop (didn't bet)
Seat 2: leandro_h772 (small blind) folded on the Turn
Seat 3: simoniustin (big blind) folded before Flop
Seat 4: Mahu2021 folded before Flop (didn't bet)
Seat 5: lol_en_uggla folded before Flop (didn't bet)
Seat 6: MIGHTYDWOW collected ($6.65)



PokerStars Zoom Hand #254450007181:  Hold'em No Limit ($0.50/$1.00) - 2025/01/19 17:51:23 CET [2025/01/19 11:51:23 ET]
Table 'Triangulum' 6-max Seat #1 is the button
Seat 1: Gregory_Miha ($111.34 in chips) 
Seat 2: IrukandjiLi ($166.91 in chips) 
Seat 3: Mahu2021 ($86.76 in chips) 
Seat 4: EdgarYY ($115.22 in chips) 
Seat 5: kikoo07 ($132.48 in chips) 
Seat 6: gl0ryan ($101.78 in chips) 
IrukandjiLi: posts small blind $0.50
Mahu2021: posts big blind $1
*** HOLE CARDS ***
Dealt to Mahu2021 [2s 7d]
EdgarYY: raises $1 to $2
kikoo07: calls $2
gl0ryan: folds 
Gregory_Miha: folds 
IrukandjiLi: folds 
Mahu2021: folds 
*** FLOP *** [Jd 7h 8c]
EdgarYY: checks 
kikoo07: checks 
*** TURN *** [Jd 7h 8c] [2h]
EdgarYY: checks 
kikoo07: checks 
*** RIVER *** [Jd 7h 8c 2h] [Ts]
EdgarYY: checks 
kikoo07: bets $1.77
EdgarYY: folds 
Uncalled bet ($1.77) returned to kikoo07
kikoo07 collected $5.22 from pot
kikoo07: doesn't show hand 
*** SUMMARY ***
Total pot $5.50 | Rake $0.28 
Board [Jd 7h 8c 2h Ts]
Seat 1: Gregory_Miha (button) folded before Flop (didn't bet)
Seat 2: IrukandjiLi (small blind) folded before Flop
Seat 3: Mahu2021 (big blind) folded before Flop
Seat 4: EdgarYY folded on the River
Seat 5: kikoo07 collected ($5.22)
Seat 6: gl0ryan folded before Flop (didn't bet)



PokerStars Zoom Hand #254450008133:  Hold'em No Limit ($0.50/$1.00) - 2025/01/19 17:51:26 CET [2025/01/19 11:51:26 ET]
Table 'Triangulum' 6-max Seat #1 is the button
Seat 1: Mahu2021 ($85.76 in chips) 
Seat 2: CichiChanMarian ($131.95 in chips) 
Seat 3: gl0ryan ($101.78 in chips) 
Seat 4: iNeverBluff398 ($133.47 in chips) 
Seat 5: simoniustin ($114.65 in chips) 
Seat 6: Raising chip ($100 in chips) 
CichiChanMarian: posts small blind $0.50
gl0ryan: posts big blind $1
*** HOLE CARDS ***
Dealt to Mahu2021 [Tc Jc]
iNeverBluff398: raises $1.20 to $2.20
simoniustin: folds 
Raising chip: folds 
Mahu2021: calls $2.20
CichiChanMarian: folds 
gl0ryan: calls $1.20
*** FLOP *** [Qh 8d Ah]
gl0ryan: checks 
iNeverBluff398: checks 
Mahu2021: checks 
*** TURN *** [Qh 8d Ah] [Kd]
gl0ryan: checks 
iNeverBluff398: bets $5.05
Mahu2021: calls $5.05
gl0ryan: folds 
*** RIVER *** [Qh 8d Ah Kd] [8s]
iNeverBluff398: bets $32.68
Mahu2021: calls $32.68
*** SHOW DOWN ***
iNeverBluff398: shows [Ks Kc] (a full house, Kings full of Eights)
Mahu2021: mucks hand 
iNeverBluff398 collected $80.06 from pot
*** SUMMARY ***
Total pot $82.56 | Rake $2.50 
Board [Qh 8d Ah Kd 8s]
Seat 1: Mahu2021 (button) mucked [Tc Jc]
Seat 2: CichiChanMarian (small blind) folded before Flop
Seat 3: gl0ryan (big blind) folded on the Turn
Seat 4: iNeverBluff398 showed [Ks Kc] and won ($80.06) with a full house, Kings full of Eights
Seat 5: simoniustin folded before Flop (didn't bet)
Seat 6: Raising chip folded before Flop (didn't bet)



