PokerStars Hand #253284014448: Tournament #3820754154, $1.84+$0.16 USD Hold'em No Limit - Level I (10/20) - 2024/11/06 20:06:45 CET [2024/11/06 14:06:45 ET]
Table '3820754154 1' 3-max Seat #1 is the button
Seat 1: VitorSalo (500 in chips) 
Seat 2: Mahu2021 (500 in chips) 
Seat 3: Dulis1000 (500 in chips) 
Mahu2021: posts small blind 10
Dulis1000: posts big blind 20
*** HOLE CARDS ***
Dealt to Mahu2021 [7h Th]
VitorSalo: raises 20 to 40
Mahu2021: calls 30
Dulis1000: calls 20
*** FLOP *** [5d 5s 2s]
Mahu2021: checks 
Dulis1000: bets 36
VitorSalo: raises 36 to 72
Mahu2021: folds 
Dulis1000: calls 36
*** TURN *** [5d 5s 2s] [4s]
Dulis1000: checks 
VitorSalo: bets 80
Dulis1000: folds 
Uncalled bet (80) returned to VitorSalo
VitorSalo collected 264 from pot
VitorSalo: doesn't show hand 
*** SUMMARY ***
Total pot 264 | Rake 0 
Board [5d 5s 2s 4s]
Seat 1: VitorSalo (button) collected (264)
Seat 2: Mahu2021 (small blind) folded on the Flop
Seat 3: Dulis1000 (big blind) folded on the Turn



PokerStars Hand #253284022607: Tournament #3820754154, $1.84+$0.16 USD Hold'em No Limit - Level I (10/20) - 2024/11/06 20:07:16 CET [2024/11/06 14:07:16 ET]
Table '3820754154 1' 3-max Seat #2 is the button
Seat 1: VitorSalo (652 in chips) 
Seat 2: Mahu2021 (460 in chips) 
Seat 3: Dulis1000 (388 in chips) 
Dulis1000: posts small blind 10
VitorSalo: posts big blind 20
*** HOLE CARDS ***
Dealt to Mahu2021 [6c 5c]
Mahu2021: calls 20
Dulis1000: folds 
VitorSalo: checks 
*** FLOP *** [4d 3d 5s]
VitorSalo: checks 
Mahu2021: bets 50
VitorSalo: folds 
Uncalled bet (50) returned to Mahu2021
Mahu2021 collected 50 from pot
Mahu2021: doesn't show hand 
*** SUMMARY ***
Total pot 50 | Rake 0 
Board [4d 3d 5s]
Seat 1: VitorSalo (big blind) folded on the Flop
Seat 2: Mahu2021 (button) collected (50)
Seat 3: Dulis1000 (small blind) folded before Flop



PokerStars Hand #253284028662: Tournament #3820754154, $1.84+$0.16 USD Hold'em No Limit - Level I (10/20) - 2024/11/06 20:07:39 CET [2024/11/06 14:07:39 ET]
Table '3820754154 1' 3-max Seat #3 is the button
Seat 1: VitorSalo (632 in chips) 
Seat 2: Mahu2021 (490 in chips) 
Seat 3: Dulis1000 (378 in chips) 
VitorSalo: posts small blind 10
Mahu2021: posts big blind 20
*** HOLE CARDS ***
Dealt to Mahu2021 [7c 7d]
Dulis1000: folds 
VitorSalo: folds 
Uncalled bet (10) returned to Mahu2021
Mahu2021 collected 20 from pot
Mahu2021: doesn't show hand 
*** SUMMARY ***
Total pot 20 | Rake 0 
Seat 1: VitorSalo (small blind) folded before Flop
Seat 2: Mahu2021 (big blind) collected (20)
Seat 3: Dulis1000 (button) folded before Flop (didn't bet)



PokerStars Hand #253284030323: Tournament #3820754154, $1.84+$0.16 USD Hold'em No Limit - Level I (10/20) - 2024/11/06 20:07:45 CET [2024/11/06 14:07:45 ET]
Table '3820754154 1' 3-max Seat #1 is the button
Seat 1: VitorSalo (622 in chips) 
Seat 2: Mahu2021 (500 in chips) 
Seat 3: Dulis1000 (378 in chips) 
Mahu2021: posts small blind 10
Dulis1000: posts big blind 20
*** HOLE CARDS ***
Dealt to Mahu2021 [2d Jc]
VitorSalo: calls 20
Mahu2021: calls 10
Dulis1000: raises 34 to 54
VitorSalo: folds 
Mahu2021: folds 
Uncalled bet (34) returned to Dulis1000
Dulis1000 collected 60 from pot
Dulis1000: doesn't show hand 
*** SUMMARY ***
Total pot 60 | Rake 0 
Seat 1: VitorSalo (button) folded before Flop
Seat 2: Mahu2021 (small blind) folded before Flop
Seat 3: Dulis1000 (big blind) collected (60)



PokerStars Hand #253284033984: Tournament #3820754154, $1.84+$0.16 USD Hold'em No Limit - Level I (10/20) - 2024/11/06 20:07:59 CET [2024/11/06 14:07:59 ET]
Table '3820754154 1' 3-max Seat #2 is the button
Seat 1: VitorSalo (602 in chips) 
Seat 2: Mahu2021 (480 in chips) 
Seat 3: Dulis1000 (418 in chips) 
Dulis1000: posts small blind 10
VitorSalo: posts big blind 20
*** HOLE CARDS ***
Dealt to Mahu2021 [Ac 7c]
Mahu2021: raises 20 to 40
Dulis1000: folds 
VitorSalo: folds 
Uncalled bet (20) returned to Mahu2021
Mahu2021 collected 50 from pot
Mahu2021: doesn't show hand 
*** SUMMARY ***
Total pot 50 | Rake 0 
Seat 1: VitorSalo (big blind) folded before Flop
Seat 2: Mahu2021 (button) collected (50)
Seat 3: Dulis1000 (small blind) folded before Flop



PokerStars Hand #253284036208: Tournament #3820754154, $1.84+$0.16 USD Hold'em No Limit - Level I (10/20) - 2024/11/06 20:08:08 CET [2024/11/06 14:08:08 ET]
Table '3820754154 1' 3-max Seat #3 is the button
Seat 1: VitorSalo (582 in chips) 
Seat 2: Mahu2021 (510 in chips) 
Seat 3: Dulis1000 (408 in chips) 
VitorSalo: posts small blind 10
Mahu2021: posts big blind 20
*** HOLE CARDS ***
Dealt to Mahu2021 [4s Jh]
Dulis1000: raises 34 to 54
VitorSalo: calls 44
Mahu2021: folds 
*** FLOP *** [Ad Tc 2s]
VitorSalo: checks 
Dulis1000: bets 38
VitorSalo: calls 38
*** TURN *** [Ad Tc 2s] [Qd]
VitorSalo: bets 40
Dulis1000: folds 
Uncalled bet (40) returned to VitorSalo
VitorSalo collected 204 from pot
VitorSalo: doesn't show hand 
*** SUMMARY ***
Total pot 204 | Rake 0 
Board [Ad Tc 2s Qd]
Seat 1: VitorSalo (small blind) collected (204)
Seat 2: Mahu2021 (big blind) folded before Flop
Seat 3: Dulis1000 (button) folded on the Turn



PokerStars Hand #253284042289: Tournament #3820754154, $1.84+$0.16 USD Hold'em No Limit - Level I (10/20) - 2024/11/06 20:08:31 CET [2024/11/06 14:08:31 ET]
Table '3820754154 1' 3-max Seat #1 is the button
Seat 1: VitorSalo (694 in chips) 
Seat 2: Mahu2021 (490 in chips) 
Seat 3: Dulis1000 (316 in chips) 
Mahu2021: posts small blind 10
Dulis1000: posts big blind 20
*** HOLE CARDS ***
Dealt to Mahu2021 [8h 4d]
VitorSalo: raises 20 to 40
Mahu2021: folds 
Dulis1000: raises 276 to 316 and is all-in
VitorSalo: calls 276
*** FLOP *** [7s Jc 9c]
*** TURN *** [7s Jc 9c] [3c]
*** RIVER *** [7s Jc 9c 3c] [Ks]
*** SHOW DOWN ***
Dulis1000: shows [Qs As] (high card Ace)
VitorSalo: shows [2d Ad] (high card Ace - lower kicker)
Dulis1000 collected 642 from pot
*** SUMMARY ***
Total pot 642 | Rake 0 
Board [7s Jc 9c 3c Ks]
Seat 1: VitorSalo (button) showed [2d Ad] and lost with high card Ace
Seat 2: Mahu2021 (small blind) folded before Flop
Seat 3: Dulis1000 (big blind) showed [Qs As] and won (642) with high card Ace



PokerStars Hand #253284046617: Tournament #3820754154, $1.84+$0.16 USD Hold'em No Limit - Level I (10/20) - 2024/11/06 20:08:47 CET [2024/11/06 14:08:47 ET]
Table '3820754154 1' 3-max Seat #2 is the button
Seat 1: VitorSalo (378 in chips) 
Seat 2: Mahu2021 (480 in chips) 
Seat 3: Dulis1000 (642 in chips) 
Dulis1000: posts small blind 10
VitorSalo: posts big blind 20
*** HOLE CARDS ***
Dealt to Mahu2021 [8c 9s]
Mahu2021: folds 
Dulis1000: raises 24 to 44
VitorSalo: calls 24
*** FLOP *** [8d As 7h]
Dulis1000: bets 26
VitorSalo: calls 26
*** TURN *** [8d As 7h] [3d]
Dulis1000: bets 42
VitorSalo: calls 42
*** RIVER *** [8d As 7h 3d] [Th]
Dulis1000: checks 
VitorSalo: checks 
*** SHOW DOWN ***
Dulis1000: shows [7s Js] (a pair of Sevens)
VitorSalo: shows [8h 9d] (a pair of Eights)
VitorSalo collected 224 from pot
*** SUMMARY ***
Total pot 224 | Rake 0 
Board [8d As 7h 3d Th]
Seat 1: VitorSalo (big blind) showed [8h 9d] and won (224) with a pair of Eights
Seat 2: Mahu2021 (button) folded before Flop (didn't bet)
Seat 3: Dulis1000 (small blind) showed [7s Js] and lost with a pair of Sevens



PokerStars Hand #253284057569: Tournament #3820754154, $1.84+$0.16 USD Hold'em No Limit - Level I (10/20) - 2024/11/06 20:09:29 CET [2024/11/06 14:09:29 ET]
Table '3820754154 1' 3-max Seat #3 is the button
Seat 1: VitorSalo (490 in chips) 
Seat 2: Mahu2021 (480 in chips) 
Seat 3: Dulis1000 (530 in chips) 
VitorSalo: posts small blind 10
Mahu2021: posts big blind 20
*** HOLE CARDS ***
Dealt to Mahu2021 [6s 5c]
Dulis1000: folds 
VitorSalo: calls 10
Mahu2021: checks 
*** FLOP *** [4s Qs 5s]
VitorSalo: checks 
Mahu2021: bets 40
VitorSalo: calls 40
*** TURN *** [4s Qs 5s] [Jc]
VitorSalo: checks 
Mahu2021: bets 40
VitorSalo: calls 40
*** RIVER *** [4s Qs 5s Jc] [7s]
VitorSalo: checks 
Mahu2021: checks 
*** SHOW DOWN ***
VitorSalo: shows [8c 9s] (a flush, Queen high)
Mahu2021: mucks hand 
VitorSalo collected 200 from pot
*** SUMMARY ***
Total pot 200 | Rake 0 
Board [4s Qs 5s Jc 7s]
Seat 1: VitorSalo (small blind) showed [8c 9s] and won (200) with a flush, Queen high
Seat 2: Mahu2021 (big blind) mucked [6s 5c]
Seat 3: Dulis1000 (button) folded before Flop (didn't bet)



PokerStars Hand #253284068063: Tournament #3820754154, $1.84+$0.16 USD Hold'em No Limit - Level II (15/30) - 2024/11/06 20:10:08 CET [2024/11/06 14:10:08 ET]
Table '3820754154 1' 3-max Seat #1 is the button
Seat 1: VitorSalo (590 in chips) 
Seat 2: Mahu2021 (380 in chips) 
Seat 3: Dulis1000 (530 in chips) 
Mahu2021: posts small blind 15
Dulis1000: posts big blind 30
*** HOLE CARDS ***
Dealt to Mahu2021 [Kh Qh]
VitorSalo: raises 30 to 60
Mahu2021: calls 45
Dulis1000: folds 
*** FLOP *** [Jc Kd 8d]
Mahu2021: bets 150
VitorSalo: folds 
Uncalled bet (150) returned to Mahu2021
Mahu2021 collected 150 from pot
Mahu2021: doesn't show hand 
*** SUMMARY ***
Total pot 150 | Rake 0 
Board [Jc Kd 8d]
Seat 1: VitorSalo (button) folded on the Flop
Seat 2: Mahu2021 (small blind) collected (150)
Seat 3: Dulis1000 (big blind) folded before Flop



PokerStars Hand #253284071846: Tournament #3820754154, $1.84+$0.16 USD Hold'em No Limit - Level II (15/30) - 2024/11/06 20:10:23 CET [2024/11/06 14:10:23 ET]
Table '3820754154 1' 3-max Seat #2 is the button
Seat 1: VitorSalo (530 in chips) 
Seat 2: Mahu2021 (470 in chips) 
Seat 3: Dulis1000 (500 in chips) 
Dulis1000: posts small blind 15
VitorSalo: posts big blind 30
*** HOLE CARDS ***
Dealt to Mahu2021 [6s 4d]
Mahu2021: folds 
Dulis1000: raises 30 to 60
VitorSalo: folds 
Uncalled bet (30) returned to Dulis1000
Dulis1000 collected 60 from pot
Dulis1000: doesn't show hand 
*** SUMMARY ***
Total pot 60 | Rake 0 
Seat 1: VitorSalo (big blind) folded before Flop
Seat 2: Mahu2021 (button) folded before Flop (didn't bet)
Seat 3: Dulis1000 (small blind) collected (60)



PokerStars Hand #253284073875: Tournament #3820754154, $1.84+$0.16 USD Hold'em No Limit - Level II (15/30) - 2024/11/06 20:10:30 CET [2024/11/06 14:10:30 ET]
Table '3820754154 1' 3-max Seat #3 is the button
Seat 1: VitorSalo (500 in chips) 
Seat 2: Mahu2021 (470 in chips) 
Seat 3: Dulis1000 (530 in chips) 
VitorSalo: posts small blind 15
Mahu2021: posts big blind 30
*** HOLE CARDS ***
Dealt to Mahu2021 [Qs 6c]
Dulis1000: folds 
VitorSalo: folds 
Uncalled bet (15) returned to Mahu2021
Mahu2021 collected 30 from pot
Mahu2021: doesn't show hand 
*** SUMMARY ***
Total pot 30 | Rake 0 
Seat 1: VitorSalo (small blind) folded before Flop
Seat 2: Mahu2021 (big blind) collected (30)
Seat 3: Dulis1000 (button) folded before Flop (didn't bet)



PokerStars Hand #253284075804: Tournament #3820754154, $1.84+$0.16 USD Hold'em No Limit - Level II (15/30) - 2024/11/06 20:10:38 CET [2024/11/06 14:10:38 ET]
Table '3820754154 1' 3-max Seat #1 is the button
Seat 1: VitorSalo (485 in chips) 
Seat 2: Mahu2021 (485 in chips) 
Seat 3: Dulis1000 (530 in chips) 
Mahu2021: posts small blind 15
Dulis1000: posts big blind 30
*** HOLE CARDS ***
Dealt to Mahu2021 [4h Qc]
VitorSalo: folds 
Mahu2021: calls 15
Dulis1000: checks 
*** FLOP *** [9s Js 3h]
Mahu2021: checks 
Dulis1000: checks 
*** TURN *** [9s Js 3h] [3s]
Mahu2021: checks 
Dulis1000: bets 30
Mahu2021: raises 60 to 90
Dulis1000: calls 60
*** RIVER *** [9s Js 3h 3s] [Kd]
Mahu2021: checks 
Dulis1000: bets 410 and is all-in
Mahu2021: folds 
Uncalled bet (410) returned to Dulis1000
Dulis1000 collected 240 from pot
Dulis1000: doesn't show hand 
*** SUMMARY ***
Total pot 240 | Rake 0 
Board [9s Js 3h 3s Kd]
Seat 1: VitorSalo (button) folded before Flop (didn't bet)
Seat 2: Mahu2021 (small blind) folded on the River
Seat 3: Dulis1000 (big blind) collected (240)



PokerStars Hand #253284088511: Tournament #3820754154, $1.84+$0.16 USD Hold'em No Limit - Level II (15/30) - 2024/11/06 20:11:27 CET [2024/11/06 14:11:27 ET]
Table '3820754154 1' 3-max Seat #2 is the button
Seat 1: VitorSalo (485 in chips) 
Seat 2: Mahu2021 (365 in chips) 
Seat 3: Dulis1000 (650 in chips) 
Dulis1000: posts small blind 15
VitorSalo: posts big blind 30
*** HOLE CARDS ***
Dealt to Mahu2021 [2c Qh]
Mahu2021: folds 
Dulis1000: folds 
Uncalled bet (15) returned to VitorSalo
VitorSalo collected 30 from pot
VitorSalo: doesn't show hand 
*** SUMMARY ***
Total pot 30 | Rake 0 
Seat 1: VitorSalo (big blind) collected (30)
Seat 2: Mahu2021 (button) folded before Flop (didn't bet)
Seat 3: Dulis1000 (small blind) folded before Flop



PokerStars Hand #253284092749: Tournament #3820754154, $1.84+$0.16 USD Hold'em No Limit - Level II (15/30) - 2024/11/06 20:11:43 CET [2024/11/06 14:11:43 ET]
Table '3820754154 1' 3-max Seat #3 is the button
Seat 1: VitorSalo (500 in chips) 
Seat 2: Mahu2021 (365 in chips) 
Seat 3: Dulis1000 (635 in chips) 
VitorSalo: posts small blind 15
Mahu2021: posts big blind 30
*** HOLE CARDS ***
Dealt to Mahu2021 [Ah 6c]
Dulis1000: raises 51 to 81
VitorSalo: calls 66
Mahu2021: calls 51
*** FLOP *** [9h Ac 2d]
VitorSalo: checks 
Mahu2021: bets 284 and is all-in
Dulis1000 has timed out
Dulis1000: folds 
Dulis1000 is sitting out
VitorSalo: folds 
Uncalled bet (284) returned to Mahu2021
Mahu2021 collected 243 from pot
Mahu2021: doesn't show hand 
*** SUMMARY ***
Total pot 243 | Rake 0 
Board [9h Ac 2d]
Seat 1: VitorSalo (small blind) folded on the Flop
Seat 2: Mahu2021 (big blind) collected (243)
Seat 3: Dulis1000 (button) folded on the Flop



PokerStars Hand #253284103626: Tournament #3820754154, $1.84+$0.16 USD Hold'em No Limit - Level II (15/30) - 2024/11/06 20:12:25 CET [2024/11/06 14:12:25 ET]
Table '3820754154 1' 3-max Seat #1 is the button
Seat 1: VitorSalo (419 in chips) 
Seat 2: Mahu2021 (527 in chips) 
Seat 3: Dulis1000 (554 in chips) is sitting out
Mahu2021: posts small blind 15
Dulis1000: posts big blind 30
*** HOLE CARDS ***
Dealt to Mahu2021 [5h Th]
Dulis1000 has returned
VitorSalo: raises 30 to 60
Mahu2021: folds 
Dulis1000: calls 30
*** FLOP *** [3s 6s Ks]
Dulis1000: checks 
VitorSalo: bets 30
Dulis1000: folds 
Uncalled bet (30) returned to VitorSalo
VitorSalo collected 135 from pot
VitorSalo: doesn't show hand 
*** SUMMARY ***
Total pot 135 | Rake 0 
Board [3s 6s Ks]
Seat 1: VitorSalo (button) collected (135)
Seat 2: Mahu2021 (small blind) folded before Flop
Seat 3: Dulis1000 (big blind) folded on the Flop



PokerStars Hand #253284107603: Tournament #3820754154, $1.84+$0.16 USD Hold'em No Limit - Level II (15/30) - 2024/11/06 20:12:40 CET [2024/11/06 14:12:40 ET]
Table '3820754154 1' 3-max Seat #2 is the button
Seat 1: VitorSalo (494 in chips) 
Seat 2: Mahu2021 (512 in chips) 
Seat 3: Dulis1000 (494 in chips) 
Dulis1000: posts small blind 15
VitorSalo: posts big blind 30
*** HOLE CARDS ***
Dealt to Mahu2021 [4h Jc]
Mahu2021: folds 
Dulis1000: folds 
Uncalled bet (15) returned to VitorSalo
VitorSalo collected 30 from pot
VitorSalo: doesn't show hand 
*** SUMMARY ***
Total pot 30 | Rake 0 
Seat 1: VitorSalo (big blind) collected (30)
Seat 2: Mahu2021 (button) folded before Flop (didn't bet)
Seat 3: Dulis1000 (small blind) folded before Flop



PokerStars Hand #253284108903: Tournament #3820754154, $1.84+$0.16 USD Hold'em No Limit - Level II (15/30) - 2024/11/06 20:12:45 CET [2024/11/06 14:12:45 ET]
Table '3820754154 1' 3-max Seat #3 is the button
Seat 1: VitorSalo (509 in chips) 
Seat 2: Mahu2021 (512 in chips) 
Seat 3: Dulis1000 (479 in chips) 
VitorSalo: posts small blind 15
Mahu2021: posts big blind 30
*** HOLE CARDS ***
Dealt to Mahu2021 [4s 2c]
Dulis1000: folds 
VitorSalo: calls 15
Mahu2021: checks 
*** FLOP *** [3c 5s 8d]
VitorSalo: checks 
Mahu2021: checks 
*** TURN *** [3c 5s 8d] [9s]
VitorSalo: checks 
Mahu2021: checks 
*** RIVER *** [3c 5s 8d 9s] [3s]
VitorSalo: checks 
Mahu2021: checks 
*** SHOW DOWN ***
VitorSalo: shows [Jh 4d] (a pair of Threes)
Mahu2021: mucks hand 
VitorSalo collected 60 from pot
*** SUMMARY ***
Total pot 60 | Rake 0 
Board [3c 5s 8d 9s 3s]
Seat 1: VitorSalo (small blind) showed [Jh 4d] and won (60) with a pair of Threes
Seat 2: Mahu2021 (big blind) mucked [4s 2c]
Seat 3: Dulis1000 (button) folded before Flop (didn't bet)



PokerStars Hand #253284114364: Tournament #3820754154, $1.84+$0.16 USD Hold'em No Limit - Level III (20/40) - 2024/11/06 20:13:06 CET [2024/11/06 14:13:06 ET]
Table '3820754154 1' 3-max Seat #1 is the button
Seat 1: VitorSalo (539 in chips) 
Seat 2: Mahu2021 (482 in chips) 
Seat 3: Dulis1000 (479 in chips) 
Mahu2021: posts small blind 20
Dulis1000: posts big blind 40
*** HOLE CARDS ***
Dealt to Mahu2021 [Qd Qs]
VitorSalo: raises 40 to 80
Mahu2021: raises 402 to 482 and is all-in
Dulis1000 has timed out
Dulis1000: folds 
Dulis1000 is sitting out
VitorSalo: calls 402
*** FLOP *** [4d 7h 2c]
Dulis1000 has returned
*** TURN *** [4d 7h 2c] [8h]
*** RIVER *** [4d 7h 2c 8h] [Kc]
*** SHOW DOWN ***
Mahu2021: shows [Qd Qs] (a pair of Queens)
VitorSalo: shows [Ad As] (a pair of Aces)
VitorSalo collected 1004 from pot
Mahu2021 finished the tournament in 3rd place
*** SUMMARY ***
Total pot 1004 | Rake 0 
Board [4d 7h 2c 8h Kc]
Seat 1: VitorSalo (button) showed [Ad As] and won (1004) with a pair of Aces
Seat 2: Mahu2021 (small blind) showed [Qd Qs] and lost with a pair of Queens
Seat 3: Dulis1000 (big blind) folded before Flop



