PokerStars Hand #249191782971: Tournament #3723510325, $1.84+$0.16 USD Hold'em No Limit - Level I (10/20) - 2024/03/02 12:23:41 CET [2024/03/02 6:23:41 ET]
Table '3723510325 1' 3-max Seat #1 is the button
Seat 1: letsgo1969 (500 in chips) 
Seat 2: postman321-4 (500 in chips) 
Seat 3: Mahu2021 (500 in chips) 
postman321-4: posts small blind 10
Mahu2021: posts big blind 20
*** HOLE CARDS ***
Dealt to Mahu2021 [4d Jd]
letsgo1969: folds 
postman321-4: calls 10
Mahu2021: checks 
*** FLOP *** [Th Td 5d]
postman321-4: checks 
Mahu2021: bets 40
postman321-4: folds 
Uncalled bet (40) returned to Mahu2021
Mahu2021 collected 40 from pot
Mahu2021: doesn't show hand 
*** SUMMARY ***
Total pot 40 | Rake 0 
Board [Th Td 5d]
Seat 1: letsgo1969 (button) folded before Flop (didn't bet)
Seat 2: postman321-4 (small blind) folded on the Flop
Seat 3: Mahu2021 (big blind) collected (40)



PokerStars Hand #249191785563: Tournament #3723510325, $1.84+$0.16 USD Hold'em No Limit - Level I (10/20) - 2024/03/02 12:23:58 CET [2024/03/02 6:23:58 ET]
Table '3723510325 1' 3-max Seat #2 is the button
Seat 1: letsgo1969 (500 in chips) 
Seat 2: postman321-4 (480 in chips) 
Seat 3: Mahu2021 (520 in chips) 
Mahu2021: posts small blind 10
letsgo1969: posts big blind 20
*** HOLE CARDS ***
Dealt to Mahu2021 [Qh 4h]
postman321-4: folds 
Mahu2021: calls 10
letsgo1969: checks 
*** FLOP *** [Ts Td 9h]
Mahu2021: checks 
letsgo1969: checks 
*** TURN *** [Ts Td 9h] [3h]
Mahu2021: checks 
letsgo1969: checks 
*** RIVER *** [Ts Td 9h 3h] [9s]
Mahu2021: checks 
letsgo1969: checks 
*** SHOW DOWN ***
Mahu2021: shows [Qh 4h] (two pair, Tens and Nines)
letsgo1969: shows [7d Qc] (two pair, Tens and Nines)
Mahu2021 collected 20 from pot
letsgo1969 collected 20 from pot
*** SUMMARY ***
Total pot 40 | Rake 0 
Board [Ts Td 9h 3h 9s]
Seat 1: letsgo1969 (big blind) showed [7d Qc] and won (20) with two pair, Tens and Nines
Seat 2: postman321-4 (button) folded before Flop (didn't bet)
Seat 3: Mahu2021 (small blind) showed [Qh 4h] and won (20) with two pair, Tens and Nines



PokerStars Hand #249191788270: Tournament #3723510325, $1.84+$0.16 USD Hold'em No Limit - Level I (10/20) - 2024/03/02 12:24:15 CET [2024/03/02 6:24:15 ET]
Table '3723510325 1' 3-max Seat #3 is the button
Seat 1: letsgo1969 (500 in chips) 
Seat 2: postman321-4 (480 in chips) 
Seat 3: Mahu2021 (520 in chips) 
letsgo1969: posts small blind 10
postman321-4: posts big blind 20
*** HOLE CARDS ***
Dealt to Mahu2021 [7s 2d]
Mahu2021: folds 
letsgo1969: folds 
Uncalled bet (10) returned to postman321-4
postman321-4 collected 20 from pot
postman321-4: doesn't show hand 
*** SUMMARY ***
Total pot 20 | Rake 0 
Seat 1: letsgo1969 (small blind) folded before Flop
Seat 2: postman321-4 (big blind) collected (20)
Seat 3: Mahu2021 (button) folded before Flop (didn't bet)



PokerStars Hand #249191789175: Tournament #3723510325, $1.84+$0.16 USD Hold'em No Limit - Level I (10/20) - 2024/03/02 12:24:21 CET [2024/03/02 6:24:21 ET]
Table '3723510325 1' 3-max Seat #1 is the button
Seat 1: letsgo1969 (490 in chips) 
Seat 2: postman321-4 (490 in chips) 
Seat 3: Mahu2021 (520 in chips) 
postman321-4: posts small blind 10
Mahu2021: posts big blind 20
*** HOLE CARDS ***
Dealt to Mahu2021 [Kd Ks]
letsgo1969: folds 
postman321-4: folds 
Uncalled bet (10) returned to Mahu2021
Mahu2021 collected 20 from pot
Mahu2021: doesn't show hand 
*** SUMMARY ***
Total pot 20 | Rake 0 
Seat 1: letsgo1969 (button) folded before Flop (didn't bet)
Seat 2: postman321-4 (small blind) folded before Flop
Seat 3: Mahu2021 (big blind) collected (20)



PokerStars Hand #249191790097: Tournament #3723510325, $1.84+$0.16 USD Hold'em No Limit - Level I (10/20) - 2024/03/02 12:24:27 CET [2024/03/02 6:24:27 ET]
Table '3723510325 1' 3-max Seat #2 is the button
Seat 1: letsgo1969 (490 in chips) 
Seat 2: postman321-4 (480 in chips) 
Seat 3: Mahu2021 (530 in chips) 
Mahu2021: posts small blind 10
letsgo1969: posts big blind 20
*** HOLE CARDS ***
Dealt to Mahu2021 [Ts Tc]
postman321-4: calls 20
Mahu2021: calls 10
letsgo1969: checks 
*** FLOP *** [7h 3d Qc]
Mahu2021: bets 40
letsgo1969: folds 
postman321-4: calls 40
*** TURN *** [7h 3d Qc] [9c]
Mahu2021: bets 40
postman321-4: folds 
Uncalled bet (40) returned to Mahu2021
Mahu2021 collected 140 from pot
Mahu2021: doesn't show hand 
*** SUMMARY ***
Total pot 140 | Rake 0 
Board [7h 3d Qc 9c]
Seat 1: letsgo1969 (big blind) folded on the Flop
Seat 2: postman321-4 (button) folded on the Turn
Seat 3: Mahu2021 (small blind) collected (140)



PokerStars Hand #249191793680: Tournament #3723510325, $1.84+$0.16 USD Hold'em No Limit - Level I (10/20) - 2024/03/02 12:24:50 CET [2024/03/02 6:24:50 ET]
Table '3723510325 1' 3-max Seat #3 is the button
Seat 1: letsgo1969 (470 in chips) 
Seat 2: postman321-4 (420 in chips) 
Seat 3: Mahu2021 (610 in chips) 
letsgo1969: posts small blind 10
postman321-4: posts big blind 20
*** HOLE CARDS ***
Dealt to Mahu2021 [As 2c]
Mahu2021: calls 20
letsgo1969: raises 60 to 80
postman321-4: folds 
Mahu2021: folds 
Uncalled bet (60) returned to letsgo1969
letsgo1969 collected 60 from pot
*** SUMMARY ***
Total pot 60 | Rake 0 
Seat 1: letsgo1969 (small blind) collected (60)
Seat 2: postman321-4 (big blind) folded before Flop
Seat 3: Mahu2021 (button) folded before Flop



PokerStars Hand #249191795204: Tournament #3723510325, $1.84+$0.16 USD Hold'em No Limit - Level I (10/20) - 2024/03/02 12:25:00 CET [2024/03/02 6:25:00 ET]
Table '3723510325 1' 3-max Seat #1 is the button
Seat 1: letsgo1969 (510 in chips) 
Seat 2: postman321-4 (400 in chips) 
Seat 3: Mahu2021 (590 in chips) 
postman321-4: posts small blind 10
Mahu2021: posts big blind 20
*** HOLE CARDS ***
Dealt to Mahu2021 [2s Qd]
letsgo1969: folds 
postman321-4: calls 10
Mahu2021: checks 
*** FLOP *** [5d 7s 8h]
postman321-4: bets 40
Mahu2021: folds 
Uncalled bet (40) returned to postman321-4
postman321-4 collected 40 from pot
postman321-4: doesn't show hand 
*** SUMMARY ***
Total pot 40 | Rake 0 
Board [5d 7s 8h]
Seat 1: letsgo1969 (button) folded before Flop (didn't bet)
Seat 2: postman321-4 (small blind) collected (40)
Seat 3: Mahu2021 (big blind) folded on the Flop



PokerStars Hand #249191797271: Tournament #3723510325, $1.84+$0.16 USD Hold'em No Limit - Level I (10/20) - 2024/03/02 12:25:13 CET [2024/03/02 6:25:13 ET]
Table '3723510325 1' 3-max Seat #2 is the button
Seat 1: letsgo1969 (510 in chips) 
Seat 2: postman321-4 (420 in chips) 
Seat 3: Mahu2021 (570 in chips) 
Mahu2021: posts small blind 10
letsgo1969: posts big blind 20
*** HOLE CARDS ***
Dealt to Mahu2021 [3d 9c]
postman321-4: folds 
Mahu2021: folds 
Uncalled bet (10) returned to letsgo1969
letsgo1969 collected 20 from pot
*** SUMMARY ***
Total pot 20 | Rake 0 
Seat 1: letsgo1969 (big blind) collected (20)
Seat 2: postman321-4 (button) folded before Flop (didn't bet)
Seat 3: Mahu2021 (small blind) folded before Flop



PokerStars Hand #249191798124: Tournament #3723510325, $1.84+$0.16 USD Hold'em No Limit - Level I (10/20) - 2024/03/02 12:25:18 CET [2024/03/02 6:25:18 ET]
Table '3723510325 1' 3-max Seat #3 is the button
Seat 1: letsgo1969 (520 in chips) 
Seat 2: postman321-4 (420 in chips) 
Seat 3: Mahu2021 (560 in chips) 
letsgo1969: posts small blind 10
postman321-4: posts big blind 20
*** HOLE CARDS ***
Dealt to Mahu2021 [4h 3d]
Mahu2021: folds 
letsgo1969: raises 500 to 520 and is all-in
postman321-4: folds 
Uncalled bet (500) returned to letsgo1969
letsgo1969 collected 40 from pot
*** SUMMARY ***
Total pot 40 | Rake 0 
Seat 1: letsgo1969 (small blind) collected (40)
Seat 2: postman321-4 (big blind) folded before Flop
Seat 3: Mahu2021 (button) folded before Flop (didn't bet)



PokerStars Hand #249191799306: Tournament #3723510325, $1.84+$0.16 USD Hold'em No Limit - Level I (10/20) - 2024/03/02 12:25:26 CET [2024/03/02 6:25:26 ET]
Table '3723510325 1' 3-max Seat #1 is the button
Seat 1: letsgo1969 (540 in chips) 
Seat 2: postman321-4 (400 in chips) 
Seat 3: Mahu2021 (560 in chips) 
postman321-4: posts small blind 10
Mahu2021: posts big blind 20
*** HOLE CARDS ***
Dealt to Mahu2021 [2h Ac]
letsgo1969: raises 20 to 40
postman321-4: folds 
Mahu2021: calls 20
*** FLOP *** [Jd 5h 2c]
Mahu2021: checks 
letsgo1969: checks 
*** TURN *** [Jd 5h 2c] [9c]
Mahu2021: bets 40
letsgo1969: calls 40
*** RIVER *** [Jd 5h 2c 9c] [3h]
Mahu2021: bets 40
letsgo1969: folds 
Uncalled bet (40) returned to Mahu2021
Mahu2021 collected 170 from pot
Mahu2021: doesn't show hand 
*** SUMMARY ***
Total pot 170 | Rake 0 
Board [Jd 5h 2c 9c 3h]
Seat 1: letsgo1969 (button) folded on the River
Seat 2: postman321-4 (small blind) folded before Flop
Seat 3: Mahu2021 (big blind) collected (170)



PokerStars Hand #249191802952: Tournament #3723510325, $1.84+$0.16 USD Hold'em No Limit - Level II (15/30) - 2024/03/02 12:25:50 CET [2024/03/02 6:25:50 ET]
Table '3723510325 1' 3-max Seat #2 is the button
Seat 1: letsgo1969 (460 in chips) 
Seat 2: postman321-4 (390 in chips) 
Seat 3: Mahu2021 (650 in chips) 
Mahu2021: posts small blind 15
letsgo1969: posts big blind 30
*** HOLE CARDS ***
Dealt to Mahu2021 [5c Ts]
postman321-4: calls 30
Mahu2021: folds 
letsgo1969: checks 
*** FLOP *** [9d 7h Tc]
letsgo1969: checks 
postman321-4: checks 
*** TURN *** [9d 7h Tc] [Ah]
letsgo1969: checks 
postman321-4: bets 75
letsgo1969: calls 75
*** RIVER *** [9d 7h Tc Ah] [6c]
letsgo1969: checks 
postman321-4: bets 225
letsgo1969: calls 225
*** SHOW DOWN ***
postman321-4: shows [6h As] (two pair, Aces and Sixes)
letsgo1969: mucks hand 
postman321-4 collected 675 from pot
*** SUMMARY ***
Total pot 675 | Rake 0 
Board [9d 7h Tc Ah 6c]
Seat 1: letsgo1969 (big blind) mucked [4s Th]
Seat 2: postman321-4 (button) showed [6h As] and won (675) with two pair, Aces and Sixes
Seat 3: Mahu2021 (small blind) folded before Flop



PokerStars Hand #249191806860: Tournament #3723510325, $1.84+$0.16 USD Hold'em No Limit - Level II (15/30) - 2024/03/02 12:26:15 CET [2024/03/02 6:26:15 ET]
Table '3723510325 1' 3-max Seat #3 is the button
Seat 1: letsgo1969 (130 in chips) 
Seat 2: postman321-4 (735 in chips) 
Seat 3: Mahu2021 (635 in chips) 
letsgo1969: posts small blind 15
postman321-4: posts big blind 30
*** HOLE CARDS ***
Dealt to Mahu2021 [4d 9c]
Mahu2021: folds 
letsgo1969: folds 
Uncalled bet (15) returned to postman321-4
postman321-4 collected 30 from pot
postman321-4: doesn't show hand 
*** SUMMARY ***
Total pot 30 | Rake 0 
Seat 1: letsgo1969 (small blind) folded before Flop
Seat 2: postman321-4 (big blind) collected (30)
Seat 3: Mahu2021 (button) folded before Flop (didn't bet)



PokerStars Hand #249191807591: Tournament #3723510325, $1.84+$0.16 USD Hold'em No Limit - Level II (15/30) - 2024/03/02 12:26:20 CET [2024/03/02 6:26:20 ET]
Table '3723510325 1' 3-max Seat #1 is the button
Seat 1: letsgo1969 (115 in chips) 
Seat 2: postman321-4 (750 in chips) 
Seat 3: Mahu2021 (635 in chips) 
postman321-4: posts small blind 15
Mahu2021: posts big blind 30
*** HOLE CARDS ***
Dealt to Mahu2021 [Jh 7c]
letsgo1969: raises 85 to 115 and is all-in
postman321-4: folds 
Mahu2021: calls 85
*** FLOP *** [9d 5d 5c]
*** TURN *** [9d 5d 5c] [Qh]
*** RIVER *** [9d 5d 5c Qh] [Qc]
*** SHOW DOWN ***
Mahu2021: shows [Jh 7c] (two pair, Queens and Fives)
letsgo1969: shows [Qs Jd] (a full house, Queens full of Fives)
letsgo1969 collected 245 from pot
*** SUMMARY ***
Total pot 245 | Rake 0 
Board [9d 5d 5c Qh Qc]
Seat 1: letsgo1969 (button) showed [Qs Jd] and won (245) with a full house, Queens full of Fives
Seat 2: postman321-4 (small blind) folded before Flop
Seat 3: Mahu2021 (big blind) showed [Jh 7c] and lost with two pair, Queens and Fives



PokerStars Hand #249191809876: Tournament #3723510325, $1.84+$0.16 USD Hold'em No Limit - Level II (15/30) - 2024/03/02 12:26:35 CET [2024/03/02 6:26:35 ET]
Table '3723510325 1' 3-max Seat #2 is the button
Seat 1: letsgo1969 (245 in chips) 
Seat 2: postman321-4 (735 in chips) 
Seat 3: Mahu2021 (520 in chips) 
Mahu2021: posts small blind 15
letsgo1969: posts big blind 30
*** HOLE CARDS ***
Dealt to Mahu2021 [Jd 4s]
postman321-4: calls 30
Mahu2021: folds 
letsgo1969: checks 
*** FLOP *** [Qc 7h 4c]
letsgo1969: checks 
postman321-4: checks 
*** TURN *** [Qc 7h 4c] [2h]
letsgo1969: bets 75
postman321-4: folds 
Uncalled bet (75) returned to letsgo1969
letsgo1969 collected 75 from pot
*** SUMMARY ***
Total pot 75 | Rake 0 
Board [Qc 7h 4c 2h]
Seat 1: letsgo1969 (big blind) collected (75)
Seat 2: postman321-4 (button) folded on the Turn
Seat 3: Mahu2021 (small blind) folded before Flop



PokerStars Hand #249191812716: Tournament #3723510325, $1.84+$0.16 USD Hold'em No Limit - Level II (15/30) - 2024/03/02 12:26:53 CET [2024/03/02 6:26:53 ET]
Table '3723510325 1' 3-max Seat #3 is the button
Seat 1: letsgo1969 (290 in chips) 
Seat 2: postman321-4 (705 in chips) 
Seat 3: Mahu2021 (505 in chips) 
letsgo1969: posts small blind 15
postman321-4: posts big blind 30
*** HOLE CARDS ***
Dealt to Mahu2021 [7d 5s]
Mahu2021: folds 
letsgo1969: raises 260 to 290 and is all-in
postman321-4: calls 260
*** FLOP *** [5h Kc Tc]
*** TURN *** [5h Kc Tc] [8s]
*** RIVER *** [5h Kc Tc 8s] [5c]
*** SHOW DOWN ***
letsgo1969: shows [8c 8h] (a full house, Eights full of Fives)
postman321-4: shows [Qh Ts] (two pair, Tens and Fives)
letsgo1969 collected 580 from pot
*** SUMMARY ***
Total pot 580 | Rake 0 
Board [5h Kc Tc 8s 5c]
Seat 1: letsgo1969 (small blind) showed [8c 8h] and won (580) with a full house, Eights full of Fives
Seat 2: postman321-4 (big blind) showed [Qh Ts] and lost with two pair, Tens and Fives
Seat 3: Mahu2021 (button) folded before Flop (didn't bet)



PokerStars Hand #249191815278: Tournament #3723510325, $1.84+$0.16 USD Hold'em No Limit - Level II (15/30) - 2024/03/02 12:27:09 CET [2024/03/02 6:27:09 ET]
Table '3723510325 1' 3-max Seat #1 is the button
Seat 1: letsgo1969 (580 in chips) 
Seat 2: postman321-4 (415 in chips) 
Seat 3: Mahu2021 (505 in chips) 
postman321-4: posts small blind 15
Mahu2021: posts big blind 30
*** HOLE CARDS ***
Dealt to Mahu2021 [8s 5c]
letsgo1969: folds 
postman321-4: calls 15
Mahu2021: checks 
*** FLOP *** [2h 4d Jc]
postman321-4: checks 
Mahu2021: checks 
*** TURN *** [2h 4d Jc] [As]
postman321-4: checks 
Mahu2021: bets 30
postman321-4: folds 
Uncalled bet (30) returned to Mahu2021
Mahu2021 collected 60 from pot
Mahu2021: doesn't show hand 
*** SUMMARY ***
Total pot 60 | Rake 0 
Board [2h 4d Jc As]
Seat 1: letsgo1969 (button) folded before Flop (didn't bet)
Seat 2: postman321-4 (small blind) folded on the Turn
Seat 3: Mahu2021 (big blind) collected (60)



PokerStars Hand #249191817872: Tournament #3723510325, $1.84+$0.16 USD Hold'em No Limit - Level II (15/30) - 2024/03/02 12:27:25 CET [2024/03/02 6:27:25 ET]
Table '3723510325 1' 3-max Seat #2 is the button
Seat 1: letsgo1969 (580 in chips) 
Seat 2: postman321-4 (385 in chips) 
Seat 3: Mahu2021 (535 in chips) 
Mahu2021: posts small blind 15
letsgo1969: posts big blind 30
*** HOLE CARDS ***
Dealt to Mahu2021 [9d Ah]
postman321-4: calls 30
Mahu2021: calls 15
letsgo1969: checks 
*** FLOP *** [9s 7d 2d]
Mahu2021: bets 90
letsgo1969: calls 90
postman321-4: folds 
*** TURN *** [9s 7d 2d] [3s]
Mahu2021: checks 
letsgo1969: bets 135
Mahu2021: calls 135
*** RIVER *** [9s 7d 2d 3s] [Jc]
Mahu2021: bets 280 and is all-in
letsgo1969: calls 280
*** SHOW DOWN ***
Mahu2021: shows [9d Ah] (a pair of Nines)
letsgo1969: shows [3d 9c] (two pair, Nines and Threes)
letsgo1969 collected 1100 from pot
Mahu2021 finished the tournament in 3rd place
*** SUMMARY ***
Total pot 1100 | Rake 0 
Board [9s 7d 2d 3s Jc]
Seat 1: letsgo1969 (big blind) showed [3d 9c] and won (1100) with two pair, Nines and Threes
Seat 2: postman321-4 (button) folded on the Flop
Seat 3: Mahu2021 (small blind) showed [9d Ah] and lost with a pair of Nines



