PokerStars Hand #243981435101: Tournament #3597724636, $0.92+$0.08 USD Hold'em No Limit - Level I (10/20) - 2023/05/29 21:49:05 CET [2023/05/29 15:49:05 ET]
Table '3597724636 1' 3-max Seat #1 is the button
Seat 1: leninbormann (500 in chips) 
Seat 2: claudiufra60 (500 in chips) 
Seat 3: Mahu2021 (500 in chips) 
claudiufra60: posts small blind 10
Mahu2021: posts big blind 20
*** HOLE CARDS ***
Dealt to Mahu2021 [8h 3c]
leninbormann is connected 
leninbormann is disconnected 
leninbormann is connected 
leninbormann has timed out
leninbormann: folds 
leninbormann is sitting out
claudiufra60: folds 
Uncalled bet (10) returned to Mahu2021
Mahu2021 collected 20 from pot
Mahu2021: doesn't show hand 
*** SUMMARY ***
Total pot 20 | Rake 0 
Seat 1: leninbormann (button) folded before Flop (didn't bet)
Seat 2: claudiufra60 (small blind) folded before Flop
Seat 3: Mahu2021 (big blind) collected (20)



PokerStars Hand #243981441591: Tournament #3597724636, $0.92+$0.08 USD Hold'em No Limit - Level I (10/20) - 2023/05/29 21:49:20 CET [2023/05/29 15:49:20 ET]
Table '3597724636 1' 3-max Seat #2 is the button
Seat 1: leninbormann (500 in chips) is sitting out
Seat 2: claudiufra60 (490 in chips) 
Seat 3: Mahu2021 (510 in chips) 
Mahu2021: posts small blind 10
leninbormann: posts big blind 20
*** HOLE CARDS ***
Dealt to Mahu2021 [5s Kd]
leninbormann has returned
claudiufra60: folds 
Mahu2021: folds 
Uncalled bet (10) returned to leninbormann
leninbormann collected 20 from pot
leninbormann: doesn't show hand 
*** SUMMARY ***
Total pot 20 | Rake 0 
Seat 1: leninbormann (big blind) collected (20)
Seat 2: claudiufra60 (button) folded before Flop (didn't bet)
Seat 3: Mahu2021 (small blind) folded before Flop



PokerStars Hand #243981444038: Tournament #3597724636, $0.92+$0.08 USD Hold'em No Limit - Level I (10/20) - 2023/05/29 21:49:26 CET [2023/05/29 15:49:26 ET]
Table '3597724636 1' 3-max Seat #3 is the button
Seat 1: leninbormann (510 in chips) 
Seat 2: claudiufra60 (490 in chips) 
Seat 3: Mahu2021 (500 in chips) 
leninbormann: posts small blind 10
claudiufra60: posts big blind 20
*** HOLE CARDS ***
Dealt to Mahu2021 [Kc 3c]
Mahu2021: calls 20
leninbormann: folds 
claudiufra60: checks 
*** FLOP *** [8c 5s 8s]
claudiufra60: bets 25
Mahu2021: folds 
Uncalled bet (25) returned to claudiufra60
claudiufra60 collected 50 from pot
*** SUMMARY ***
Total pot 50 | Rake 0 
Board [8c 5s 8s]
Seat 1: leninbormann (small blind) folded before Flop
Seat 2: claudiufra60 (big blind) collected (50)
Seat 3: Mahu2021 (button) folded on the Flop



PokerStars Hand #243981452788: Tournament #3597724636, $0.92+$0.08 USD Hold'em No Limit - Level I (10/20) - 2023/05/29 21:49:47 CET [2023/05/29 15:49:47 ET]
Table '3597724636 1' 3-max Seat #1 is the button
Seat 1: leninbormann (500 in chips) 
Seat 2: claudiufra60 (520 in chips) 
Seat 3: Mahu2021 (480 in chips) 
claudiufra60: posts small blind 10
Mahu2021: posts big blind 20
*** HOLE CARDS ***
Dealt to Mahu2021 [Tc 6c]
leninbormann: folds 
claudiufra60: folds 
Uncalled bet (10) returned to Mahu2021
Mahu2021 collected 20 from pot
Mahu2021: doesn't show hand 
*** SUMMARY ***
Total pot 20 | Rake 0 
Seat 1: leninbormann (button) folded before Flop (didn't bet)
Seat 2: claudiufra60 (small blind) folded before Flop
Seat 3: Mahu2021 (big blind) collected (20)



PokerStars Hand #243981456334: Tournament #3597724636, $0.92+$0.08 USD Hold'em No Limit - Level I (10/20) - 2023/05/29 21:49:55 CET [2023/05/29 15:49:55 ET]
Table '3597724636 1' 3-max Seat #2 is the button
Seat 1: leninbormann (500 in chips) 
Seat 2: claudiufra60 (510 in chips) 
Seat 3: Mahu2021 (490 in chips) 
Mahu2021: posts small blind 10
leninbormann: posts big blind 20
*** HOLE CARDS ***
Dealt to Mahu2021 [Ad Jc]
claudiufra60: raises 20 to 40
Mahu2021: calls 30
leninbormann: raises 60 to 100
claudiufra60: calls 60
Mahu2021: folds 
*** FLOP *** [6d Kd 9d]
leninbormann: checks 
claudiufra60: bets 120
leninbormann: calls 120
*** TURN *** [6d Kd 9d] [7c]
leninbormann: checks 
claudiufra60: bets 290 and is all-in
leninbormann: folds 
Uncalled bet (290) returned to claudiufra60
claudiufra60 collected 480 from pot
*** SUMMARY ***
Total pot 480 | Rake 0 
Board [6d Kd 9d 7c]
Seat 1: leninbormann (big blind) folded on the Turn
Seat 2: claudiufra60 (button) collected (480)
Seat 3: Mahu2021 (small blind) folded before Flop



PokerStars Hand #243981469417: Tournament #3597724636, $0.92+$0.08 USD Hold'em No Limit - Level I (10/20) - 2023/05/29 21:50:26 CET [2023/05/29 15:50:26 ET]
Table '3597724636 1' 3-max Seat #3 is the button
Seat 1: leninbormann (280 in chips) 
Seat 2: claudiufra60 (770 in chips) 
Seat 3: Mahu2021 (450 in chips) 
leninbormann: posts small blind 10
claudiufra60: posts big blind 20
*** HOLE CARDS ***
Dealt to Mahu2021 [6s 9d]
Mahu2021: folds 
leninbormann: raises 20 to 40
claudiufra60: calls 20
*** FLOP *** [Jd Kc 7d]
leninbormann: checks 
claudiufra60: checks 
*** TURN *** [Jd Kc 7d] [2h]
leninbormann: bets 40
claudiufra60: folds 
Uncalled bet (40) returned to leninbormann
leninbormann collected 80 from pot
leninbormann: doesn't show hand 
*** SUMMARY ***
Total pot 80 | Rake 0 
Board [Jd Kc 7d 2h]
Seat 1: leninbormann (small blind) collected (80)
Seat 2: claudiufra60 (big blind) folded on the Turn
Seat 3: Mahu2021 (button) folded before Flop (didn't bet)



PokerStars Hand #243981480323: Tournament #3597724636, $0.92+$0.08 USD Hold'em No Limit - Level I (10/20) - 2023/05/29 21:50:51 CET [2023/05/29 15:50:51 ET]
Table '3597724636 1' 3-max Seat #1 is the button
Seat 1: leninbormann (320 in chips) 
Seat 2: claudiufra60 (730 in chips) 
Seat 3: Mahu2021 (450 in chips) 
claudiufra60: posts small blind 10
Mahu2021: posts big blind 20
*** HOLE CARDS ***
Dealt to Mahu2021 [6c 5c]
leninbormann: folds 
claudiufra60: calls 10
Mahu2021: checks 
*** FLOP *** [4h 3d Qc]
claudiufra60: bets 40
Mahu2021: calls 40
*** TURN *** [4h 3d Qc] [7d]
claudiufra60: bets 60
Mahu2021: calls 60
*** RIVER *** [4h 3d Qc 7d] [7h]
claudiufra60: bets 120
Mahu2021: raises 210 to 330 and is all-in
claudiufra60: folds 
Uncalled bet (210) returned to Mahu2021
Mahu2021 collected 480 from pot
Mahu2021: doesn't show hand 
*** SUMMARY ***
Total pot 480 | Rake 0 
Board [4h 3d Qc 7d 7h]
Seat 1: leninbormann (button) folded before Flop (didn't bet)
Seat 2: claudiufra60 (small blind) folded on the River
Seat 3: Mahu2021 (big blind) collected (480)



PokerStars Hand #243981489965: Tournament #3597724636, $0.92+$0.08 USD Hold'em No Limit - Level I (10/20) - 2023/05/29 21:51:14 CET [2023/05/29 15:51:14 ET]
Table '3597724636 1' 3-max Seat #2 is the button
Seat 1: leninbormann (320 in chips) 
Seat 2: claudiufra60 (490 in chips) 
Seat 3: Mahu2021 (690 in chips) 
Mahu2021: posts small blind 10
leninbormann: posts big blind 20
*** HOLE CARDS ***
Dealt to Mahu2021 [5h Qh]
claudiufra60: raises 40 to 60
Mahu2021: folds 
leninbormann: calls 40
*** FLOP *** [7c 7h 3h]
leninbormann: checks 
claudiufra60: bets 65
leninbormann: calls 65
*** TURN *** [7c 7h 3h] [5c]
leninbormann: checks 
claudiufra60: checks 
*** RIVER *** [7c 7h 3h 5c] [2d]
leninbormann: checks 
claudiufra60: bets 260
leninbormann: folds 
Uncalled bet (260) returned to claudiufra60
claudiufra60 collected 260 from pot
*** SUMMARY ***
Total pot 260 | Rake 0 
Board [7c 7h 3h 5c 2d]
Seat 1: leninbormann (big blind) folded on the River
Seat 2: claudiufra60 (button) collected (260)
Seat 3: Mahu2021 (small blind) folded before Flop



PokerStars Hand #243981504962: Tournament #3597724636, $0.92+$0.08 USD Hold'em No Limit - Level I (10/20) - 2023/05/29 21:51:49 CET [2023/05/29 15:51:49 ET]
Table '3597724636 1' 3-max Seat #3 is the button
Seat 1: leninbormann (195 in chips) 
Seat 2: claudiufra60 (625 in chips) 
Seat 3: Mahu2021 (680 in chips) 
leninbormann: posts small blind 10
claudiufra60: posts big blind 20
*** HOLE CARDS ***
Dealt to Mahu2021 [9d Tc]
Mahu2021: folds 
leninbormann: folds 
Uncalled bet (10) returned to claudiufra60
claudiufra60 collected 20 from pot
*** SUMMARY ***
Total pot 20 | Rake 0 
Seat 1: leninbormann (small blind) folded before Flop
Seat 2: claudiufra60 (big blind) collected (20)
Seat 3: Mahu2021 (button) folded before Flop (didn't bet)



PokerStars Hand #243981507303: Tournament #3597724636, $0.92+$0.08 USD Hold'em No Limit - Level I (10/20) - 2023/05/29 21:51:55 CET [2023/05/29 15:51:55 ET]
Table '3597724636 1' 3-max Seat #1 is the button
Seat 1: leninbormann (185 in chips) 
Seat 2: claudiufra60 (635 in chips) 
Seat 3: Mahu2021 (680 in chips) 
claudiufra60: posts small blind 10
Mahu2021: posts big blind 20
*** HOLE CARDS ***
Dealt to Mahu2021 [Jh 7h]
leninbormann: raises 165 to 185 and is all-in
claudiufra60: raises 165 to 350
Mahu2021: folds 
Uncalled bet (165) returned to claudiufra60
*** FLOP *** [Td 9h Qc]
*** TURN *** [Td 9h Qc] [5c]
*** RIVER *** [Td 9h Qc 5c] [9c]
*** SHOW DOWN ***
claudiufra60: shows [3d 3h] (two pair, Nines and Threes)
leninbormann: shows [4h Kh] (a pair of Nines)
claudiufra60 collected 390 from pot
leninbormann finished the tournament in 3rd place
*** SUMMARY ***
Total pot 390 | Rake 0 
Board [Td 9h Qc 5c 9c]
Seat 1: leninbormann (button) showed [4h Kh] and lost with a pair of Nines
Seat 2: claudiufra60 (small blind) showed [3d 3h] and won (390) with two pair, Nines and Threes
Seat 3: Mahu2021 (big blind) folded before Flop



PokerStars Hand #243981516918: Tournament #3597724636, $0.92+$0.08 USD Hold'em No Limit - Level II (15/30) - 2023/05/29 21:52:18 CET [2023/05/29 15:52:18 ET]
Table '3597724636 1' 3-max Seat #3 is the button
Seat 2: claudiufra60 (840 in chips) 
Seat 3: Mahu2021 (660 in chips) 
Mahu2021: posts small blind 15
claudiufra60: posts big blind 30
*** HOLE CARDS ***
Dealt to Mahu2021 [Ac 3s]
Mahu2021: calls 15
claudiufra60: checks 
*** FLOP *** [8s 2s Jc]
claudiufra60: bets 30
Mahu2021: folds 
Uncalled bet (30) returned to claudiufra60
claudiufra60 collected 60 from pot
*** SUMMARY ***
Total pot 60 | Rake 0 
Board [8s 2s Jc]
Seat 2: claudiufra60 (big blind) collected (60)
Seat 3: Mahu2021 (button) (small blind) folded on the Flop



PokerStars Hand #243981522997: Tournament #3597724636, $0.92+$0.08 USD Hold'em No Limit - Level II (15/30) - 2023/05/29 21:52:32 CET [2023/05/29 15:52:32 ET]
Table '3597724636 1' 3-max Seat #2 is the button
Seat 2: claudiufra60 (870 in chips) 
Seat 3: Mahu2021 (630 in chips) 
claudiufra60: posts small blind 15
Mahu2021: posts big blind 30
*** HOLE CARDS ***
Dealt to Mahu2021 [8c Jc]
claudiufra60: raises 30 to 60
Mahu2021: calls 30
*** FLOP *** [8h 6c 3h]
Mahu2021: checks 
claudiufra60: checks 
*** TURN *** [8h 6c 3h] [4h]
Mahu2021: bets 30
claudiufra60: raises 30 to 60
Mahu2021: calls 30
*** RIVER *** [8h 6c 3h 4h] [5c]
Mahu2021: checks 
claudiufra60: bets 120
Mahu2021: calls 120
*** SHOW DOWN ***
claudiufra60: shows [Th Ah] (a flush, Ace high)
Mahu2021: mucks hand 
claudiufra60 collected 480 from pot
*** SUMMARY ***
Total pot 480 | Rake 0 
Board [8h 6c 3h 4h 5c]
Seat 2: claudiufra60 (button) (small blind) showed [Th Ah] and won (480) with a flush, Ace high
Seat 3: Mahu2021 (big blind) mucked [8c Jc]



PokerStars Hand #243981530548: Tournament #3597724636, $0.92+$0.08 USD Hold'em No Limit - Level II (15/30) - 2023/05/29 21:52:50 CET [2023/05/29 15:52:50 ET]
Table '3597724636 1' 3-max Seat #3 is the button
Seat 2: claudiufra60 (1110 in chips) 
Seat 3: Mahu2021 (390 in chips) 
Mahu2021: posts small blind 15
claudiufra60: posts big blind 30
*** HOLE CARDS ***
Dealt to Mahu2021 [2s Th]
Mahu2021: folds 
Uncalled bet (15) returned to claudiufra60
claudiufra60 collected 30 from pot
*** SUMMARY ***
Total pot 30 | Rake 0 
Seat 2: claudiufra60 (big blind) collected (30)
Seat 3: Mahu2021 (button) (small blind) folded before Flop



PokerStars Hand #243981532325: Tournament #3597724636, $0.92+$0.08 USD Hold'em No Limit - Level II (15/30) - 2023/05/29 21:52:54 CET [2023/05/29 15:52:54 ET]
Table '3597724636 1' 3-max Seat #2 is the button
Seat 2: claudiufra60 (1125 in chips) 
Seat 3: Mahu2021 (375 in chips) 
claudiufra60: posts small blind 15
Mahu2021: posts big blind 30
*** HOLE CARDS ***
Dealt to Mahu2021 [Ts 8h]
claudiufra60: calls 15
Mahu2021: checks 
*** FLOP *** [7c Qc 2d]
Mahu2021: checks 
claudiufra60: checks 
*** TURN *** [7c Qc 2d] [9h]
Mahu2021: checks 
claudiufra60: bets 30
Mahu2021: calls 30
*** RIVER *** [7c Qc 2d 9h] [5s]
Mahu2021: checks 
claudiufra60: bets 30
Mahu2021: folds 
Uncalled bet (30) returned to claudiufra60
claudiufra60 collected 120 from pot
*** SUMMARY ***
Total pot 120 | Rake 0 
Board [7c Qc 2d 9h 5s]
Seat 2: claudiufra60 (button) (small blind) collected (120)
Seat 3: Mahu2021 (big blind) folded on the River



PokerStars Hand #243981538291: Tournament #3597724636, $0.92+$0.08 USD Hold'em No Limit - Level II (15/30) - 2023/05/29 21:53:08 CET [2023/05/29 15:53:08 ET]
Table '3597724636 1' 3-max Seat #3 is the button
Seat 2: claudiufra60 (1185 in chips) 
Seat 3: Mahu2021 (315 in chips) 
Mahu2021: posts small blind 15
claudiufra60: posts big blind 30
*** HOLE CARDS ***
Dealt to Mahu2021 [5s Kd]
Mahu2021: folds 
Uncalled bet (15) returned to claudiufra60
claudiufra60 collected 30 from pot
*** SUMMARY ***
Total pot 30 | Rake 0 
Seat 2: claudiufra60 (big blind) collected (30)
Seat 3: Mahu2021 (button) (small blind) folded before Flop



PokerStars Hand #243981540167: Tournament #3597724636, $0.92+$0.08 USD Hold'em No Limit - Level II (15/30) - 2023/05/29 21:53:13 CET [2023/05/29 15:53:13 ET]
Table '3597724636 1' 3-max Seat #2 is the button
Seat 2: claudiufra60 (1200 in chips) 
Seat 3: Mahu2021 (300 in chips) 
claudiufra60: posts small blind 15
Mahu2021: posts big blind 30
*** HOLE CARDS ***
Dealt to Mahu2021 [8h Qh]
claudiufra60: raises 30 to 60
Mahu2021: calls 30
*** FLOP *** [3h Tc 3c]
Mahu2021: checks 
claudiufra60: bets 120
Mahu2021: folds 
Uncalled bet (120) returned to claudiufra60
claudiufra60 collected 120 from pot
*** SUMMARY ***
Total pot 120 | Rake 0 
Board [3h Tc 3c]
Seat 2: claudiufra60 (button) (small blind) collected (120)
Seat 3: Mahu2021 (big blind) folded on the Flop



PokerStars Hand #243981545240: Tournament #3597724636, $0.92+$0.08 USD Hold'em No Limit - Level II (15/30) - 2023/05/29 21:53:25 CET [2023/05/29 15:53:25 ET]
Table '3597724636 1' 3-max Seat #3 is the button
Seat 2: claudiufra60 (1260 in chips) 
Seat 3: Mahu2021 (240 in chips) 
Mahu2021: posts small blind 15
claudiufra60: posts big blind 30
*** HOLE CARDS ***
Dealt to Mahu2021 [8c 3d]
Mahu2021: folds 
Uncalled bet (15) returned to claudiufra60
claudiufra60 collected 30 from pot
*** SUMMARY ***
Total pot 30 | Rake 0 
Seat 2: claudiufra60 (big blind) collected (30)
Seat 3: Mahu2021 (button) (small blind) folded before Flop



PokerStars Hand #243981547001: Tournament #3597724636, $0.92+$0.08 USD Hold'em No Limit - Level II (15/30) - 2023/05/29 21:53:29 CET [2023/05/29 15:53:29 ET]
Table '3597724636 1' 3-max Seat #2 is the button
Seat 2: claudiufra60 (1275 in chips) 
Seat 3: Mahu2021 (225 in chips) 
claudiufra60: posts small blind 15
Mahu2021: posts big blind 30
*** HOLE CARDS ***
Dealt to Mahu2021 [3c 3d]
claudiufra60: folds 
Uncalled bet (15) returned to Mahu2021
Mahu2021 collected 30 from pot
Mahu2021: doesn't show hand 
*** SUMMARY ***
Total pot 30 | Rake 0 
Seat 2: claudiufra60 (button) (small blind) folded before Flop
Seat 3: Mahu2021 (big blind) collected (30)



PokerStars Hand #243981548796: Tournament #3597724636, $0.92+$0.08 USD Hold'em No Limit - Level II (15/30) - 2023/05/29 21:53:33 CET [2023/05/29 15:53:33 ET]
Table '3597724636 1' 3-max Seat #3 is the button
Seat 2: claudiufra60 (1260 in chips) 
Seat 3: Mahu2021 (240 in chips) 
Mahu2021: posts small blind 15
claudiufra60: posts big blind 30
*** HOLE CARDS ***
Dealt to Mahu2021 [7c 4c]
Mahu2021: calls 15
claudiufra60: raises 1230 to 1260 and is all-in
Mahu2021: folds 
Uncalled bet (1230) returned to claudiufra60
claudiufra60 collected 60 from pot
*** SUMMARY ***
Total pot 60 | Rake 0 
Seat 2: claudiufra60 (big blind) collected (60)
Seat 3: Mahu2021 (button) (small blind) folded before Flop



PokerStars Hand #243981551773: Tournament #3597724636, $0.92+$0.08 USD Hold'em No Limit - Level II (15/30) - 2023/05/29 21:53:40 CET [2023/05/29 15:53:40 ET]
Table '3597724636 1' 3-max Seat #2 is the button
Seat 2: claudiufra60 (1290 in chips) 
Seat 3: Mahu2021 (210 in chips) 
claudiufra60: posts small blind 15
Mahu2021: posts big blind 30
*** HOLE CARDS ***
Dealt to Mahu2021 [8h Jc]
claudiufra60: raises 1260 to 1290 and is all-in
Mahu2021: folds 
Uncalled bet (1260) returned to claudiufra60
claudiufra60 collected 60 from pot
*** SUMMARY ***
Total pot 60 | Rake 0 
Seat 2: claudiufra60 (button) (small blind) collected (60)
Seat 3: Mahu2021 (big blind) folded before Flop



PokerStars Hand #243981554476: Tournament #3597724636, $0.92+$0.08 USD Hold'em No Limit - Level II (15/30) - 2023/05/29 21:53:47 CET [2023/05/29 15:53:47 ET]
Table '3597724636 1' 3-max Seat #3 is the button
Seat 2: claudiufra60 (1320 in chips) 
Seat 3: Mahu2021 (180 in chips) 
Mahu2021: posts small blind 15
claudiufra60: posts big blind 30
*** HOLE CARDS ***
Dealt to Mahu2021 [Ac 5c]
Mahu2021: calls 15
claudiufra60: checks 
*** FLOP *** [4c 9d 3c]
claudiufra60: bets 30
Mahu2021: raises 120 to 150 and is all-in
claudiufra60: calls 120
*** TURN *** [4c 9d 3c] [Qc]
*** RIVER *** [4c 9d 3c Qc] [As]
*** SHOW DOWN ***
claudiufra60: shows [Jd 4h] (a pair of Fours)
Mahu2021: shows [Ac 5c] (a flush, Ace high)
Mahu2021 collected 360 from pot
*** SUMMARY ***
Total pot 360 | Rake 0 
Board [4c 9d 3c Qc As]
Seat 2: claudiufra60 (big blind) showed [Jd 4h] and lost with a pair of Fours
Seat 3: Mahu2021 (button) (small blind) showed [Ac 5c] and won (360) with a flush, Ace high



PokerStars Hand #243981560895: Tournament #3597724636, $0.92+$0.08 USD Hold'em No Limit - Level II (15/30) - 2023/05/29 21:54:02 CET [2023/05/29 15:54:02 ET]
Table '3597724636 1' 3-max Seat #2 is the button
Seat 2: claudiufra60 (1140 in chips) 
Seat 3: Mahu2021 (360 in chips) 
claudiufra60: posts small blind 15
Mahu2021: posts big blind 30
*** HOLE CARDS ***
Dealt to Mahu2021 [8c Tc]
claudiufra60: folds 
Uncalled bet (15) returned to Mahu2021
Mahu2021 collected 30 from pot
Mahu2021: doesn't show hand 
*** SUMMARY ***
Total pot 30 | Rake 0 
Seat 2: claudiufra60 (button) (small blind) folded before Flop
Seat 3: Mahu2021 (big blind) collected (30)



PokerStars Hand #243981562720: Tournament #3597724636, $0.92+$0.08 USD Hold'em No Limit - Level II (15/30) - 2023/05/29 21:54:06 CET [2023/05/29 15:54:06 ET]
Table '3597724636 1' 3-max Seat #3 is the button
Seat 2: claudiufra60 (1125 in chips) 
Seat 3: Mahu2021 (375 in chips) 
Mahu2021: posts small blind 15
claudiufra60: posts big blind 30
*** HOLE CARDS ***
Dealt to Mahu2021 [2c 5s]
Mahu2021: folds 
Uncalled bet (15) returned to claudiufra60
claudiufra60 collected 30 from pot
*** SUMMARY ***
Total pot 30 | Rake 0 
Seat 2: claudiufra60 (big blind) collected (30)
Seat 3: Mahu2021 (button) (small blind) folded before Flop



PokerStars Hand #243981564510: Tournament #3597724636, $0.92+$0.08 USD Hold'em No Limit - Level II (15/30) - 2023/05/29 21:54:11 CET [2023/05/29 15:54:11 ET]
Table '3597724636 1' 3-max Seat #2 is the button
Seat 2: claudiufra60 (1140 in chips) 
Seat 3: Mahu2021 (360 in chips) 
claudiufra60: posts small blind 15
Mahu2021: posts big blind 30
*** HOLE CARDS ***
Dealt to Mahu2021 [Qc 2d]
claudiufra60: folds 
Uncalled bet (15) returned to Mahu2021
Mahu2021 collected 30 from pot
Mahu2021: doesn't show hand 
*** SUMMARY ***
Total pot 30 | Rake 0 
Seat 2: claudiufra60 (button) (small blind) folded before Flop
Seat 3: Mahu2021 (big blind) collected (30)



PokerStars Hand #243981566997: Tournament #3597724636, $0.92+$0.08 USD Hold'em No Limit - Level II (15/30) - 2023/05/29 21:54:17 CET [2023/05/29 15:54:17 ET]
Table '3597724636 1' 3-max Seat #3 is the button
Seat 2: claudiufra60 (1125 in chips) 
Seat 3: Mahu2021 (375 in chips) 
Mahu2021: posts small blind 15
claudiufra60: posts big blind 30
*** HOLE CARDS ***
Dealt to Mahu2021 [3d 9d]
Mahu2021: calls 15
claudiufra60: checks 
*** FLOP *** [Ts Js 3s]
claudiufra60: bets 30
Mahu2021: folds 
Uncalled bet (30) returned to claudiufra60
claudiufra60 collected 60 from pot
*** SUMMARY ***
Total pot 60 | Rake 0 
Board [Ts Js 3s]
Seat 2: claudiufra60 (big blind) collected (60)
Seat 3: Mahu2021 (button) (small blind) folded on the Flop



PokerStars Hand #243981571101: Tournament #3597724636, $0.92+$0.08 USD Hold'em No Limit - Level II (15/30) - 2023/05/29 21:54:26 CET [2023/05/29 15:54:26 ET]
Table '3597724636 1' 3-max Seat #2 is the button
Seat 2: claudiufra60 (1155 in chips) 
Seat 3: Mahu2021 (345 in chips) 
claudiufra60: posts small blind 15
Mahu2021: posts big blind 30
*** HOLE CARDS ***
Dealt to Mahu2021 [3h Qd]
claudiufra60: calls 15
Mahu2021: checks 
*** FLOP *** [Jh 3c Tc]
Mahu2021: bets 30
claudiufra60: folds 
Uncalled bet (30) returned to Mahu2021
Mahu2021 collected 60 from pot
Mahu2021: doesn't show hand 
*** SUMMARY ***
Total pot 60 | Rake 0 
Board [Jh 3c Tc]
Seat 2: claudiufra60 (button) (small blind) folded on the Flop
Seat 3: Mahu2021 (big blind) collected (60)



PokerStars Hand #243981575434: Tournament #3597724636, $0.92+$0.08 USD Hold'em No Limit - Level II (15/30) - 2023/05/29 21:54:37 CET [2023/05/29 15:54:37 ET]
Table '3597724636 1' 3-max Seat #3 is the button
Seat 2: claudiufra60 (1125 in chips) 
Seat 3: Mahu2021 (375 in chips) 
Mahu2021: posts small blind 15
claudiufra60: posts big blind 30
*** HOLE CARDS ***
Dealt to Mahu2021 [9d Qd]
Mahu2021: calls 15
claudiufra60: raises 30 to 60
Mahu2021: calls 30
*** FLOP *** [Jh 8s Qh]
claudiufra60: bets 60
Mahu2021: raises 255 to 315 and is all-in
claudiufra60: calls 255
*** TURN *** [Jh 8s Qh] [As]
*** RIVER *** [Jh 8s Qh As] [Ks]
*** SHOW DOWN ***
claudiufra60: shows [Qs 2d] (a pair of Queens)
Mahu2021: shows [9d Qd] (a pair of Queens)
claudiufra60 collected 375 from pot
Mahu2021 collected 375 from pot
*** SUMMARY ***
Total pot 750 | Rake 0 
Board [Jh 8s Qh As Ks]
Seat 2: claudiufra60 (big blind) showed [Qs 2d] and won (375) with a pair of Queens
Seat 3: Mahu2021 (button) (small blind) showed [9d Qd] and won (375) with a pair of Queens



PokerStars Hand #243981582839: Tournament #3597724636, $0.92+$0.08 USD Hold'em No Limit - Level II (15/30) - 2023/05/29 21:54:54 CET [2023/05/29 15:54:54 ET]
Table '3597724636 1' 3-max Seat #2 is the button
Seat 2: claudiufra60 (1125 in chips) 
Seat 3: Mahu2021 (375 in chips) 
claudiufra60: posts small blind 15
Mahu2021: posts big blind 30
*** HOLE CARDS ***
Dealt to Mahu2021 [4d 9h]
claudiufra60: raises 1095 to 1125 and is all-in
Mahu2021: folds 
Uncalled bet (1095) returned to claudiufra60
claudiufra60 collected 60 from pot
*** SUMMARY ***
Total pot 60 | Rake 0 
Seat 2: claudiufra60 (button) (small blind) collected (60)
Seat 3: Mahu2021 (big blind) folded before Flop



PokerStars Hand #243981585039: Tournament #3597724636, $0.92+$0.08 USD Hold'em No Limit - Level II (15/30) - 2023/05/29 21:54:59 CET [2023/05/29 15:54:59 ET]
Table '3597724636 1' 3-max Seat #3 is the button
Seat 2: claudiufra60 (1155 in chips) 
Seat 3: Mahu2021 (345 in chips) 
Mahu2021: posts small blind 15
claudiufra60: posts big blind 30
*** HOLE CARDS ***
Dealt to Mahu2021 [8h Qs]
Mahu2021: calls 15
claudiufra60: checks 
*** FLOP *** [5s Ts Kd]
claudiufra60: checks 
Mahu2021: checks 
*** TURN *** [5s Ts Kd] [8c]
claudiufra60: checks 
Mahu2021: bets 30
claudiufra60: raises 30 to 60
Mahu2021: calls 30
*** RIVER *** [5s Ts Kd 8c] [7h]
claudiufra60: checks 
Mahu2021: checks 
*** SHOW DOWN ***
claudiufra60: shows [4s Ks] (a pair of Kings)
Mahu2021: mucks hand 
claudiufra60 collected 180 from pot
*** SUMMARY ***
Total pot 180 | Rake 0 
Board [5s Ts Kd 8c 7h]
Seat 2: claudiufra60 (big blind) showed [4s Ks] and won (180) with a pair of Kings
Seat 3: Mahu2021 (button) (small blind) mucked [8h Qs]



PokerStars Hand #243981592456: Tournament #3597724636, $0.92+$0.08 USD Hold'em No Limit - Level III (20/40) - 2023/05/29 21:55:19 CET [2023/05/29 15:55:19 ET]
Table '3597724636 1' 3-max Seat #2 is the button
Seat 2: claudiufra60 (1245 in chips) 
Seat 3: Mahu2021 (255 in chips) 
claudiufra60: posts small blind 20
Mahu2021: posts big blind 40
*** HOLE CARDS ***
Dealt to Mahu2021 [9s Kh]
claudiufra60: folds 
Uncalled bet (20) returned to Mahu2021
Mahu2021 collected 40 from pot
Mahu2021: doesn't show hand 
*** SUMMARY ***
Total pot 40 | Rake 0 
Seat 2: claudiufra60 (button) (small blind) folded before Flop
Seat 3: Mahu2021 (big blind) collected (40)



PokerStars Hand #243981594346: Tournament #3597724636, $0.92+$0.08 USD Hold'em No Limit - Level III (20/40) - 2023/05/29 21:55:26 CET [2023/05/29 15:55:26 ET]
Table '3597724636 1' 3-max Seat #3 is the button
Seat 2: claudiufra60 (1225 in chips) 
Seat 3: Mahu2021 (275 in chips) 
Mahu2021: posts small blind 20
claudiufra60: posts big blind 40
*** HOLE CARDS ***
Dealt to Mahu2021 [6s Ks]
Mahu2021: raises 235 to 275 and is all-in
claudiufra60: folds 
Uncalled bet (235) returned to Mahu2021
Mahu2021 collected 80 from pot
Mahu2021: doesn't show hand 
*** SUMMARY ***
Total pot 80 | Rake 0 
Seat 2: claudiufra60 (big blind) folded before Flop
Seat 3: Mahu2021 (button) (small blind) collected (80)



PokerStars Hand #243981595884: Tournament #3597724636, $0.92+$0.08 USD Hold'em No Limit - Level III (20/40) - 2023/05/29 21:55:32 CET [2023/05/29 15:55:32 ET]
Table '3597724636 1' 3-max Seat #2 is the button
Seat 2: claudiufra60 (1185 in chips) 
Seat 3: Mahu2021 (315 in chips) 
claudiufra60: posts small blind 20
Mahu2021: posts big blind 40
*** HOLE CARDS ***
Dealt to Mahu2021 [7c 7d]
claudiufra60: folds 
Uncalled bet (20) returned to Mahu2021
Mahu2021 collected 40 from pot
Mahu2021: doesn't show hand 
*** SUMMARY ***
Total pot 40 | Rake 0 
Seat 2: claudiufra60 (button) (small blind) folded before Flop
Seat 3: Mahu2021 (big blind) collected (40)



PokerStars Hand #243981597069: Tournament #3597724636, $0.92+$0.08 USD Hold'em No Limit - Level III (20/40) - 2023/05/29 21:55:36 CET [2023/05/29 15:55:36 ET]
Table '3597724636 1' 3-max Seat #3 is the button
Seat 2: claudiufra60 (1165 in chips) 
Seat 3: Mahu2021 (335 in chips) 
Mahu2021: posts small blind 20
claudiufra60: posts big blind 40
*** HOLE CARDS ***
Dealt to Mahu2021 [6c As]
Mahu2021: raises 295 to 335 and is all-in
claudiufra60: folds 
Uncalled bet (295) returned to Mahu2021
Mahu2021 collected 80 from pot
Mahu2021: doesn't show hand 
*** SUMMARY ***
Total pot 80 | Rake 0 
Seat 2: claudiufra60 (big blind) folded before Flop
Seat 3: Mahu2021 (button) (small blind) collected (80)



PokerStars Hand #243981598622: Tournament #3597724636, $0.92+$0.08 USD Hold'em No Limit - Level III (20/40) - 2023/05/29 21:55:42 CET [2023/05/29 15:55:42 ET]
Table '3597724636 1' 3-max Seat #2 is the button
Seat 2: claudiufra60 (1125 in chips) 
Seat 3: Mahu2021 (375 in chips) 
claudiufra60: posts small blind 20
Mahu2021: posts big blind 40
*** HOLE CARDS ***
Dealt to Mahu2021 [6c 3d]
claudiufra60: folds 
Uncalled bet (20) returned to Mahu2021
Mahu2021 collected 40 from pot
Mahu2021: doesn't show hand 
*** SUMMARY ***
Total pot 40 | Rake 0 
Seat 2: claudiufra60 (button) (small blind) folded before Flop
Seat 3: Mahu2021 (big blind) collected (40)



PokerStars Hand #243981599763: Tournament #3597724636, $0.92+$0.08 USD Hold'em No Limit - Level III (20/40) - 2023/05/29 21:55:46 CET [2023/05/29 15:55:46 ET]
Table '3597724636 1' 3-max Seat #3 is the button
Seat 2: claudiufra60 (1105 in chips) 
Seat 3: Mahu2021 (395 in chips) 
Mahu2021: posts small blind 20
claudiufra60: posts big blind 40
*** HOLE CARDS ***
Dealt to Mahu2021 [Jd Qs]
Mahu2021: calls 20
claudiufra60: checks 
*** FLOP *** [3h 3d As]
claudiufra60: checks 
Mahu2021: bets 40
claudiufra60: calls 40
*** TURN *** [3h 3d As] [Qd]
claudiufra60: bets 40
Mahu2021: calls 40
*** RIVER *** [3h 3d As Qd] [Kc]
claudiufra60: checks 
Mahu2021: checks 
*** SHOW DOWN ***
claudiufra60: shows [5h 2d] (a pair of Threes)
Mahu2021: shows [Jd Qs] (two pair, Queens and Threes)
Mahu2021 collected 240 from pot
*** SUMMARY ***
Total pot 240 | Rake 0 
Board [3h 3d As Qd Kc]
Seat 2: claudiufra60 (big blind) showed [5h 2d] and lost with a pair of Threes
Seat 3: Mahu2021 (button) (small blind) showed [Jd Qs] and won (240) with two pair, Queens and Threes



PokerStars Hand #243981604081: Tournament #3597724636, $0.92+$0.08 USD Hold'em No Limit - Level III (20/40) - 2023/05/29 21:56:03 CET [2023/05/29 15:56:03 ET]
Table '3597724636 1' 3-max Seat #2 is the button
Seat 2: claudiufra60 (985 in chips) 
Seat 3: Mahu2021 (515 in chips) 
claudiufra60: posts small blind 20
Mahu2021: posts big blind 40
*** HOLE CARDS ***
Dealt to Mahu2021 [6s Jh]
claudiufra60: raises 40 to 80
Mahu2021: folds 
Uncalled bet (40) returned to claudiufra60
claudiufra60 collected 80 from pot
*** SUMMARY ***
Total pot 80 | Rake 0 
Seat 2: claudiufra60 (button) (small blind) collected (80)
Seat 3: Mahu2021 (big blind) folded before Flop



PokerStars Hand #243981605702: Tournament #3597724636, $0.92+$0.08 USD Hold'em No Limit - Level III (20/40) - 2023/05/29 21:56:09 CET [2023/05/29 15:56:09 ET]
Table '3597724636 1' 3-max Seat #3 is the button
Seat 2: claudiufra60 (1025 in chips) 
Seat 3: Mahu2021 (475 in chips) 
Mahu2021: posts small blind 20
claudiufra60: posts big blind 40
*** HOLE CARDS ***
Dealt to Mahu2021 [2s 4c]
Mahu2021: folds 
Uncalled bet (20) returned to claudiufra60
claudiufra60 collected 40 from pot
*** SUMMARY ***
Total pot 40 | Rake 0 
Seat 2: claudiufra60 (big blind) collected (40)
Seat 3: Mahu2021 (button) (small blind) folded before Flop



PokerStars Hand #243981606779: Tournament #3597724636, $0.92+$0.08 USD Hold'em No Limit - Level III (20/40) - 2023/05/29 21:56:13 CET [2023/05/29 15:56:13 ET]
Table '3597724636 1' 3-max Seat #2 is the button
Seat 2: claudiufra60 (1045 in chips) 
Seat 3: Mahu2021 (455 in chips) 
claudiufra60: posts small blind 20
Mahu2021: posts big blind 40
*** HOLE CARDS ***
Dealt to Mahu2021 [6h 5c]
claudiufra60: raises 40 to 80
Mahu2021: calls 40
*** FLOP *** [Jc 2s Ts]
Mahu2021: checks 
claudiufra60: checks 
*** TURN *** [Jc 2s Ts] [As]
Mahu2021: checks 
claudiufra60: checks 
*** RIVER *** [Jc 2s Ts As] [Tc]
Mahu2021: checks 
claudiufra60: bets 80
Mahu2021: folds 
Uncalled bet (80) returned to claudiufra60
claudiufra60 collected 160 from pot
*** SUMMARY ***
Total pot 160 | Rake 0 
Board [Jc 2s Ts As Tc]
Seat 2: claudiufra60 (button) (small blind) collected (160)
Seat 3: Mahu2021 (big blind) folded on the River



PokerStars Hand #243981610617: Tournament #3597724636, $0.92+$0.08 USD Hold'em No Limit - Level III (20/40) - 2023/05/29 21:56:28 CET [2023/05/29 15:56:28 ET]
Table '3597724636 1' 3-max Seat #3 is the button
Seat 2: claudiufra60 (1125 in chips) 
Seat 3: Mahu2021 (375 in chips) 
Mahu2021: posts small blind 20
claudiufra60: posts big blind 40
*** HOLE CARDS ***
Dealt to Mahu2021 [5s 6s]
Mahu2021: calls 20
claudiufra60: checks 
*** FLOP *** [Jc 2d Ad]
claudiufra60: checks 
Mahu2021: bets 40
claudiufra60: folds 
Uncalled bet (40) returned to Mahu2021
Mahu2021 collected 80 from pot
Mahu2021: doesn't show hand 
*** SUMMARY ***
Total pot 80 | Rake 0 
Board [Jc 2d Ad]
Seat 2: claudiufra60 (big blind) folded on the Flop
Seat 3: Mahu2021 (button) (small blind) collected (80)



PokerStars Hand #243981613460: Tournament #3597724636, $0.92+$0.08 USD Hold'em No Limit - Level III (20/40) - 2023/05/29 21:56:38 CET [2023/05/29 15:56:38 ET]
Table '3597724636 1' 3-max Seat #2 is the button
Seat 2: claudiufra60 (1085 in chips) 
Seat 3: Mahu2021 (415 in chips) 
claudiufra60: posts small blind 20
Mahu2021: posts big blind 40
*** HOLE CARDS ***
Dealt to Mahu2021 [Js Th]
claudiufra60: raises 1045 to 1085 and is all-in
Mahu2021: folds 
Uncalled bet (1045) returned to claudiufra60
claudiufra60 collected 80 from pot
*** SUMMARY ***
Total pot 80 | Rake 0 
Seat 2: claudiufra60 (button) (small blind) collected (80)
Seat 3: Mahu2021 (big blind) folded before Flop



PokerStars Hand #243981615141: Tournament #3597724636, $0.92+$0.08 USD Hold'em No Limit - Level III (20/40) - 2023/05/29 21:56:45 CET [2023/05/29 15:56:45 ET]
Table '3597724636 1' 3-max Seat #3 is the button
Seat 2: claudiufra60 (1125 in chips) 
Seat 3: Mahu2021 (375 in chips) 
Mahu2021: posts small blind 20
claudiufra60: posts big blind 40
*** HOLE CARDS ***
Dealt to Mahu2021 [Ks 6c]
Mahu2021: calls 20
claudiufra60: checks 
*** FLOP *** [Js 4d 4s]
claudiufra60: checks 
Mahu2021: bets 40
claudiufra60: folds 
Uncalled bet (40) returned to Mahu2021
Mahu2021 collected 80 from pot
Mahu2021: doesn't show hand 
*** SUMMARY ***
Total pot 80 | Rake 0 
Board [Js 4d 4s]
Seat 2: claudiufra60 (big blind) folded on the Flop
Seat 3: Mahu2021 (button) (small blind) collected (80)



PokerStars Hand #243981617571: Tournament #3597724636, $0.92+$0.08 USD Hold'em No Limit - Level III (20/40) - 2023/05/29 21:56:54 CET [2023/05/29 15:56:54 ET]
Table '3597724636 1' 3-max Seat #2 is the button
Seat 2: claudiufra60 (1085 in chips) 
Seat 3: Mahu2021 (415 in chips) 
claudiufra60: posts small blind 20
Mahu2021: posts big blind 40
*** HOLE CARDS ***
Dealt to Mahu2021 [Jc As]
claudiufra60: raises 40 to 80
Mahu2021: raises 335 to 415 and is all-in
claudiufra60: folds 
Uncalled bet (335) returned to Mahu2021
Mahu2021 collected 160 from pot
Mahu2021: doesn't show hand 
*** SUMMARY ***
Total pot 160 | Rake 0 
Seat 2: claudiufra60 (button) (small blind) folded before Flop
Seat 3: Mahu2021 (big blind) collected (160)



PokerStars Hand #243981619392: Tournament #3597724636, $0.92+$0.08 USD Hold'em No Limit - Level III (20/40) - 2023/05/29 21:57:01 CET [2023/05/29 15:57:01 ET]
Table '3597724636 1' 3-max Seat #3 is the button
Seat 2: claudiufra60 (1005 in chips) 
Seat 3: Mahu2021 (495 in chips) 
Mahu2021: posts small blind 20
claudiufra60: posts big blind 40
*** HOLE CARDS ***
Dealt to Mahu2021 [2s 8c]
Mahu2021: folds 
Uncalled bet (20) returned to claudiufra60
claudiufra60 collected 40 from pot
*** SUMMARY ***
Total pot 40 | Rake 0 
Seat 2: claudiufra60 (big blind) collected (40)
Seat 3: Mahu2021 (button) (small blind) folded before Flop



PokerStars Hand #243981620446: Tournament #3597724636, $0.92+$0.08 USD Hold'em No Limit - Level III (20/40) - 2023/05/29 21:57:05 CET [2023/05/29 15:57:05 ET]
Table '3597724636 1' 3-max Seat #2 is the button
Seat 2: claudiufra60 (1025 in chips) 
Seat 3: Mahu2021 (475 in chips) 
claudiufra60: posts small blind 20
Mahu2021: posts big blind 40
*** HOLE CARDS ***
Dealt to Mahu2021 [2h 5c]
claudiufra60: calls 20
Mahu2021: checks 
*** FLOP *** [9c 2s Th]
Mahu2021: checks 
claudiufra60: checks 
*** TURN *** [9c 2s Th] [7c]
Mahu2021: checks 
claudiufra60: checks 
*** RIVER *** [9c 2s Th 7c] [Jh]
Mahu2021: checks 
claudiufra60: bets 80
Mahu2021: calls 80
*** SHOW DOWN ***
claudiufra60: shows [8h Qh] (a straight, Eight to Queen)
Mahu2021: mucks hand 
claudiufra60 collected 240 from pot
*** SUMMARY ***
Total pot 240 | Rake 0 
Board [9c 2s Th 7c Jh]
Seat 2: claudiufra60 (button) (small blind) showed [8h Qh] and won (240) with a straight, Eight to Queen
Seat 3: Mahu2021 (big blind) mucked [2h 5c]



PokerStars Hand #243981624350: Tournament #3597724636, $0.92+$0.08 USD Hold'em No Limit - Level III (20/40) - 2023/05/29 21:57:19 CET [2023/05/29 15:57:19 ET]
Table '3597724636 1' 3-max Seat #3 is the button
Seat 2: claudiufra60 (1145 in chips) 
Seat 3: Mahu2021 (355 in chips) 
Mahu2021: posts small blind 20
claudiufra60: posts big blind 40
*** HOLE CARDS ***
Dealt to Mahu2021 [As 6h]
Mahu2021: raises 315 to 355 and is all-in
claudiufra60: folds 
Uncalled bet (315) returned to Mahu2021
Mahu2021 collected 80 from pot
Mahu2021: doesn't show hand 
*** SUMMARY ***
Total pot 80 | Rake 0 
Seat 2: claudiufra60 (big blind) folded before Flop
Seat 3: Mahu2021 (button) (small blind) collected (80)



PokerStars Hand #243981626491: Tournament #3597724636, $0.92+$0.08 USD Hold'em No Limit - Level III (20/40) - 2023/05/29 21:57:27 CET [2023/05/29 15:57:27 ET]
Table '3597724636 1' 3-max Seat #2 is the button
Seat 2: claudiufra60 (1105 in chips) 
Seat 3: Mahu2021 (395 in chips) 
claudiufra60: posts small blind 20
Mahu2021: posts big blind 40
*** HOLE CARDS ***
Dealt to Mahu2021 [Jd 9s]
claudiufra60: folds 
Uncalled bet (20) returned to Mahu2021
Mahu2021 collected 40 from pot
Mahu2021: doesn't show hand 
*** SUMMARY ***
Total pot 40 | Rake 0 
Seat 2: claudiufra60 (button) (small blind) folded before Flop
Seat 3: Mahu2021 (big blind) collected (40)



PokerStars Hand #243981627665: Tournament #3597724636, $0.92+$0.08 USD Hold'em No Limit - Level III (20/40) - 2023/05/29 21:57:32 CET [2023/05/29 15:57:32 ET]
Table '3597724636 1' 3-max Seat #3 is the button
Seat 2: claudiufra60 (1085 in chips) 
Seat 3: Mahu2021 (415 in chips) 
Mahu2021: posts small blind 20
claudiufra60: posts big blind 40
*** HOLE CARDS ***
Dealt to Mahu2021 [Ad Kd]
Mahu2021: raises 375 to 415 and is all-in
claudiufra60: calls 375
*** FLOP *** [2c 5s Kc]
*** TURN *** [2c 5s Kc] [Qd]
*** RIVER *** [2c 5s Kc Qd] [8h]
*** SHOW DOWN ***
claudiufra60: shows [4c 4h] (a pair of Fours)
Mahu2021: shows [Ad Kd] (a pair of Kings)
Mahu2021 collected 830 from pot
*** SUMMARY ***
Total pot 830 | Rake 0 
Board [2c 5s Kc Qd 8h]
Seat 2: claudiufra60 (big blind) showed [4c 4h] and lost with a pair of Fours
Seat 3: Mahu2021 (button) (small blind) showed [Ad Kd] and won (830) with a pair of Kings



PokerStars Hand #243981630939: Tournament #3597724636, $0.92+$0.08 USD Hold'em No Limit - Level III (20/40) - 2023/05/29 21:57:44 CET [2023/05/29 15:57:44 ET]
Table '3597724636 1' 3-max Seat #2 is the button
Seat 2: claudiufra60 (670 in chips) 
Seat 3: Mahu2021 (830 in chips) 
claudiufra60: posts small blind 20
Mahu2021: posts big blind 40
*** HOLE CARDS ***
Dealt to Mahu2021 [Td 5d]
claudiufra60: folds 
Uncalled bet (20) returned to Mahu2021
Mahu2021 collected 40 from pot
Mahu2021: doesn't show hand 
*** SUMMARY ***
Total pot 40 | Rake 0 
Seat 2: claudiufra60 (button) (small blind) folded before Flop
Seat 3: Mahu2021 (big blind) collected (40)



PokerStars Hand #243981632171: Tournament #3597724636, $0.92+$0.08 USD Hold'em No Limit - Level III (20/40) - 2023/05/29 21:57:49 CET [2023/05/29 15:57:49 ET]
Table '3597724636 1' 3-max Seat #3 is the button
Seat 2: claudiufra60 (650 in chips) 
Seat 3: Mahu2021 (850 in chips) 
Mahu2021: posts small blind 20
claudiufra60: posts big blind 40
*** HOLE CARDS ***
Dealt to Mahu2021 [2c Qs]
Mahu2021: folds 
Uncalled bet (20) returned to claudiufra60
claudiufra60 collected 40 from pot
*** SUMMARY ***
Total pot 40 | Rake 0 
Seat 2: claudiufra60 (big blind) collected (40)
Seat 3: Mahu2021 (button) (small blind) folded before Flop



PokerStars Hand #243981633354: Tournament #3597724636, $0.92+$0.08 USD Hold'em No Limit - Level III (20/40) - 2023/05/29 21:57:53 CET [2023/05/29 15:57:53 ET]
Table '3597724636 1' 3-max Seat #2 is the button
Seat 2: claudiufra60 (670 in chips) 
Seat 3: Mahu2021 (830 in chips) 
claudiufra60: posts small blind 20
Mahu2021: posts big blind 40
*** HOLE CARDS ***
Dealt to Mahu2021 [Qd 3c]
claudiufra60: raises 630 to 670 and is all-in
Mahu2021: folds 
Uncalled bet (630) returned to claudiufra60
claudiufra60 collected 80 from pot
*** SUMMARY ***
Total pot 80 | Rake 0 
Seat 2: claudiufra60 (button) (small blind) collected (80)
Seat 3: Mahu2021 (big blind) folded before Flop



PokerStars Hand #243981635326: Tournament #3597724636, $0.92+$0.08 USD Hold'em No Limit - Level III (20/40) - 2023/05/29 21:58:00 CET [2023/05/29 15:58:00 ET]
Table '3597724636 1' 3-max Seat #3 is the button
Seat 2: claudiufra60 (710 in chips) 
Seat 3: Mahu2021 (790 in chips) 
Mahu2021: posts small blind 20
claudiufra60: posts big blind 40
*** HOLE CARDS ***
Dealt to Mahu2021 [9d 4c]
Mahu2021: folds 
Uncalled bet (20) returned to claudiufra60
claudiufra60 collected 40 from pot
*** SUMMARY ***
Total pot 40 | Rake 0 
Seat 2: claudiufra60 (big blind) collected (40)
Seat 3: Mahu2021 (button) (small blind) folded before Flop



PokerStars Hand #243981636436: Tournament #3597724636, $0.92+$0.08 USD Hold'em No Limit - Level III (20/40) - 2023/05/29 21:58:05 CET [2023/05/29 15:58:05 ET]
Table '3597724636 1' 3-max Seat #2 is the button
Seat 2: claudiufra60 (730 in chips) 
Seat 3: Mahu2021 (770 in chips) 
claudiufra60: posts small blind 20
Mahu2021: posts big blind 40
*** HOLE CARDS ***
Dealt to Mahu2021 [Jh Kh]
claudiufra60: raises 40 to 80
Mahu2021: calls 40
*** FLOP *** [Kc 5d 4s]
Mahu2021: checks 
claudiufra60: checks 
*** TURN *** [Kc 5d 4s] [7d]
Mahu2021: checks 
claudiufra60: bets 80
Mahu2021: raises 610 to 690 and is all-in
claudiufra60: folds 
Uncalled bet (610) returned to Mahu2021
Mahu2021 collected 320 from pot
Mahu2021: doesn't show hand 
*** SUMMARY ***
Total pot 320 | Rake 0 
Board [Kc 5d 4s 7d]
Seat 2: claudiufra60 (button) (small blind) folded on the Turn
Seat 3: Mahu2021 (big blind) collected (320)



PokerStars Hand #243981641501: Tournament #3597724636, $0.92+$0.08 USD Hold'em No Limit - Level IV (30/60) - 2023/05/29 21:58:24 CET [2023/05/29 15:58:24 ET]
Table '3597724636 1' 3-max Seat #3 is the button
Seat 2: claudiufra60 (570 in chips) 
Seat 3: Mahu2021 (930 in chips) 
Mahu2021: posts small blind 30
claudiufra60: posts big blind 60
*** HOLE CARDS ***
Dealt to Mahu2021 [6h Ad]
Mahu2021: calls 30
claudiufra60: checks 
*** FLOP *** [3s 7s 2c]
claudiufra60: bets 510 and is all-in
Mahu2021: folds 
Uncalled bet (510) returned to claudiufra60
claudiufra60 collected 120 from pot
*** SUMMARY ***
Total pot 120 | Rake 0 
Board [3s 7s 2c]
Seat 2: claudiufra60 (big blind) collected (120)
Seat 3: Mahu2021 (button) (small blind) folded on the Flop



PokerStars Hand #243981643985: Tournament #3597724636, $0.92+$0.08 USD Hold'em No Limit - Level IV (30/60) - 2023/05/29 21:58:33 CET [2023/05/29 15:58:33 ET]
Table '3597724636 1' 3-max Seat #2 is the button
Seat 2: claudiufra60 (630 in chips) 
Seat 3: Mahu2021 (870 in chips) 
claudiufra60: posts small blind 30
Mahu2021: posts big blind 60
*** HOLE CARDS ***
Dealt to Mahu2021 [3s Jh]
claudiufra60: raises 60 to 120
Mahu2021: folds 
Uncalled bet (60) returned to claudiufra60
claudiufra60 collected 120 from pot
*** SUMMARY ***
Total pot 120 | Rake 0 
Seat 2: claudiufra60 (button) (small blind) collected (120)
Seat 3: Mahu2021 (big blind) folded before Flop



PokerStars Hand #243981645496: Tournament #3597724636, $0.92+$0.08 USD Hold'em No Limit - Level IV (30/60) - 2023/05/29 21:58:38 CET [2023/05/29 15:58:38 ET]
Table '3597724636 1' 3-max Seat #3 is the button
Seat 2: claudiufra60 (690 in chips) 
Seat 3: Mahu2021 (810 in chips) 
Mahu2021: posts small blind 30
claudiufra60: posts big blind 60
*** HOLE CARDS ***
Dealt to Mahu2021 [Ks Tc]
Mahu2021: calls 30
claudiufra60: checks 
*** FLOP *** [Ts 5d 6d]
claudiufra60: checks 
Mahu2021: bets 120
claudiufra60: calls 120
*** TURN *** [Ts 5d 6d] [Qh]
claudiufra60: checks 
Mahu2021: checks 
*** RIVER *** [Ts 5d 6d Qh] [2c]
claudiufra60: bets 180
Mahu2021: calls 180
*** SHOW DOWN ***
claudiufra60: shows [8s 9c] (high card Queen)
Mahu2021: shows [Ks Tc] (a pair of Tens)
Mahu2021 collected 720 from pot
*** SUMMARY ***
Total pot 720 | Rake 0 
Board [Ts 5d 6d Qh 2c]
Seat 2: claudiufra60 (big blind) showed [8s 9c] and lost with high card Queen
Seat 3: Mahu2021 (button) (small blind) showed [Ks Tc] and won (720) with a pair of Tens



PokerStars Hand #243981650316: Tournament #3597724636, $0.92+$0.08 USD Hold'em No Limit - Level IV (30/60) - 2023/05/29 21:58:56 CET [2023/05/29 15:58:56 ET]
Table '3597724636 1' 3-max Seat #2 is the button
Seat 2: claudiufra60 (330 in chips) 
Seat 3: Mahu2021 (1170 in chips) 
claudiufra60: posts small blind 30
Mahu2021: posts big blind 60
*** HOLE CARDS ***
Dealt to Mahu2021 [2c Ac]
claudiufra60: raises 270 to 330 and is all-in
Mahu2021: calls 270
*** FLOP *** [2h 7s Kc]
*** TURN *** [2h 7s Kc] [Qs]
*** RIVER *** [2h 7s Kc Qs] [Js]
*** SHOW DOWN ***
Mahu2021: shows [2c Ac] (a pair of Deuces)
claudiufra60: shows [Qc 9d] (a pair of Queens)
claudiufra60 collected 660 from pot
*** SUMMARY ***
Total pot 660 | Rake 0 
Board [2h 7s Kc Qs Js]
Seat 2: claudiufra60 (button) (small blind) showed [Qc 9d] and won (660) with a pair of Queens
Seat 3: Mahu2021 (big blind) showed [2c Ac] and lost with a pair of Deuces



PokerStars Hand #243981653614: Tournament #3597724636, $0.92+$0.08 USD Hold'em No Limit - Level IV (30/60) - 2023/05/29 21:59:09 CET [2023/05/29 15:59:09 ET]
Table '3597724636 1' 3-max Seat #3 is the button
Seat 2: claudiufra60 (660 in chips) 
Seat 3: Mahu2021 (840 in chips) 
Mahu2021: posts small blind 30
claudiufra60: posts big blind 60
*** HOLE CARDS ***
Dealt to Mahu2021 [4s Jd]
Mahu2021: folds 
Uncalled bet (30) returned to claudiufra60
claudiufra60 collected 60 from pot
*** SUMMARY ***
Total pot 60 | Rake 0 
Seat 2: claudiufra60 (big blind) collected (60)
Seat 3: Mahu2021 (button) (small blind) folded before Flop



PokerStars Hand #243981654730: Tournament #3597724636, $0.92+$0.08 USD Hold'em No Limit - Level IV (30/60) - 2023/05/29 21:59:13 CET [2023/05/29 15:59:13 ET]
Table '3597724636 1' 3-max Seat #2 is the button
Seat 2: claudiufra60 (690 in chips) 
Seat 3: Mahu2021 (810 in chips) 
claudiufra60: posts small blind 30
Mahu2021: posts big blind 60
*** HOLE CARDS ***
Dealt to Mahu2021 [2c Js]
claudiufra60: raises 60 to 120
Mahu2021: folds 
Uncalled bet (60) returned to claudiufra60
claudiufra60 collected 120 from pot
*** SUMMARY ***
Total pot 120 | Rake 0 
Seat 2: claudiufra60 (button) (small blind) collected (120)
Seat 3: Mahu2021 (big blind) folded before Flop



PokerStars Hand #243981656389: Tournament #3597724636, $0.92+$0.08 USD Hold'em No Limit - Level IV (30/60) - 2023/05/29 21:59:19 CET [2023/05/29 15:59:19 ET]
Table '3597724636 1' 3-max Seat #3 is the button
Seat 2: claudiufra60 (750 in chips) 
Seat 3: Mahu2021 (750 in chips) 
Mahu2021: posts small blind 30
claudiufra60: posts big blind 60
*** HOLE CARDS ***
Dealt to Mahu2021 [Jc Th]
Mahu2021: calls 30
claudiufra60: checks 
*** FLOP *** [9s 7s 5h]
claudiufra60: bets 60
Mahu2021: calls 60
*** TURN *** [9s 7s 5h] [5c]
claudiufra60: bets 120
Mahu2021: folds 
Uncalled bet (120) returned to claudiufra60
claudiufra60 collected 240 from pot
*** SUMMARY ***
Total pot 240 | Rake 0 
Board [9s 7s 5h 5c]
Seat 2: claudiufra60 (big blind) collected (240)
Seat 3: Mahu2021 (button) (small blind) folded on the Turn



PokerStars Hand #243981659923: Tournament #3597724636, $0.92+$0.08 USD Hold'em No Limit - Level IV (30/60) - 2023/05/29 21:59:32 CET [2023/05/29 15:59:32 ET]
Table '3597724636 1' 3-max Seat #2 is the button
Seat 2: claudiufra60 (870 in chips) 
Seat 3: Mahu2021 (630 in chips) 
claudiufra60: posts small blind 30
Mahu2021: posts big blind 60
*** HOLE CARDS ***
Dealt to Mahu2021 [7h 5h]
claudiufra60: calls 30
Mahu2021: checks 
*** FLOP *** [6c 8d Th]
Mahu2021: checks 
claudiufra60: checks 
*** TURN *** [6c 8d Th] [Ad]
Mahu2021: bets 60
claudiufra60: calls 60
*** RIVER *** [6c 8d Th Ad] [Ks]
Mahu2021: checks 
claudiufra60: bets 120
Mahu2021: folds 
Uncalled bet (120) returned to claudiufra60
claudiufra60 collected 240 from pot
*** SUMMARY ***
Total pot 240 | Rake 0 
Board [6c 8d Th Ad Ks]
Seat 2: claudiufra60 (button) (small blind) collected (240)
Seat 3: Mahu2021 (big blind) folded on the River



PokerStars Hand #243981664169: Tournament #3597724636, $0.92+$0.08 USD Hold'em No Limit - Level IV (30/60) - 2023/05/29 21:59:48 CET [2023/05/29 15:59:48 ET]
Table '3597724636 1' 3-max Seat #3 is the button
Seat 2: claudiufra60 (990 in chips) 
Seat 3: Mahu2021 (510 in chips) 
Mahu2021: posts small blind 30
claudiufra60: posts big blind 60
*** HOLE CARDS ***
Dealt to Mahu2021 [Kh 6s]
Mahu2021: calls 30
claudiufra60: checks 
*** FLOP *** [3h 2c 2s]
claudiufra60: checks 
Mahu2021: bets 60
claudiufra60: folds 
Uncalled bet (60) returned to Mahu2021
Mahu2021 collected 120 from pot
Mahu2021: doesn't show hand 
*** SUMMARY ***
Total pot 120 | Rake 0 
Board [3h 2c 2s]
Seat 2: claudiufra60 (big blind) folded on the Flop
Seat 3: Mahu2021 (button) (small blind) collected (120)



PokerStars Hand #243981666629: Tournament #3597724636, $0.92+$0.08 USD Hold'em No Limit - Level IV (30/60) - 2023/05/29 21:59:57 CET [2023/05/29 15:59:57 ET]
Table '3597724636 1' 3-max Seat #2 is the button
Seat 2: claudiufra60 (930 in chips) 
Seat 3: Mahu2021 (570 in chips) 
claudiufra60: posts small blind 30
Mahu2021: posts big blind 60
*** HOLE CARDS ***
Dealt to Mahu2021 [Kd 8c]
claudiufra60: folds 
Uncalled bet (30) returned to Mahu2021
Mahu2021 collected 60 from pot
Mahu2021: doesn't show hand 
*** SUMMARY ***
Total pot 60 | Rake 0 
Seat 2: claudiufra60 (button) (small blind) folded before Flop
Seat 3: Mahu2021 (big blind) collected (60)



PokerStars Hand #243981667912: Tournament #3597724636, $0.92+$0.08 USD Hold'em No Limit - Level IV (30/60) - 2023/05/29 22:00:02 CET [2023/05/29 16:00:02 ET]
Table '3597724636 1' 3-max Seat #3 is the button
Seat 2: claudiufra60 (900 in chips) 
Seat 3: Mahu2021 (600 in chips) 
Mahu2021: posts small blind 30
claudiufra60: posts big blind 60
*** HOLE CARDS ***
Dealt to Mahu2021 [7s 7c]
Mahu2021: raises 540 to 600 and is all-in
claudiufra60: folds 
Uncalled bet (540) returned to Mahu2021
Mahu2021 collected 120 from pot
Mahu2021: doesn't show hand 
*** SUMMARY ***
Total pot 120 | Rake 0 
Seat 2: claudiufra60 (big blind) folded before Flop
Seat 3: Mahu2021 (button) (small blind) collected (120)



PokerStars Hand #243981669449: Tournament #3597724636, $0.92+$0.08 USD Hold'em No Limit - Level IV (30/60) - 2023/05/29 22:00:08 CET [2023/05/29 16:00:08 ET]
Table '3597724636 1' 3-max Seat #2 is the button
Seat 2: claudiufra60 (840 in chips) 
Seat 3: Mahu2021 (660 in chips) 
claudiufra60: posts small blind 30
Mahu2021: posts big blind 60
*** HOLE CARDS ***
Dealt to Mahu2021 [2d Ks]
claudiufra60: folds 
Uncalled bet (30) returned to Mahu2021
Mahu2021 collected 60 from pot
Mahu2021: doesn't show hand 
*** SUMMARY ***
Total pot 60 | Rake 0 
Seat 2: claudiufra60 (button) (small blind) folded before Flop
Seat 3: Mahu2021 (big blind) collected (60)



PokerStars Hand #243981670641: Tournament #3597724636, $0.92+$0.08 USD Hold'em No Limit - Level IV (30/60) - 2023/05/29 22:00:12 CET [2023/05/29 16:00:12 ET]
Table '3597724636 1' 3-max Seat #3 is the button
Seat 2: claudiufra60 (810 in chips) 
Seat 3: Mahu2021 (690 in chips) 
Mahu2021: posts small blind 30
claudiufra60: posts big blind 60
*** HOLE CARDS ***
Dealt to Mahu2021 [9h 4h]
Mahu2021: folds 
Uncalled bet (30) returned to claudiufra60
claudiufra60 collected 60 from pot
*** SUMMARY ***
Total pot 60 | Rake 0 
Seat 2: claudiufra60 (big blind) collected (60)
Seat 3: Mahu2021 (button) (small blind) folded before Flop



PokerStars Hand #243981672125: Tournament #3597724636, $0.92+$0.08 USD Hold'em No Limit - Level IV (30/60) - 2023/05/29 22:00:17 CET [2023/05/29 16:00:17 ET]
Table '3597724636 1' 3-max Seat #2 is the button
Seat 2: claudiufra60 (840 in chips) 
Seat 3: Mahu2021 (660 in chips) 
claudiufra60: posts small blind 30
Mahu2021: posts big blind 60
*** HOLE CARDS ***
Dealt to Mahu2021 [9d 8d]
claudiufra60: folds 
Uncalled bet (30) returned to Mahu2021
Mahu2021 collected 60 from pot
Mahu2021: doesn't show hand 
*** SUMMARY ***
Total pot 60 | Rake 0 
Seat 2: claudiufra60 (button) (small blind) folded before Flop
Seat 3: Mahu2021 (big blind) collected (60)



PokerStars Hand #243981673391: Tournament #3597724636, $0.92+$0.08 USD Hold'em No Limit - Level IV (30/60) - 2023/05/29 22:00:21 CET [2023/05/29 16:00:21 ET]
Table '3597724636 1' 3-max Seat #3 is the button
Seat 2: claudiufra60 (810 in chips) 
Seat 3: Mahu2021 (690 in chips) 
Mahu2021: posts small blind 30
claudiufra60: posts big blind 60
*** HOLE CARDS ***
Dealt to Mahu2021 [Kd 9h]
Mahu2021: raises 60 to 120
claudiufra60: calls 60
*** FLOP *** [Th Qd 3s]
claudiufra60: bets 120
Mahu2021: calls 120
*** TURN *** [Th Qd 3s] [Td]
claudiufra60: bets 240
Mahu2021: folds 
Uncalled bet (240) returned to claudiufra60
claudiufra60 collected 480 from pot
*** SUMMARY ***
Total pot 480 | Rake 0 
Board [Th Qd 3s Td]
Seat 2: claudiufra60 (big blind) collected (480)
Seat 3: Mahu2021 (button) (small blind) folded on the Turn



PokerStars Hand #243981677687: Tournament #3597724636, $0.92+$0.08 USD Hold'em No Limit - Level IV (30/60) - 2023/05/29 22:00:36 CET [2023/05/29 16:00:36 ET]
Table '3597724636 1' 3-max Seat #2 is the button
Seat 2: claudiufra60 (1050 in chips) 
Seat 3: Mahu2021 (450 in chips) 
claudiufra60: posts small blind 30
Mahu2021: posts big blind 60
*** HOLE CARDS ***
Dealt to Mahu2021 [Kc Ks]
claudiufra60: folds 
Uncalled bet (30) returned to Mahu2021
Mahu2021 collected 60 from pot
Mahu2021: doesn't show hand 
*** SUMMARY ***
Total pot 60 | Rake 0 
Seat 2: claudiufra60 (button) (small blind) folded before Flop
Seat 3: Mahu2021 (big blind) collected (60)



PokerStars Hand #243981679148: Tournament #3597724636, $0.92+$0.08 USD Hold'em No Limit - Level IV (30/60) - 2023/05/29 22:00:41 CET [2023/05/29 16:00:41 ET]
Table '3597724636 1' 3-max Seat #3 is the button
Seat 2: claudiufra60 (1020 in chips) 
Seat 3: Mahu2021 (480 in chips) 
Mahu2021: posts small blind 30
claudiufra60: posts big blind 60
*** HOLE CARDS ***
Dealt to Mahu2021 [4s 6h]
Mahu2021: folds 
Uncalled bet (30) returned to claudiufra60
claudiufra60 collected 60 from pot
*** SUMMARY ***
Total pot 60 | Rake 0 
Seat 2: claudiufra60 (big blind) collected (60)
Seat 3: Mahu2021 (button) (small blind) folded before Flop



PokerStars Hand #243981680354: Tournament #3597724636, $0.92+$0.08 USD Hold'em No Limit - Level IV (30/60) - 2023/05/29 22:00:45 CET [2023/05/29 16:00:45 ET]
Table '3597724636 1' 3-max Seat #2 is the button
Seat 2: claudiufra60 (1050 in chips) 
Seat 3: Mahu2021 (450 in chips) 
claudiufra60: posts small blind 30
Mahu2021: posts big blind 60
*** HOLE CARDS ***
Dealt to Mahu2021 [Ad 8c]
claudiufra60: folds 
Uncalled bet (30) returned to Mahu2021
Mahu2021 collected 60 from pot
Mahu2021: doesn't show hand 
*** SUMMARY ***
Total pot 60 | Rake 0 
Seat 2: claudiufra60 (button) (small blind) folded before Flop
Seat 3: Mahu2021 (big blind) collected (60)



PokerStars Hand #243981681617: Tournament #3597724636, $0.92+$0.08 USD Hold'em No Limit - Level IV (30/60) - 2023/05/29 22:00:49 CET [2023/05/29 16:00:49 ET]
Table '3597724636 1' 3-max Seat #3 is the button
Seat 2: claudiufra60 (1020 in chips) 
Seat 3: Mahu2021 (480 in chips) 
Mahu2021: posts small blind 30
claudiufra60: posts big blind 60
*** HOLE CARDS ***
Dealt to Mahu2021 [2s 2d]
Mahu2021: raises 420 to 480 and is all-in
claudiufra60: folds 
Uncalled bet (420) returned to Mahu2021
Mahu2021 collected 120 from pot
Mahu2021: doesn't show hand 
*** SUMMARY ***
Total pot 120 | Rake 0 
Seat 2: claudiufra60 (big blind) folded before Flop
Seat 3: Mahu2021 (button) (small blind) collected (120)



PokerStars Hand #243981683325: Tournament #3597724636, $0.92+$0.08 USD Hold'em No Limit - Level IV (30/60) - 2023/05/29 22:00:55 CET [2023/05/29 16:00:55 ET]
Table '3597724636 1' 3-max Seat #2 is the button
Seat 2: claudiufra60 (960 in chips) 
Seat 3: Mahu2021 (540 in chips) 
claudiufra60: posts small blind 30
Mahu2021: posts big blind 60
*** HOLE CARDS ***
Dealt to Mahu2021 [6s 7s]
claudiufra60: raises 60 to 120
Mahu2021: calls 60
*** FLOP *** [4c 9s Qc]
Mahu2021: checks 
claudiufra60: bets 60
Mahu2021: folds 
Uncalled bet (60) returned to claudiufra60
claudiufra60 collected 240 from pot
*** SUMMARY ***
Total pot 240 | Rake 0 
Board [4c 9s Qc]
Seat 2: claudiufra60 (button) (small blind) collected (240)
Seat 3: Mahu2021 (big blind) folded on the Flop



PokerStars Hand #243981687659: Tournament #3597724636, $0.92+$0.08 USD Hold'em No Limit - Level V (40/80) - 2023/05/29 22:01:09 CET [2023/05/29 16:01:09 ET]
Table '3597724636 1' 3-max Seat #3 is the button
Seat 2: claudiufra60 (1080 in chips) 
Seat 3: Mahu2021 (420 in chips) 
Mahu2021: posts small blind 40
claudiufra60: posts big blind 80
*** HOLE CARDS ***
Dealt to Mahu2021 [6s 4s]
Mahu2021: folds 
Uncalled bet (40) returned to claudiufra60
claudiufra60 collected 80 from pot
*** SUMMARY ***
Total pot 80 | Rake 0 
Seat 2: claudiufra60 (big blind) collected (80)
Seat 3: Mahu2021 (button) (small blind) folded before Flop



PokerStars Hand #243981689088: Tournament #3597724636, $0.92+$0.08 USD Hold'em No Limit - Level V (40/80) - 2023/05/29 22:01:14 CET [2023/05/29 16:01:14 ET]
Table '3597724636 1' 3-max Seat #2 is the button
Seat 2: claudiufra60 (1120 in chips) 
Seat 3: Mahu2021 (380 in chips) 
claudiufra60: posts small blind 40
Mahu2021: posts big blind 80
*** HOLE CARDS ***
Dealt to Mahu2021 [8d 6d]
claudiufra60: folds 
Uncalled bet (40) returned to Mahu2021
Mahu2021 collected 80 from pot
Mahu2021: doesn't show hand 
*** SUMMARY ***
Total pot 80 | Rake 0 
Seat 2: claudiufra60 (button) (small blind) folded before Flop
Seat 3: Mahu2021 (big blind) collected (80)



PokerStars Hand #243981690470: Tournament #3597724636, $0.92+$0.08 USD Hold'em No Limit - Level V (40/80) - 2023/05/29 22:01:18 CET [2023/05/29 16:01:18 ET]
Table '3597724636 1' 3-max Seat #3 is the button
Seat 2: claudiufra60 (1080 in chips) 
Seat 3: Mahu2021 (420 in chips) 
Mahu2021: posts small blind 40
claudiufra60: posts big blind 80
*** HOLE CARDS ***
Dealt to Mahu2021 [7d Ac]
Mahu2021: raises 340 to 420 and is all-in
claudiufra60: calls 340
*** FLOP *** [2c 6h Qs]
*** TURN *** [2c 6h Qs] [4d]
*** RIVER *** [2c 6h Qs 4d] [9s]
*** SHOW DOWN ***
claudiufra60: shows [Qc Ad] (a pair of Queens)
Mahu2021: shows [7d Ac] (high card Ace)
claudiufra60 collected 840 from pot
Mahu2021 finished the tournament in 2nd place
claudiufra60 wins the tournament and receives $5.00 - congratulations!
*** SUMMARY ***
Total pot 840 | Rake 0 
Board [2c 6h Qs 4d 9s]
Seat 2: claudiufra60 (big blind) showed [Qc Ad] and won (840) with a pair of Queens
Seat 3: Mahu2021 (button) (small blind) showed [7d Ac] and lost with high card Ace



