PokerStars Hand #247638884605: Tournament #3685935521, $1.84+$0.16 USD Hold'em No Limit - Level I (10/20) - 2023/12/13 17:54:49 CET [2023/12/13 11:54:49 ET]
Table '3685935521 1' 3-max Seat #1 is the button
Seat 1: helpsy18 (500 in chips) 
Seat 2: Mahu2021 (500 in chips) 
Seat 3: Mr Serhey91 (500 in chips) 
Mahu2021: posts small blind 10
Mr Serhey91: posts big blind 20
*** HOLE CARDS ***
Dealt to Mahu2021 [7c Ac]
helpsy18: folds 
Mahu2021: calls 10
Mr Serhey91: checks 
*** FLOP *** [6h 7s 8d]
Mahu2021: checks 
Mr Serhey91: checks 
*** TURN *** [6h 7s 8d] [Qd]
Mahu2021: checks 
Mr Serhey91: checks 
*** RIVER *** [6h 7s 8d Qd] [Qs]
Mahu2021: bets 20
Mr Serhey91: calls 20
*** SHOW DOWN ***
Mahu2021: shows [7c Ac] (two pair, Queens and Sevens)
Mr Serhey91: mucks hand 
Mahu2021 collected 80 from pot
*** SUMMARY ***
Total pot 80 | Rake 0 
Board [6h 7s 8d Qd Qs]
Seat 1: helpsy18 (button) folded before Flop (didn't bet)
Seat 2: Mahu2021 (small blind) showed [7c Ac] and won (80) with two pair, Queens and Sevens
Seat 3: Mr Serhey91 (big blind) mucked [Jc 3s]



PokerStars Hand #247638891505: Tournament #3685935521, $1.84+$0.16 USD Hold'em No Limit - Level I (10/20) - 2023/12/13 17:55:16 CET [2023/12/13 11:55:16 ET]
Table '3685935521 1' 3-max Seat #2 is the button
Seat 1: helpsy18 (500 in chips) 
Seat 2: Mahu2021 (540 in chips) 
Seat 3: Mr Serhey91 (460 in chips) 
Mr Serhey91: posts small blind 10
helpsy18: posts big blind 20
*** HOLE CARDS ***
Dealt to Mahu2021 [4h 6s]
Mahu2021: folds 
Mr Serhey91: raises 20 to 40
helpsy18: raises 20 to 60
Mr Serhey91: calls 20
*** FLOP *** [6c 6d 5c]
Mr Serhey91: checks 
helpsy18: bets 60
Mr Serhey91: folds 
Uncalled bet (60) returned to helpsy18
helpsy18 collected 120 from pot
*** SUMMARY ***
Total pot 120 | Rake 0 
Board [6c 6d 5c]
Seat 1: helpsy18 (big blind) collected (120)
Seat 2: Mahu2021 (button) folded before Flop (didn't bet)
Seat 3: Mr Serhey91 (small blind) folded on the Flop



PokerStars Hand #247638895393: Tournament #3685935521, $1.84+$0.16 USD Hold'em No Limit - Level I (10/20) - 2023/12/13 17:55:35 CET [2023/12/13 11:55:35 ET]
Table '3685935521 1' 3-max Seat #3 is the button
Seat 1: helpsy18 (560 in chips) 
Seat 2: Mahu2021 (540 in chips) 
Seat 3: Mr Serhey91 (400 in chips) 
helpsy18: posts small blind 10
Mahu2021: posts big blind 20
*** HOLE CARDS ***
Dealt to Mahu2021 [Js 5c]
Mr Serhey91: folds 
helpsy18: folds 
Uncalled bet (10) returned to Mahu2021
Mahu2021 collected 20 from pot
Mahu2021: doesn't show hand 
*** SUMMARY ***
Total pot 20 | Rake 0 
Seat 1: helpsy18 (small blind) folded before Flop
Seat 2: Mahu2021 (big blind) collected (20)
Seat 3: Mr Serhey91 (button) folded before Flop (didn't bet)



PokerStars Hand #247638896273: Tournament #3685935521, $1.84+$0.16 USD Hold'em No Limit - Level I (10/20) - 2023/12/13 17:55:39 CET [2023/12/13 11:55:39 ET]
Table '3685935521 1' 3-max Seat #1 is the button
Seat 1: helpsy18 (550 in chips) 
Seat 2: Mahu2021 (550 in chips) 
Seat 3: Mr Serhey91 (400 in chips) 
Mahu2021: posts small blind 10
Mr Serhey91: posts big blind 20
*** HOLE CARDS ***
Dealt to Mahu2021 [Tc Ad]
helpsy18: raises 20 to 40
Mahu2021: calls 30
Mr Serhey91: folds 
*** FLOP *** [7s 7h 9c]
Mahu2021: checks 
helpsy18: bets 50
Mahu2021: folds 
Uncalled bet (50) returned to helpsy18
helpsy18 collected 100 from pot
*** SUMMARY ***
Total pot 100 | Rake 0 
Board [7s 7h 9c]
Seat 1: helpsy18 (button) collected (100)
Seat 2: Mahu2021 (small blind) folded on the Flop
Seat 3: Mr Serhey91 (big blind) folded before Flop



PokerStars Hand #247638899397: Tournament #3685935521, $1.84+$0.16 USD Hold'em No Limit - Level I (10/20) - 2023/12/13 17:55:55 CET [2023/12/13 11:55:55 ET]
Table '3685935521 1' 3-max Seat #2 is the button
Seat 1: helpsy18 (610 in chips) 
Seat 2: Mahu2021 (510 in chips) 
Seat 3: Mr Serhey91 (380 in chips) 
Mr Serhey91: posts small blind 10
helpsy18: posts big blind 20
*** HOLE CARDS ***
Dealt to Mahu2021 [8s 9d]
Mahu2021: calls 20
Mr Serhey91: calls 10
helpsy18: checks 
*** FLOP *** [Ks 9c 8h]
Mr Serhey91: bets 20
helpsy18: calls 20
Mahu2021: calls 20
*** TURN *** [Ks 9c 8h] [6c]
Mr Serhey91: bets 60
helpsy18: calls 60
Mahu2021: calls 60
*** RIVER *** [Ks 9c 8h 6c] [Ad]
Mr Serhey91: checks 
helpsy18: bets 150
Mahu2021: calls 150
Mr Serhey91: calls 150
*** SHOW DOWN ***
helpsy18: shows [3c Jc] (high card Ace)
Mahu2021: shows [8s 9d] (two pair, Nines and Eights)
Mr Serhey91: mucks hand 
Mahu2021 collected 750 from pot
*** SUMMARY ***
Total pot 750 | Rake 0 
Board [Ks 9c 8h 6c Ad]
Seat 1: helpsy18 (big blind) showed [3c Jc] and lost with high card Ace
Seat 2: Mahu2021 (button) showed [8s 9d] and won (750) with two pair, Nines and Eights
Seat 3: Mr Serhey91 (small blind) mucked [Kh 3h]



PokerStars Hand #247638905516: Tournament #3685935521, $1.84+$0.16 USD Hold'em No Limit - Level I (10/20) - 2023/12/13 17:56:25 CET [2023/12/13 11:56:25 ET]
Table '3685935521 1' 3-max Seat #3 is the button
Seat 1: helpsy18 (360 in chips) 
Seat 2: Mahu2021 (1010 in chips) 
Seat 3: Mr Serhey91 (130 in chips) 
helpsy18: posts small blind 10
Mahu2021: posts big blind 20
*** HOLE CARDS ***
Dealt to Mahu2021 [As 5d]
Mr Serhey91: raises 110 to 130 and is all-in
helpsy18: calls 120
Mahu2021: folds 
*** FLOP *** [Kd 2s 7s]
*** TURN *** [Kd 2s 7s] [8d]
*** RIVER *** [Kd 2s 7s 8d] [Js]
*** SHOW DOWN ***
helpsy18: shows [3s 3c] (a pair of Threes)
Mr Serhey91: shows [Ks 9s] (a flush, King high)
Mr Serhey91 collected 280 from pot
*** SUMMARY ***
Total pot 280 | Rake 0 
Board [Kd 2s 7s 8d Js]
Seat 1: helpsy18 (small blind) showed [3s 3c] and lost with a pair of Threes
Seat 2: Mahu2021 (big blind) folded before Flop
Seat 3: Mr Serhey91 (button) showed [Ks 9s] and won (280) with a flush, King high



PokerStars Hand #247638908337: Tournament #3685935521, $1.84+$0.16 USD Hold'em No Limit - Level I (10/20) - 2023/12/13 17:56:38 CET [2023/12/13 11:56:38 ET]
Table '3685935521 1' 3-max Seat #1 is the button
Seat 1: helpsy18 (230 in chips) 
Seat 2: Mahu2021 (990 in chips) 
Seat 3: Mr Serhey91 (280 in chips) 
Mahu2021: posts small blind 10
Mr Serhey91: posts big blind 20
*** HOLE CARDS ***
Dealt to Mahu2021 [4s 5d]
helpsy18: folds 
Mahu2021: calls 10
Mr Serhey91: checks 
*** FLOP *** [As 2d 4d]
Mahu2021: bets 20
Mr Serhey91: raises 80 to 100
Mahu2021: folds 
Uncalled bet (80) returned to Mr Serhey91
Mr Serhey91 collected 80 from pot
Mr Serhey91: doesn't show hand 
*** SUMMARY ***
Total pot 80 | Rake 0 
Board [As 2d 4d]
Seat 1: helpsy18 (button) folded before Flop (didn't bet)
Seat 2: Mahu2021 (small blind) folded on the Flop
Seat 3: Mr Serhey91 (big blind) collected (80)



PokerStars Hand #247638912112: Tournament #3685935521, $1.84+$0.16 USD Hold'em No Limit - Level I (10/20) - 2023/12/13 17:56:57 CET [2023/12/13 11:56:57 ET]
Table '3685935521 1' 3-max Seat #2 is the button
Seat 1: helpsy18 (230 in chips) 
Seat 2: Mahu2021 (950 in chips) 
Seat 3: Mr Serhey91 (320 in chips) 
Mr Serhey91: posts small blind 10
helpsy18: posts big blind 20
*** HOLE CARDS ***
Dealt to Mahu2021 [Jc 7s]
Mahu2021: folds 
Mr Serhey91: raises 300 to 320 and is all-in
helpsy18: folds 
Uncalled bet (300) returned to Mr Serhey91
Mr Serhey91 collected 40 from pot
Mr Serhey91: doesn't show hand 
*** SUMMARY ***
Total pot 40 | Rake 0 
Seat 1: helpsy18 (big blind) folded before Flop
Seat 2: Mahu2021 (button) folded before Flop (didn't bet)
Seat 3: Mr Serhey91 (small blind) collected (40)



PokerStars Hand #247638913980: Tournament #3685935521, $1.84+$0.16 USD Hold'em No Limit - Level I (10/20) - 2023/12/13 17:57:06 CET [2023/12/13 11:57:06 ET]
Table '3685935521 1' 3-max Seat #3 is the button
Seat 1: helpsy18 (210 in chips) 
Seat 2: Mahu2021 (950 in chips) 
Seat 3: Mr Serhey91 (340 in chips) 
helpsy18: posts small blind 10
Mahu2021: posts big blind 20
*** HOLE CARDS ***
Dealt to Mahu2021 [Qh 6h]
Mr Serhey91: folds 
helpsy18: raises 20 to 40
Mahu2021: calls 20
*** FLOP *** [Ah Tc Jd]
helpsy18: bets 40
Mahu2021: calls 40
*** TURN *** [Ah Tc Jd] [Ks]
helpsy18: bets 130 and is all-in
Mahu2021: calls 130
*** RIVER *** [Ah Tc Jd Ks] [7h]
*** SHOW DOWN ***
helpsy18: shows [As 5s] (a pair of Aces)
Mahu2021: shows [Qh 6h] (a straight, Ten to Ace)
Mahu2021 collected 420 from pot
helpsy18 finished the tournament in 3rd place
*** SUMMARY ***
Total pot 420 | Rake 0 
Board [Ah Tc Jd Ks 7h]
Seat 1: helpsy18 (small blind) showed [As 5s] and lost with a pair of Aces
Seat 2: Mahu2021 (big blind) showed [Qh 6h] and won (420) with a straight, Ten to Ace
Seat 3: Mr Serhey91 (button) folded before Flop (didn't bet)



PokerStars Hand #247638918556: Tournament #3685935521, $1.84+$0.16 USD Hold'em No Limit - Level I (10/20) - 2023/12/13 17:57:29 CET [2023/12/13 11:57:29 ET]
Table '3685935521 1' 3-max Seat #2 is the button
Seat 2: Mahu2021 (1160 in chips) 
Seat 3: Mr Serhey91 (340 in chips) 
Mahu2021: posts small blind 10
Mr Serhey91: posts big blind 20
*** HOLE CARDS ***
Dealt to Mahu2021 [2s Ts]
Mahu2021: calls 10
Mr Serhey91: checks 
*** FLOP *** [7c 5c 8d]
Mr Serhey91: checks 
Mahu2021: checks 
*** TURN *** [7c 5c 8d] [6d]
Mr Serhey91: bets 40
Mahu2021: folds 
Uncalled bet (40) returned to Mr Serhey91
Mr Serhey91 collected 40 from pot
Mr Serhey91: doesn't show hand 
*** SUMMARY ***
Total pot 40 | Rake 0 
Board [7c 5c 8d 6d]
Seat 2: Mahu2021 (button) (small blind) folded on the Turn
Seat 3: Mr Serhey91 (big blind) collected (40)



PokerStars Hand #247638924152: Tournament #3685935521, $1.84+$0.16 USD Hold'em No Limit - Level II (15/30) - 2023/12/13 17:57:56 CET [2023/12/13 11:57:56 ET]
Table '3685935521 1' 3-max Seat #3 is the button
Seat 2: Mahu2021 (1140 in chips) 
Seat 3: Mr Serhey91 (360 in chips) 
Mr Serhey91: posts small blind 15
Mahu2021: posts big blind 30
*** HOLE CARDS ***
Dealt to Mahu2021 [9s 4d]
Mr Serhey91: calls 15
Mahu2021: checks 
*** FLOP *** [3d 8h 2h]
Mahu2021: checks 
Mr Serhey91: bets 45
Mahu2021: folds 
Uncalled bet (45) returned to Mr Serhey91
Mr Serhey91 collected 60 from pot
Mr Serhey91: doesn't show hand 
*** SUMMARY ***
Total pot 60 | Rake 0 
Board [3d 8h 2h]
Seat 2: Mahu2021 (big blind) folded on the Flop
Seat 3: Mr Serhey91 (button) (small blind) collected (60)



PokerStars Hand #247638926392: Tournament #3685935521, $1.84+$0.16 USD Hold'em No Limit - Level II (15/30) - 2023/12/13 17:58:07 CET [2023/12/13 11:58:07 ET]
Table '3685935521 1' 3-max Seat #2 is the button
Seat 2: Mahu2021 (1110 in chips) 
Seat 3: Mr Serhey91 (390 in chips) 
Mahu2021: posts small blind 15
Mr Serhey91: posts big blind 30
*** HOLE CARDS ***
Dealt to Mahu2021 [2h Qh]
Mahu2021: calls 15
Mr Serhey91: checks 
*** FLOP *** [6h 5s Ks]
Mr Serhey91: checks 
Mahu2021: checks 
*** TURN *** [6h 5s Ks] [3h]
Mr Serhey91: checks 
Mahu2021: checks 
*** RIVER *** [6h 5s Ks 3h] [Tc]
Mr Serhey91: checks 
Mahu2021: checks 
*** SHOW DOWN ***
Mr Serhey91: shows [8c Jh] (high card King)
Mahu2021: shows [2h Qh] (high card King - Queen kicker)
Mahu2021 collected 60 from pot
*** SUMMARY ***
Total pot 60 | Rake 0 
Board [6h 5s Ks 3h Tc]
Seat 2: Mahu2021 (button) (small blind) showed [2h Qh] and won (60) with high card King
Seat 3: Mr Serhey91 (big blind) showed [8c Jh] and lost with high card King



PokerStars Hand #247638932004: Tournament #3685935521, $1.84+$0.16 USD Hold'em No Limit - Level II (15/30) - 2023/12/13 17:58:35 CET [2023/12/13 11:58:35 ET]
Table '3685935521 1' 3-max Seat #3 is the button
Seat 2: Mahu2021 (1140 in chips) 
Seat 3: Mr Serhey91 (360 in chips) 
Mr Serhey91: posts small blind 15
Mahu2021: posts big blind 30
*** HOLE CARDS ***
Dealt to Mahu2021 [3c 2d]
Mr Serhey91: folds 
Uncalled bet (15) returned to Mahu2021
Mahu2021 collected 30 from pot
Mahu2021: doesn't show hand 
*** SUMMARY ***
Total pot 30 | Rake 0 
Seat 2: Mahu2021 (big blind) collected (30)
Seat 3: Mr Serhey91 (button) (small blind) folded before Flop



PokerStars Hand #247638932911: Tournament #3685935521, $1.84+$0.16 USD Hold'em No Limit - Level II (15/30) - 2023/12/13 17:58:39 CET [2023/12/13 11:58:39 ET]
Table '3685935521 1' 3-max Seat #2 is the button
Seat 2: Mahu2021 (1155 in chips) 
Seat 3: Mr Serhey91 (345 in chips) 
Mahu2021: posts small blind 15
Mr Serhey91: posts big blind 30
*** HOLE CARDS ***
Dealt to Mahu2021 [Th Ad]
Mahu2021: raises 30 to 60
Mr Serhey91: raises 285 to 345 and is all-in
Mahu2021: calls 285
*** FLOP *** [Tc 9d 7c]
*** TURN *** [Tc 9d 7c] [4h]
*** RIVER *** [Tc 9d 7c 4h] [Kh]
*** SHOW DOWN ***
Mr Serhey91: shows [Jh Js] (a pair of Jacks)
Mahu2021: shows [Th Ad] (a pair of Tens)
Mr Serhey91 collected 690 from pot
*** SUMMARY ***
Total pot 690 | Rake 0 
Board [Tc 9d 7c 4h Kh]
Seat 2: Mahu2021 (button) (small blind) showed [Th Ad] and lost with a pair of Tens
Seat 3: Mr Serhey91 (big blind) showed [Jh Js] and won (690) with a pair of Jacks



PokerStars Hand #247638937608: Tournament #3685935521, $1.84+$0.16 USD Hold'em No Limit - Level II (15/30) - 2023/12/13 17:59:02 CET [2023/12/13 11:59:02 ET]
Table '3685935521 1' 3-max Seat #3 is the button
Seat 2: Mahu2021 (810 in chips) 
Seat 3: Mr Serhey91 (690 in chips) 
Mr Serhey91: posts small blind 15
Mahu2021: posts big blind 30
*** HOLE CARDS ***
Dealt to Mahu2021 [2s Ac]
Mr Serhey91: calls 15
Mahu2021: raises 780 to 810 and is all-in
Mr Serhey91: folds 
Uncalled bet (780) returned to Mahu2021
Mahu2021 collected 60 from pot
Mahu2021: doesn't show hand 
*** SUMMARY ***
Total pot 60 | Rake 0 
Seat 2: Mahu2021 (big blind) collected (60)
Seat 3: Mr Serhey91 (button) (small blind) folded before Flop



PokerStars Hand #247638940523: Tournament #3685935521, $1.84+$0.16 USD Hold'em No Limit - Level II (15/30) - 2023/12/13 17:59:16 CET [2023/12/13 11:59:16 ET]
Table '3685935521 1' 3-max Seat #2 is the button
Seat 2: Mahu2021 (840 in chips) 
Seat 3: Mr Serhey91 (660 in chips) 
Mahu2021: posts small blind 15
Mr Serhey91: posts big blind 30
*** HOLE CARDS ***
Dealt to Mahu2021 [Td 8c]
Mahu2021: calls 15
Mr Serhey91: raises 60 to 90
Mahu2021: calls 60
*** FLOP *** [5c Ts 9s]
Mr Serhey91: bets 120
Mahu2021: raises 630 to 750 and is all-in
Mr Serhey91: calls 450 and is all-in
Uncalled bet (180) returned to Mahu2021
*** TURN *** [5c Ts 9s] [Qh]
*** RIVER *** [5c Ts 9s Qh] [8h]
*** SHOW DOWN ***
Mr Serhey91: shows [6d 9c] (a pair of Nines)
Mahu2021: shows [Td 8c] (two pair, Tens and Eights)
Mahu2021 collected 1320 from pot
Mr Serhey91 finished the tournament in 2nd place
Mahu2021 wins the tournament and receives $6.00 - congratulations!
*** SUMMARY ***
Total pot 1320 | Rake 0 
Board [5c Ts 9s Qh 8h]
Seat 2: Mahu2021 (button) (small blind) showed [Td 8c] and won (1320) with two pair, Tens and Eights
Seat 3: Mr Serhey91 (big blind) showed [6d 9c] and lost with a pair of Nines



