PokerStars Hand #248625637752: Tournament #3709795137, $1.84+$0.16 USD Hold'em No Limit - Level I (10/20) - 2024/02/01 20:05:24 CET [2024/02/01 14:05:24 ET]
Table '3709795137 1' 3-max Seat #1 is the button
Seat 1: 666UABB666 (500 in chips) 
Seat 2: fredd6 (500 in chips) 
Seat 3: Mahu2021 (500 in chips) 
fredd6: posts small blind 10
Mahu2021: posts big blind 20
*** HOLE CARDS ***
Dealt to Mahu2021 [2c 4d]
666UABB666: calls 20
fredd6: calls 10
Mahu2021: checks 
*** FLOP *** [Tc 8d 2s]
fredd6: bets 40
Mahu2021: folds 
666UABB666: folds 
Uncalled bet (40) returned to fredd6
fredd6 collected 60 from pot
*** SUMMARY ***
Total pot 60 | Rake 0 
Board [Tc 8d 2s]
Seat 1: 666UABB666 (button) folded on the Flop
Seat 2: fredd6 (small blind) collected (60)
Seat 3: Mahu2021 (big blind) folded on the Flop



PokerStars Hand #248625641903: Tournament #3709795137, $1.84+$0.16 USD Hold'em No Limit - Level I (10/20) - 2024/02/01 20:05:36 CET [2024/02/01 14:05:36 ET]
Table '3709795137 1' 3-max Seat #2 is the button
Seat 1: 666UABB666 (480 in chips) 
Seat 2: fredd6 (540 in chips) 
Seat 3: Mahu2021 (480 in chips) 
Mahu2021: posts small blind 10
666UABB666: posts big blind 20
*** HOLE CARDS ***
Dealt to Mahu2021 [9s Qs]
fredd6: calls 20
Mahu2021: calls 10
666UABB666: checks 
*** FLOP *** [8s Ad Jd]
Mahu2021: checks 
666UABB666: bets 20
fredd6: calls 20
Mahu2021: calls 20
*** TURN *** [8s Ad Jd] [4c]
Mahu2021: checks 
666UABB666: checks 
fredd6: bets 40
Mahu2021: folds 
666UABB666: calls 40
*** RIVER *** [8s Ad Jd 4c] [Qd]
666UABB666: checks 
fredd6: checks 
*** SHOW DOWN ***
666UABB666: shows [Jc 3s] (a pair of Jacks)
fredd6: shows [Js Tc] (a pair of Jacks - Ace+Queen+Ten kicker)
fredd6 collected 200 from pot
*** SUMMARY ***
Total pot 200 | Rake 0 
Board [8s Ad Jd 4c Qd]
Seat 1: 666UABB666 (big blind) showed [Jc 3s] and lost with a pair of Jacks
Seat 2: fredd6 (button) showed [Js Tc] and won (200) with a pair of Jacks
Seat 3: Mahu2021 (small blind) folded on the Turn



PokerStars Hand #248625649419: Tournament #3709795137, $1.84+$0.16 USD Hold'em No Limit - Level I (10/20) - 2024/02/01 20:05:58 CET [2024/02/01 14:05:58 ET]
Table '3709795137 1' 3-max Seat #3 is the button
Seat 1: 666UABB666 (400 in chips) 
Seat 2: fredd6 (660 in chips) 
Seat 3: Mahu2021 (440 in chips) 
666UABB666: posts small blind 10
fredd6: posts big blind 20
*** HOLE CARDS ***
Dealt to Mahu2021 [As 8s]
Mahu2021: raises 20 to 40
666UABB666: calls 30
fredd6: calls 20
*** FLOP *** [Th 5h 9h]
666UABB666: bets 20
fredd6: folds 
Mahu2021: folds 
Uncalled bet (20) returned to 666UABB666
666UABB666 collected 120 from pot
*** SUMMARY ***
Total pot 120 | Rake 0 
Board [Th 5h 9h]
Seat 1: 666UABB666 (small blind) collected (120)
Seat 2: fredd6 (big blind) folded on the Flop
Seat 3: Mahu2021 (button) folded on the Flop



PokerStars Hand #248625653947: Tournament #3709795137, $1.84+$0.16 USD Hold'em No Limit - Level I (10/20) - 2024/02/01 20:06:11 CET [2024/02/01 14:06:11 ET]
Table '3709795137 1' 3-max Seat #1 is the button
Seat 1: 666UABB666 (480 in chips) 
Seat 2: fredd6 (620 in chips) 
Seat 3: Mahu2021 (400 in chips) 
fredd6: posts small blind 10
Mahu2021: posts big blind 20
*** HOLE CARDS ***
Dealt to Mahu2021 [3d 5s]
666UABB666: calls 20
fredd6: calls 10
Mahu2021: checks 
*** FLOP *** [8h Ah 6s]
fredd6: bets 20
Mahu2021: folds 
666UABB666: calls 20
*** TURN *** [8h Ah 6s] [2d]
fredd6: bets 20
666UABB666: calls 20
*** RIVER *** [8h Ah 6s 2d] [8c]
fredd6: checks 
666UABB666: bets 40
fredd6: folds 
Uncalled bet (40) returned to 666UABB666
666UABB666 collected 140 from pot
*** SUMMARY ***
Total pot 140 | Rake 0 
Board [8h Ah 6s 2d 8c]
Seat 1: 666UABB666 (button) collected (140)
Seat 2: fredd6 (small blind) folded on the River
Seat 3: Mahu2021 (big blind) folded on the Flop



PokerStars Hand #248625660781: Tournament #3709795137, $1.84+$0.16 USD Hold'em No Limit - Level I (10/20) - 2024/02/01 20:06:31 CET [2024/02/01 14:06:31 ET]
Table '3709795137 1' 3-max Seat #2 is the button
Seat 1: 666UABB666 (560 in chips) 
Seat 2: fredd6 (560 in chips) 
Seat 3: Mahu2021 (380 in chips) 
Mahu2021: posts small blind 10
666UABB666: posts big blind 20
*** HOLE CARDS ***
Dealt to Mahu2021 [9h Qs]
fredd6: folds 
Mahu2021: raises 20 to 40
666UABB666: folds 
Uncalled bet (20) returned to Mahu2021
Mahu2021 collected 40 from pot
Mahu2021: doesn't show hand 
*** SUMMARY ***
Total pot 40 | Rake 0 
Seat 1: 666UABB666 (big blind) folded before Flop
Seat 2: fredd6 (button) folded before Flop (didn't bet)
Seat 3: Mahu2021 (small blind) collected (40)



PokerStars Hand #248625662931: Tournament #3709795137, $1.84+$0.16 USD Hold'em No Limit - Level I (10/20) - 2024/02/01 20:06:37 CET [2024/02/01 14:06:37 ET]
Table '3709795137 1' 3-max Seat #3 is the button
Seat 1: 666UABB666 (540 in chips) 
Seat 2: fredd6 (560 in chips) 
Seat 3: Mahu2021 (400 in chips) 
666UABB666: posts small blind 10
fredd6: posts big blind 20
*** HOLE CARDS ***
Dealt to Mahu2021 [4s Qs]
Mahu2021: calls 20
666UABB666: calls 10
fredd6: checks 
*** FLOP *** [5c 7c 4h]
666UABB666: checks 
fredd6: checks 
Mahu2021: bets 20
666UABB666: calls 20
fredd6: folds 
*** TURN *** [5c 7c 4h] [4c]
666UABB666: checks 
Mahu2021: bets 20
666UABB666: calls 20
*** RIVER *** [5c 7c 4h 4c] [8s]
666UABB666: checks 
Mahu2021: bets 40
666UABB666: folds 
Uncalled bet (40) returned to Mahu2021
Mahu2021 collected 140 from pot
Mahu2021: doesn't show hand 
*** SUMMARY ***
Total pot 140 | Rake 0 
Board [5c 7c 4h 4c 8s]
Seat 1: 666UABB666 (small blind) folded on the River
Seat 2: fredd6 (big blind) folded on the Flop
Seat 3: Mahu2021 (button) collected (140)



PokerStars Hand #248625670242: Tournament #3709795137, $1.84+$0.16 USD Hold'em No Limit - Level I (10/20) - 2024/02/01 20:06:59 CET [2024/02/01 14:06:59 ET]
Table '3709795137 1' 3-max Seat #1 is the button
Seat 1: 666UABB666 (480 in chips) 
Seat 2: fredd6 (540 in chips) 
Seat 3: Mahu2021 (480 in chips) 
fredd6: posts small blind 10
Mahu2021: posts big blind 20
*** HOLE CARDS ***
Dealt to Mahu2021 [Jh 9s]
666UABB666: calls 20
fredd6: calls 10
Mahu2021: checks 
*** FLOP *** [Td 3d Jd]
fredd6: checks 
Mahu2021: bets 20
666UABB666: calls 20
fredd6: folds 
*** TURN *** [Td 3d Jd] [Ah]
Mahu2021: checks 
666UABB666: bets 40
Mahu2021: folds 
Uncalled bet (40) returned to 666UABB666
666UABB666 collected 100 from pot
*** SUMMARY ***
Total pot 100 | Rake 0 
Board [Td 3d Jd Ah]
Seat 1: 666UABB666 (button) collected (100)
Seat 2: fredd6 (small blind) folded on the Flop
Seat 3: Mahu2021 (big blind) folded on the Turn



PokerStars Hand #248625676812: Tournament #3709795137, $1.84+$0.16 USD Hold'em No Limit - Level I (10/20) - 2024/02/01 20:07:17 CET [2024/02/01 14:07:17 ET]
Table '3709795137 1' 3-max Seat #2 is the button
Seat 1: 666UABB666 (540 in chips) 
Seat 2: fredd6 (520 in chips) 
Seat 3: Mahu2021 (440 in chips) 
Mahu2021: posts small blind 10
666UABB666: posts big blind 20
*** HOLE CARDS ***
Dealt to Mahu2021 [7h Kd]
fredd6: calls 20
Mahu2021: calls 10
666UABB666: checks 
*** FLOP *** [2h 5d Jc]
Mahu2021: checks 
666UABB666: checks 
fredd6: bets 60
Mahu2021: folds 
666UABB666: folds 
Uncalled bet (60) returned to fredd6
fredd6 collected 60 from pot
*** SUMMARY ***
Total pot 60 | Rake 0 
Board [2h 5d Jc]
Seat 1: 666UABB666 (big blind) folded on the Flop
Seat 2: fredd6 (button) collected (60)
Seat 3: Mahu2021 (small blind) folded on the Flop



PokerStars Hand #248625681650: Tournament #3709795137, $1.84+$0.16 USD Hold'em No Limit - Level I (10/20) - 2024/02/01 20:07:31 CET [2024/02/01 14:07:31 ET]
Table '3709795137 1' 3-max Seat #3 is the button
Seat 1: 666UABB666 (520 in chips) 
Seat 2: fredd6 (560 in chips) 
Seat 3: Mahu2021 (420 in chips) 
666UABB666: posts small blind 10
fredd6: posts big blind 20
*** HOLE CARDS ***
Dealt to Mahu2021 [5s 4s]
Mahu2021: calls 20
666UABB666: raises 20 to 40
fredd6: folds 
Mahu2021: calls 20
*** FLOP *** [Th 2d 4h]
666UABB666: bets 40
Mahu2021: calls 40
*** TURN *** [Th 2d 4h] [Jh]
666UABB666: bets 90
Mahu2021: folds 
Uncalled bet (90) returned to 666UABB666
666UABB666 collected 180 from pot
*** SUMMARY ***
Total pot 180 | Rake 0 
Board [Th 2d 4h Jh]
Seat 1: 666UABB666 (small blind) collected (180)
Seat 2: fredd6 (big blind) folded before Flop
Seat 3: Mahu2021 (button) folded on the Turn



PokerStars Hand #248625687440: Tournament #3709795137, $1.84+$0.16 USD Hold'em No Limit - Level I (10/20) - 2024/02/01 20:07:48 CET [2024/02/01 14:07:48 ET]
Table '3709795137 1' 3-max Seat #1 is the button
Seat 1: 666UABB666 (620 in chips) 
Seat 2: fredd6 (540 in chips) 
Seat 3: Mahu2021 (340 in chips) 
fredd6: posts small blind 10
Mahu2021: posts big blind 20
*** HOLE CARDS ***
Dealt to Mahu2021 [Kd 5d]
666UABB666: calls 20
fredd6: calls 10
Mahu2021: checks 
*** FLOP *** [4d 6h 5s]
fredd6: checks 
Mahu2021: bets 20
666UABB666: calls 20
fredd6: folds 
*** TURN *** [4d 6h 5s] [2s]
Mahu2021: checks 
666UABB666: checks 
*** RIVER *** [4d 6h 5s 2s] [9s]
Mahu2021: checks 
666UABB666: checks 
*** SHOW DOWN ***
Mahu2021: shows [Kd 5d] (a pair of Fives)
666UABB666: mucks hand 
Mahu2021 collected 100 from pot
*** SUMMARY ***
Total pot 100 | Rake 0 
Board [4d 6h 5s 2s 9s]
Seat 1: 666UABB666 (button) mucked [7c Ad]
Seat 2: fredd6 (small blind) folded on the Flop
Seat 3: Mahu2021 (big blind) showed [Kd 5d] and won (100) with a pair of Fives



PokerStars Hand #248625693597: Tournament #3709795137, $1.84+$0.16 USD Hold'em No Limit - Level I (10/20) - 2024/02/01 20:08:06 CET [2024/02/01 14:08:06 ET]
Table '3709795137 1' 3-max Seat #2 is the button
Seat 1: 666UABB666 (580 in chips) 
Seat 2: fredd6 (520 in chips) 
Seat 3: Mahu2021 (400 in chips) 
Mahu2021: posts small blind 10
666UABB666: posts big blind 20
*** HOLE CARDS ***
Dealt to Mahu2021 [5d Ks]
fredd6: folds 
Mahu2021: raises 20 to 40
666UABB666: folds 
Uncalled bet (20) returned to Mahu2021
Mahu2021 collected 40 from pot
Mahu2021: doesn't show hand 
*** SUMMARY ***
Total pot 40 | Rake 0 
Seat 1: 666UABB666 (big blind) folded before Flop
Seat 2: fredd6 (button) folded before Flop (didn't bet)
Seat 3: Mahu2021 (small blind) collected (40)



PokerStars Hand #248625696223: Tournament #3709795137, $1.84+$0.16 USD Hold'em No Limit - Level I (10/20) - 2024/02/01 20:08:14 CET [2024/02/01 14:08:14 ET]
Table '3709795137 1' 3-max Seat #3 is the button
Seat 1: 666UABB666 (560 in chips) 
Seat 2: fredd6 (520 in chips) 
Seat 3: Mahu2021 (420 in chips) 
666UABB666: posts small blind 10
fredd6: posts big blind 20
*** HOLE CARDS ***
Dealt to Mahu2021 [8h Ts]
Mahu2021: folds 
666UABB666: folds 
Uncalled bet (10) returned to fredd6
fredd6 collected 20 from pot
*** SUMMARY ***
Total pot 20 | Rake 0 
Seat 1: 666UABB666 (small blind) folded before Flop
Seat 2: fredd6 (big blind) collected (20)
Seat 3: Mahu2021 (button) folded before Flop (didn't bet)



PokerStars Hand #248625698032: Tournament #3709795137, $1.84+$0.16 USD Hold'em No Limit - Level I (10/20) - 2024/02/01 20:08:19 CET [2024/02/01 14:08:19 ET]
Table '3709795137 1' 3-max Seat #1 is the button
Seat 1: 666UABB666 (550 in chips) 
Seat 2: fredd6 (530 in chips) 
Seat 3: Mahu2021 (420 in chips) 
fredd6: posts small blind 10
Mahu2021: posts big blind 20
*** HOLE CARDS ***
Dealt to Mahu2021 [Jc Kh]
666UABB666: folds 
fredd6: calls 10
Mahu2021: raises 40 to 60
fredd6: calls 40
*** FLOP *** [Ac 9h Td]
fredd6: checks 
Mahu2021: checks 
*** TURN *** [Ac 9h Td] [4c]
fredd6: checks 
Mahu2021: checks 
*** RIVER *** [Ac 9h Td 4c] [Ah]
fredd6: bets 40
Mahu2021: calls 40
*** SHOW DOWN ***
fredd6: shows [As 2h] (three of a kind, Aces)
Mahu2021: mucks hand 
fredd6 collected 200 from pot
*** SUMMARY ***
Total pot 200 | Rake 0 
Board [Ac 9h Td 4c Ah]
Seat 1: 666UABB666 (button) folded before Flop (didn't bet)
Seat 2: fredd6 (small blind) showed [As 2h] and won (200) with three of a kind, Aces
Seat 3: Mahu2021 (big blind) mucked [Jc Kh]



PokerStars Hand #248625705427: Tournament #3709795137, $1.84+$0.16 USD Hold'em No Limit - Level II (15/30) - 2024/02/01 20:08:41 CET [2024/02/01 14:08:41 ET]
Table '3709795137 1' 3-max Seat #2 is the button
Seat 1: 666UABB666 (550 in chips) 
Seat 2: fredd6 (630 in chips) 
Seat 3: Mahu2021 (320 in chips) 
Mahu2021: posts small blind 15
666UABB666: posts big blind 30
*** HOLE CARDS ***
Dealt to Mahu2021 [2h 7s]
fredd6: folds 
Mahu2021: folds 
Uncalled bet (15) returned to 666UABB666
666UABB666 collected 30 from pot
*** SUMMARY ***
Total pot 30 | Rake 0 
Seat 1: 666UABB666 (big blind) collected (30)
Seat 2: fredd6 (button) folded before Flop (didn't bet)
Seat 3: Mahu2021 (small blind) folded before Flop



PokerStars Hand #248625707286: Tournament #3709795137, $1.84+$0.16 USD Hold'em No Limit - Level II (15/30) - 2024/02/01 20:08:46 CET [2024/02/01 14:08:46 ET]
Table '3709795137 1' 3-max Seat #3 is the button
Seat 1: 666UABB666 (565 in chips) 
Seat 2: fredd6 (630 in chips) 
Seat 3: Mahu2021 (305 in chips) 
666UABB666: posts small blind 15
fredd6: posts big blind 30
*** HOLE CARDS ***
Dealt to Mahu2021 [9d 7d]
Mahu2021: calls 30
666UABB666: calls 15
fredd6: checks 
*** FLOP *** [Ks 7s 7c]
666UABB666: checks 
fredd6: checks 
Mahu2021: bets 30
666UABB666: calls 30
fredd6: folds 
*** TURN *** [Ks 7s 7c] [9c]
666UABB666: checks 
Mahu2021: bets 30
666UABB666: calls 30
*** RIVER *** [Ks 7s 7c 9c] [8d]
666UABB666: checks 
Mahu2021: bets 215 and is all-in
666UABB666: folds 
Uncalled bet (215) returned to Mahu2021
Mahu2021 collected 210 from pot
Mahu2021: doesn't show hand 
*** SUMMARY ***
Total pot 210 | Rake 0 
Board [Ks 7s 7c 9c 8d]
Seat 1: 666UABB666 (small blind) folded on the River
Seat 2: fredd6 (big blind) folded on the Flop
Seat 3: Mahu2021 (button) collected (210)



PokerStars Hand #248625715068: Tournament #3709795137, $1.84+$0.16 USD Hold'em No Limit - Level II (15/30) - 2024/02/01 20:09:09 CET [2024/02/01 14:09:09 ET]
Table '3709795137 1' 3-max Seat #1 is the button
Seat 1: 666UABB666 (475 in chips) 
Seat 2: fredd6 (600 in chips) 
Seat 3: Mahu2021 (425 in chips) 
fredd6: posts small blind 15
Mahu2021: posts big blind 30
*** HOLE CARDS ***
Dealt to Mahu2021 [4s 6s]
666UABB666: calls 30
fredd6: folds 
Mahu2021: checks 
*** FLOP *** [5s Tc 7c]
Mahu2021: checks 
666UABB666: bets 30
Mahu2021: calls 30
*** TURN *** [5s Tc 7c] [3s]
Mahu2021: checks 
666UABB666: checks 
*** RIVER *** [5s Tc 7c 3s] [7s]
Mahu2021: bets 365 and is all-in
666UABB666: folds 
Uncalled bet (365) returned to Mahu2021
Mahu2021 collected 135 from pot
Mahu2021: doesn't show hand 
*** SUMMARY ***
Total pot 135 | Rake 0 
Board [5s Tc 7c 3s 7s]
Seat 1: 666UABB666 (button) folded on the River
Seat 2: fredd6 (small blind) folded before Flop
Seat 3: Mahu2021 (big blind) collected (135)



PokerStars Hand #248625721649: Tournament #3709795137, $1.84+$0.16 USD Hold'em No Limit - Level II (15/30) - 2024/02/01 20:09:28 CET [2024/02/01 14:09:28 ET]
Table '3709795137 1' 3-max Seat #2 is the button
Seat 1: 666UABB666 (415 in chips) 
Seat 2: fredd6 (585 in chips) 
Seat 3: Mahu2021 (500 in chips) 
Mahu2021: posts small blind 15
666UABB666: posts big blind 30
*** HOLE CARDS ***
Dealt to Mahu2021 [Ks Jh]
fredd6: calls 30
Mahu2021: calls 15
666UABB666: checks 
*** FLOP *** [6s 3c Qd]
Mahu2021: checks 
666UABB666: bets 30
fredd6: calls 30
Mahu2021: folds 
*** TURN *** [6s 3c Qd] [9c]
666UABB666: bets 30
fredd6: calls 30
*** RIVER *** [6s 3c Qd 9c] [Qh]
666UABB666: bets 60
fredd6: folds 
Uncalled bet (60) returned to 666UABB666
666UABB666 collected 210 from pot
*** SUMMARY ***
Total pot 210 | Rake 0 
Board [6s 3c Qd 9c Qh]
Seat 1: 666UABB666 (big blind) collected (210)
Seat 2: fredd6 (button) folded on the River
Seat 3: Mahu2021 (small blind) folded on the Flop



PokerStars Hand #248625728137: Tournament #3709795137, $1.84+$0.16 USD Hold'em No Limit - Level II (15/30) - 2024/02/01 20:09:47 CET [2024/02/01 14:09:47 ET]
Table '3709795137 1' 3-max Seat #3 is the button
Seat 1: 666UABB666 (535 in chips) 
Seat 2: fredd6 (495 in chips) 
Seat 3: Mahu2021 (470 in chips) 
666UABB666: posts small blind 15
fredd6: posts big blind 30
*** HOLE CARDS ***
Dealt to Mahu2021 [Qh Jh]
Mahu2021: raises 30 to 60
666UABB666: calls 45
fredd6: calls 30
*** FLOP *** [4h Td 8h]
666UABB666: bets 30
fredd6: raises 60 to 90
Mahu2021: calls 90
666UABB666: folds 
*** TURN *** [4h Td 8h] [7s]
fredd6: bets 345 and is all-in
Mahu2021: calls 320 and is all-in
Uncalled bet (25) returned to fredd6
*** RIVER *** [4h Td 8h 7s] [Ah]
*** SHOW DOWN ***
fredd6: shows [8s Th] (two pair, Tens and Eights)
Mahu2021: shows [Qh Jh] (a flush, Ace high)
Mahu2021 collected 1030 from pot
*** SUMMARY ***
Total pot 1030 | Rake 0 
Board [4h Td 8h 7s Ah]
Seat 1: 666UABB666 (small blind) folded on the Flop
Seat 2: fredd6 (big blind) showed [8s Th] and lost with two pair, Tens and Eights
Seat 3: Mahu2021 (button) showed [Qh Jh] and won (1030) with a flush, Ace high



PokerStars Hand #248625735424: Tournament #3709795137, $1.84+$0.16 USD Hold'em No Limit - Level II (15/30) - 2024/02/01 20:10:08 CET [2024/02/01 14:10:08 ET]
Table '3709795137 1' 3-max Seat #1 is the button
Seat 1: 666UABB666 (445 in chips) 
Seat 2: fredd6 (25 in chips) 
Seat 3: Mahu2021 (1030 in chips) 
fredd6: posts small blind 15
Mahu2021: posts big blind 30
*** HOLE CARDS ***
Dealt to Mahu2021 [7s Ac]
666UABB666: folds 
fredd6: calls 10 and is all-in
Uncalled bet (5) returned to Mahu2021
*** FLOP *** [9c 8s As]
*** TURN *** [9c 8s As] [Ad]
*** RIVER *** [9c 8s As Ad] [3s]
*** SHOW DOWN ***
fredd6: shows [Td 9d] (two pair, Aces and Nines)
Mahu2021: shows [7s Ac] (three of a kind, Aces)
Mahu2021 collected 50 from pot
fredd6 finished the tournament in 3rd place
*** SUMMARY ***
Total pot 50 | Rake 0 
Board [9c 8s As Ad 3s]
Seat 1: 666UABB666 (button) folded before Flop (didn't bet)
Seat 2: fredd6 (small blind) showed [Td 9d] and lost with two pair, Aces and Nines
Seat 3: Mahu2021 (big blind) showed [7s Ac] and won (50) with three of a kind, Aces



PokerStars Hand #248625741099: Tournament #3709795137, $1.84+$0.16 USD Hold'em No Limit - Level II (15/30) - 2024/02/01 20:10:25 CET [2024/02/01 14:10:25 ET]
Table '3709795137 1' 3-max Seat #3 is the button
Seat 1: 666UABB666 (445 in chips) 
Seat 3: Mahu2021 (1055 in chips) 
Mahu2021: posts small blind 15
666UABB666: posts big blind 30
*** HOLE CARDS ***
Dealt to Mahu2021 [7c 2d]
Mahu2021: folds 
Uncalled bet (15) returned to 666UABB666
666UABB666 collected 30 from pot
*** SUMMARY ***
Total pot 30 | Rake 0 
Seat 1: 666UABB666 (big blind) collected (30)
Seat 3: Mahu2021 (button) (small blind) folded before Flop



PokerStars Hand #248625742833: Tournament #3709795137, $1.84+$0.16 USD Hold'em No Limit - Level II (15/30) - 2024/02/01 20:10:30 CET [2024/02/01 14:10:30 ET]
Table '3709795137 1' 3-max Seat #1 is the button
Seat 1: 666UABB666 (460 in chips) 
Seat 3: Mahu2021 (1040 in chips) 
666UABB666: posts small blind 15
Mahu2021: posts big blind 30
*** HOLE CARDS ***
Dealt to Mahu2021 [Ad 3h]
666UABB666: calls 15
Mahu2021: raises 60 to 90
666UABB666: folds 
Uncalled bet (60) returned to Mahu2021
Mahu2021 collected 60 from pot
Mahu2021: doesn't show hand 
*** SUMMARY ***
Total pot 60 | Rake 0 
Seat 1: 666UABB666 (button) (small blind) folded before Flop
Seat 3: Mahu2021 (big blind) collected (60)



PokerStars Hand #248625745182: Tournament #3709795137, $1.84+$0.16 USD Hold'em No Limit - Level II (15/30) - 2024/02/01 20:10:36 CET [2024/02/01 14:10:36 ET]
Table '3709795137 1' 3-max Seat #3 is the button
Seat 1: 666UABB666 (430 in chips) 
Seat 3: Mahu2021 (1070 in chips) 
Mahu2021: posts small blind 15
666UABB666: posts big blind 30
*** HOLE CARDS ***
Dealt to Mahu2021 [Qh 4d]
Mahu2021: raises 60 to 90
666UABB666: folds 
Uncalled bet (60) returned to Mahu2021
Mahu2021 collected 60 from pot
Mahu2021: doesn't show hand 
*** SUMMARY ***
Total pot 60 | Rake 0 
Seat 1: 666UABB666 (big blind) folded before Flop
Seat 3: Mahu2021 (button) (small blind) collected (60)



PokerStars Hand #248625747288: Tournament #3709795137, $1.84+$0.16 USD Hold'em No Limit - Level II (15/30) - 2024/02/01 20:10:43 CET [2024/02/01 14:10:43 ET]
Table '3709795137 1' 3-max Seat #1 is the button
Seat 1: 666UABB666 (400 in chips) 
Seat 3: Mahu2021 (1100 in chips) 
666UABB666: posts small blind 15
Mahu2021: posts big blind 30
*** HOLE CARDS ***
Dealt to Mahu2021 [5d 5h]
666UABB666: raises 30 to 60
Mahu2021: raises 1040 to 1100 and is all-in
666UABB666: folds 
Uncalled bet (1040) returned to Mahu2021
Mahu2021 collected 120 from pot
Mahu2021: doesn't show hand 
*** SUMMARY ***
Total pot 120 | Rake 0 
Seat 1: 666UABB666 (button) (small blind) folded before Flop
Seat 3: Mahu2021 (big blind) collected (120)



PokerStars Hand #248625749862: Tournament #3709795137, $1.84+$0.16 USD Hold'em No Limit - Level II (15/30) - 2024/02/01 20:10:50 CET [2024/02/01 14:10:50 ET]
Table '3709795137 1' 3-max Seat #3 is the button
Seat 1: 666UABB666 (340 in chips) 
Seat 3: Mahu2021 (1160 in chips) 
Mahu2021: posts small blind 15
666UABB666: posts big blind 30
*** HOLE CARDS ***
Dealt to Mahu2021 [Qc Ks]
Mahu2021: raises 60 to 90
666UABB666: folds 
Uncalled bet (60) returned to Mahu2021
Mahu2021 collected 60 from pot
Mahu2021: doesn't show hand 
*** SUMMARY ***
Total pot 60 | Rake 0 
Seat 1: 666UABB666 (big blind) folded before Flop
Seat 3: Mahu2021 (button) (small blind) collected (60)



PokerStars Hand #248625751906: Tournament #3709795137, $1.84+$0.16 USD Hold'em No Limit - Level II (15/30) - 2024/02/01 20:10:56 CET [2024/02/01 14:10:56 ET]
Table '3709795137 1' 3-max Seat #1 is the button
Seat 1: 666UABB666 (310 in chips) 
Seat 3: Mahu2021 (1190 in chips) 
666UABB666: posts small blind 15
Mahu2021: posts big blind 30
*** HOLE CARDS ***
Dealt to Mahu2021 [Td 7c]
666UABB666: folds 
Uncalled bet (15) returned to Mahu2021
Mahu2021 collected 30 from pot
Mahu2021: doesn't show hand 
*** SUMMARY ***
Total pot 30 | Rake 0 
Seat 1: 666UABB666 (button) (small blind) folded before Flop
Seat 3: Mahu2021 (big blind) collected (30)



PokerStars Hand #248625753506: Tournament #3709795137, $1.84+$0.16 USD Hold'em No Limit - Level II (15/30) - 2024/02/01 20:11:00 CET [2024/02/01 14:11:00 ET]
Table '3709795137 1' 3-max Seat #3 is the button
Seat 1: 666UABB666 (295 in chips) 
Seat 3: Mahu2021 (1205 in chips) 
Mahu2021: posts small blind 15
666UABB666: posts big blind 30
*** HOLE CARDS ***
Dealt to Mahu2021 [6h Qs]
Mahu2021: raises 30 to 60
666UABB666: folds 
Uncalled bet (30) returned to Mahu2021
Mahu2021 collected 60 from pot
Mahu2021: doesn't show hand 
*** SUMMARY ***
Total pot 60 | Rake 0 
Seat 1: 666UABB666 (big blind) folded before Flop
Seat 3: Mahu2021 (button) (small blind) collected (60)



PokerStars Hand #248625755539: Tournament #3709795137, $1.84+$0.16 USD Hold'em No Limit - Level II (15/30) - 2024/02/01 20:11:06 CET [2024/02/01 14:11:06 ET]
Table '3709795137 1' 3-max Seat #1 is the button
Seat 1: 666UABB666 (265 in chips) 
Seat 3: Mahu2021 (1235 in chips) 
666UABB666: posts small blind 15
Mahu2021: posts big blind 30
*** HOLE CARDS ***
Dealt to Mahu2021 [Jc Ah]
666UABB666: raises 30 to 60
Mahu2021: raises 1175 to 1235 and is all-in
666UABB666: calls 205 and is all-in
Uncalled bet (970) returned to Mahu2021
*** FLOP *** [Kd 5d 6c]
*** TURN *** [Kd 5d 6c] [2d]
*** RIVER *** [Kd 5d 6c 2d] [9c]
*** SHOW DOWN ***
Mahu2021: shows [Jc Ah] (high card Ace)
666UABB666: shows [Ad 4s] (high card Ace - lower kicker)
Mahu2021 collected 530 from pot
666UABB666 finished the tournament in 2nd place
Mahu2021 wins the tournament and receives $6.00 - congratulations!
*** SUMMARY ***
Total pot 530 | Rake 0 
Board [Kd 5d 6c 2d 9c]
Seat 1: 666UABB666 (button) (small blind) showed [Ad 4s] and lost with high card Ace
Seat 3: Mahu2021 (big blind) showed [Jc Ah] and won (530) with high card Ace



