PokerStars Hand #247055175828: Tournament #3671964447, $1.84+$0.16 USD Hold'em No Limit - Level I (10/20) - 2023/11/11 22:29:44 CET [2023/11/11 16:29:44 ET]
Table '3671964447 1' 3-max Seat #1 is the button
Seat 1: HVICC (500 in chips) 
Seat 2: Mahu2021 (500 in chips) 
Seat 3: tommy_boy.co (500 in chips) 
Mahu2021: posts small blind 10
tommy_boy.co: posts big blind 20
*** HOLE CARDS ***
Dealt to Mahu2021 [5c 6h]
HVICC: raises 50 to 70
Mahu2021: folds 
tommy_boy.co: calls 50
*** FLOP *** [9h 6d 7c]
tommy_boy.co: bets 20
HVICC: calls 20
*** TURN *** [9h 6d 7c] [8h]
tommy_boy.co: bets 20
HVICC: calls 20
*** RIVER *** [9h 6d 7c 8h] [Kd]
tommy_boy.co: checks 
HVICC: bets 230
tommy_boy.co: folds 
Uncalled bet (230) returned to HVICC
HVICC collected 230 from pot
*** SUMMARY ***
Total pot 230 | Rake 0 
Board [9h 6d 7c 8h Kd]
Seat 1: HVICC (button) collected (230)
Seat 2: Mahu2021 (small blind) folded before Flop
Seat 3: tommy_boy.co (big blind) folded on the River



PokerStars Hand #247055183721: Tournament #3671964447, $1.84+$0.16 USD Hold'em No Limit - Level I (10/20) - 2023/11/11 22:30:06 CET [2023/11/11 16:30:06 ET]
Table '3671964447 1' 3-max Seat #2 is the button
Seat 1: HVICC (620 in chips) 
Seat 2: Mahu2021 (490 in chips) 
Seat 3: tommy_boy.co (390 in chips) 
tommy_boy.co: posts small blind 10
HVICC: posts big blind 20
*** HOLE CARDS ***
Dealt to Mahu2021 [8d 9s]
Mahu2021: calls 20
tommy_boy.co: calls 10
HVICC: raises 120 to 140
Mahu2021: folds 
tommy_boy.co: folds 
Uncalled bet (120) returned to HVICC
HVICC collected 60 from pot
*** SUMMARY ***
Total pot 60 | Rake 0 
Seat 1: HVICC (big blind) collected (60)
Seat 2: Mahu2021 (button) folded before Flop
Seat 3: tommy_boy.co (small blind) folded before Flop



PokerStars Hand #247055188287: Tournament #3671964447, $1.84+$0.16 USD Hold'em No Limit - Level I (10/20) - 2023/11/11 22:30:19 CET [2023/11/11 16:30:19 ET]
Table '3671964447 1' 3-max Seat #3 is the button
Seat 1: HVICC (660 in chips) 
Seat 2: Mahu2021 (470 in chips) 
Seat 3: tommy_boy.co (370 in chips) 
HVICC: posts small blind 10
Mahu2021: posts big blind 20
*** HOLE CARDS ***
Dealt to Mahu2021 [4c 8d]
tommy_boy.co: folds 
HVICC: calls 10
Mahu2021: checks 
*** FLOP *** [2s Td 7c]
HVICC: checks 
Mahu2021: checks 
*** TURN *** [2s Td 7c] [Qc]
HVICC: checks 
Mahu2021: checks 
*** RIVER *** [2s Td 7c Qc] [Ah]
HVICC: checks 
Mahu2021: checks 
*** SHOW DOWN ***
HVICC: shows [8c 4d] (high card Ace)
Mahu2021: shows [4c 8d] (high card Ace)
HVICC collected 20 from pot
Mahu2021 collected 20 from pot
*** SUMMARY ***
Total pot 40 | Rake 0 
Board [2s Td 7c Qc Ah]
Seat 1: HVICC (small blind) showed [8c 4d] and won (20) with high card Ace
Seat 2: Mahu2021 (big blind) showed [4c 8d] and won (20) with high card Ace
Seat 3: tommy_boy.co (button) folded before Flop (didn't bet)



PokerStars Hand #247055194784: Tournament #3671964447, $1.84+$0.16 USD Hold'em No Limit - Level I (10/20) - 2023/11/11 22:30:38 CET [2023/11/11 16:30:38 ET]
Table '3671964447 1' 3-max Seat #1 is the button
Seat 1: HVICC (660 in chips) 
Seat 2: Mahu2021 (470 in chips) 
Seat 3: tommy_boy.co (370 in chips) 
Mahu2021: posts small blind 10
tommy_boy.co: posts big blind 20
*** HOLE CARDS ***
Dealt to Mahu2021 [Jd 4s]
HVICC: folds 
Mahu2021: folds 
Uncalled bet (10) returned to tommy_boy.co
tommy_boy.co collected 20 from pot
tommy_boy.co: doesn't show hand 
*** SUMMARY ***
Total pot 20 | Rake 0 
Seat 1: HVICC (button) folded before Flop (didn't bet)
Seat 2: Mahu2021 (small blind) folded before Flop
Seat 3: tommy_boy.co (big blind) collected (20)



PokerStars Hand #247055196498: Tournament #3671964447, $1.84+$0.16 USD Hold'em No Limit - Level I (10/20) - 2023/11/11 22:30:43 CET [2023/11/11 16:30:43 ET]
Table '3671964447 1' 3-max Seat #2 is the button
Seat 1: HVICC (660 in chips) 
Seat 2: Mahu2021 (460 in chips) 
Seat 3: tommy_boy.co (380 in chips) 
tommy_boy.co: posts small blind 10
HVICC: posts big blind 20
*** HOLE CARDS ***
Dealt to Mahu2021 [2h 4c]
Mahu2021: folds 
tommy_boy.co: calls 10
HVICC: checks 
*** FLOP *** [Td Ts 3c]
tommy_boy.co: checks 
HVICC: checks 
*** TURN *** [Td Ts 3c] [Ac]
tommy_boy.co: checks 
HVICC: bets 80
tommy_boy.co: folds 
Uncalled bet (80) returned to HVICC
HVICC collected 40 from pot
*** SUMMARY ***
Total pot 40 | Rake 0 
Board [Td Ts 3c Ac]
Seat 1: HVICC (big blind) collected (40)
Seat 2: Mahu2021 (button) folded before Flop (didn't bet)
Seat 3: tommy_boy.co (small blind) folded on the Turn



PokerStars Hand #247055203133: Tournament #3671964447, $1.84+$0.16 USD Hold'em No Limit - Level I (10/20) - 2023/11/11 22:31:02 CET [2023/11/11 16:31:02 ET]
Table '3671964447 1' 3-max Seat #3 is the button
Seat 1: HVICC (680 in chips) 
Seat 2: Mahu2021 (460 in chips) 
Seat 3: tommy_boy.co (360 in chips) 
HVICC: posts small blind 10
Mahu2021: posts big blind 20
*** HOLE CARDS ***
Dealt to Mahu2021 [5d 8s]
tommy_boy.co: folds 
HVICC: folds 
Uncalled bet (10) returned to Mahu2021
Mahu2021 collected 20 from pot
Mahu2021: doesn't show hand 
*** SUMMARY ***
Total pot 20 | Rake 0 
Seat 1: HVICC (small blind) folded before Flop
Seat 2: Mahu2021 (big blind) collected (20)
Seat 3: tommy_boy.co (button) folded before Flop (didn't bet)



PokerStars Hand #247055205135: Tournament #3671964447, $1.84+$0.16 USD Hold'em No Limit - Level I (10/20) - 2023/11/11 22:31:07 CET [2023/11/11 16:31:07 ET]
Table '3671964447 1' 3-max Seat #1 is the button
Seat 1: HVICC (670 in chips) 
Seat 2: Mahu2021 (470 in chips) 
Seat 3: tommy_boy.co (360 in chips) 
Mahu2021: posts small blind 10
tommy_boy.co: posts big blind 20
*** HOLE CARDS ***
Dealt to Mahu2021 [Th 4s]
HVICC: folds 
Mahu2021: folds 
Uncalled bet (10) returned to tommy_boy.co
tommy_boy.co collected 20 from pot
tommy_boy.co: doesn't show hand 
*** SUMMARY ***
Total pot 20 | Rake 0 
Seat 1: HVICC (button) folded before Flop (didn't bet)
Seat 2: Mahu2021 (small blind) folded before Flop
Seat 3: tommy_boy.co (big blind) collected (20)



PokerStars Hand #247055206932: Tournament #3671964447, $1.84+$0.16 USD Hold'em No Limit - Level I (10/20) - 2023/11/11 22:31:12 CET [2023/11/11 16:31:12 ET]
Table '3671964447 1' 3-max Seat #2 is the button
Seat 1: HVICC (670 in chips) 
Seat 2: Mahu2021 (460 in chips) 
Seat 3: tommy_boy.co (370 in chips) 
tommy_boy.co: posts small blind 10
HVICC: posts big blind 20
*** HOLE CARDS ***
Dealt to Mahu2021 [9h As]
Mahu2021: calls 20
tommy_boy.co: calls 10
HVICC: checks 
*** FLOP *** [9c 9d 3c]
tommy_boy.co: checks 
HVICC: checks 
Mahu2021: bets 40
tommy_boy.co: folds 
HVICC: folds 
Uncalled bet (40) returned to Mahu2021
Mahu2021 collected 60 from pot
Mahu2021: doesn't show hand 
*** SUMMARY ***
Total pot 60 | Rake 0 
Board [9c 9d 3c]
Seat 1: HVICC (big blind) folded on the Flop
Seat 2: Mahu2021 (button) collected (60)
Seat 3: tommy_boy.co (small blind) folded on the Flop



PokerStars Hand #247055214121: Tournament #3671964447, $1.84+$0.16 USD Hold'em No Limit - Level I (10/20) - 2023/11/11 22:31:33 CET [2023/11/11 16:31:33 ET]
Table '3671964447 1' 3-max Seat #3 is the button
Seat 1: HVICC (650 in chips) 
Seat 2: Mahu2021 (500 in chips) 
Seat 3: tommy_boy.co (350 in chips) 
HVICC: posts small blind 10
Mahu2021: posts big blind 20
*** HOLE CARDS ***
Dealt to Mahu2021 [4c Ts]
tommy_boy.co: calls 20
HVICC: calls 10
Mahu2021: checks 
*** FLOP *** [8s Kd 9d]
HVICC: bets 20
Mahu2021: folds 
tommy_boy.co: calls 20
*** TURN *** [8s Kd 9d] [Td]
HVICC: bets 20
tommy_boy.co: calls 20
*** RIVER *** [8s Kd 9d Td] [2h]
HVICC: checks 
tommy_boy.co: bets 140
HVICC: folds 
Uncalled bet (140) returned to tommy_boy.co
tommy_boy.co collected 140 from pot
tommy_boy.co: doesn't show hand 
*** SUMMARY ***
Total pot 140 | Rake 0 
Board [8s Kd 9d Td 2h]
Seat 1: HVICC (small blind) folded on the River
Seat 2: Mahu2021 (big blind) folded on the Flop
Seat 3: tommy_boy.co (button) collected (140)



PokerStars Hand #247055223778: Tournament #3671964447, $1.84+$0.16 USD Hold'em No Limit - Level I (10/20) - 2023/11/11 22:32:00 CET [2023/11/11 16:32:00 ET]
Table '3671964447 1' 3-max Seat #1 is the button
Seat 1: HVICC (590 in chips) 
Seat 2: Mahu2021 (480 in chips) 
Seat 3: tommy_boy.co (430 in chips) 
Mahu2021: posts small blind 10
tommy_boy.co: posts big blind 20
*** HOLE CARDS ***
Dealt to Mahu2021 [7s 4d]
HVICC: calls 20
Mahu2021: folds 
tommy_boy.co: checks 
*** FLOP *** [2s Ks 7d]
tommy_boy.co: bets 20
HVICC: calls 20
*** TURN *** [2s Ks 7d] [Kd]
tommy_boy.co: bets 20
HVICC: calls 20
*** RIVER *** [2s Ks 7d Kd] [4s]
tommy_boy.co: checks 
HVICC: bets 150
tommy_boy.co: folds 
Uncalled bet (150) returned to HVICC
HVICC collected 130 from pot
*** SUMMARY ***
Total pot 130 | Rake 0 
Board [2s Ks 7d Kd 4s]
Seat 1: HVICC (button) collected (130)
Seat 2: Mahu2021 (small blind) folded before Flop
Seat 3: tommy_boy.co (big blind) folded on the River



PokerStars Hand #247055230929: Tournament #3671964447, $1.84+$0.16 USD Hold'em No Limit - Level I (10/20) - 2023/11/11 22:32:20 CET [2023/11/11 16:32:20 ET]
Table '3671964447 1' 3-max Seat #2 is the button
Seat 1: HVICC (660 in chips) 
Seat 2: Mahu2021 (470 in chips) 
Seat 3: tommy_boy.co (370 in chips) 
tommy_boy.co: posts small blind 10
HVICC: posts big blind 20
*** HOLE CARDS ***
Dealt to Mahu2021 [Qh 8h]
Mahu2021: raises 20 to 40
tommy_boy.co: calls 30
HVICC: calls 20
*** FLOP *** [Tc Jc Ad]
tommy_boy.co: checks 
HVICC: checks 
Mahu2021: bets 80
tommy_boy.co: folds 
HVICC: folds 
Uncalled bet (80) returned to Mahu2021
Mahu2021 collected 120 from pot
Mahu2021: doesn't show hand 
*** SUMMARY ***
Total pot 120 | Rake 0 
Board [Tc Jc Ad]
Seat 1: HVICC (big blind) folded on the Flop
Seat 2: Mahu2021 (button) collected (120)
Seat 3: tommy_boy.co (small blind) folded on the Flop



PokerStars Hand #247055237905: Tournament #3671964447, $1.84+$0.16 USD Hold'em No Limit - Level I (10/20) - 2023/11/11 22:32:40 CET [2023/11/11 16:32:40 ET]
Table '3671964447 1' 3-max Seat #3 is the button
Seat 1: HVICC (620 in chips) 
Seat 2: Mahu2021 (550 in chips) 
Seat 3: tommy_boy.co (330 in chips) 
HVICC: posts small blind 10
Mahu2021: posts big blind 20
*** HOLE CARDS ***
Dealt to Mahu2021 [Ac 9c]
tommy_boy.co: calls 20
HVICC: calls 10
Mahu2021: checks 
*** FLOP *** [6c As Js]
HVICC: checks 
Mahu2021: bets 40
tommy_boy.co: calls 40
HVICC: calls 40
*** TURN *** [6c As Js] [8s]
HVICC: checks 
Mahu2021: checks 
tommy_boy.co: bets 90
HVICC: folds 
Mahu2021: folds 
Uncalled bet (90) returned to tommy_boy.co
tommy_boy.co collected 180 from pot
tommy_boy.co: doesn't show hand 
*** SUMMARY ***
Total pot 180 | Rake 0 
Board [6c As Js 8s]
Seat 1: HVICC (small blind) folded on the Turn
Seat 2: Mahu2021 (big blind) folded on the Turn
Seat 3: tommy_boy.co (button) collected (180)



PokerStars Hand #247055247605: Tournament #3671964447, $1.84+$0.16 USD Hold'em No Limit - Level II (15/30) - 2023/11/11 22:33:08 CET [2023/11/11 16:33:08 ET]
Table '3671964447 1' 3-max Seat #1 is the button
Seat 1: HVICC (560 in chips) 
Seat 2: Mahu2021 (490 in chips) 
Seat 3: tommy_boy.co (450 in chips) 
Mahu2021: posts small blind 15
tommy_boy.co: posts big blind 30
*** HOLE CARDS ***
Dealt to Mahu2021 [Qs As]
HVICC: raises 30 to 60
Mahu2021: raises 90 to 150
tommy_boy.co: folds 
HVICC: calls 90
*** FLOP *** [2s 6c Jd]
Mahu2021: checks 
HVICC: bets 120
Mahu2021: calls 120
*** TURN *** [2s 6c Jd] [2d]
Mahu2021: checks 
HVICC: bets 285
Mahu2021: folds 
Uncalled bet (285) returned to HVICC
HVICC collected 570 from pot
*** SUMMARY ***
Total pot 570 | Rake 0 
Board [2s 6c Jd 2d]
Seat 1: HVICC (button) collected (570)
Seat 2: Mahu2021 (small blind) folded on the Turn
Seat 3: tommy_boy.co (big blind) folded before Flop



PokerStars Hand #247055257294: Tournament #3671964447, $1.84+$0.16 USD Hold'em No Limit - Level II (15/30) - 2023/11/11 22:33:35 CET [2023/11/11 16:33:35 ET]
Table '3671964447 1' 3-max Seat #2 is the button
Seat 1: HVICC (860 in chips) 
Seat 2: Mahu2021 (220 in chips) 
Seat 3: tommy_boy.co (420 in chips) 
tommy_boy.co: posts small blind 15
HVICC: posts big blind 30
*** HOLE CARDS ***
Dealt to Mahu2021 [7h Ts]
Mahu2021: folds 
tommy_boy.co: calls 15
HVICC: checks 
*** FLOP *** [Ac 2s 6d]
tommy_boy.co: checks 
HVICC: bets 30
tommy_boy.co: folds 
Uncalled bet (30) returned to HVICC
HVICC collected 60 from pot
*** SUMMARY ***
Total pot 60 | Rake 0 
Board [Ac 2s 6d]
Seat 1: HVICC (big blind) collected (60)
Seat 2: Mahu2021 (button) folded before Flop (didn't bet)
Seat 3: tommy_boy.co (small blind) folded on the Flop



PokerStars Hand #247055262189: Tournament #3671964447, $1.84+$0.16 USD Hold'em No Limit - Level II (15/30) - 2023/11/11 22:33:49 CET [2023/11/11 16:33:49 ET]
Table '3671964447 1' 3-max Seat #3 is the button
Seat 1: HVICC (890 in chips) 
Seat 2: Mahu2021 (220 in chips) 
Seat 3: tommy_boy.co (390 in chips) 
HVICC: posts small blind 15
Mahu2021: posts big blind 30
*** HOLE CARDS ***
Dealt to Mahu2021 [6d 3c]
tommy_boy.co: folds 
HVICC: raises 860 to 890 and is all-in
Mahu2021: folds 
Uncalled bet (860) returned to HVICC
HVICC collected 60 from pot
*** SUMMARY ***
Total pot 60 | Rake 0 
Seat 1: HVICC (small blind) collected (60)
Seat 2: Mahu2021 (big blind) folded before Flop
Seat 3: tommy_boy.co (button) folded before Flop (didn't bet)



PokerStars Hand #247055265031: Tournament #3671964447, $1.84+$0.16 USD Hold'em No Limit - Level II (15/30) - 2023/11/11 22:33:58 CET [2023/11/11 16:33:58 ET]
Table '3671964447 1' 3-max Seat #1 is the button
Seat 1: HVICC (920 in chips) 
Seat 2: Mahu2021 (190 in chips) 
Seat 3: tommy_boy.co (390 in chips) 
Mahu2021: posts small blind 15
tommy_boy.co: posts big blind 30
*** HOLE CARDS ***
Dealt to Mahu2021 [3s 5c]
HVICC: folds 
Mahu2021: folds 
Uncalled bet (15) returned to tommy_boy.co
tommy_boy.co collected 30 from pot
tommy_boy.co: doesn't show hand 
*** SUMMARY ***
Total pot 30 | Rake 0 
Seat 1: HVICC (button) folded before Flop (didn't bet)
Seat 2: Mahu2021 (small blind) folded before Flop
Seat 3: tommy_boy.co (big blind) collected (30)



PokerStars Hand #247055267039: Tournament #3671964447, $1.84+$0.16 USD Hold'em No Limit - Level II (15/30) - 2023/11/11 22:34:04 CET [2023/11/11 16:34:04 ET]
Table '3671964447 1' 3-max Seat #2 is the button
Seat 1: HVICC (920 in chips) 
Seat 2: Mahu2021 (175 in chips) 
Seat 3: tommy_boy.co (405 in chips) 
tommy_boy.co: posts small blind 15
HVICC: posts big blind 30
*** HOLE CARDS ***
Dealt to Mahu2021 [Ad As]
Mahu2021: raises 30 to 60
tommy_boy.co: calls 45
HVICC: calls 30
*** FLOP *** [7d 8c 3d]
tommy_boy.co: checks 
HVICC: checks 
Mahu2021: bets 115 and is all-in
tommy_boy.co: folds 
HVICC: folds 
Uncalled bet (115) returned to Mahu2021
Mahu2021 collected 180 from pot
Mahu2021: doesn't show hand 
*** SUMMARY ***
Total pot 180 | Rake 0 
Board [7d 8c 3d]
Seat 1: HVICC (big blind) folded on the Flop
Seat 2: Mahu2021 (button) collected (180)
Seat 3: tommy_boy.co (small blind) folded on the Flop



PokerStars Hand #247055273797: Tournament #3671964447, $1.84+$0.16 USD Hold'em No Limit - Level II (15/30) - 2023/11/11 22:34:23 CET [2023/11/11 16:34:23 ET]
Table '3671964447 1' 3-max Seat #3 is the button
Seat 1: HVICC (860 in chips) 
Seat 2: Mahu2021 (295 in chips) 
Seat 3: tommy_boy.co (345 in chips) 
HVICC: posts small blind 15
Mahu2021: posts big blind 30
*** HOLE CARDS ***
Dealt to Mahu2021 [Qh 9s]
tommy_boy.co: calls 30
HVICC: calls 15
Mahu2021: checks 
*** FLOP *** [5h 4d Js]
HVICC: checks 
Mahu2021: checks 
tommy_boy.co: checks 
*** TURN *** [5h 4d Js] [8h]
HVICC: checks 
Mahu2021: checks 
tommy_boy.co: checks 
*** RIVER *** [5h 4d Js 8h] [7s]
HVICC: bets 150
Mahu2021: folds 
tommy_boy.co: calls 150
*** SHOW DOWN ***
HVICC: shows [6c 2h] (a straight, Four to Eight)
tommy_boy.co: mucks hand 
HVICC collected 390 from pot
*** SUMMARY ***
Total pot 390 | Rake 0 
Board [5h 4d Js 8h 7s]
Seat 1: HVICC (small blind) showed [6c 2h] and won (390) with a straight, Four to Eight
Seat 2: Mahu2021 (big blind) folded on the River
Seat 3: tommy_boy.co (button) mucked [9d 9c]



PokerStars Hand #247055285431: Tournament #3671964447, $1.84+$0.16 USD Hold'em No Limit - Level II (15/30) - 2023/11/11 22:34:56 CET [2023/11/11 16:34:56 ET]
Table '3671964447 1' 3-max Seat #1 is the button
Seat 1: HVICC (1070 in chips) 
Seat 2: Mahu2021 (265 in chips) 
Seat 3: tommy_boy.co (165 in chips) 
Mahu2021: posts small blind 15
tommy_boy.co: posts big blind 30
*** HOLE CARDS ***
Dealt to Mahu2021 [5s 7c]
HVICC: folds 
Mahu2021: folds 
Uncalled bet (15) returned to tommy_boy.co
tommy_boy.co collected 30 from pot
tommy_boy.co: doesn't show hand 
*** SUMMARY ***
Total pot 30 | Rake 0 
Seat 1: HVICC (button) folded before Flop (didn't bet)
Seat 2: Mahu2021 (small blind) folded before Flop
Seat 3: tommy_boy.co (big blind) collected (30)



PokerStars Hand #247055288284: Tournament #3671964447, $1.84+$0.16 USD Hold'em No Limit - Level II (15/30) - 2023/11/11 22:35:04 CET [2023/11/11 16:35:04 ET]
Table '3671964447 1' 3-max Seat #2 is the button
Seat 1: HVICC (1070 in chips) 
Seat 2: Mahu2021 (250 in chips) 
Seat 3: tommy_boy.co (180 in chips) 
tommy_boy.co: posts small blind 15
HVICC: posts big blind 30
*** HOLE CARDS ***
Dealt to Mahu2021 [4d 4s]
Mahu2021: raises 220 to 250 and is all-in
tommy_boy.co: folds 
HVICC: folds 
Uncalled bet (220) returned to Mahu2021
Mahu2021 collected 75 from pot
Mahu2021: doesn't show hand 
*** SUMMARY ***
Total pot 75 | Rake 0 
Seat 1: HVICC (big blind) folded before Flop
Seat 2: Mahu2021 (button) collected (75)
Seat 3: tommy_boy.co (small blind) folded before Flop



PokerStars Hand #247055291895: Tournament #3671964447, $1.84+$0.16 USD Hold'em No Limit - Level II (15/30) - 2023/11/11 22:35:15 CET [2023/11/11 16:35:15 ET]
Table '3671964447 1' 3-max Seat #3 is the button
Seat 1: HVICC (1040 in chips) 
Seat 2: Mahu2021 (295 in chips) 
Seat 3: tommy_boy.co (165 in chips) 
HVICC: posts small blind 15
Mahu2021: posts big blind 30
*** HOLE CARDS ***
Dealt to Mahu2021 [3h 2s]
tommy_boy.co: calls 30
HVICC: calls 15
Mahu2021: checks 
*** FLOP *** [Js Jd Ah]
HVICC: checks 
Mahu2021: checks 
tommy_boy.co: checks 
*** TURN *** [Js Jd Ah] [Qs]
HVICC: checks 
Mahu2021: checks 
tommy_boy.co: checks 
*** RIVER *** [Js Jd Ah Qs] [6c]
HVICC: checks 
Mahu2021: checks 
tommy_boy.co: checks 
*** SHOW DOWN ***
HVICC: shows [2h Ks] (a pair of Jacks)
Mahu2021: mucks hand 
tommy_boy.co: mucks hand 
HVICC collected 90 from pot
*** SUMMARY ***
Total pot 90 | Rake 0 
Board [Js Jd Ah Qs 6c]
Seat 1: HVICC (small blind) showed [2h Ks] and won (90) with a pair of Jacks
Seat 2: Mahu2021 (big blind) mucked [3h 2s]
Seat 3: tommy_boy.co (button) mucked [7h 5h]



PokerStars Hand #247055301914: Tournament #3671964447, $1.84+$0.16 USD Hold'em No Limit - Level II (15/30) - 2023/11/11 22:35:43 CET [2023/11/11 16:35:43 ET]
Table '3671964447 1' 3-max Seat #1 is the button
Seat 1: HVICC (1100 in chips) 
Seat 2: Mahu2021 (265 in chips) 
Seat 3: tommy_boy.co (135 in chips) 
Mahu2021: posts small blind 15
tommy_boy.co: posts big blind 30
*** HOLE CARDS ***
Dealt to Mahu2021 [3c Th]
HVICC: folds 
Mahu2021: folds 
Uncalled bet (15) returned to tommy_boy.co
tommy_boy.co collected 30 from pot
tommy_boy.co: doesn't show hand 
*** SUMMARY ***
Total pot 30 | Rake 0 
Seat 1: HVICC (button) folded before Flop (didn't bet)
Seat 2: Mahu2021 (small blind) folded before Flop
Seat 3: tommy_boy.co (big blind) collected (30)



PokerStars Hand #247055304745: Tournament #3671964447, $1.84+$0.16 USD Hold'em No Limit - Level III (20/40) - 2023/11/11 22:35:52 CET [2023/11/11 16:35:52 ET]
Table '3671964447 1' 3-max Seat #2 is the button
Seat 1: HVICC (1100 in chips) 
Seat 2: Mahu2021 (250 in chips) 
Seat 3: tommy_boy.co (150 in chips) 
tommy_boy.co: posts small blind 20
HVICC: posts big blind 40
*** HOLE CARDS ***
Dealt to Mahu2021 [Ts Kc]
Mahu2021: raises 210 to 250 and is all-in
tommy_boy.co: calls 130 and is all-in
HVICC: folds 
Uncalled bet (100) returned to Mahu2021
*** FLOP *** [4h Js 7h]
*** TURN *** [4h Js 7h] [8s]
*** RIVER *** [4h Js 7h 8s] [8h]
*** SHOW DOWN ***
tommy_boy.co: shows [Qc 9c] (a pair of Eights)
Mahu2021: shows [Ts Kc] (a pair of Eights - King kicker)
Mahu2021 collected 340 from pot
tommy_boy.co finished the tournament in 3rd place
*** SUMMARY ***
Total pot 340 | Rake 0 
Board [4h Js 7h 8s 8h]
Seat 1: HVICC (big blind) folded before Flop
Seat 2: Mahu2021 (button) showed [Ts Kc] and won (340) with a pair of Eights
Seat 3: tommy_boy.co (small blind) showed [Qc 9c] and lost with a pair of Eights



PokerStars Hand #247055315691: Tournament #3671964447, $1.84+$0.16 USD Hold'em No Limit - Level III (20/40) - 2023/11/11 22:36:23 CET [2023/11/11 16:36:23 ET]
Table '3671964447 1' 3-max Seat #1 is the button
Seat 1: HVICC (1060 in chips) 
Seat 2: Mahu2021 (440 in chips) 
HVICC: posts small blind 20
Mahu2021: posts big blind 40
*** HOLE CARDS ***
Dealt to Mahu2021 [Qd 7d]
HVICC: folds 
Uncalled bet (20) returned to Mahu2021
Mahu2021 collected 40 from pot
Mahu2021: doesn't show hand 
*** SUMMARY ***
Total pot 40 | Rake 0 
Seat 1: HVICC (button) (small blind) folded before Flop
Seat 2: Mahu2021 (big blind) collected (40)



PokerStars Hand #247055317432: Tournament #3671964447, $1.84+$0.16 USD Hold'em No Limit - Level III (20/40) - 2023/11/11 22:36:28 CET [2023/11/11 16:36:28 ET]
Table '3671964447 1' 3-max Seat #2 is the button
Seat 1: HVICC (1040 in chips) 
Seat 2: Mahu2021 (460 in chips) 
Mahu2021: posts small blind 20
HVICC: posts big blind 40
*** HOLE CARDS ***
Dealt to Mahu2021 [8s Qc]
Mahu2021: calls 20
HVICC: checks 
*** FLOP *** [Ac Js Qh]
HVICC: checks 
Mahu2021: bets 40
HVICC: folds 
Uncalled bet (40) returned to Mahu2021
Mahu2021 collected 80 from pot
Mahu2021: doesn't show hand 
*** SUMMARY ***
Total pot 80 | Rake 0 
Board [Ac Js Qh]
Seat 1: HVICC (big blind) folded on the Flop
Seat 2: Mahu2021 (button) (small blind) collected (80)



PokerStars Hand #247055321725: Tournament #3671964447, $1.84+$0.16 USD Hold'em No Limit - Level III (20/40) - 2023/11/11 22:36:40 CET [2023/11/11 16:36:40 ET]
Table '3671964447 1' 3-max Seat #1 is the button
Seat 1: HVICC (1000 in chips) 
Seat 2: Mahu2021 (500 in chips) 
HVICC: posts small blind 20
Mahu2021: posts big blind 40
*** HOLE CARDS ***
Dealt to Mahu2021 [Ks 4c]
HVICC: raises 80 to 120
Mahu2021: folds 
Uncalled bet (80) returned to HVICC
HVICC collected 80 from pot
*** SUMMARY ***
Total pot 80 | Rake 0 
Seat 1: HVICC (button) (small blind) collected (80)
Seat 2: Mahu2021 (big blind) folded before Flop



PokerStars Hand #247055324211: Tournament #3671964447, $1.84+$0.16 USD Hold'em No Limit - Level III (20/40) - 2023/11/11 22:36:48 CET [2023/11/11 16:36:48 ET]
Table '3671964447 1' 3-max Seat #2 is the button
Seat 1: HVICC (1040 in chips) 
Seat 2: Mahu2021 (460 in chips) 
Mahu2021: posts small blind 20
HVICC: posts big blind 40
*** HOLE CARDS ***
Dealt to Mahu2021 [3h Kd]
Mahu2021: calls 20
HVICC: checks 
*** FLOP *** [Jh 7s 3d]
HVICC: bets 40
Mahu2021: calls 40
*** TURN *** [Jh 7s 3d] [Th]
HVICC: bets 40
Mahu2021: calls 40
*** RIVER *** [Jh 7s 3d Th] [3s]
HVICC: bets 40
Mahu2021: raises 120 to 160
HVICC: folds 
Uncalled bet (120) returned to Mahu2021
Mahu2021 collected 320 from pot
Mahu2021: doesn't show hand 
*** SUMMARY ***
Total pot 320 | Rake 0 
Board [Jh 7s 3d Th 3s]
Seat 1: HVICC (big blind) folded on the River
Seat 2: Mahu2021 (button) (small blind) collected (320)



PokerStars Hand #247055332083: Tournament #3671964447, $1.84+$0.16 USD Hold'em No Limit - Level III (20/40) - 2023/11/11 22:37:10 CET [2023/11/11 16:37:10 ET]
Table '3671964447 1' 3-max Seat #1 is the button
Seat 1: HVICC (880 in chips) 
Seat 2: Mahu2021 (620 in chips) 
HVICC: posts small blind 20
Mahu2021: posts big blind 40
*** HOLE CARDS ***
Dealt to Mahu2021 [4s 9s]
HVICC: raises 40 to 80
Mahu2021: folds 
Uncalled bet (40) returned to HVICC
HVICC collected 80 from pot
*** SUMMARY ***
Total pot 80 | Rake 0 
Seat 1: HVICC (button) (small blind) collected (80)
Seat 2: Mahu2021 (big blind) folded before Flop



PokerStars Hand #247055335651: Tournament #3671964447, $1.84+$0.16 USD Hold'em No Limit - Level III (20/40) - 2023/11/11 22:37:21 CET [2023/11/11 16:37:21 ET]
Table '3671964447 1' 3-max Seat #2 is the button
Seat 1: HVICC (920 in chips) 
Seat 2: Mahu2021 (580 in chips) 
Mahu2021: posts small blind 20
HVICC: posts big blind 40
*** HOLE CARDS ***
Dealt to Mahu2021 [Ah 2h]
Mahu2021: raises 40 to 80
HVICC: calls 40
*** FLOP *** [2d Jc 8c]
HVICC: bets 80
Mahu2021: folds 
Uncalled bet (80) returned to HVICC
HVICC collected 160 from pot
*** SUMMARY ***
Total pot 160 | Rake 0 
Board [2d Jc 8c]
Seat 1: HVICC (big blind) collected (160)
Seat 2: Mahu2021 (button) (small blind) folded on the Flop



PokerStars Hand #247055340775: Tournament #3671964447, $1.84+$0.16 USD Hold'em No Limit - Level III (20/40) - 2023/11/11 22:37:35 CET [2023/11/11 16:37:35 ET]
Table '3671964447 1' 3-max Seat #1 is the button
Seat 1: HVICC (1000 in chips) 
Seat 2: Mahu2021 (500 in chips) 
HVICC: posts small blind 20
Mahu2021: posts big blind 40
*** HOLE CARDS ***
Dealt to Mahu2021 [2c Ac]
HVICC: calls 20
Mahu2021: raises 460 to 500 and is all-in
HVICC: folds 
Uncalled bet (460) returned to Mahu2021
Mahu2021 collected 80 from pot
Mahu2021: doesn't show hand 
*** SUMMARY ***
Total pot 80 | Rake 0 
Seat 1: HVICC (button) (small blind) folded before Flop
Seat 2: Mahu2021 (big blind) collected (80)



PokerStars Hand #247055343787: Tournament #3671964447, $1.84+$0.16 USD Hold'em No Limit - Level III (20/40) - 2023/11/11 22:37:44 CET [2023/11/11 16:37:44 ET]
Table '3671964447 1' 3-max Seat #2 is the button
Seat 1: HVICC (960 in chips) 
Seat 2: Mahu2021 (540 in chips) 
Mahu2021: posts small blind 20
HVICC: posts big blind 40
*** HOLE CARDS ***
Dealt to Mahu2021 [Ks Qd]
Mahu2021: raises 40 to 80
HVICC: calls 40
*** FLOP *** [4h 2d 8h]
HVICC: bets 40
Mahu2021: calls 40
*** TURN *** [4h 2d 8h] [Kh]
HVICC: bets 40
Mahu2021: raises 380 to 420 and is all-in
HVICC: folds 
Uncalled bet (380) returned to Mahu2021
Mahu2021 collected 320 from pot
Mahu2021: doesn't show hand 
*** SUMMARY ***
Total pot 320 | Rake 0 
Board [4h 2d 8h Kh]
Seat 1: HVICC (big blind) folded on the Turn
Seat 2: Mahu2021 (button) (small blind) collected (320)



PokerStars Hand #247055350110: Tournament #3671964447, $1.84+$0.16 USD Hold'em No Limit - Level III (20/40) - 2023/11/11 22:38:03 CET [2023/11/11 16:38:03 ET]
Table '3671964447 1' 3-max Seat #1 is the button
Seat 1: HVICC (800 in chips) 
Seat 2: Mahu2021 (700 in chips) 
HVICC: posts small blind 20
Mahu2021: posts big blind 40
*** HOLE CARDS ***
Dealt to Mahu2021 [Ad 4c]
HVICC: raises 80 to 120
Mahu2021: folds 
Uncalled bet (80) returned to HVICC
HVICC collected 80 from pot
*** SUMMARY ***
Total pot 80 | Rake 0 
Seat 1: HVICC (button) (small blind) collected (80)
Seat 2: Mahu2021 (big blind) folded before Flop



PokerStars Hand #247055353931: Tournament #3671964447, $1.84+$0.16 USD Hold'em No Limit - Level III (20/40) - 2023/11/11 22:38:14 CET [2023/11/11 16:38:14 ET]
Table '3671964447 1' 3-max Seat #2 is the button
Seat 1: HVICC (840 in chips) 
Seat 2: Mahu2021 (660 in chips) 
Mahu2021: posts small blind 20
HVICC: posts big blind 40
*** HOLE CARDS ***
Dealt to Mahu2021 [Jd 7c]
Mahu2021: calls 20
HVICC: raises 120 to 160
Mahu2021: folds 
Uncalled bet (120) returned to HVICC
HVICC collected 80 from pot
*** SUMMARY ***
Total pot 80 | Rake 0 
Seat 1: HVICC (big blind) collected (80)
Seat 2: Mahu2021 (button) (small blind) folded before Flop



PokerStars Hand #247055357244: Tournament #3671964447, $1.84+$0.16 USD Hold'em No Limit - Level III (20/40) - 2023/11/11 22:38:23 CET [2023/11/11 16:38:23 ET]
Table '3671964447 1' 3-max Seat #1 is the button
Seat 1: HVICC (880 in chips) 
Seat 2: Mahu2021 (620 in chips) 
HVICC: posts small blind 20
Mahu2021: posts big blind 40
*** HOLE CARDS ***
Dealt to Mahu2021 [Ks 7c]
HVICC: folds 
Uncalled bet (20) returned to Mahu2021
Mahu2021 collected 40 from pot
Mahu2021: doesn't show hand 
*** SUMMARY ***
Total pot 40 | Rake 0 
Seat 1: HVICC (button) (small blind) folded before Flop
Seat 2: Mahu2021 (big blind) collected (40)



PokerStars Hand #247055358895: Tournament #3671964447, $1.84+$0.16 USD Hold'em No Limit - Level III (20/40) - 2023/11/11 22:38:28 CET [2023/11/11 16:38:28 ET]
Table '3671964447 1' 3-max Seat #2 is the button
Seat 1: HVICC (860 in chips) 
Seat 2: Mahu2021 (640 in chips) 
Mahu2021: posts small blind 20
HVICC: posts big blind 40
*** HOLE CARDS ***
Dealt to Mahu2021 [5c Ac]
Mahu2021: raises 40 to 80
HVICC: calls 40
*** FLOP *** [Qc 3s 4s]
HVICC: checks 
Mahu2021: bets 80
HVICC: folds 
Uncalled bet (80) returned to Mahu2021
Mahu2021 collected 160 from pot
Mahu2021: doesn't show hand 
*** SUMMARY ***
Total pot 160 | Rake 0 
Board [Qc 3s 4s]
Seat 1: HVICC (big blind) folded on the Flop
Seat 2: Mahu2021 (button) (small blind) collected (160)



PokerStars Hand #247055363863: Tournament #3671964447, $1.84+$0.16 USD Hold'em No Limit - Level III (20/40) - 2023/11/11 22:38:42 CET [2023/11/11 16:38:42 ET]
Table '3671964447 1' 3-max Seat #1 is the button
Seat 1: HVICC (780 in chips) 
Seat 2: Mahu2021 (720 in chips) 
HVICC: posts small blind 20
Mahu2021: posts big blind 40
*** HOLE CARDS ***
Dealt to Mahu2021 [8d Js]
HVICC: raises 80 to 120
Mahu2021: calls 80
*** FLOP *** [6d 4c Tc]
Mahu2021: checks 
HVICC: bets 240
Mahu2021: folds 
Uncalled bet (240) returned to HVICC
HVICC collected 240 from pot
*** SUMMARY ***
Total pot 240 | Rake 0 
Board [6d 4c Tc]
Seat 1: HVICC (button) (small blind) collected (240)
Seat 2: Mahu2021 (big blind) folded on the Flop



PokerStars Hand #247055371047: Tournament #3671964447, $1.84+$0.16 USD Hold'em No Limit - Level IV (30/60) - 2023/11/11 22:39:03 CET [2023/11/11 16:39:03 ET]
Table '3671964447 1' 3-max Seat #2 is the button
Seat 1: HVICC (900 in chips) 
Seat 2: Mahu2021 (600 in chips) 
Mahu2021: posts small blind 30
HVICC: posts big blind 60
*** HOLE CARDS ***
Dealt to Mahu2021 [5c 7h]
Mahu2021: folds 
Uncalled bet (30) returned to HVICC
HVICC collected 60 from pot
*** SUMMARY ***
Total pot 60 | Rake 0 
Seat 1: HVICC (big blind) collected (60)
Seat 2: Mahu2021 (button) (small blind) folded before Flop



PokerStars Hand #247055372918: Tournament #3671964447, $1.84+$0.16 USD Hold'em No Limit - Level IV (30/60) - 2023/11/11 22:39:09 CET [2023/11/11 16:39:09 ET]
Table '3671964447 1' 3-max Seat #1 is the button
Seat 1: HVICC (930 in chips) 
Seat 2: Mahu2021 (570 in chips) 
HVICC: posts small blind 30
Mahu2021: posts big blind 60
*** HOLE CARDS ***
Dealt to Mahu2021 [2c 5c]
HVICC: raises 120 to 180
Mahu2021: folds 
Uncalled bet (120) returned to HVICC
HVICC collected 120 from pot
*** SUMMARY ***
Total pot 120 | Rake 0 
Seat 1: HVICC (button) (small blind) collected (120)
Seat 2: Mahu2021 (big blind) folded before Flop



PokerStars Hand #247055376097: Tournament #3671964447, $1.84+$0.16 USD Hold'em No Limit - Level IV (30/60) - 2023/11/11 22:39:18 CET [2023/11/11 16:39:18 ET]
Table '3671964447 1' 3-max Seat #2 is the button
Seat 1: HVICC (990 in chips) 
Seat 2: Mahu2021 (510 in chips) 
Mahu2021: posts small blind 30
HVICC: posts big blind 60
*** HOLE CARDS ***
Dealt to Mahu2021 [Kh 9c]
Mahu2021: raises 60 to 120
HVICC: calls 60
*** FLOP *** [Kc 2d Qs]
HVICC: checks 
Mahu2021: bets 120
HVICC: folds 
Uncalled bet (120) returned to Mahu2021
Mahu2021 collected 240 from pot
Mahu2021: doesn't show hand 
*** SUMMARY ***
Total pot 240 | Rake 0 
Board [Kc 2d Qs]
Seat 1: HVICC (big blind) folded on the Flop
Seat 2: Mahu2021 (button) (small blind) collected (240)



PokerStars Hand #247055381409: Tournament #3671964447, $1.84+$0.16 USD Hold'em No Limit - Level IV (30/60) - 2023/11/11 22:39:34 CET [2023/11/11 16:39:34 ET]
Table '3671964447 1' 3-max Seat #1 is the button
Seat 1: HVICC (870 in chips) 
Seat 2: Mahu2021 (630 in chips) 
HVICC: posts small blind 30
Mahu2021: posts big blind 60
*** HOLE CARDS ***
Dealt to Mahu2021 [4h Js]
HVICC: raises 60 to 120
Mahu2021: calls 60
*** FLOP *** [8c Jd Qs]
Mahu2021: bets 510 and is all-in
HVICC: calls 510
*** TURN *** [8c Jd Qs] [4d]
*** RIVER *** [8c Jd Qs 4d] [7c]
*** SHOW DOWN ***
Mahu2021: shows [4h Js] (two pair, Jacks and Fours)
HVICC: shows [Qh 8s] (two pair, Queens and Eights)
HVICC collected 1260 from pot
Mahu2021 finished the tournament in 2nd place
HVICC wins the tournament and receives $6.00 - congratulations!
*** SUMMARY ***
Total pot 1260 | Rake 0 
Board [8c Jd Qs 4d 7c]
Seat 1: HVICC (button) (small blind) showed [Qh 8s] and won (1260) with two pair, Queens and Eights
Seat 2: Mahu2021 (big blind) showed [4h Js] and lost with two pair, Jacks and Fours



