PokerStars Zoom Hand #254610358368:  Hold'em No Limit ($0.05/$0.10) - 2025/01/29 20:07:37 CET [2025/01/29 14:07:37 ET]
Table 'Aludra' 6-max Seat #1 is the button
Seat 1: D.shadoww ($10.10 in chips) 
Seat 2: 1Sighinau ($16.74 in chips) 
Seat 3: Mahu2021 ($10 in chips) 
Seat 4: idefix61 ($10.17 in chips) 
Seat 5: CBUHOKOHb-1 ($12.44 in chips) 
Seat 6: top4eto860 ($12.91 in chips) 
1Sighinau: posts small blind $0.05
Mahu2021: posts big blind $0.10
*** HOLE CARDS ***
Dealt to Mahu2021 [2d 7s]
idefix61: folds 
CBUHOKOHb-1: raises $0.20 to $0.30
top4eto860: folds 
D.shadoww: folds 
1Sighinau: folds 
Mahu2021: folds 
Uncalled bet ($0.20) returned to CBUHOKOHb-1
CBUHOKOHb-1 collected $0.25 from pot
CBUHOKOHb-1: doesn't show hand 
*** SUMMARY ***
Total pot $0.25 | Rake $0 
Seat 1: D.shadoww (button) folded before Flop (didn't bet)
Seat 2: 1Sighinau (small blind) folded before Flop
Seat 3: Mahu2021 (big blind) folded before Flop
Seat 4: idefix61 folded before Flop (didn't bet)
Seat 5: CBUHOKOHb-1 collected ($0.25)
Seat 6: top4eto860 folded before Flop (didn't bet)



PokerStars Zoom Hand #254610363734:  Hold'em No Limit ($0.05/$0.10) - 2025/01/29 20:07:55 CET [2025/01/29 14:07:55 ET]
Table 'Aludra' 6-max Seat #1 is the button
Seat 1: Mahu2021 ($9.85 in chips) 
Seat 2: Machestr ($9.50 in chips) 
Seat 3: Panda_Pooh_od ($11.27 in chips) 
Seat 4: ElJosen'10 ($16.94 in chips) 
Seat 5: D.shadoww ($10 in chips) 
Seat 6: jrf.umbelino ($9.90 in chips) 
Machestr: posts small blind $0.05
Panda_Pooh_od: posts big blind $0.10
*** HOLE CARDS ***
Dealt to Mahu2021 [7s 8h]
ElJosen'10: raises $0.12 to $0.22
D.shadoww: folds 
jrf.umbelino: folds 
Mahu2021: calls $0.22
Machestr: folds 
Panda_Pooh_od: folds 
*** FLOP *** [9s Kh Tc]
ElJosen'10: bets $0.18
Mahu2021: calls $0.18
*** TURN *** [9s Kh Tc] [3c]
ElJosen'10: checks 
Mahu2021: checks 
*** RIVER *** [9s Kh Tc 3c] [8c]
ElJosen'10: bets $0.68
Mahu2021: folds 
Uncalled bet ($0.68) returned to ElJosen'10
ElJosen'10 collected $0.91 from pot
ElJosen'10: doesn't show hand 
*** SUMMARY ***
Total pot $0.95 | Rake $0.04 
Board [9s Kh Tc 3c 8c]
Seat 1: Mahu2021 (button) folded on the River
Seat 2: Machestr (small blind) folded before Flop
Seat 3: Panda_Pooh_od (big blind) folded before Flop
Seat 4: ElJosen'10 collected ($0.91)
Seat 5: D.shadoww folded before Flop (didn't bet)
Seat 6: jrf.umbelino folded before Flop (didn't bet)



PokerStars Zoom Hand #254610379564:  Hold'em No Limit ($0.05/$0.10) - 2025/01/29 20:08:51 CET [2025/01/29 14:08:51 ET]
Table 'Aludra' 6-max Seat #1 is the button
Seat 1: Panda_Pooh_od ($10.09 in chips) 
Seat 2: vaffon3 ($21.37 in chips) 
Seat 3: pokeripuikko ($27.25 in chips) 
Seat 4: dewrden ($10 in chips) 
Seat 5: Mahu2021 ($9.45 in chips) 
Seat 6: juan19872323 ($11.23 in chips) 
vaffon3: posts small blind $0.05
pokeripuikko: posts big blind $0.10
*** HOLE CARDS ***
Dealt to Mahu2021 [5d 2d]
dewrden: folds 
Mahu2021: folds 
juan19872323: folds 
Panda_Pooh_od: folds 
vaffon3: folds 
Uncalled bet ($0.05) returned to pokeripuikko
pokeripuikko collected $0.10 from pot
pokeripuikko: doesn't show hand 
*** SUMMARY ***
Total pot $0.10 | Rake $0 
Seat 1: Panda_Pooh_od (button) folded before Flop (didn't bet)
Seat 2: vaffon3 (small blind) folded before Flop
Seat 3: pokeripuikko (big blind) collected ($0.10)
Seat 4: dewrden folded before Flop (didn't bet)
Seat 5: Mahu2021 folded before Flop (didn't bet)
Seat 6: juan19872323 folded before Flop (didn't bet)



PokerStars Zoom Hand #254610384405:  Hold'em No Limit ($0.05/$0.10) - 2025/01/29 20:09:08 CET [2025/01/29 14:09:08 ET]
Table 'Aludra' 6-max Seat #1 is the button
Seat 1: Corz00 ($10.07 in chips) 
Seat 2: Mahu2021 ($9.35 in chips) 
Seat 3: anakondo87 ($14.54 in chips) 
Seat 4: juan19872323 ($38.26 in chips) 
Seat 5: betelio2837 ($10.87 in chips) 
Seat 6: idefix61 ($10.20 in chips) 
Mahu2021: posts small blind $0.05
anakondo87: posts big blind $0.10
*** HOLE CARDS ***
Dealt to Mahu2021 [Ac Ad]
juan19872323: raises $0.20 to $0.30
betelio2837: folds 
idefix61: folds 
Corz00: folds 
Mahu2021: raises $9.05 to $9.35 and is all-in
anakondo87: folds 
juan19872323: folds 
Uncalled bet ($9.05) returned to Mahu2021
Mahu2021 collected $0.70 from pot
Mahu2021: doesn't show hand 
*** SUMMARY ***
Total pot $0.70 | Rake $0 
Seat 1: Corz00 (button) folded before Flop (didn't bet)
Seat 2: Mahu2021 (small blind) collected ($0.70)
Seat 3: anakondo87 (big blind) folded before Flop
Seat 4: juan19872323 folded before Flop
Seat 5: betelio2837 folded before Flop (didn't bet)
Seat 6: idefix61 folded before Flop (didn't bet)



PokerStars Zoom Hand #254610392580:  Hold'em No Limit ($0.05/$0.10) - 2025/01/29 20:09:37 CET [2025/01/29 14:09:37 ET]
Table 'Aludra' 6-max Seat #1 is the button
Seat 1: assuncaogu ($10 in chips) 
Seat 2: foggz ($21.92 in chips) 
Seat 3: Abally2009 ($6.10 in chips) 
Seat 4: x_ROSH125_x ($10 in chips) 
Seat 5: Duboxi ($11.51 in chips) 
Seat 6: Mahu2021 ($9.75 in chips) 
foggz: posts small blind $0.05
Abally2009: posts big blind $0.10
*** HOLE CARDS ***
Dealt to Mahu2021 [5c Td]
x_ROSH125_x: folds 
Duboxi: folds 
Mahu2021: folds 
assuncaogu: folds 
foggz: folds 
Uncalled bet ($0.05) returned to Abally2009
Abally2009 collected $0.10 from pot
Abally2009: doesn't show hand 
*** SUMMARY ***
Total pot $0.10 | Rake $0 
Seat 1: assuncaogu (button) folded before Flop (didn't bet)
Seat 2: foggz (small blind) folded before Flop
Seat 3: Abally2009 (big blind) collected ($0.10)
Seat 4: x_ROSH125_x folded before Flop (didn't bet)
Seat 5: Duboxi folded before Flop (didn't bet)
Seat 6: Mahu2021 folded before Flop (didn't bet)



PokerStars Zoom Hand #254610362550:  Hold'em No Limit ($0.05/$0.10) - 2025/01/29 20:07:51 CET [2025/01/29 14:07:51 ET]
Table 'Aludra' 6-max Seat #1 is the button
Seat 1: idefix61 ($10.12 in chips) 
Seat 2: Mahu2021 ($9.90 in chips) 
Seat 3: juan19872323 ($11.68 in chips) 
Seat 4: dewrden ($10.15 in chips) 
Seat 5: foggz ($10.30 in chips) 
Seat 6: CBUHOKOHb-1 ($12.59 in chips) 
Mahu2021: posts small blind $0.05
juan19872323: posts big blind $0.10
*** HOLE CARDS ***
Dealt to Mahu2021 [Qh 2h]
dewrden: folds 
foggz: raises $0.15 to $0.25
CBUHOKOHb-1: calls $0.25
idefix61: folds 
Mahu2021: folds 
juan19872323: calls $0.15
*** FLOP *** [7s Th 2s]
juan19872323: bets $0.20
foggz: calls $0.20
CBUHOKOHb-1: calls $0.20
*** TURN *** [7s Th 2s] [4d]
juan19872323: checks 
foggz: checks 
CBUHOKOHb-1: bets $0.90
juan19872323: folds 
foggz: calls $0.90
*** RIVER *** [7s Th 2s 4d] [8s]
foggz: checks 
CBUHOKOHb-1: bets $1.90
foggz: calls $1.90
*** SHOW DOWN ***
CBUHOKOHb-1: shows [Kh 5h] (high card King)
foggz: shows [5s Ks] (a flush, King high)
foggz collected $6.68 from pot
*** SUMMARY ***
Total pot $7 | Rake $0.32 
Board [7s Th 2s 4d 8s]
Seat 1: idefix61 (button) folded before Flop (didn't bet)
Seat 2: Mahu2021 (small blind) folded before Flop
Seat 3: juan19872323 (big blind) folded on the Turn
Seat 4: dewrden folded before Flop (didn't bet)
Seat 5: foggz showed [5s Ks] and won ($6.68) with a flush, King high
Seat 6: CBUHOKOHb-1 showed [Kh 5h] and lost with high card King



PokerStars Zoom Hand #254610377751:  Hold'em No Limit ($0.05/$0.10) - 2025/01/29 20:08:45 CET [2025/01/29 14:08:45 ET]
Table 'Aludra' 6-max Seat #1 is the button
Seat 1: hotrox19 ($4.69 in chips) 
Seat 2: COVEIROANCAP ($22.10 in chips) 
Seat 3: osfp7john ($10.15 in chips) 
Seat 4: ronny2106 ($11.41 in chips) 
Seat 5: kox44x ($10 in chips) 
Seat 6: Mahu2021 ($9.45 in chips) 
COVEIROANCAP: posts small blind $0.05
osfp7john: posts big blind $0.10
*** HOLE CARDS ***
Dealt to Mahu2021 [7h 5h]
ronny2106: folds 
kox44x: folds 
Mahu2021: folds 
hotrox19: calls $0.10
COVEIROANCAP: folds 
osfp7john: checks 
*** FLOP *** [5d 4c 4d]
osfp7john: checks 
hotrox19: checks 
*** TURN *** [5d 4c 4d] [Jh]
osfp7john: checks 
hotrox19: checks 
*** RIVER *** [5d 4c 4d Jh] [9h]
osfp7john: checks 
hotrox19: bets $0.20
osfp7john: calls $0.20
*** SHOW DOWN ***
hotrox19: shows [Ts 8s] (a pair of Fours)
osfp7john: shows [9s 7s] (two pair, Nines and Fours)
osfp7john collected $0.62 from pot
*** SUMMARY ***
Total pot $0.65 | Rake $0.03 
Board [5d 4c 4d Jh 9h]
Seat 1: hotrox19 (button) showed [Ts 8s] and lost with a pair of Fours
Seat 2: COVEIROANCAP (small blind) folded before Flop
Seat 3: osfp7john (big blind) showed [9s 7s] and won ($0.62) with two pair, Nines and Fours
Seat 4: ronny2106 folded before Flop (didn't bet)
Seat 5: kox44x folded before Flop (didn't bet)
Seat 6: Mahu2021 folded before Flop (didn't bet)



PokerStars Zoom Hand #254610380691:  Hold'em No Limit ($0.05/$0.10) - 2025/01/29 20:08:55 CET [2025/01/29 14:08:55 ET]
Table 'Aludra' 6-max Seat #1 is the button
Seat 1: paul pattinson ($42.18 in chips) 
Seat 2: agusdecarca ($10.05 in chips) 
Seat 3: Mahu2021 ($9.45 in chips) 
Seat 4: Titsamach ($10 in chips) 
Seat 5: juan19872323 ($11.23 in chips) 
Seat 6: Panda_Pooh_od ($10.09 in chips) 
agusdecarca: posts small blind $0.05
Mahu2021: posts big blind $0.10
*** HOLE CARDS ***
Dealt to Mahu2021 [9s Jh]
Titsamach: folds 
juan19872323: raises $0.20 to $0.30
Panda_Pooh_od: folds 
paul pattinson: calls $0.30
agusdecarca: folds 
Mahu2021: folds 
*** FLOP *** [Th Qs 2d]
juan19872323: checks 
paul pattinson: checks 
*** TURN *** [Th Qs 2d] [9d]
juan19872323: bets $0.36
paul pattinson: raises $0.84 to $1.20
juan19872323: calls $0.84
*** RIVER *** [Th Qs 2d 9d] [8h]
juan19872323: checks 
paul pattinson: bets $3
juan19872323: folds 
Uncalled bet ($3) returned to paul pattinson
paul pattinson collected $3.01 from pot
paul pattinson: doesn't show hand 
*** SUMMARY ***
Total pot $3.15 | Rake $0.14 
Board [Th Qs 2d 9d 8h]
Seat 1: paul pattinson (button) collected ($3.01)
Seat 2: agusdecarca (small blind) folded before Flop
Seat 3: Mahu2021 (big blind) folded before Flop
Seat 4: Titsamach folded before Flop (didn't bet)
Seat 5: juan19872323 folded on the River
Seat 6: Panda_Pooh_od folded before Flop (didn't bet)



PokerStars Zoom Hand #254610390368:  Hold'em No Limit ($0.05/$0.10) - 2025/01/29 20:09:29 CET [2025/01/29 14:09:29 ET]
Table 'Aludra' 6-max Seat #1 is the button
Seat 1: Mahu2021 ($9.75 in chips) 
Seat 2: ASENNA76 ($10.36 in chips) 
Seat 3: Titsamach ($11.66 in chips) 
Seat 4: Tr3nuLeTs ($7.50 in chips) 
Seat 5: pokahontas77 ($4.31 in chips) 
Seat 6: juan19872323 ($37.96 in chips) 
ASENNA76: posts small blind $0.05
Titsamach: posts big blind $0.10
*** HOLE CARDS ***
Dealt to Mahu2021 [3d Qd]
Tr3nuLeTs: folds 
pokahontas77: raises $0.20 to $0.30
juan19872323: folds 
Mahu2021: folds 
ASENNA76: folds 
Titsamach: folds 
Uncalled bet ($0.20) returned to pokahontas77
pokahontas77 collected $0.25 from pot
pokahontas77: doesn't show hand 
*** SUMMARY ***
Total pot $0.25 | Rake $0 
Seat 1: Mahu2021 (button) folded before Flop (didn't bet)
Seat 2: ASENNA76 (small blind) folded before Flop
Seat 3: Titsamach (big blind) folded before Flop
Seat 4: Tr3nuLeTs folded before Flop (didn't bet)
Seat 5: pokahontas77 collected ($0.25)
Seat 6: juan19872323 folded before Flop (didn't bet)



PokerStars Zoom Hand #254610393720:  Hold'em No Limit ($0.05/$0.10) - 2025/01/29 20:09:41 CET [2025/01/29 14:09:41 ET]
Table 'Aludra' 6-max Seat #1 is the button
Seat 1: D.shadoww ($10.03 in chips) 
Seat 2: DimoshaP ($14.17 in chips) 
Seat 3: Duboxi ($11.51 in chips) 
Seat 4: Mahu2021 ($9.75 in chips) 
Seat 5: betelio2837 ($12.15 in chips) 
Seat 6: 1Sighinau ($16.91 in chips) 
DimoshaP: posts small blind $0.05
Duboxi: posts big blind $0.10
*** HOLE CARDS ***
Dealt to Mahu2021 [Th As]
Mahu2021: raises $0.14 to $0.24
betelio2837: folds 
1Sighinau: folds 
D.shadoww: folds 
DimoshaP: folds 
Duboxi: raises $0.66 to $0.90
Mahu2021: folds 
Uncalled bet ($0.66) returned to Duboxi
Duboxi collected $0.53 from pot
Duboxi: doesn't show hand 
*** SUMMARY ***
Total pot $0.53 | Rake $0 
Seat 1: D.shadoww (button) folded before Flop (didn't bet)
Seat 2: DimoshaP (small blind) folded before Flop
Seat 3: Duboxi (big blind) collected ($0.53)
Seat 4: Mahu2021 folded before Flop
Seat 5: betelio2837 folded before Flop (didn't bet)
Seat 6: 1Sighinau folded before Flop (didn't bet)



PokerStars Zoom Hand #254610391450:  Hold'em No Limit ($0.05/$0.10) - 2025/01/29 20:09:33 CET [2025/01/29 14:09:33 ET]
Table 'Aludra' 6-max Seat #1 is the button
Seat 1: ChemBurt ($12.67 in chips) 
Seat 2: nathanjones12 ($10 in chips) 
Seat 3: Tr3nuLeTs ($7.50 in chips) 
Seat 4: Live4Life121 ($11.98 in chips) 
Seat 5: Mahu2021 ($9.75 in chips) 
Seat 6: Dryk_2914 ($13.59 in chips) 
nathanjones12: posts small blind $0.05
Tr3nuLeTs: posts big blind $0.10
*** HOLE CARDS ***
Dealt to Mahu2021 [2h Kd]
Live4Life121: folds 
Mahu2021: folds 
Dryk_2914: raises $0.15 to $0.25
ChemBurt: folds 
nathanjones12: folds 
Tr3nuLeTs: calls $0.15
*** FLOP *** [5d 8c Jh]
Tr3nuLeTs: checks 
Dryk_2914: bets $0.30
Tr3nuLeTs: folds 
Uncalled bet ($0.30) returned to Dryk_2914
Dryk_2914 collected $0.53 from pot
Dryk_2914: doesn't show hand 
*** SUMMARY ***
Total pot $0.55 | Rake $0.02 
Board [5d 8c Jh]
Seat 1: ChemBurt (button) folded before Flop (didn't bet)
Seat 2: nathanjones12 (small blind) folded before Flop
Seat 3: Tr3nuLeTs (big blind) folded on the Flop
Seat 4: Live4Life121 folded before Flop (didn't bet)
Seat 5: Mahu2021 folded before Flop (didn't bet)
Seat 6: Dryk_2914 collected ($0.53)



PokerStars Zoom Hand #254610400521:  Hold'em No Limit ($0.05/$0.10) - 2025/01/29 20:10:05 CET [2025/01/29 14:10:05 ET]
Table 'Aludra' 6-max Seat #1 is the button
Seat 1: epereyra1996 ($10 in chips) 
Seat 2: kmnfst ($23.55 in chips) 
Seat 3: vyaan65 ($10.44 in chips) 
Seat 4: Mahu2021 ($9.51 in chips) 
Seat 5: agusdecarca ($28.75 in chips) 
Seat 6: kingfisher898 ($14.09 in chips) 
kmnfst: posts small blind $0.05
vyaan65: posts big blind $0.10
*** HOLE CARDS ***
Dealt to Mahu2021 [As Kd]
Mahu2021: raises $0.14 to $0.24
agusdecarca: folds 
kingfisher898: folds 
epereyra1996: folds 
kmnfst: folds 
vyaan65: folds 
Uncalled bet ($0.14) returned to Mahu2021
Mahu2021 collected $0.25 from pot
Mahu2021: doesn't show hand 
*** SUMMARY ***
Total pot $0.25 | Rake $0 
Seat 1: epereyra1996 (button) folded before Flop (didn't bet)
Seat 2: kmnfst (small blind) folded before Flop
Seat 3: vyaan65 (big blind) folded before Flop
Seat 4: Mahu2021 collected ($0.25)
Seat 5: agusdecarca folded before Flop (didn't bet)
Seat 6: kingfisher898 folded before Flop (didn't bet)



PokerStars Zoom Hand #254610403981:  Hold'em No Limit ($0.05/$0.10) - 2025/01/29 20:10:17 CET [2025/01/29 14:10:17 ET]
Table 'Aludra' 6-max Seat #1 is the button
Seat 1: assuncaogu ($17.47 in chips) 
Seat 2: COVEIROANCAP ($10.62 in chips) 
Seat 3: Maestro90208 ($14.18 in chips) 
Seat 4: betelio2837 ($11.90 in chips) 
Seat 5: top4eto860 ($9.60 in chips) 
Seat 6: Mahu2021 ($9.66 in chips) 
COVEIROANCAP: posts small blind $0.05
Maestro90208: posts big blind $0.10
*** HOLE CARDS ***
Dealt to Mahu2021 [2c 9d]
betelio2837: folds 
top4eto860: folds 
Mahu2021: folds 
assuncaogu: folds 
COVEIROANCAP: raises $0.20 to $0.30
Maestro90208: folds 
Uncalled bet ($0.20) returned to COVEIROANCAP
COVEIROANCAP collected $0.20 from pot
COVEIROANCAP: doesn't show hand 
*** SUMMARY ***
Total pot $0.20 | Rake $0 
Seat 1: assuncaogu (button) folded before Flop (didn't bet)
Seat 2: COVEIROANCAP (small blind) collected ($0.20)
Seat 3: Maestro90208 (big blind) folded before Flop
Seat 4: betelio2837 folded before Flop (didn't bet)
Seat 5: top4eto860 folded before Flop (didn't bet)
Seat 6: Mahu2021 folded before Flop (didn't bet)



PokerStars Zoom Hand #254610405124:  Hold'em No Limit ($0.05/$0.10) - 2025/01/29 20:10:21 CET [2025/01/29 14:10:21 ET]
Table 'Aludra' 6-max Seat #1 is the button
Seat 1: nathanjones12 ($10 in chips) 
Seat 2: betelio2837 ($11.90 in chips) 
Seat 3: Mahu2021 ($9.66 in chips) 
Seat 4: Duboxi ($15.29 in chips) 
Seat 5: epereyra1996 ($10 in chips) 
Seat 6: vaffon3 ($2.33 in chips) 
betelio2837: posts small blind $0.05
Mahu2021: posts big blind $0.10
*** HOLE CARDS ***
Dealt to Mahu2021 [Ks 8c]
Duboxi: raises $0.15 to $0.25
epereyra1996: folds 
vaffon3: folds 
nathanjones12: folds 
betelio2837: folds 
Mahu2021: calls $0.15
*** FLOP *** [8d 4s 6s]
Mahu2021: checks 
Duboxi: bets $0.34
Mahu2021: calls $0.34
*** TURN *** [8d 4s 6s] [Kc]
Mahu2021: checks 
Duboxi: checks 
*** RIVER *** [8d 4s 6s Kc] [2s]
Mahu2021: bets $1.17
Duboxi: folds 
Uncalled bet ($1.17) returned to Mahu2021
Mahu2021 collected $1.17 from pot
Mahu2021: doesn't show hand 
*** SUMMARY ***
Total pot $1.23 | Rake $0.06 
Board [8d 4s 6s Kc 2s]
Seat 1: nathanjones12 (button) folded before Flop (didn't bet)
Seat 2: betelio2837 (small blind) folded before Flop
Seat 3: Mahu2021 (big blind) collected ($1.17)
Seat 4: Duboxi folded on the River
Seat 5: epereyra1996 folded before Flop (didn't bet)
Seat 6: vaffon3 folded before Flop (didn't bet)



PokerStars Zoom Hand #254610422510:  Hold'em No Limit ($0.05/$0.10) - 2025/01/29 20:11:22 CET [2025/01/29 14:11:22 ET]
Table 'Aludra' 6-max Seat #1 is the button
Seat 1: chessismorefun ($10 in chips) 
Seat 2: Mahu2021 ($10.24 in chips) 
Seat 3: Luffy V ($10 in chips) 
Seat 4: Danielitoosk ($49.59 in chips) 
Seat 5: adownunder ($6.48 in chips) 
Seat 6: juan19872323 ($11.31 in chips) 
Mahu2021: posts small blind $0.05
Luffy V: posts big blind $0.10
*** HOLE CARDS ***
Dealt to Mahu2021 [Kd 6d]
Danielitoosk: raises $0.10 to $0.20
adownunder: folds 
juan19872323: folds 
chessismorefun: folds 
Mahu2021: calls $0.15
Luffy V: folds 
*** FLOP *** [4c Jh Qs]
Mahu2021: checks 
Danielitoosk: bets $0.12
Mahu2021: folds 
Uncalled bet ($0.12) returned to Danielitoosk
Danielitoosk collected $0.48 from pot
Danielitoosk: doesn't show hand 
*** SUMMARY ***
Total pot $0.50 | Rake $0.02 
Board [4c Jh Qs]
Seat 1: chessismorefun (button) folded before Flop (didn't bet)
Seat 2: Mahu2021 (small blind) folded on the Flop
Seat 3: Luffy V (big blind) folded before Flop
Seat 4: Danielitoosk collected ($0.48)
Seat 5: adownunder folded before Flop (didn't bet)
Seat 6: juan19872323 folded before Flop (didn't bet)



PokerStars Zoom Hand #254610430098:  Hold'em No Limit ($0.05/$0.10) - 2025/01/29 20:11:49 CET [2025/01/29 14:11:49 ET]
Table 'Aludra' 6-max Seat #1 is the button
Seat 1: Mahu2021 ($10.04 in chips) 
Seat 2: Live4Life121 ($11.73 in chips) 
Seat 3: DimoshaP ($9.19 in chips) 
Seat 4: S.Bastow ($10 in chips) 
Seat 5: mOberdan ($10 in chips) 
Seat 6: 1Sighinau ($9.93 in chips) 
Live4Life121: posts small blind $0.05
DimoshaP: posts big blind $0.10
*** HOLE CARDS ***
Dealt to Mahu2021 [2s Qh]
S.Bastow: folds 
mOberdan: folds 
1Sighinau: folds 
Mahu2021: folds 
Live4Life121: raises $0.15 to $0.25
DimoshaP: folds 
Uncalled bet ($0.15) returned to Live4Life121
Live4Life121 collected $0.20 from pot
Live4Life121: doesn't show hand 
*** SUMMARY ***
Total pot $0.20 | Rake $0 
Seat 1: Mahu2021 (button) folded before Flop (didn't bet)
Seat 2: Live4Life121 (small blind) collected ($0.20)
Seat 3: DimoshaP (big blind) folded before Flop
Seat 4: S.Bastow folded before Flop (didn't bet)
Seat 5: mOberdan folded before Flop (didn't bet)
Seat 6: 1Sighinau folded before Flop (didn't bet)



PokerStars Zoom Hand #254610434443:  Hold'em No Limit ($0.05/$0.10) - 2025/01/29 20:12:04 CET [2025/01/29 14:12:04 ET]
Table 'Aludra' 6-max Seat #1 is the button
Seat 1: kingfisher898 ($14.03 in chips) 
Seat 2: paul pattinson ($42.69 in chips) 
Seat 3: ElJosen'10 ($23.43 in chips) 
Seat 4: 1Sighinau ($16.91 in chips) 
Seat 5: COVEIROANCAP ($10.77 in chips) 
Seat 6: Mahu2021 ($10.04 in chips) 
paul pattinson: posts small blind $0.05
ElJosen'10: posts big blind $0.10
*** HOLE CARDS ***
Dealt to Mahu2021 [5d 8c]
1Sighinau: folds 
COVEIROANCAP: folds 
Mahu2021: folds 
kingfisher898: folds 
paul pattinson: folds 
Uncalled bet ($0.05) returned to ElJosen'10
ElJosen'10 collected $0.10 from pot
ElJosen'10: doesn't show hand 
*** SUMMARY ***
Total pot $0.10 | Rake $0 
Seat 1: kingfisher898 (button) folded before Flop (didn't bet)
Seat 2: paul pattinson (small blind) folded before Flop
Seat 3: ElJosen'10 (big blind) collected ($0.10)
Seat 4: 1Sighinau folded before Flop (didn't bet)
Seat 5: COVEIROANCAP folded before Flop (didn't bet)
Seat 6: Mahu2021 folded before Flop (didn't bet)



PokerStars Zoom Hand #254610435788:  Hold'em No Limit ($0.05/$0.10) - 2025/01/29 20:12:09 CET [2025/01/29 14:12:09 ET]
Table 'Aludra' 6-max Seat #1 is the button
Seat 1: vyaan65 ($9.99 in chips) 
Seat 2: foggz ($13.78 in chips) 
Seat 3: Mahu2021 ($10.04 in chips) 
Seat 4: seiji140 ($20.79 in chips) 
Seat 5: vaffon3 ($2.80 in chips) 
Seat 6: kmnfst ($15.34 in chips) 
foggz: posts small blind $0.05
Mahu2021: posts big blind $0.10
*** HOLE CARDS ***
Dealt to Mahu2021 [8h 4s]
seiji140: folds 
vaffon3: folds 
kmnfst: folds 
vyaan65: folds 
foggz: folds 
Uncalled bet ($0.05) returned to Mahu2021
Mahu2021 collected $0.10 from pot
Mahu2021: doesn't show hand 
*** SUMMARY ***
Total pot $0.10 | Rake $0 
Seat 1: vyaan65 (button) folded before Flop (didn't bet)
Seat 2: foggz (small blind) folded before Flop
Seat 3: Mahu2021 (big blind) collected ($0.10)
Seat 4: seiji140 folded before Flop (didn't bet)
Seat 5: vaffon3 folded before Flop (didn't bet)
Seat 6: kmnfst folded before Flop (didn't bet)



PokerStars Zoom Hand #254610433389:  Hold'em No Limit ($0.05/$0.10) - 2025/01/29 20:12:00 CET [2025/01/29 14:12:00 ET]
Table 'Aludra' 6-max Seat #1 is the button
Seat 1: MoseSchrute713 ($5.22 in chips) 
Seat 2: COVEIROANCAP ($12.77 in chips) 
Seat 3: Luffy V ($12.86 in chips) 
Seat 4: juan19872323 ($11.01 in chips) 
Seat 5: Mahu2021 ($10.04 in chips) 
Seat 6: foggz ($13.78 in chips) 
COVEIROANCAP: posts small blind $0.05
Luffy V: posts big blind $0.10
*** HOLE CARDS ***
Dealt to Mahu2021 [4d Kc]
juan19872323: folds 
Mahu2021: folds 
foggz: folds 
MoseSchrute713: calls $0.10
COVEIROANCAP: raises $0.35 to $0.45
Luffy V: folds 
MoseSchrute713: folds 
Uncalled bet ($0.35) returned to COVEIROANCAP
COVEIROANCAP collected $0.30 from pot
COVEIROANCAP: doesn't show hand 
*** SUMMARY ***
Total pot $0.30 | Rake $0 
Seat 1: MoseSchrute713 (button) folded before Flop
Seat 2: COVEIROANCAP (small blind) collected ($0.30)
Seat 3: Luffy V (big blind) folded before Flop
Seat 4: juan19872323 folded before Flop (didn't bet)
Seat 5: Mahu2021 folded before Flop (didn't bet)
Seat 6: foggz folded before Flop (didn't bet)



PokerStars Zoom Hand #254610438380:  Hold'em No Limit ($0.05/$0.10) - 2025/01/29 20:12:18 CET [2025/01/29 14:12:18 ET]
Table 'Aludra' 6-max Seat #1 is the button
Seat 1: PaduaC ($10.77 in chips) 
Seat 2: Mahu2021 ($10.09 in chips) 
Seat 3: Academic120 ($10.38 in chips) 
Seat 4: vyaan65 ($9.89 in chips) 
Seat 5: Upyourharris ($22.61 in chips) 
Seat 6: vaffon3 ($16.82 in chips) 
Mahu2021: posts small blind $0.05
Academic120: posts big blind $0.10
*** HOLE CARDS ***
Dealt to Mahu2021 [7h Js]
vyaan65: raises $0.15 to $0.25
Upyourharris: folds 
vaffon3: folds 
PaduaC: calls $0.25
Mahu2021: folds 
Academic120: folds 
*** FLOP *** [3s 5c 2c]
vyaan65: bets $0.31
PaduaC: folds 
Uncalled bet ($0.31) returned to vyaan65
vyaan65 collected $0.62 from pot
vyaan65: doesn't show hand 
*** SUMMARY ***
Total pot $0.65 | Rake $0.03 
Board [3s 5c 2c]
Seat 1: PaduaC (button) folded on the Flop
Seat 2: Mahu2021 (small blind) folded before Flop
Seat 3: Academic120 (big blind) folded before Flop
Seat 4: vyaan65 collected ($0.62)
Seat 5: Upyourharris folded before Flop (didn't bet)
Seat 6: vaffon3 folded before Flop (didn't bet)



PokerStars Zoom Hand #254610432225:  Hold'em No Limit ($0.05/$0.10) - 2025/01/29 20:11:56 CET [2025/01/29 14:11:56 ET]
Table 'Aludra' 6-max Seat #1 is the button
Seat 1: x_ROSH125_x ($12.66 in chips) 
Seat 2: vyaan65 ($10.04 in chips) 
Seat 3: adownunder ($6.43 in chips) 
Seat 4: Mahu2021 ($10.04 in chips) 
Seat 5: Lady-Giegie ($20.07 in chips) 
Seat 6: TGVon ($20.39 in chips) 
vyaan65: posts small blind $0.05
adownunder: posts big blind $0.10
*** HOLE CARDS ***
Dealt to Mahu2021 [Jd 8h]
Mahu2021: folds 
Lady-Giegie: folds 
TGVon: folds 
x_ROSH125_x: raises $0.10 to $0.20
vyaan65: folds 
adownunder: calls $0.10
*** FLOP *** [6h 6s 4d]
adownunder: checks 
x_ROSH125_x: bets $0.20
adownunder: calls $0.20
*** TURN *** [6h 6s 4d] [7h]
adownunder: checks 
x_ROSH125_x: checks 
*** RIVER *** [6h 6s 4d 7h] [7c]
adownunder: bets $0.40
x_ROSH125_x: calls $0.40
*** SHOW DOWN ***
adownunder: shows [6c Ac] (a full house, Sixes full of Sevens)
x_ROSH125_x: mucks hand 
adownunder collected $1.58 from pot
*** SUMMARY ***
Total pot $1.65 | Rake $0.07 
Board [6h 6s 4d 7h 7c]
Seat 1: x_ROSH125_x (button) mucked [Ah Qs]
Seat 2: vyaan65 (small blind) folded before Flop
Seat 3: adownunder (big blind) showed [6c Ac] and won ($1.58) with a full house, Sixes full of Sevens
Seat 4: Mahu2021 folded before Flop (didn't bet)
Seat 5: Lady-Giegie folded before Flop (didn't bet)
Seat 6: TGVon folded before Flop (didn't bet)



PokerStars Zoom Hand #254610439457:  Hold'em No Limit ($0.05/$0.10) - 2025/01/29 20:12:22 CET [2025/01/29 14:12:22 ET]
Table 'Aludra' 6-max Seat #1 is the button
Seat 1: Mahu2021 ($10.04 in chips) 
Seat 2: hiding.by ($10.05 in chips) 
Seat 3: Duboxi ($14.70 in chips) 
Seat 4: LevA1989 ($18.25 in chips) 
Seat 5: MoseSchrute713 ($5.12 in chips) 
Seat 6: gamma720 ($6.33 in chips) 
hiding.by: posts small blind $0.05
Duboxi: posts big blind $0.10
*** HOLE CARDS ***
Dealt to Mahu2021 [5h Tc]
LevA1989: raises $0.15 to $0.25
MoseSchrute713: folds 
gamma720: folds 
Mahu2021: folds 
hiding.by: folds 
Duboxi: raises $0.45 to $0.70
LevA1989: calls $0.45
*** FLOP *** [2s 4d Kh]
Duboxi: bets $0.46
LevA1989: folds 
Uncalled bet ($0.46) returned to Duboxi
Duboxi collected $1.38 from pot
Duboxi: doesn't show hand 
*** SUMMARY ***
Total pot $1.45 | Rake $0.07 
Board [2s 4d Kh]
Seat 1: Mahu2021 (button) folded before Flop (didn't bet)
Seat 2: hiding.by (small blind) folded before Flop
Seat 3: Duboxi (big blind) collected ($1.38)
Seat 4: LevA1989 folded on the Flop
Seat 5: MoseSchrute713 folded before Flop (didn't bet)
Seat 6: gamma720 folded before Flop (didn't bet)



PokerStars Zoom Hand #254610440130:  Hold'em No Limit ($0.05/$0.10) - 2025/01/29 20:12:24 CET [2025/01/29 14:12:24 ET]
Table 'Aludra' 6-max Seat #1 is the button
Seat 1: XR7C ($6.83 in chips) 
Seat 2: osfp7john ($10 in chips) 
Seat 3: paul pattinson ($42.64 in chips) 
Seat 4: SpartacusKZZ ($8.50 in chips) 
Seat 5: Mahu2021 ($10.04 in chips) 
Seat 6: ASENNA76 ($11.31 in chips) 
osfp7john: posts small blind $0.05
paul pattinson: posts big blind $0.10
*** HOLE CARDS ***
Dealt to Mahu2021 [As Qs]
SpartacusKZZ: folds 
Mahu2021: raises $0.14 to $0.24
ASENNA76: folds 
XR7C: calls $0.24
osfp7john: folds 
paul pattinson: calls $0.14
*** FLOP *** [Tc Kc Qh]
paul pattinson: checks 
Mahu2021: checks 
XR7C: bets $0.37
paul pattinson: folds 
Mahu2021: calls $0.37
*** TURN *** [Tc Kc Qh] [2d]
Mahu2021: checks 
XR7C: bets $0.90
Mahu2021: calls $0.90
*** RIVER *** [Tc Kc Qh 2d] [8d]
Mahu2021: checks 
XR7C: bets $2.10
Mahu2021: folds 
Uncalled bet ($2.10) returned to XR7C
XR7C collected $3.16 from pot
XR7C: doesn't show hand 
*** SUMMARY ***
Total pot $3.31 | Rake $0.15 
Board [Tc Kc Qh 2d 8d]
Seat 1: XR7C (button) collected ($3.16)
Seat 2: osfp7john (small blind) folded before Flop
Seat 3: paul pattinson (big blind) folded on the Flop
Seat 4: SpartacusKZZ folded before Flop (didn't bet)
Seat 5: Mahu2021 folded on the River
Seat 6: ASENNA76 folded before Flop (didn't bet)



PokerStars Zoom Hand #254610451154:  Hold'em No Limit ($0.05/$0.10) - 2025/01/29 20:13:03 CET [2025/01/29 14:13:03 ET]
Table 'Aludra' 6-max Seat #1 is the button
Seat 1: foggz ($21.47 in chips) 
Seat 2: vaffon3 ($19.63 in chips) 
Seat 3: ASENNA76 ($10.87 in chips) 
Seat 4: Mahu2021 ($8.53 in chips) 
Seat 5: gamma720 ($6.70 in chips) 
Seat 6: Panda_Pooh_od ($10 in chips) 
vaffon3: posts small blind $0.05
ASENNA76: posts big blind $0.10
*** HOLE CARDS ***
Dealt to Mahu2021 [7s 2d]
Mahu2021: folds 
gamma720: folds 
Panda_Pooh_od: raises $0.15 to $0.25
foggz: folds 
vaffon3: folds 
ASENNA76: folds 
Uncalled bet ($0.15) returned to Panda_Pooh_od
Panda_Pooh_od collected $0.25 from pot
Panda_Pooh_od: doesn't show hand 
*** SUMMARY ***
Total pot $0.25 | Rake $0 
Seat 1: foggz (button) folded before Flop (didn't bet)
Seat 2: vaffon3 (small blind) folded before Flop
Seat 3: ASENNA76 (big blind) folded before Flop
Seat 4: Mahu2021 folded before Flop (didn't bet)
Seat 5: gamma720 folded before Flop (didn't bet)
Seat 6: Panda_Pooh_od collected ($0.25)



PokerStars Zoom Hand #254610452220:  Hold'em No Limit ($0.05/$0.10) - 2025/01/29 20:13:07 CET [2025/01/29 14:13:07 ET]
Table 'Aludra' 6-max Seat #1 is the button
Seat 1: vaffon3 ($22.60 in chips) 
Seat 2: christof2204 ($5.06 in chips) 
Seat 3: Mahu2021 ($8.53 in chips) 
Seat 4: dewrden ($11.96 in chips) 
Seat 5: Duboxi ($15.33 in chips) 
Seat 6: vyaan65 ($10.26 in chips) 
christof2204: posts small blind $0.05
Mahu2021: posts big blind $0.10
*** HOLE CARDS ***
Dealt to Mahu2021 [Jd 7c]
dewrden: folds 
Duboxi: folds 
vyaan65: raises $0.15 to $0.25
vaffon3: folds 
christof2204: folds 
Mahu2021: folds 
Uncalled bet ($0.15) returned to vyaan65
vyaan65 collected $0.25 from pot
vyaan65: doesn't show hand 
*** SUMMARY ***
Total pot $0.25 | Rake $0 
Seat 1: vaffon3 (button) folded before Flop (didn't bet)
Seat 2: christof2204 (small blind) folded before Flop
Seat 3: Mahu2021 (big blind) folded before Flop
Seat 4: dewrden folded before Flop (didn't bet)
Seat 5: Duboxi folded before Flop (didn't bet)
Seat 6: vyaan65 collected ($0.25)



PokerStars Zoom Hand #254610455741:  Hold'em No Limit ($0.05/$0.10) - 2025/01/29 20:13:19 CET [2025/01/29 14:13:19 ET]
Table 'Aludra' 6-max Seat #1 is the button
Seat 1: Lady-Giegie ($19.32 in chips) 
Seat 2: Panda_Pooh_od ($10.56 in chips) 
Seat 3: 1Sighinau ($16.91 in chips) 
Seat 4: betelio2837 ($11.61 in chips) 
Seat 5: epereyra1996 ($10.02 in chips) 
Seat 6: Mahu2021 ($8.43 in chips) 
Panda_Pooh_od: posts small blind $0.05
1Sighinau: posts big blind $0.10
*** HOLE CARDS ***
Dealt to Mahu2021 [8s Ks]
betelio2837: folds 
epereyra1996: folds 
Mahu2021: raises $0.14 to $0.24
Lady-Giegie: folds 
Panda_Pooh_od: folds 
1Sighinau: calls $0.14
*** FLOP *** [2c 2h Kc]
1Sighinau: checks 
Mahu2021: checks 
*** TURN *** [2c 2h Kc] [8d]
1Sighinau: checks 
Mahu2021: checks 
*** RIVER *** [2c 2h Kc 8d] [6d]
1Sighinau: bets $0.10
Mahu2021: raises $0.40 to $0.50
1Sighinau: calls $0.40
*** SHOW DOWN ***
Mahu2021: shows [8s Ks] (two pair, Kings and Eights)
1Sighinau: mucks hand 
Mahu2021 collected $1.46 from pot
*** SUMMARY ***
Total pot $1.53 | Rake $0.07 
Board [2c 2h Kc 8d 6d]
Seat 1: Lady-Giegie (button) folded before Flop (didn't bet)
Seat 2: Panda_Pooh_od (small blind) folded before Flop
Seat 3: 1Sighinau (big blind) mucked [6c Ac]
Seat 4: betelio2837 folded before Flop (didn't bet)
Seat 5: epereyra1996 folded before Flop (didn't bet)
Seat 6: Mahu2021 showed [8s Ks] and won ($1.46) with two pair, Kings and Eights



PokerStars Zoom Hand #254610466899:  Hold'em No Limit ($0.05/$0.10) - 2025/01/29 20:13:58 CET [2025/01/29 14:13:58 ET]
Table 'Aludra' 6-max Seat #1 is the button
Seat 1: aurelian400 ($11.53 in chips) 
Seat 2: Mahu2021 ($9.15 in chips) 
Seat 3: dewrden ($11.96 in chips) 
Seat 4: S.Bastow ($10.27 in chips) 
Seat 5: foggz ($21.32 in chips) 
Seat 6: seiji140 ($20.54 in chips) 
Mahu2021: posts small blind $0.05
dewrden: posts big blind $0.10
*** HOLE CARDS ***
Dealt to Mahu2021 [6s 7h]
S.Bastow: folds 
foggz: folds 
seiji140: folds 
aurelian400: folds 
Mahu2021: raises $0.20 to $0.30
dewrden: raises $0.90 to $1.20
Mahu2021: folds 
Uncalled bet ($0.90) returned to dewrden
dewrden collected $0.60 from pot
dewrden: doesn't show hand 
*** SUMMARY ***
Total pot $0.60 | Rake $0 
Seat 1: aurelian400 (button) folded before Flop (didn't bet)
Seat 2: Mahu2021 (small blind) folded before Flop
Seat 3: dewrden (big blind) collected ($0.60)
Seat 4: S.Bastow folded before Flop (didn't bet)
Seat 5: foggz folded before Flop (didn't bet)
Seat 6: seiji140 folded before Flop (didn't bet)



PokerStars Zoom Hand #254610476505:  Hold'em No Limit ($0.05/$0.10) - 2025/01/29 20:14:33 CET [2025/01/29 14:14:33 ET]
Table 'Aludra' 6-max Seat #1 is the button
Seat 1: OnlyJordy ($9.86 in chips) 
Seat 2: Mahu2021 ($8.85 in chips) 
Seat 3: hiding.by ($10.62 in chips) 
Seat 4: agusdecarca ($12.02 in chips) 
Seat 5: Schnurzpiep ($12.97 in chips) 
Seat 6: Jezterscap ($10 in chips) 
Mahu2021: posts small blind $0.05
hiding.by: posts big blind $0.10
*** HOLE CARDS ***
Dealt to Mahu2021 [Td 8d]
agusdecarca: folds 
Schnurzpiep: folds 
Jezterscap: folds 
OnlyJordy: folds 
Mahu2021: raises $0.20 to $0.30
hiding.by: folds 
Uncalled bet ($0.20) returned to Mahu2021
Mahu2021 collected $0.20 from pot
Mahu2021: doesn't show hand 
*** SUMMARY ***
Total pot $0.20 | Rake $0 
Seat 1: OnlyJordy (button) folded before Flop (didn't bet)
Seat 2: Mahu2021 (small blind) collected ($0.20)
Seat 3: hiding.by (big blind) folded before Flop
Seat 4: agusdecarca folded before Flop (didn't bet)
Seat 5: Schnurzpiep folded before Flop (didn't bet)
Seat 6: Jezterscap folded before Flop (didn't bet)



PokerStars Zoom Hand #254610474837:  Hold'em No Limit ($0.05/$0.10) - 2025/01/29 20:14:27 CET [2025/01/29 14:14:27 ET]
Table 'Aludra' 6-max Seat #1 is the button
Seat 1: Mahu2021 ($8.85 in chips) 
Seat 2: ElJosen'10 ($20.36 in chips) 
Seat 3: kmnfst ($22.41 in chips) 
Seat 4: kox44x ($10 in chips) 
Seat 5: S.Bastow ($10.27 in chips) 
Seat 6: xavi66 ($17.48 in chips) 
ElJosen'10: posts small blind $0.05
kmnfst: posts big blind $0.10
*** HOLE CARDS ***
Dealt to Mahu2021 [6h 8h]
kox44x: folds 
S.Bastow: folds 
xavi66: folds 
Mahu2021: folds 
ElJosen'10: folds 
Uncalled bet ($0.05) returned to kmnfst
kmnfst collected $0.10 from pot
kmnfst: doesn't show hand 
*** SUMMARY ***
Total pot $0.10 | Rake $0 
Seat 1: Mahu2021 (button) folded before Flop (didn't bet)
Seat 2: ElJosen'10 (small blind) folded before Flop
Seat 3: kmnfst (big blind) collected ($0.10)
Seat 4: kox44x folded before Flop (didn't bet)
Seat 5: S.Bastow folded before Flop (didn't bet)
Seat 6: xavi66 folded before Flop (didn't bet)



PokerStars Zoom Hand #254610480345:  Hold'em No Limit ($0.05/$0.10) - 2025/01/29 20:14:46 CET [2025/01/29 14:14:46 ET]
Table 'Aludra' 6-max Seat #1 is the button
Seat 1: PaduaC ($10.97 in chips) 
Seat 2: S.Bastow ($10.27 in chips) 
Seat 3: kox44x ($16.40 in chips) 
Seat 4: Mahu2021 ($8.95 in chips) 
Seat 5: gunnerwin555 ($8.10 in chips) 
Seat 6: kmnfst ($22.46 in chips) 
S.Bastow: posts small blind $0.05
kox44x: posts big blind $0.10
*** HOLE CARDS ***
Dealt to Mahu2021 [Tc Kh]
Mahu2021: raises $0.14 to $0.24
gunnerwin555: folds 
kmnfst: folds 
PaduaC: calls $0.24
S.Bastow: folds 
kox44x: calls $0.14
*** FLOP *** [Th 6h 9h]
kox44x: checks 
Mahu2021: bets $0.74
PaduaC: folds 
kox44x: folds 
Uncalled bet ($0.74) returned to Mahu2021
Mahu2021 collected $0.74 from pot
Mahu2021: doesn't show hand 
*** SUMMARY ***
Total pot $0.77 | Rake $0.03 
Board [Th 6h 9h]
Seat 1: PaduaC (button) folded on the Flop
Seat 2: S.Bastow (small blind) folded before Flop
Seat 3: kox44x (big blind) folded on the Flop
Seat 4: Mahu2021 collected ($0.74)
Seat 5: gunnerwin555 folded before Flop (didn't bet)
Seat 6: kmnfst folded before Flop (didn't bet)



PokerStars Zoom Hand #254610491034:  Hold'em No Limit ($0.05/$0.10) - 2025/01/29 20:15:24 CET [2025/01/29 14:15:24 ET]
Table 'Aludra' 6-max Seat #1 is the button
Seat 1: Lady-Giegie ($18.22 in chips) 
Seat 2: chessismorefun ($10.36 in chips) 
Seat 3: Mahu2021 ($9.45 in chips) 
Seat 4: betelio2837 ($11.93 in chips) 
Seat 5: mOberdan ($10.68 in chips) 
Seat 6: kingfisher898 ($14.74 in chips) 
chessismorefun: posts small blind $0.05
Mahu2021: posts big blind $0.10
*** HOLE CARDS ***
Dealt to Mahu2021 [3s 6h]
betelio2837: folds 
mOberdan: folds 
kingfisher898: folds 
Lady-Giegie: calls $0.10
chessismorefun: folds 
Mahu2021: checks 
*** FLOP *** [As 4h 5s]
Mahu2021: checks 
Lady-Giegie: checks 
*** TURN *** [As 4h 5s] [6c]
Mahu2021: checks 
Lady-Giegie: checks 
*** RIVER *** [As 4h 5s 6c] [9d]
Mahu2021: bets $0.20
Lady-Giegie: calls $0.20
*** SHOW DOWN ***
Mahu2021: shows [3s 6h] (a pair of Sixes)
Lady-Giegie: shows [7h 7c] (a pair of Sevens)
Lady-Giegie collected $0.61 from pot
*** SUMMARY ***
Total pot $0.65 | Rake $0.04 
Board [As 4h 5s 6c 9d]
Seat 1: Lady-Giegie (button) showed [7h 7c] and won ($0.61) with a pair of Sevens
Seat 2: chessismorefun (small blind) folded before Flop
Seat 3: Mahu2021 (big blind) showed [3s 6h] and lost with a pair of Sixes
Seat 4: betelio2837 folded before Flop (didn't bet)
Seat 5: mOberdan folded before Flop (didn't bet)
Seat 6: kingfisher898 folded before Flop (didn't bet)



PokerStars Zoom Hand #254610498717:  Hold'em No Limit ($0.05/$0.10) - 2025/01/29 20:15:51 CET [2025/01/29 14:15:51 ET]
Table 'Aludra' 6-max Seat #1 is the button
Seat 1: Mahu2021 ($9.15 in chips) 
Seat 2: chessismorefun ($11.59 in chips) 
Seat 3: S.Bastow ($10.74 in chips) 
Seat 4: pokeripuikko ($20.56 in chips) 
Seat 5: pericotete ($12.75 in chips) 
Seat 6: vyaan65 ($33.75 in chips) 
chessismorefun: posts small blind $0.05
S.Bastow: posts big blind $0.10
*** HOLE CARDS ***
Dealt to Mahu2021 [Kc 9s]
pokeripuikko: folds 
pericotete: folds 
vyaan65: folds 
Mahu2021: raises $0.20 to $0.30
chessismorefun: folds 
S.Bastow: raises $0.90 to $1.20
Mahu2021: folds 
Uncalled bet ($0.90) returned to S.Bastow
S.Bastow collected $0.65 from pot
S.Bastow: doesn't show hand 
*** SUMMARY ***
Total pot $0.65 | Rake $0 
Seat 1: Mahu2021 (button) folded before Flop
Seat 2: chessismorefun (small blind) folded before Flop
Seat 3: S.Bastow (big blind) collected ($0.65)
Seat 4: pokeripuikko folded before Flop (didn't bet)
Seat 5: pericotete folded before Flop (didn't bet)
Seat 6: vyaan65 folded before Flop (didn't bet)



PokerStars Zoom Hand #254610504003:  Hold'em No Limit ($0.05/$0.10) - 2025/01/29 20:16:09 CET [2025/01/29 14:16:09 ET]
Table 'Aludra' 6-max Seat #1 is the button
Seat 1: SpartacusKZZ ($5.26 in chips) 
Seat 2: corschat ($16.60 in chips) 
Seat 3: 77irek ($10 in chips) 
Seat 4: MikeFatsi ($12.27 in chips) 
Seat 5: Mahu2021 ($8.85 in chips) 
Seat 6: S.Bastow ($10 in chips) 
corschat: posts small blind $0.05
77irek: posts big blind $0.10
*** HOLE CARDS ***
Dealt to Mahu2021 [Kd 4h]
MikeFatsi: folds 
Mahu2021: folds 
S.Bastow: folds 
SpartacusKZZ: folds 
corschat: folds 
Uncalled bet ($0.05) returned to 77irek
77irek collected $0.10 from pot
77irek: doesn't show hand 
*** SUMMARY ***
Total pot $0.10 | Rake $0 
Seat 1: SpartacusKZZ (button) folded before Flop (didn't bet)
Seat 2: corschat (small blind) folded before Flop
Seat 3: 77irek (big blind) collected ($0.10)
Seat 4: MikeFatsi folded before Flop (didn't bet)
Seat 5: Mahu2021 folded before Flop (didn't bet)
Seat 6: S.Bastow folded before Flop (didn't bet)



PokerStars Zoom Hand #254610505271:  Hold'em No Limit ($0.05/$0.10) - 2025/01/29 20:16:14 CET [2025/01/29 14:16:14 ET]
Table 'Aludra' 6-max Seat #1 is the button
Seat 1: Luffy V ($10.10 in chips) 
Seat 2: ElJosen'10 ($20.90 in chips) 
Seat 3: x_ROSH125_x ($22.90 in chips) 
Seat 4: Lady-Giegie ($18.67 in chips) 
Seat 5: SpartacusKZZ ($10.11 in chips) 
Seat 6: Mahu2021 ($8.85 in chips) 
ElJosen'10: posts small blind $0.05
x_ROSH125_x: posts big blind $0.10
*** HOLE CARDS ***
Dealt to Mahu2021 [Jc Ts]
Lady-Giegie: folds 
SpartacusKZZ: folds 
Mahu2021: raises $0.14 to $0.24
Luffy V: raises $0.51 to $0.75
ElJosen'10: folds 
x_ROSH125_x: folds 
Mahu2021: calls $0.51
*** FLOP *** [8d 3s Jd]
Mahu2021: checks 
Luffy V: bets $0.47
Mahu2021: calls $0.47
*** TURN *** [8d 3s Jd] [Qh]
Mahu2021: checks 
Luffy V: bets $2.05
Mahu2021: calls $2.05
*** RIVER *** [8d 3s Jd Qh] [6h]
Mahu2021: checks 
Luffy V: bets $6.83 and is all-in
Mahu2021: folds 
Uncalled bet ($6.83) returned to Luffy V
Luffy V collected $6.39 from pot
Luffy V: doesn't show hand 
*** SUMMARY ***
Total pot $6.69 | Rake $0.30 
Board [8d 3s Jd Qh 6h]
Seat 1: Luffy V (button) collected ($6.39)
Seat 2: ElJosen'10 (small blind) folded before Flop
Seat 3: x_ROSH125_x (big blind) folded before Flop
Seat 4: Lady-Giegie folded before Flop (didn't bet)
Seat 5: SpartacusKZZ folded before Flop (didn't bet)
Seat 6: Mahu2021 folded on the River



