PokerStars Hand #248873594756: Tournament #3715592842, $4.60+$0.40 USD Hold'em No Limit - Level I (10/20) - 2024/02/14 14:01:39 CET [2024/02/14 8:01:39 ET]
Table '3715592842 1' 3-max Seat #1 is the button
Seat 1: MuayThai.k0.- (500 in chips) 
Seat 2: Mahu2021 (500 in chips) 
Seat 3: Ribeivids (500 in chips) 
Mahu2021: posts small blind 10
Ribeivids: posts big blind 20
*** HOLE CARDS ***
Dealt to Mahu2021 [3c 3h]
MuayThai.k0.-: raises 20 to 40
Mahu2021: calls 30
Ribeivids: folds 
*** FLOP *** [7s 7c 6c]
Mahu2021: checks 
MuayThai.k0.-: checks 
*** TURN *** [7s 7c 6c] [Ts]
Mahu2021: bets 40
MuayThai.k0.-: calls 40
*** RIVER *** [7s 7c 6c Ts] [9s]
Mahu2021: checks 
MuayThai.k0.-: checks 
*** SHOW DOWN ***
Mahu2021: shows [3c 3h] (two pair, Sevens and Threes)
MuayThai.k0.-: mucks hand 
Mahu2021 collected 180 from pot
*** SUMMARY ***
Total pot 180 | Rake 0 
Board [7s 7c 6c Ts 9s]
Seat 1: MuayThai.k0.- (button) mucked [Qh Ad]
Seat 2: Mahu2021 (small blind) showed [3c 3h] and won (180) with two pair, Sevens and Threes
Seat 3: Ribeivids (big blind) folded before Flop



PokerStars Hand #248873603717: Tournament #3715592842, $4.60+$0.40 USD Hold'em No Limit - Level I (10/20) - 2024/02/14 14:02:32 CET [2024/02/14 8:02:32 ET]
Table '3715592842 1' 3-max Seat #2 is the button
Seat 1: MuayThai.k0.- (420 in chips) 
Seat 2: Mahu2021 (600 in chips) 
Seat 3: Ribeivids (480 in chips) 
Ribeivids: posts small blind 10
MuayThai.k0.-: posts big blind 20
*** HOLE CARDS ***
Dealt to Mahu2021 [Th Qs]
Mahu2021: folds 
Ribeivids: calls 10
MuayThai.k0.- has timed out
MuayThai.k0.-: checks 
*** FLOP *** [4c Ah 7c]
Ribeivids: checks 
MuayThai.k0.- has timed out
MuayThai.k0.-: checks 
*** TURN *** [4c Ah 7c] [2h]
Ribeivids: checks 
MuayThai.k0.-: checks 
*** RIVER *** [4c Ah 7c 2h] [9c]
Ribeivids: checks 
MuayThai.k0.-: checks 
*** SHOW DOWN ***
Ribeivids: shows [6d Td] (high card Ace)
MuayThai.k0.-: shows [Jh 5s] (high card Ace - Jack kicker)
MuayThai.k0.- collected 40 from pot
*** SUMMARY ***
Total pot 40 | Rake 0 
Board [4c Ah 7c 2h 9c]
Seat 1: MuayThai.k0.- (big blind) showed [Jh 5s] and won (40) with high card Ace
Seat 2: Mahu2021 (button) folded before Flop (didn't bet)
Seat 3: Ribeivids (small blind) showed [6d Td] and lost with high card Ace



PokerStars Hand #248873615084: Tournament #3715592842, $4.60+$0.40 USD Hold'em No Limit - Level I (10/20) - 2024/02/14 14:03:40 CET [2024/02/14 8:03:40 ET]
Table '3715592842 1' 3-max Seat #3 is the button
Seat 1: MuayThai.k0.- (440 in chips) 
Seat 2: Mahu2021 (600 in chips) 
Seat 3: Ribeivids (460 in chips) 
MuayThai.k0.-: posts small blind 10
Mahu2021: posts big blind 20
*** HOLE CARDS ***
Dealt to Mahu2021 [Kc 4s]
Ribeivids: folds 
MuayThai.k0.-: folds 
Uncalled bet (10) returned to Mahu2021
Mahu2021 collected 20 from pot
Mahu2021: doesn't show hand 
*** SUMMARY ***
Total pot 20 | Rake 0 
Seat 1: MuayThai.k0.- (small blind) folded before Flop
Seat 2: Mahu2021 (big blind) collected (20)
Seat 3: Ribeivids (button) folded before Flop (didn't bet)



PokerStars Hand #248873616713: Tournament #3715592842, $4.60+$0.40 USD Hold'em No Limit - Level I (10/20) - 2024/02/14 14:03:49 CET [2024/02/14 8:03:49 ET]
Table '3715592842 1' 3-max Seat #1 is the button
Seat 1: MuayThai.k0.- (430 in chips) 
Seat 2: Mahu2021 (610 in chips) 
Seat 3: Ribeivids (460 in chips) 
Mahu2021: posts small blind 10
Ribeivids: posts big blind 20
*** HOLE CARDS ***
Dealt to Mahu2021 [5d Ac]
MuayThai.k0.-: raises 20 to 40
Mahu2021: calls 30
Ribeivids: calls 20
*** FLOP *** [Th 5s 3h]
Mahu2021: checks 
Ribeivids: checks 
MuayThai.k0.-: checks 
*** TURN *** [Th 5s 3h] [Kh]
Mahu2021: checks 
Ribeivids: bets 20
MuayThai.k0.-: calls 20
Mahu2021: folds 
*** RIVER *** [Th 5s 3h Kh] [6h]
Ribeivids: bets 60
MuayThai.k0.-: calls 60
*** SHOW DOWN ***
Ribeivids: shows [Kc 2h] (a flush, King high)
MuayThai.k0.-: shows [7c 7h] (a flush, King high - Seven higher)
MuayThai.k0.- collected 280 from pot
*** SUMMARY ***
Total pot 280 | Rake 0 
Board [Th 5s 3h Kh 6h]
Seat 1: MuayThai.k0.- (button) showed [7c 7h] and won (280) with a flush, King high
Seat 2: Mahu2021 (small blind) folded on the Turn
Seat 3: Ribeivids (big blind) showed [Kc 2h] and lost with a flush, King high



PokerStars Hand #248873622515: Tournament #3715592842, $4.60+$0.40 USD Hold'em No Limit - Level I (10/20) - 2024/02/14 14:04:23 CET [2024/02/14 8:04:23 ET]
Table '3715592842 1' 3-max Seat #2 is the button
Seat 1: MuayThai.k0.- (590 in chips) 
Seat 2: Mahu2021 (570 in chips) 
Seat 3: Ribeivids (340 in chips) 
Ribeivids: posts small blind 10
MuayThai.k0.-: posts big blind 20
*** HOLE CARDS ***
Dealt to Mahu2021 [5c 6h]
Mahu2021: folds 
Ribeivids: calls 10
MuayThai.k0.-: checks 
*** FLOP *** [8d 7c 9d]
Ribeivids: bets 40
MuayThai.k0.-: folds 
Uncalled bet (40) returned to Ribeivids
Ribeivids collected 40 from pot
Ribeivids: doesn't show hand 
*** SUMMARY ***
Total pot 40 | Rake 0 
Board [8d 7c 9d]
Seat 1: MuayThai.k0.- (big blind) folded on the Flop
Seat 2: Mahu2021 (button) folded before Flop (didn't bet)
Seat 3: Ribeivids (small blind) collected (40)



PokerStars Hand #248873625070: Tournament #3715592842, $4.60+$0.40 USD Hold'em No Limit - Level I (10/20) - 2024/02/14 14:04:37 CET [2024/02/14 8:04:37 ET]
Table '3715592842 1' 3-max Seat #3 is the button
Seat 1: MuayThai.k0.- (570 in chips) 
Seat 2: Mahu2021 (570 in chips) 
Seat 3: Ribeivids (360 in chips) 
MuayThai.k0.-: posts small blind 10
Mahu2021: posts big blind 20
*** HOLE CARDS ***
Dealt to Mahu2021 [Ac 4h]
Ribeivids: folds 
MuayThai.k0.-: raises 30 to 50
Mahu2021: calls 30
*** FLOP *** [Td 5h Qh]
MuayThai.k0.-: checks 
Mahu2021: checks 
*** TURN *** [Td 5h Qh] [6s]
MuayThai.k0.-: bets 25
Mahu2021: folds 
Uncalled bet (25) returned to MuayThai.k0.-
MuayThai.k0.- collected 100 from pot
MuayThai.k0.-: doesn't show hand 
*** SUMMARY ***
Total pot 100 | Rake 0 
Board [Td 5h Qh 6s]
Seat 1: MuayThai.k0.- (small blind) collected (100)
Seat 2: Mahu2021 (big blind) folded on the Turn
Seat 3: Ribeivids (button) folded before Flop (didn't bet)



PokerStars Hand #248873630530: Tournament #3715592842, $4.60+$0.40 USD Hold'em No Limit - Level II (15/30) - 2024/02/14 14:05:09 CET [2024/02/14 8:05:09 ET]
Table '3715592842 1' 3-max Seat #1 is the button
Seat 1: MuayThai.k0.- (620 in chips) 
Seat 2: Mahu2021 (520 in chips) 
Seat 3: Ribeivids (360 in chips) 
Mahu2021: posts small blind 15
Ribeivids: posts big blind 30
*** HOLE CARDS ***
Dealt to Mahu2021 [As 7s]
MuayThai.k0.-: raises 30 to 60
Mahu2021: calls 45
Ribeivids: calls 30
*** FLOP *** [Ks Ts 3s]
Mahu2021: checks 
Ribeivids: bets 60
MuayThai.k0.-: raises 500 to 560 and is all-in
Mahu2021: calls 460 and is all-in
Ribeivids: calls 240 and is all-in
Uncalled bet (100) returned to MuayThai.k0.-
*** TURN *** [Ks Ts 3s] [Kh]
*** RIVER *** [Ks Ts 3s Kh] [Qh]
*** SHOW DOWN ***
Mahu2021: shows [As 7s] (a flush, Ace high)
MuayThai.k0.-: shows [Kc Ah] (three of a kind, Kings)
Mahu2021 collected 320 from side pot
Ribeivids: shows [Jd Js] (two pair, Kings and Jacks)
Mahu2021 collected 1080 from main pot
Ribeivids finished the tournament in 3rd place
*** SUMMARY ***
Total pot 1400 Main pot 1080. Side pot 320. | Rake 0 
Board [Ks Ts 3s Kh Qh]
Seat 1: MuayThai.k0.- (button) showed [Kc Ah] and lost with three of a kind, Kings
Seat 2: Mahu2021 (small blind) showed [As 7s] and won (1400) with a flush, Ace high
Seat 3: Ribeivids (big blind) showed [Jd Js] and lost with two pair, Kings and Jacks



PokerStars Hand #248873635823: Tournament #3715592842, $4.60+$0.40 USD Hold'em No Limit - Level II (15/30) - 2024/02/14 14:05:39 CET [2024/02/14 8:05:39 ET]
Table '3715592842 1' 3-max Seat #2 is the button
Seat 1: MuayThai.k0.- (100 in chips) 
Seat 2: Mahu2021 (1400 in chips) 
Mahu2021: posts small blind 15
MuayThai.k0.-: posts big blind 30
*** HOLE CARDS ***
Dealt to Mahu2021 [Tc 7s]
Mahu2021: calls 15
MuayThai.k0.-: raises 70 to 100 and is all-in
Mahu2021: calls 70
*** FLOP *** [Ts Td 7h]
*** TURN *** [Ts Td 7h] [6c]
*** RIVER *** [Ts Td 7h 6c] [Jd]
*** SHOW DOWN ***
MuayThai.k0.-: shows [Ah 2c] (a pair of Tens)
Mahu2021: shows [Tc 7s] (a full house, Tens full of Sevens)
Mahu2021 collected 200 from pot
MuayThai.k0.- finished the tournament in 2nd place
Mahu2021 wins the tournament and receives $20.00 - congratulations!
*** SUMMARY ***
Total pot 200 | Rake 0 
Board [Ts Td 7h 6c Jd]
Seat 1: MuayThai.k0.- (big blind) showed [Ah 2c] and lost with a pair of Tens
Seat 2: Mahu2021 (button) (small blind) showed [Tc 7s] and won (200) with a full house, Tens full of Sevens



