PokerStars Hand #252574542286: Tournament #3803892872, $1.84+$0.16 USD Hold'em No Limit - Level I (10/20) - 2024/09/22 18:18:42 CET [2024/09/22 12:18:42 ET]
Table '3803892872 1' 3-max Seat #1 is the button
Seat 1: Ekstrasjoz (500 in chips) 
Seat 2: Tyche87 (500 in chips) 
Seat 3: Mahu2021 (500 in chips) 
Tyche87: posts small blind 10
Mahu2021: posts big blind 20
*** HOLE CARDS ***
Dealt to Mahu2021 [9c Qd]
Ekstrasjoz: folds 
Tyche87: folds 
Uncalled bet (10) returned to Mahu2021
Mahu2021 collected 20 from pot
Mahu2021: doesn't show hand 
*** SUMMARY ***
Total pot 20 | Rake 0 
Seat 1: Ekstrasjoz (button) folded before Flop (didn't bet)
Seat 2: Tyche87 (small blind) folded before Flop
Seat 3: Mahu2021 (big blind) collected (20)



PokerStars Hand #252574544775: Tournament #3803892872, $1.84+$0.16 USD Hold'em No Limit - Level I (10/20) - 2024/09/22 18:18:51 CET [2024/09/22 12:18:51 ET]
Table '3803892872 1' 3-max Seat #2 is the button
Seat 1: Ekstrasjoz (500 in chips) 
Seat 2: Tyche87 (490 in chips) 
Seat 3: Mahu2021 (510 in chips) 
Mahu2021: posts small blind 10
Ekstrasjoz: posts big blind 20
*** HOLE CARDS ***
Dealt to Mahu2021 [Th 4d]
Tyche87: folds 
Mahu2021: folds 
Uncalled bet (10) returned to Ekstrasjoz
Ekstrasjoz collected 20 from pot
*** SUMMARY ***
Total pot 20 | Rake 0 
Seat 1: Ekstrasjoz (big blind) collected (20)
Seat 2: Tyche87 (button) folded before Flop (didn't bet)
Seat 3: Mahu2021 (small blind) folded before Flop



PokerStars Hand #252574546132: Tournament #3803892872, $1.84+$0.16 USD Hold'em No Limit - Level I (10/20) - 2024/09/22 18:18:56 CET [2024/09/22 12:18:56 ET]
Table '3803892872 1' 3-max Seat #3 is the button
Seat 1: Ekstrasjoz (510 in chips) 
Seat 2: Tyche87 (490 in chips) 
Seat 3: Mahu2021 (500 in chips) 
Ekstrasjoz: posts small blind 10
Tyche87: posts big blind 20
*** HOLE CARDS ***
Dealt to Mahu2021 [6c 5s]
Mahu2021: folds 
Ekstrasjoz: calls 10
Tyche87: checks 
*** FLOP *** [2d Jh Kd]
Ekstrasjoz: checks 
Tyche87: checks 
*** TURN *** [2d Jh Kd] [Qd]
Ekstrasjoz: checks 
Tyche87: checks 
*** RIVER *** [2d Jh Kd Qd] [2s]
Ekstrasjoz: checks 
Tyche87: checks 
*** SHOW DOWN ***
Ekstrasjoz: shows [6h Th] (a pair of Deuces)
Tyche87: shows [Ts 4c] (a pair of Deuces)
Ekstrasjoz collected 20 from pot
Tyche87 collected 20 from pot
*** SUMMARY ***
Total pot 40 | Rake 0 
Board [2d Jh Kd Qd 2s]
Seat 1: Ekstrasjoz (small blind) showed [6h Th] and won (20) with a pair of Deuces
Seat 2: Tyche87 (big blind) showed [Ts 4c] and won (20) with a pair of Deuces
Seat 3: Mahu2021 (button) folded before Flop (didn't bet)



PokerStars Hand #252574551991: Tournament #3803892872, $1.84+$0.16 USD Hold'em No Limit - Level I (10/20) - 2024/09/22 18:19:18 CET [2024/09/22 12:19:18 ET]
Table '3803892872 1' 3-max Seat #1 is the button
Seat 1: Ekstrasjoz (510 in chips) 
Seat 2: Tyche87 (490 in chips) 
Seat 3: Mahu2021 (500 in chips) 
Tyche87: posts small blind 10
Mahu2021: posts big blind 20
*** HOLE CARDS ***
Dealt to Mahu2021 [6c 9h]
Ekstrasjoz: calls 20
Tyche87: folds 
Mahu2021: checks 
*** FLOP *** [Tc Ah 5c]
Mahu2021: checks 
Ekstrasjoz: checks 
*** TURN *** [Tc Ah 5c] [7h]
Mahu2021: checks 
Ekstrasjoz: bets 50
Mahu2021: folds 
Uncalled bet (50) returned to Ekstrasjoz
Ekstrasjoz collected 50 from pot
*** SUMMARY ***
Total pot 50 | Rake 0 
Board [Tc Ah 5c 7h]
Seat 1: Ekstrasjoz (button) collected (50)
Seat 2: Tyche87 (small blind) folded before Flop
Seat 3: Mahu2021 (big blind) folded on the Turn



PokerStars Hand #252574556626: Tournament #3803892872, $1.84+$0.16 USD Hold'em No Limit - Level I (10/20) - 2024/09/22 18:19:34 CET [2024/09/22 12:19:34 ET]
Table '3803892872 1' 3-max Seat #2 is the button
Seat 1: Ekstrasjoz (540 in chips) 
Seat 2: Tyche87 (480 in chips) 
Seat 3: Mahu2021 (480 in chips) 
Mahu2021: posts small blind 10
Ekstrasjoz: posts big blind 20
*** HOLE CARDS ***
Dealt to Mahu2021 [7s 4c]
Tyche87: folds 
Mahu2021: folds 
Uncalled bet (10) returned to Ekstrasjoz
Ekstrasjoz collected 20 from pot
*** SUMMARY ***
Total pot 20 | Rake 0 
Seat 1: Ekstrasjoz (big blind) collected (20)
Seat 2: Tyche87 (button) folded before Flop (didn't bet)
Seat 3: Mahu2021 (small blind) folded before Flop



PokerStars Hand #252574557915: Tournament #3803892872, $1.84+$0.16 USD Hold'em No Limit - Level I (10/20) - 2024/09/22 18:19:39 CET [2024/09/22 12:19:39 ET]
Table '3803892872 1' 3-max Seat #3 is the button
Seat 1: Ekstrasjoz (550 in chips) 
Seat 2: Tyche87 (480 in chips) 
Seat 3: Mahu2021 (470 in chips) 
Ekstrasjoz: posts small blind 10
Tyche87: posts big blind 20
*** HOLE CARDS ***
Dealt to Mahu2021 [Qd 8d]
Mahu2021: raises 20 to 40
Ekstrasjoz: folds 
Tyche87: folds 
Uncalled bet (20) returned to Mahu2021
Mahu2021 collected 50 from pot
Mahu2021: doesn't show hand 
*** SUMMARY ***
Total pot 50 | Rake 0 
Seat 1: Ekstrasjoz (small blind) folded before Flop
Seat 2: Tyche87 (big blind) folded before Flop
Seat 3: Mahu2021 (button) collected (50)



PokerStars Hand #252574560825: Tournament #3803892872, $1.84+$0.16 USD Hold'em No Limit - Level I (10/20) - 2024/09/22 18:19:49 CET [2024/09/22 12:19:49 ET]
Table '3803892872 1' 3-max Seat #1 is the button
Seat 1: Ekstrasjoz (540 in chips) 
Seat 2: Tyche87 (460 in chips) 
Seat 3: Mahu2021 (500 in chips) 
Tyche87: posts small blind 10
Mahu2021: posts big blind 20
*** HOLE CARDS ***
Dealt to Mahu2021 [3s Ks]
Ekstrasjoz: calls 20
Tyche87: calls 10
Mahu2021: checks 
*** FLOP *** [Qs Qh 7h]
Tyche87: checks 
Mahu2021: checks 
Ekstrasjoz: checks 
*** TURN *** [Qs Qh 7h] [6d]
Tyche87: checks 
Mahu2021: checks 
Ekstrasjoz: checks 
*** RIVER *** [Qs Qh 7h 6d] [8h]
Tyche87: checks 
Mahu2021: checks 
Ekstrasjoz: checks 
*** SHOW DOWN ***
Tyche87: shows [6s 4s] (two pair, Queens and Sixes)
Mahu2021: mucks hand 
Ekstrasjoz: mucks hand 
Tyche87 collected 60 from pot
*** SUMMARY ***
Total pot 60 | Rake 0 
Board [Qs Qh 7h 6d 8h]
Seat 1: Ekstrasjoz (button) mucked [9d Ah]
Seat 2: Tyche87 (small blind) showed [6s 4s] and won (60) with two pair, Queens and Sixes
Seat 3: Mahu2021 (big blind) mucked [3s Ks]



PokerStars Hand #252574570435: Tournament #3803892872, $1.84+$0.16 USD Hold'em No Limit - Level I (10/20) - 2024/09/22 18:20:24 CET [2024/09/22 12:20:24 ET]
Table '3803892872 1' 3-max Seat #2 is the button
Seat 1: Ekstrasjoz (520 in chips) 
Seat 2: Tyche87 (500 in chips) 
Seat 3: Mahu2021 (480 in chips) 
Mahu2021: posts small blind 10
Ekstrasjoz: posts big blind 20
*** HOLE CARDS ***
Dealt to Mahu2021 [Kd Ac]
Tyche87: folds 
Mahu2021: raises 40 to 60
Ekstrasjoz: folds 
Uncalled bet (40) returned to Mahu2021
Mahu2021 collected 40 from pot
Mahu2021: doesn't show hand 
*** SUMMARY ***
Total pot 40 | Rake 0 
Seat 1: Ekstrasjoz (big blind) folded before Flop
Seat 2: Tyche87 (button) folded before Flop (didn't bet)
Seat 3: Mahu2021 (small blind) collected (40)



PokerStars Hand #252574573170: Tournament #3803892872, $1.84+$0.16 USD Hold'em No Limit - Level I (10/20) - 2024/09/22 18:20:34 CET [2024/09/22 12:20:34 ET]
Table '3803892872 1' 3-max Seat #3 is the button
Seat 1: Ekstrasjoz (500 in chips) 
Seat 2: Tyche87 (500 in chips) 
Seat 3: Mahu2021 (500 in chips) 
Ekstrasjoz: posts small blind 10
Tyche87: posts big blind 20
*** HOLE CARDS ***
Dealt to Mahu2021 [6c 9d]
Mahu2021: folds 
Ekstrasjoz: calls 10
Tyche87: checks 
*** FLOP *** [2s As Td]
Ekstrasjoz: bets 20
Tyche87: folds 
Uncalled bet (20) returned to Ekstrasjoz
Ekstrasjoz collected 40 from pot
*** SUMMARY ***
Total pot 40 | Rake 0 
Board [2s As Td]
Seat 1: Ekstrasjoz (small blind) collected (40)
Seat 2: Tyche87 (big blind) folded on the Flop
Seat 3: Mahu2021 (button) folded before Flop (didn't bet)



PokerStars Hand #252574580071: Tournament #3803892872, $1.84+$0.16 USD Hold'em No Limit - Level I (10/20) - 2024/09/22 18:20:58 CET [2024/09/22 12:20:58 ET]
Table '3803892872 1' 3-max Seat #1 is the button
Seat 1: Ekstrasjoz (520 in chips) 
Seat 2: Tyche87 (480 in chips) 
Seat 3: Mahu2021 (500 in chips) 
Tyche87: posts small blind 10
Mahu2021: posts big blind 20
*** HOLE CARDS ***
Dealt to Mahu2021 [9h 9d]
Ekstrasjoz: folds 
Tyche87: calls 10
Mahu2021: checks 
*** FLOP *** [3d 4s 9c]
Tyche87: checks 
Mahu2021: bets 20
Tyche87: calls 20
*** TURN *** [3d 4s 9c] [Ts]
Tyche87: checks 
Mahu2021: bets 20
Tyche87: calls 20
*** RIVER *** [3d 4s 9c Ts] [4d]
Tyche87: checks 
Mahu2021: bets 20
Tyche87: raises 400 to 420 and is all-in
Mahu2021: calls 400
*** SHOW DOWN ***
Tyche87: shows [Jh 4h] (three of a kind, Fours)
Mahu2021: shows [9h 9d] (a full house, Nines full of Fours)
Mahu2021 collected 960 from pot
Tyche87 finished the tournament in 3rd place
*** SUMMARY ***
Total pot 960 | Rake 0 
Board [3d 4s 9c Ts 4d]
Seat 1: Ekstrasjoz (button) folded before Flop (didn't bet)
Seat 2: Tyche87 (small blind) showed [Jh 4h] and lost with three of a kind, Fours
Seat 3: Mahu2021 (big blind) showed [9h 9d] and won (960) with a full house, Nines full of Fours



PokerStars Hand #252574588603: Tournament #3803892872, $1.84+$0.16 USD Hold'em No Limit - Level I (10/20) - 2024/09/22 18:21:29 CET [2024/09/22 12:21:29 ET]
Table '3803892872 1' 3-max Seat #3 is the button
Seat 1: Ekstrasjoz (520 in chips) 
Seat 3: Mahu2021 (980 in chips) 
Mahu2021: posts small blind 10
Ekstrasjoz: posts big blind 20
*** HOLE CARDS ***
Dealt to Mahu2021 [3h Qh]
Mahu2021: raises 20 to 40
Ekstrasjoz: calls 20
*** FLOP *** [Jh Kd 8s]
Ekstrasjoz: checks 
Mahu2021: checks 
*** TURN *** [Jh Kd 8s] [2d]
Ekstrasjoz: checks 
Mahu2021: bets 20
Ekstrasjoz: calls 20
*** RIVER *** [Jh Kd 8s 2d] [4s]
Ekstrasjoz: bets 60
Mahu2021: folds 
Uncalled bet (60) returned to Ekstrasjoz
Ekstrasjoz collected 120 from pot
*** SUMMARY ***
Total pot 120 | Rake 0 
Board [Jh Kd 8s 2d 4s]
Seat 1: Ekstrasjoz (big blind) collected (120)
Seat 3: Mahu2021 (button) (small blind) folded on the River



PokerStars Hand #252574599238: Tournament #3803892872, $1.84+$0.16 USD Hold'em No Limit - Level II (15/30) - 2024/09/22 18:22:07 CET [2024/09/22 12:22:07 ET]
Table '3803892872 1' 3-max Seat #1 is the button
Seat 1: Ekstrasjoz (580 in chips) 
Seat 3: Mahu2021 (920 in chips) 
Ekstrasjoz: posts small blind 15
Mahu2021: posts big blind 30
*** HOLE CARDS ***
Dealt to Mahu2021 [Jd Ks]
Ekstrasjoz: calls 15
Mahu2021: raises 90 to 120
Ekstrasjoz: calls 90
*** FLOP *** [Ah 7h Kc]
Mahu2021: bets 120
Ekstrasjoz: calls 120
*** TURN *** [Ah 7h Kc] [2h]
Mahu2021: bets 120
Ekstrasjoz: raises 120 to 240
Mahu2021: raises 440 to 680 and is all-in
Ekstrasjoz: calls 100 and is all-in
Uncalled bet (340) returned to Mahu2021
*** RIVER *** [Ah 7h Kc 2h] [Qs]
*** SHOW DOWN ***
Mahu2021: shows [Jd Ks] (a pair of Kings)
Ekstrasjoz: shows [Ad Kd] (two pair, Aces and Kings)
Ekstrasjoz collected 1160 from pot
*** SUMMARY ***
Total pot 1160 | Rake 0 
Board [Ah 7h Kc 2h Qs]
Seat 1: Ekstrasjoz (button) (small blind) showed [Ad Kd] and won (1160) with two pair, Aces and Kings
Seat 3: Mahu2021 (big blind) showed [Jd Ks] and lost with a pair of Kings



PokerStars Hand #252574606031: Tournament #3803892872, $1.84+$0.16 USD Hold'em No Limit - Level II (15/30) - 2024/09/22 18:22:30 CET [2024/09/22 12:22:30 ET]
Table '3803892872 1' 3-max Seat #3 is the button
Seat 1: Ekstrasjoz (1160 in chips) 
Seat 3: Mahu2021 (340 in chips) 
Mahu2021: posts small blind 15
Ekstrasjoz: posts big blind 30
*** HOLE CARDS ***
Dealt to Mahu2021 [Kd Qh]
Mahu2021: raises 30 to 60
Ekstrasjoz: calls 30
*** FLOP *** [6s 4h 7h]
Ekstrasjoz: checks 
Mahu2021: checks 
*** TURN *** [6s 4h 7h] [2d]
Ekstrasjoz: checks 
Mahu2021: checks 
*** RIVER *** [6s 4h 7h 2d] [Th]
Ekstrasjoz: checks 
Mahu2021: checks 
*** SHOW DOWN ***
Ekstrasjoz: shows [9c Ad] (high card Ace)
Mahu2021: mucks hand 
Ekstrasjoz collected 120 from pot
*** SUMMARY ***
Total pot 120 | Rake 0 
Board [6s 4h 7h 2d Th]
Seat 1: Ekstrasjoz (big blind) showed [9c Ad] and won (120) with high card Ace
Seat 3: Mahu2021 (button) (small blind) mucked [Kd Qh]



PokerStars Hand #252574609881: Tournament #3803892872, $1.84+$0.16 USD Hold'em No Limit - Level II (15/30) - 2024/09/22 18:22:44 CET [2024/09/22 12:22:44 ET]
Table '3803892872 1' 3-max Seat #1 is the button
Seat 1: Ekstrasjoz (1220 in chips) 
Seat 3: Mahu2021 (280 in chips) 
Ekstrasjoz: posts small blind 15
Mahu2021: posts big blind 30
*** HOLE CARDS ***
Dealt to Mahu2021 [Ts 4h]
Ekstrasjoz: calls 15
Mahu2021: checks 
*** FLOP *** [8h 4c 7d]
Mahu2021: bets 30
Ekstrasjoz: calls 30
*** TURN *** [8h 4c 7d] [9d]
Mahu2021: bets 30
Ekstrasjoz: calls 30
*** RIVER *** [8h 4c 7d 9d] [Kd]
Mahu2021: bets 190 and is all-in
Ekstrasjoz: calls 190
*** SHOW DOWN ***
Mahu2021: shows [Ts 4h] (a pair of Fours)
Ekstrasjoz: shows [Ah 2h] (high card Ace)
Mahu2021 collected 560 from pot
*** SUMMARY ***
Total pot 560 | Rake 0 
Board [8h 4c 7d 9d Kd]
Seat 1: Ekstrasjoz (button) (small blind) showed [Ah 2h] and lost with high card Ace
Seat 3: Mahu2021 (big blind) showed [Ts 4h] and won (560) with a pair of Fours



PokerStars Hand #252574614653: Tournament #3803892872, $1.84+$0.16 USD Hold'em No Limit - Level II (15/30) - 2024/09/22 18:23:01 CET [2024/09/22 12:23:01 ET]
Table '3803892872 1' 3-max Seat #3 is the button
Seat 1: Ekstrasjoz (940 in chips) 
Seat 3: Mahu2021 (560 in chips) 
Mahu2021: posts small blind 15
Ekstrasjoz: posts big blind 30
*** HOLE CARDS ***
Dealt to Mahu2021 [Qc 7c]
Mahu2021: raises 30 to 60
Ekstrasjoz: calls 30
*** FLOP *** [Kd 5h 5d]
Ekstrasjoz: checks 
Mahu2021: checks 
*** TURN *** [Kd 5h 5d] [Ad]
Ekstrasjoz: bets 60
Mahu2021: folds 
Uncalled bet (60) returned to Ekstrasjoz
Ekstrasjoz collected 120 from pot
*** SUMMARY ***
Total pot 120 | Rake 0 
Board [Kd 5h 5d Ad]
Seat 1: Ekstrasjoz (big blind) collected (120)
Seat 3: Mahu2021 (button) (small blind) folded on the Turn



PokerStars Hand #252574618314: Tournament #3803892872, $1.84+$0.16 USD Hold'em No Limit - Level II (15/30) - 2024/09/22 18:23:14 CET [2024/09/22 12:23:14 ET]
Table '3803892872 1' 3-max Seat #1 is the button
Seat 1: Ekstrasjoz (1000 in chips) 
Seat 3: Mahu2021 (500 in chips) 
Ekstrasjoz: posts small blind 15
Mahu2021: posts big blind 30
*** HOLE CARDS ***
Dealt to Mahu2021 [Kd Ac]
Ekstrasjoz: calls 15
Mahu2021: raises 90 to 120
Ekstrasjoz: calls 90
*** FLOP *** [5h 9h 7c]
Mahu2021: bets 380 and is all-in
Ekstrasjoz: calls 380
*** TURN *** [5h 9h 7c] [Ks]
*** RIVER *** [5h 9h 7c Ks] [4c]
*** SHOW DOWN ***
Mahu2021: shows [Kd Ac] (a pair of Kings)
Ekstrasjoz: shows [2d 2s] (a pair of Deuces)
Mahu2021 collected 1000 from pot
*** SUMMARY ***
Total pot 1000 | Rake 0 
Board [5h 9h 7c Ks 4c]
Seat 1: Ekstrasjoz (button) (small blind) showed [2d 2s] and lost with a pair of Deuces
Seat 3: Mahu2021 (big blind) showed [Kd Ac] and won (1000) with a pair of Kings



PokerStars Hand #252574623681: Tournament #3803892872, $1.84+$0.16 USD Hold'em No Limit - Level II (15/30) - 2024/09/22 18:23:33 CET [2024/09/22 12:23:33 ET]
Table '3803892872 1' 3-max Seat #3 is the button
Seat 1: Ekstrasjoz (500 in chips) 
Seat 3: Mahu2021 (1000 in chips) 
Mahu2021: posts small blind 15
Ekstrasjoz: posts big blind 30
*** HOLE CARDS ***
Dealt to Mahu2021 [Ad Ah]
Mahu2021: raises 970 to 1000 and is all-in
Ekstrasjoz: folds 
Uncalled bet (970) returned to Mahu2021
Mahu2021 collected 60 from pot
Mahu2021: doesn't show hand 
*** SUMMARY ***
Total pot 60 | Rake 0 
Seat 1: Ekstrasjoz (big blind) folded before Flop
Seat 3: Mahu2021 (button) (small blind) collected (60)



PokerStars Hand #252574626570: Tournament #3803892872, $1.84+$0.16 USD Hold'em No Limit - Level II (15/30) - 2024/09/22 18:23:43 CET [2024/09/22 12:23:43 ET]
Table '3803892872 1' 3-max Seat #1 is the button
Seat 1: Ekstrasjoz (470 in chips) 
Seat 3: Mahu2021 (1030 in chips) 
Ekstrasjoz: posts small blind 15
Mahu2021: posts big blind 30
*** HOLE CARDS ***
Dealt to Mahu2021 [8s Tc]
Ekstrasjoz: calls 15
Mahu2021: checks 
*** FLOP *** [6s Td 5h]
Mahu2021: bets 30
Ekstrasjoz: calls 30
*** TURN *** [6s Td 5h] [Qc]
Mahu2021: checks 
Ekstrasjoz: bets 60
Mahu2021: calls 60
*** RIVER *** [6s Td 5h Qc] [7h]
Mahu2021: checks 
Ekstrasjoz: bets 350 and is all-in
Mahu2021: calls 350
*** SHOW DOWN ***
Ekstrasjoz: shows [8c Jh] (high card Queen)
Mahu2021: shows [8s Tc] (a pair of Tens)
Mahu2021 collected 940 from pot
Ekstrasjoz finished the tournament in 2nd place
Mahu2021 wins the tournament and receives $10.00 - congratulations!
*** SUMMARY ***
Total pot 940 | Rake 0 
Board [6s Td 5h Qc 7h]
Seat 1: Ekstrasjoz (button) (small blind) showed [8c Jh] and lost with high card Queen
Seat 3: Mahu2021 (big blind) showed [8s Tc] and won (940) with a pair of Tens



