PokerStars Hand #247670928242: Tournament #3686715840, $1.84+$0.16 USD Hold'em No Limit - Level I (10/20) - 2023/12/15 13:03:39 CET [2023/12/15 7:03:39 ET]
Table '3686715840 1' 3-max Seat #1 is the button
Seat 1: kaskad9999 (500 in chips) 
Seat 2: przekasel (500 in chips) 
Seat 3: Mahu2021 (500 in chips) 
przekasel: posts small blind 10
Mahu2021: posts big blind 20
*** HOLE CARDS ***
Dealt to Mahu2021 [9c 7c]
kaskad9999: calls 20
przekasel: folds 
Mahu2021: checks 
*** FLOP *** [4d Qh Jc]
Mahu2021: checks 
kaskad9999: checks 
*** TURN *** [4d Qh Jc] [2h]
Mahu2021: checks 
kaskad9999: checks 
*** RIVER *** [4d Qh Jc 2h] [6d]
Mahu2021: checks 
kaskad9999: checks 
*** SHOW DOWN ***
Mahu2021: shows [9c 7c] (high card Queen)
kaskad9999: shows [Kc 5c] (high card King)
kaskad9999 collected 50 from pot
*** SUMMARY ***
Total pot 50 | Rake 0 
Board [4d Qh Jc 2h 6d]
Seat 1: kaskad9999 (button) showed [Kc 5c] and won (50) with high card King
Seat 2: przekasel (small blind) folded before Flop
Seat 3: Mahu2021 (big blind) showed [9c 7c] and lost with high card Queen



PokerStars Hand #247670930553: Tournament #3686715840, $1.84+$0.16 USD Hold'em No Limit - Level I (10/20) - 2023/12/15 13:03:53 CET [2023/12/15 7:03:53 ET]
Table '3686715840 1' 3-max Seat #2 is the button
Seat 1: kaskad9999 (530 in chips) 
Seat 2: przekasel (490 in chips) 
Seat 3: Mahu2021 (480 in chips) 
Mahu2021: posts small blind 10
kaskad9999: posts big blind 20
*** HOLE CARDS ***
Dealt to Mahu2021 [2h Ah]
przekasel: raises 20 to 40
Mahu2021: calls 30
kaskad9999: raises 120 to 160
przekasel: raises 120 to 280
Mahu2021: folds 
kaskad9999: calls 120
*** FLOP *** [3c 7s Qd]
kaskad9999: bets 250 and is all-in
przekasel: calls 210 and is all-in
Uncalled bet (40) returned to kaskad9999
*** TURN *** [3c 7s Qd] [Ac]
*** RIVER *** [3c 7s Qd Ac] [2c]
*** SHOW DOWN ***
kaskad9999: shows [Kc Jd] (high card Ace)
przekasel: shows [4s 3h] (a pair of Threes)
przekasel collected 1020 from pot
*** SUMMARY ***
Total pot 1020 | Rake 0 
Board [3c 7s Qd Ac 2c]
Seat 1: kaskad9999 (big blind) showed [Kc Jd] and lost with high card Ace
Seat 2: przekasel (button) showed [4s 3h] and won (1020) with a pair of Threes
Seat 3: Mahu2021 (small blind) folded before Flop



PokerStars Hand #247670934850: Tournament #3686715840, $1.84+$0.16 USD Hold'em No Limit - Level I (10/20) - 2023/12/15 13:04:20 CET [2023/12/15 7:04:20 ET]
Table '3686715840 1' 3-max Seat #3 is the button
Seat 1: kaskad9999 (40 in chips) 
Seat 2: przekasel (1020 in chips) 
Seat 3: Mahu2021 (440 in chips) 
kaskad9999: posts small blind 10
przekasel: posts big blind 20
*** HOLE CARDS ***
Dealt to Mahu2021 [7h 4c]
Mahu2021: folds 
kaskad9999: raises 20 to 40 and is all-in
przekasel: calls 20
*** FLOP *** [Ad Ah 7s]
*** TURN *** [Ad Ah 7s] [Qd]
*** RIVER *** [Ad Ah 7s Qd] [6d]
*** SHOW DOWN ***
kaskad9999: shows [Qs 6s] (two pair, Aces and Queens)
przekasel: shows [2d Ks] (a pair of Aces)
kaskad9999 collected 80 from pot
*** SUMMARY ***
Total pot 80 | Rake 0 
Board [Ad Ah 7s Qd 6d]
Seat 1: kaskad9999 (small blind) showed [Qs 6s] and won (80) with two pair, Aces and Queens
Seat 2: przekasel (big blind) showed [2d Ks] and lost with a pair of Aces
Seat 3: Mahu2021 (button) folded before Flop (didn't bet)



PokerStars Hand #247670936944: Tournament #3686715840, $1.84+$0.16 USD Hold'em No Limit - Level I (10/20) - 2023/12/15 13:04:33 CET [2023/12/15 7:04:33 ET]
Table '3686715840 1' 3-max Seat #1 is the button
Seat 1: kaskad9999 (80 in chips) 
Seat 2: przekasel (980 in chips) 
Seat 3: Mahu2021 (440 in chips) 
przekasel: posts small blind 10
Mahu2021: posts big blind 20
*** HOLE CARDS ***
Dealt to Mahu2021 [3c 7s]
kaskad9999: raises 60 to 80 and is all-in
przekasel: folds 
Mahu2021: folds 
Uncalled bet (60) returned to kaskad9999
kaskad9999 collected 50 from pot
kaskad9999: doesn't show hand 
*** SUMMARY ***
Total pot 50 | Rake 0 
Seat 1: kaskad9999 (button) collected (50)
Seat 2: przekasel (small blind) folded before Flop
Seat 3: Mahu2021 (big blind) folded before Flop



PokerStars Hand #247670938204: Tournament #3686715840, $1.84+$0.16 USD Hold'em No Limit - Level I (10/20) - 2023/12/15 13:04:41 CET [2023/12/15 7:04:41 ET]
Table '3686715840 1' 3-max Seat #2 is the button
Seat 1: kaskad9999 (110 in chips) 
Seat 2: przekasel (970 in chips) 
Seat 3: Mahu2021 (420 in chips) 
Mahu2021: posts small blind 10
kaskad9999: posts big blind 20
*** HOLE CARDS ***
Dealt to Mahu2021 [4s 9h]
przekasel: raises 20 to 40
Mahu2021: folds 
kaskad9999: raises 70 to 110 and is all-in
przekasel: calls 70
*** FLOP *** [Kd 7d Kh]
*** TURN *** [Kd 7d Kh] [7s]
*** RIVER *** [Kd 7d Kh 7s] [Th]
*** SHOW DOWN ***
kaskad9999: shows [8c 8h] (two pair, Kings and Eights)
przekasel: shows [Qc As] (two pair, Kings and Sevens)
kaskad9999 collected 230 from pot
*** SUMMARY ***
Total pot 230 | Rake 0 
Board [Kd 7d Kh 7s Th]
Seat 1: kaskad9999 (big blind) showed [8c 8h] and won (230) with two pair, Kings and Eights
Seat 2: przekasel (button) showed [Qc As] and lost with two pair, Kings and Sevens
Seat 3: Mahu2021 (small blind) folded before Flop



PokerStars Hand #247670941347: Tournament #3686715840, $1.84+$0.16 USD Hold'em No Limit - Level I (10/20) - 2023/12/15 13:05:00 CET [2023/12/15 7:05:00 ET]
Table '3686715840 1' 3-max Seat #3 is the button
Seat 1: kaskad9999 (230 in chips) 
Seat 2: przekasel (860 in chips) 
Seat 3: Mahu2021 (410 in chips) 
kaskad9999: posts small blind 10
przekasel: posts big blind 20
*** HOLE CARDS ***
Dealt to Mahu2021 [9s Kd]
Mahu2021: folds 
kaskad9999: folds 
Uncalled bet (10) returned to przekasel
przekasel collected 20 from pot
przekasel: doesn't show hand 
*** SUMMARY ***
Total pot 20 | Rake 0 
Seat 1: kaskad9999 (small blind) folded before Flop
Seat 2: przekasel (big blind) collected (20)
Seat 3: Mahu2021 (button) folded before Flop (didn't bet)



PokerStars Hand #247670942502: Tournament #3686715840, $1.84+$0.16 USD Hold'em No Limit - Level I (10/20) - 2023/12/15 13:05:07 CET [2023/12/15 7:05:07 ET]
Table '3686715840 1' 3-max Seat #1 is the button
Seat 1: kaskad9999 (220 in chips) 
Seat 2: przekasel (870 in chips) 
Seat 3: Mahu2021 (410 in chips) 
przekasel: posts small blind 10
Mahu2021: posts big blind 20
*** HOLE CARDS ***
Dealt to Mahu2021 [Td 5c]
kaskad9999: folds 
przekasel: folds 
Uncalled bet (10) returned to Mahu2021
Mahu2021 collected 20 from pot
Mahu2021: doesn't show hand 
*** SUMMARY ***
Total pot 20 | Rake 0 
Seat 1: kaskad9999 (button) folded before Flop (didn't bet)
Seat 2: przekasel (small blind) folded before Flop
Seat 3: Mahu2021 (big blind) collected (20)



PokerStars Hand #247670943264: Tournament #3686715840, $1.84+$0.16 USD Hold'em No Limit - Level I (10/20) - 2023/12/15 13:05:12 CET [2023/12/15 7:05:12 ET]
Table '3686715840 1' 3-max Seat #2 is the button
Seat 1: kaskad9999 (220 in chips) 
Seat 2: przekasel (860 in chips) 
Seat 3: Mahu2021 (420 in chips) 
Mahu2021: posts small blind 10
kaskad9999: posts big blind 20
*** HOLE CARDS ***
Dealt to Mahu2021 [Jh Qc]
przekasel: folds 
Mahu2021: raises 20 to 40
kaskad9999: calls 20
*** FLOP *** [Qd 5d 3c]
Mahu2021: bets 40
kaskad9999: folds 
Uncalled bet (40) returned to Mahu2021
Mahu2021 collected 80 from pot
Mahu2021: doesn't show hand 
*** SUMMARY ***
Total pot 80 | Rake 0 
Board [Qd 5d 3c]
Seat 1: kaskad9999 (big blind) folded on the Flop
Seat 2: przekasel (button) folded before Flop (didn't bet)
Seat 3: Mahu2021 (small blind) collected (80)



PokerStars Hand #247670946184: Tournament #3686715840, $1.84+$0.16 USD Hold'em No Limit - Level I (10/20) - 2023/12/15 13:05:31 CET [2023/12/15 7:05:31 ET]
Table '3686715840 1' 3-max Seat #3 is the button
Seat 1: kaskad9999 (180 in chips) 
Seat 2: przekasel (860 in chips) 
Seat 3: Mahu2021 (460 in chips) 
kaskad9999: posts small blind 10
przekasel: posts big blind 20
*** HOLE CARDS ***
Dealt to Mahu2021 [9s 3s]
Mahu2021: folds 
kaskad9999: folds 
Uncalled bet (10) returned to przekasel
przekasel collected 20 from pot
przekasel: doesn't show hand 
*** SUMMARY ***
Total pot 20 | Rake 0 
Seat 1: kaskad9999 (small blind) folded before Flop
Seat 2: przekasel (big blind) collected (20)
Seat 3: Mahu2021 (button) folded before Flop (didn't bet)



PokerStars Hand #247670947085: Tournament #3686715840, $1.84+$0.16 USD Hold'em No Limit - Level I (10/20) - 2023/12/15 13:05:36 CET [2023/12/15 7:05:36 ET]
Table '3686715840 1' 3-max Seat #1 is the button
Seat 1: kaskad9999 (170 in chips) 
Seat 2: przekasel (870 in chips) 
Seat 3: Mahu2021 (460 in chips) 
przekasel: posts small blind 10
Mahu2021: posts big blind 20
*** HOLE CARDS ***
Dealt to Mahu2021 [3h Kc]
kaskad9999: raises 20 to 40
przekasel: raises 100 to 140
Mahu2021: folds 
kaskad9999: raises 30 to 170 and is all-in
przekasel: calls 30
*** FLOP *** [8d 3d 9c]
*** TURN *** [8d 3d 9c] [Qs]
*** RIVER *** [8d 3d 9c Qs] [7h]
*** SHOW DOWN ***
przekasel: shows [7d 9d] (two pair, Nines and Sevens)
kaskad9999: shows [6s 7c] (a pair of Sevens)
przekasel collected 360 from pot
kaskad9999 finished the tournament in 3rd place
*** SUMMARY ***
Total pot 360 | Rake 0 
Board [8d 3d 9c Qs 7h]
Seat 1: kaskad9999 (button) showed [6s 7c] and lost with a pair of Sevens
Seat 2: przekasel (small blind) showed [7d 9d] and won (360) with two pair, Nines and Sevens
Seat 3: Mahu2021 (big blind) folded before Flop



PokerStars Hand #247670950371: Tournament #3686715840, $1.84+$0.16 USD Hold'em No Limit - Level I (10/20) - 2023/12/15 13:05:57 CET [2023/12/15 7:05:57 ET]
Table '3686715840 1' 3-max Seat #3 is the button
Seat 2: przekasel (1060 in chips) 
Seat 3: Mahu2021 (440 in chips) 
Mahu2021: posts small blind 10
przekasel: posts big blind 20
*** HOLE CARDS ***
Dealt to Mahu2021 [Ah Kc]
Mahu2021: raises 20 to 40
przekasel: calls 20
*** FLOP *** [Tc 8h 6h]
przekasel: checks 
Mahu2021: bets 40
przekasel: calls 40
*** TURN *** [Tc 8h 6h] [2d]
przekasel: checks 
Mahu2021: checks 
*** RIVER *** [Tc 8h 6h 2d] [Kh]
przekasel: checks 
Mahu2021: bets 40
przekasel: calls 40
*** SHOW DOWN ***
Mahu2021: shows [Ah Kc] (a pair of Kings)
przekasel: mucks hand 
Mahu2021 collected 240 from pot
*** SUMMARY ***
Total pot 240 | Rake 0 
Board [Tc 8h 6h 2d Kh]
Seat 2: przekasel (big blind) mucked [8d Jd]
Seat 3: Mahu2021 (button) (small blind) showed [Ah Kc] and won (240) with a pair of Kings



PokerStars Hand #247670953657: Tournament #3686715840, $1.84+$0.16 USD Hold'em No Limit - Level I (10/20) - 2023/12/15 13:06:18 CET [2023/12/15 7:06:18 ET]
Table '3686715840 1' 3-max Seat #2 is the button
Seat 2: przekasel (940 in chips) 
Seat 3: Mahu2021 (560 in chips) 
przekasel: posts small blind 10
Mahu2021: posts big blind 20
*** HOLE CARDS ***
Dealt to Mahu2021 [Jc Qs]
przekasel: raises 20 to 40
Mahu2021: raises 520 to 560 and is all-in
przekasel: calls 520
*** FLOP *** [3c Kc Qh]
*** TURN *** [3c Kc Qh] [Jd]
*** RIVER *** [3c Kc Qh Jd] [8s]
*** SHOW DOWN ***
Mahu2021: shows [Jc Qs] (two pair, Queens and Jacks)
przekasel: shows [Tc 9d] (a straight, Nine to King)
przekasel collected 1120 from pot
Mahu2021 finished the tournament in 2nd place
przekasel wins the tournament and receives $6.00 - congratulations!
*** SUMMARY ***
Total pot 1120 | Rake 0 
Board [3c Kc Qh Jd 8s]
Seat 2: przekasel (button) (small blind) showed [Tc 9d] and won (1120) with a straight, Nine to King
Seat 3: Mahu2021 (big blind) showed [Jc Qs] and lost with two pair, Queens and Jacks



