PokerStars Hand #249032228287: Tournament #3719789623, $1.84+$0.16 USD Hold'em No Limit - Level I (10/20) - 2024/02/22 21:08:35 CET [2024/02/22 15:08:35 ET]
Table '3719789623 1' 3-max Seat #1 is the button
Seat 1: Felipe123abc (500 in chips) is sitting out
Seat 2: mz.laurynas (500 in chips) 
Seat 3: Mahu2021 (500 in chips) 
mz.laurynas: posts small blind 10
Mahu2021: posts big blind 20
*** HOLE CARDS ***
Dealt to Mahu2021 [7d Kh]
Felipe123abc: folds 
Felipe123abc has returned
mz.laurynas: folds 
Uncalled bet (10) returned to Mahu2021
Mahu2021 collected 20 from pot
Mahu2021: doesn't show hand 
*** SUMMARY ***
Total pot 20 | Rake 0 
Seat 1: Felipe123abc (button) folded before Flop (didn't bet)
Seat 2: mz.laurynas (small blind) folded before Flop
Seat 3: Mahu2021 (big blind) collected (20)



PokerStars Hand #249032230152: Tournament #3719789623, $1.84+$0.16 USD Hold'em No Limit - Level I (10/20) - 2024/02/22 21:08:40 CET [2024/02/22 15:08:40 ET]
Table '3719789623 1' 3-max Seat #2 is the button
Seat 1: Felipe123abc (500 in chips) 
Seat 2: mz.laurynas (490 in chips) 
Seat 3: Mahu2021 (510 in chips) 
Mahu2021: posts small blind 10
Felipe123abc: posts big blind 20
*** HOLE CARDS ***
Dealt to Mahu2021 [5d 4h]
mz.laurynas: folds 
Mahu2021: calls 10
Felipe123abc: raises 60 to 80
Mahu2021: folds 
Uncalled bet (60) returned to Felipe123abc
Felipe123abc collected 40 from pot
Felipe123abc: doesn't show hand 
*** SUMMARY ***
Total pot 40 | Rake 0 
Seat 1: Felipe123abc (big blind) collected (40)
Seat 2: mz.laurynas (button) folded before Flop (didn't bet)
Seat 3: Mahu2021 (small blind) folded before Flop



PokerStars Hand #249032234258: Tournament #3719789623, $1.84+$0.16 USD Hold'em No Limit - Level I (10/20) - 2024/02/22 21:08:52 CET [2024/02/22 15:08:52 ET]
Table '3719789623 1' 3-max Seat #3 is the button
Seat 1: Felipe123abc (520 in chips) 
Seat 2: mz.laurynas (490 in chips) 
Seat 3: Mahu2021 (490 in chips) 
Felipe123abc: posts small blind 10
mz.laurynas: posts big blind 20
*** HOLE CARDS ***
Dealt to Mahu2021 [2d 8d]
Mahu2021: folds 
Felipe123abc: folds 
Uncalled bet (10) returned to mz.laurynas
mz.laurynas collected 20 from pot
mz.laurynas: doesn't show hand 
*** SUMMARY ***
Total pot 20 | Rake 0 
Seat 1: Felipe123abc (small blind) folded before Flop
Seat 2: mz.laurynas (big blind) collected (20)
Seat 3: Mahu2021 (button) folded before Flop (didn't bet)



PokerStars Hand #249032238380: Tournament #3719789623, $1.84+$0.16 USD Hold'em No Limit - Level I (10/20) - 2024/02/22 21:09:04 CET [2024/02/22 15:09:04 ET]
Table '3719789623 1' 3-max Seat #1 is the button
Seat 1: Felipe123abc (510 in chips) 
Seat 2: mz.laurynas (500 in chips) 
Seat 3: Mahu2021 (490 in chips) 
mz.laurynas: posts small blind 10
Mahu2021: posts big blind 20
*** HOLE CARDS ***
Dealt to Mahu2021 [9s Kd]
Felipe123abc: folds 
mz.laurynas: folds 
Uncalled bet (10) returned to Mahu2021
Mahu2021 collected 20 from pot
Mahu2021: doesn't show hand 
*** SUMMARY ***
Total pot 20 | Rake 0 
Seat 1: Felipe123abc (button) folded before Flop (didn't bet)
Seat 2: mz.laurynas (small blind) folded before Flop
Seat 3: Mahu2021 (big blind) collected (20)



PokerStars Hand #249032240120: Tournament #3719789623, $1.84+$0.16 USD Hold'em No Limit - Level I (10/20) - 2024/02/22 21:09:09 CET [2024/02/22 15:09:09 ET]
Table '3719789623 1' 3-max Seat #2 is the button
Seat 1: Felipe123abc (510 in chips) 
Seat 2: mz.laurynas (490 in chips) 
Seat 3: Mahu2021 (500 in chips) 
Mahu2021: posts small blind 10
Felipe123abc: posts big blind 20
*** HOLE CARDS ***
Dealt to Mahu2021 [Ac Ts]
mz.laurynas: folds 
Mahu2021: raises 40 to 60
Felipe123abc: calls 40
*** FLOP *** [4h 3h 7s]
Mahu2021: checks 
Felipe123abc: checks 
*** TURN *** [4h 3h 7s] [Ks]
Mahu2021: checks 
Felipe123abc: bets 60
Mahu2021: folds 
Uncalled bet (60) returned to Felipe123abc
Felipe123abc collected 120 from pot
Felipe123abc: doesn't show hand 
*** SUMMARY ***
Total pot 120 | Rake 0 
Board [4h 3h 7s Ks]
Seat 1: Felipe123abc (big blind) collected (120)
Seat 2: mz.laurynas (button) folded before Flop (didn't bet)
Seat 3: Mahu2021 (small blind) folded on the Turn



PokerStars Hand #249032252835: Tournament #3719789623, $1.84+$0.16 USD Hold'em No Limit - Level I (10/20) - 2024/02/22 21:09:44 CET [2024/02/22 15:09:44 ET]
Table '3719789623 1' 3-max Seat #3 is the button
Seat 1: Felipe123abc (570 in chips) 
Seat 2: mz.laurynas (490 in chips) 
Seat 3: Mahu2021 (440 in chips) 
Felipe123abc: posts small blind 10
mz.laurynas: posts big blind 20
*** HOLE CARDS ***
Dealt to Mahu2021 [Qd 7d]
Mahu2021: raises 20 to 40
Felipe123abc: folds 
mz.laurynas: calls 20
*** FLOP *** [8s 9c 2d]
mz.laurynas: checks 
Mahu2021: checks 
*** TURN *** [8s 9c 2d] [4s]
mz.laurynas: bets 20
Mahu2021: folds 
Uncalled bet (20) returned to mz.laurynas
mz.laurynas collected 90 from pot
mz.laurynas: doesn't show hand 
*** SUMMARY ***
Total pot 90 | Rake 0 
Board [8s 9c 2d 4s]
Seat 1: Felipe123abc (small blind) folded before Flop
Seat 2: mz.laurynas (big blind) collected (90)
Seat 3: Mahu2021 (button) folded on the Turn



PokerStars Hand #249032262944: Tournament #3719789623, $1.84+$0.16 USD Hold'em No Limit - Level I (10/20) - 2024/02/22 21:10:13 CET [2024/02/22 15:10:13 ET]
Table '3719789623 1' 3-max Seat #1 is the button
Seat 1: Felipe123abc (560 in chips) 
Seat 2: mz.laurynas (540 in chips) 
Seat 3: Mahu2021 (400 in chips) 
mz.laurynas: posts small blind 10
Mahu2021: posts big blind 20
*** HOLE CARDS ***
Dealt to Mahu2021 [2s 6d]
Felipe123abc: folds 
mz.laurynas: calls 10
Mahu2021: checks 
*** FLOP *** [3s 7c Qs]
mz.laurynas: checks 
Mahu2021: checks 
*** TURN *** [3s 7c Qs] [6s]
mz.laurynas: bets 20
Mahu2021: raises 60 to 80
mz.laurynas: folds 
Uncalled bet (60) returned to Mahu2021
Mahu2021 collected 80 from pot
Mahu2021: doesn't show hand 
*** SUMMARY ***
Total pot 80 | Rake 0 
Board [3s 7c Qs 6s]
Seat 1: Felipe123abc (button) folded before Flop (didn't bet)
Seat 2: mz.laurynas (small blind) folded on the Turn
Seat 3: Mahu2021 (big blind) collected (80)



PokerStars Hand #249032270462: Tournament #3719789623, $1.84+$0.16 USD Hold'em No Limit - Level I (10/20) - 2024/02/22 21:10:34 CET [2024/02/22 15:10:34 ET]
Table '3719789623 1' 3-max Seat #2 is the button
Seat 1: Felipe123abc (560 in chips) 
Seat 2: mz.laurynas (500 in chips) 
Seat 3: Mahu2021 (440 in chips) 
Mahu2021: posts small blind 10
Felipe123abc: posts big blind 20
*** HOLE CARDS ***
Dealt to Mahu2021 [4h Td]
mz.laurynas: raises 20 to 40
Mahu2021: folds 
Felipe123abc: folds 
Uncalled bet (20) returned to mz.laurynas
mz.laurynas collected 50 from pot
mz.laurynas: doesn't show hand 
*** SUMMARY ***
Total pot 50 | Rake 0 
Seat 1: Felipe123abc (big blind) folded before Flop
Seat 2: mz.laurynas (button) collected (50)
Seat 3: Mahu2021 (small blind) folded before Flop



PokerStars Hand #249032273894: Tournament #3719789623, $1.84+$0.16 USD Hold'em No Limit - Level II (15/30) - 2024/02/22 21:10:44 CET [2024/02/22 15:10:44 ET]
Table '3719789623 1' 3-max Seat #3 is the button
Seat 1: Felipe123abc (540 in chips) 
Seat 2: mz.laurynas (530 in chips) 
Seat 3: Mahu2021 (430 in chips) 
Felipe123abc: posts small blind 15
mz.laurynas: posts big blind 30
*** HOLE CARDS ***
Dealt to Mahu2021 [3s Qc]
Mahu2021: folds 
Felipe123abc: raises 60 to 90
mz.laurynas: calls 60
*** FLOP *** [Qh Ac 4s]
Felipe123abc: bets 90
mz.laurynas: calls 90
*** TURN *** [Qh Ac 4s] [6s]
Felipe123abc: checks 
mz.laurynas: checks 
*** RIVER *** [Qh Ac 4s 6s] [2d]
Felipe123abc: bets 360 and is all-in
mz.laurynas: calls 350 and is all-in
Uncalled bet (10) returned to Felipe123abc
*** SHOW DOWN ***
Felipe123abc: shows [Js Tc] (high card Ace)
mz.laurynas: shows [4c Ks] (a pair of Fours)
mz.laurynas collected 1060 from pot
*** SUMMARY ***
Total pot 1060 | Rake 0 
Board [Qh Ac 4s 6s 2d]
Seat 1: Felipe123abc (small blind) showed [Js Tc] and lost with high card Ace
Seat 2: mz.laurynas (big blind) showed [4c Ks] and won (1060) with a pair of Fours
Seat 3: Mahu2021 (button) folded before Flop (didn't bet)



PokerStars Hand #249032292449: Tournament #3719789623, $1.84+$0.16 USD Hold'em No Limit - Level II (15/30) - 2024/02/22 21:11:37 CET [2024/02/22 15:11:37 ET]
Table '3719789623 1' 3-max Seat #1 is the button
Seat 1: Felipe123abc (10 in chips) 
Seat 2: mz.laurynas (1060 in chips) 
Seat 3: Mahu2021 (430 in chips) 
mz.laurynas: posts small blind 15
Mahu2021: posts big blind 30
*** HOLE CARDS ***
Dealt to Mahu2021 [Tc Js]
Felipe123abc: calls 10 and is all-in
mz.laurynas: calls 15
Mahu2021: checks 
*** FLOP *** [9s Qc Qs]
mz.laurynas: checks 
Mahu2021: checks 
*** TURN *** [9s Qc Qs] [3c]
mz.laurynas: checks 
Mahu2021: checks 
*** RIVER *** [9s Qc Qs 3c] [3d]
mz.laurynas: checks 
Mahu2021: checks 
*** SHOW DOWN ***
mz.laurynas: shows [Td 8c] (two pair, Queens and Threes)
Mahu2021: shows [Tc Js] (two pair, Queens and Threes - Jack kicker)
Mahu2021 collected 40 from side pot
Felipe123abc: shows [Kh 5h] (two pair, Queens and Threes - King kicker)
Felipe123abc collected 30 from main pot
*** SUMMARY ***
Total pot 70 Main pot 30. Side pot 40. | Rake 0 
Board [9s Qc Qs 3c 3d]
Seat 1: Felipe123abc (button) showed [Kh 5h] and won (30) with two pair, Queens and Threes
Seat 2: mz.laurynas (small blind) showed [Td 8c] and lost with two pair, Queens and Threes
Seat 3: Mahu2021 (big blind) showed [Tc Js] and won (40) with two pair, Queens and Threes



PokerStars Hand #249032304047: Tournament #3719789623, $1.84+$0.16 USD Hold'em No Limit - Level II (15/30) - 2024/02/22 21:12:09 CET [2024/02/22 15:12:09 ET]
Table '3719789623 1' 3-max Seat #2 is the button
Seat 1: Felipe123abc (30 in chips) 
Seat 2: mz.laurynas (1030 in chips) 
Seat 3: Mahu2021 (440 in chips) 
Mahu2021: posts small blind 15
Felipe123abc: posts big blind 30 and is all-in
*** HOLE CARDS ***
Dealt to Mahu2021 [Kd 4c]
mz.laurynas: folds 
Mahu2021: calls 15
*** FLOP *** [9s 5d 8h]
*** TURN *** [9s 5d 8h] [6s]
*** RIVER *** [9s 5d 8h 6s] [Ad]
*** SHOW DOWN ***
Mahu2021: shows [Kd 4c] (high card Ace)
Felipe123abc: shows [2h 6c] (a pair of Sixes)
Felipe123abc collected 60 from pot
*** SUMMARY ***
Total pot 60 | Rake 0 
Board [9s 5d 8h 6s Ad]
Seat 1: Felipe123abc (big blind) showed [2h 6c] and won (60) with a pair of Sixes
Seat 2: mz.laurynas (button) folded before Flop (didn't bet)
Seat 3: Mahu2021 (small blind) showed [Kd 4c] and lost with high card Ace



PokerStars Hand #249032308406: Tournament #3719789623, $1.84+$0.16 USD Hold'em No Limit - Level II (15/30) - 2024/02/22 21:12:22 CET [2024/02/22 15:12:22 ET]
Table '3719789623 1' 3-max Seat #3 is the button
Seat 1: Felipe123abc (60 in chips) 
Seat 2: mz.laurynas (1030 in chips) 
Seat 3: Mahu2021 (410 in chips) 
Felipe123abc: posts small blind 15
mz.laurynas: posts big blind 30
*** HOLE CARDS ***
Dealt to Mahu2021 [8c 9h]
Mahu2021: folds 
Felipe123abc: folds 
Uncalled bet (15) returned to mz.laurynas
mz.laurynas collected 30 from pot
mz.laurynas: doesn't show hand 
*** SUMMARY ***
Total pot 30 | Rake 0 
Seat 1: Felipe123abc (small blind) folded before Flop
Seat 2: mz.laurynas (big blind) collected (30)
Seat 3: Mahu2021 (button) folded before Flop (didn't bet)



PokerStars Hand #249032310832: Tournament #3719789623, $1.84+$0.16 USD Hold'em No Limit - Level II (15/30) - 2024/02/22 21:12:29 CET [2024/02/22 15:12:29 ET]
Table '3719789623 1' 3-max Seat #1 is the button
Seat 1: Felipe123abc (45 in chips) 
Seat 2: mz.laurynas (1045 in chips) 
Seat 3: Mahu2021 (410 in chips) 
mz.laurynas: posts small blind 15
Mahu2021: posts big blind 30
*** HOLE CARDS ***
Dealt to Mahu2021 [Jd Kh]
Felipe123abc: folds 
mz.laurynas: folds 
Uncalled bet (15) returned to Mahu2021
Mahu2021 collected 30 from pot
Mahu2021: doesn't show hand 
*** SUMMARY ***
Total pot 30 | Rake 0 
Seat 1: Felipe123abc (button) folded before Flop (didn't bet)
Seat 2: mz.laurynas (small blind) folded before Flop
Seat 3: Mahu2021 (big blind) collected (30)



PokerStars Hand #249032314986: Tournament #3719789623, $1.84+$0.16 USD Hold'em No Limit - Level III (20/40) - 2024/02/22 21:12:41 CET [2024/02/22 15:12:41 ET]
Table '3719789623 1' 3-max Seat #2 is the button
Seat 1: Felipe123abc (45 in chips) 
Seat 2: mz.laurynas (1030 in chips) 
Seat 3: Mahu2021 (425 in chips) 
Mahu2021: posts small blind 20
Felipe123abc: posts big blind 40
*** HOLE CARDS ***
Dealt to Mahu2021 [3c 3d]
mz.laurynas: raises 40 to 80
Mahu2021: calls 60
Felipe123abc: calls 5 and is all-in
*** FLOP *** [7d 8d 8c]
Mahu2021: checks 
mz.laurynas: checks 
*** TURN *** [7d 8d 8c] [4s]
Mahu2021: checks 
mz.laurynas: checks 
*** RIVER *** [7d 8d 8c 4s] [4d]
Mahu2021: checks 
mz.laurynas: bets 40
Mahu2021: folds 
Uncalled bet (40) returned to mz.laurynas
*** SHOW DOWN ***
mz.laurynas: shows [As 2h] (two pair, Eights and Fours)
mz.laurynas collected 70 from side pot
Felipe123abc: shows [Ks 5s] (two pair, Eights and Fours - lower kicker)
mz.laurynas collected 135 from main pot
Felipe123abc finished the tournament in 3rd place
*** SUMMARY ***
Total pot 205 Main pot 135. Side pot 70. | Rake 0 
Board [7d 8d 8c 4s 4d]
Seat 1: Felipe123abc (big blind) showed [Ks 5s] and lost with two pair, Eights and Fours
Seat 2: mz.laurynas (button) showed [As 2h] and won (205) with two pair, Eights and Fours
Seat 3: Mahu2021 (small blind) folded on the River



PokerStars Hand #249032328829: Tournament #3719789623, $1.84+$0.16 USD Hold'em No Limit - Level III (20/40) - 2024/02/22 21:13:20 CET [2024/02/22 15:13:20 ET]
Table '3719789623 1' 3-max Seat #3 is the button
Seat 2: mz.laurynas (1155 in chips) 
Seat 3: Mahu2021 (345 in chips) 
Mahu2021: posts small blind 20
mz.laurynas: posts big blind 40
*** HOLE CARDS ***
Dealt to Mahu2021 [Ad 5d]
Mahu2021: raises 80 to 120
mz.laurynas: calls 80
*** FLOP *** [2c Js As]
mz.laurynas: checks 
Mahu2021: bets 225 and is all-in
mz.laurynas: folds 
Uncalled bet (225) returned to Mahu2021
Mahu2021 collected 240 from pot
Mahu2021: doesn't show hand 
*** SUMMARY ***
Total pot 240 | Rake 0 
Board [2c Js As]
Seat 2: mz.laurynas (big blind) folded on the Flop
Seat 3: Mahu2021 (button) (small blind) collected (240)



PokerStars Hand #249032337167: Tournament #3719789623, $1.84+$0.16 USD Hold'em No Limit - Level III (20/40) - 2024/02/22 21:13:43 CET [2024/02/22 15:13:43 ET]
Table '3719789623 1' 3-max Seat #2 is the button
Seat 2: mz.laurynas (1035 in chips) 
Seat 3: Mahu2021 (465 in chips) 
mz.laurynas: posts small blind 20
Mahu2021: posts big blind 40
*** HOLE CARDS ***
Dealt to Mahu2021 [7s 7c]
mz.laurynas: calls 20
Mahu2021: raises 120 to 160
mz.laurynas: folds 
Uncalled bet (120) returned to Mahu2021
Mahu2021 collected 80 from pot
Mahu2021: doesn't show hand 
*** SUMMARY ***
Total pot 80 | Rake 0 
Seat 2: mz.laurynas (button) (small blind) folded before Flop
Seat 3: Mahu2021 (big blind) collected (80)



PokerStars Hand #249032339636: Tournament #3719789623, $1.84+$0.16 USD Hold'em No Limit - Level III (20/40) - 2024/02/22 21:13:51 CET [2024/02/22 15:13:51 ET]
Table '3719789623 1' 3-max Seat #3 is the button
Seat 2: mz.laurynas (995 in chips) 
Seat 3: Mahu2021 (505 in chips) 
Mahu2021: posts small blind 20
mz.laurynas: posts big blind 40
*** HOLE CARDS ***
Dealt to Mahu2021 [Qs Jd]
Mahu2021: raises 40 to 80
mz.laurynas: calls 40
*** FLOP *** [7c 6h Jc]
mz.laurynas: checks 
Mahu2021: bets 160
mz.laurynas: folds 
Uncalled bet (160) returned to Mahu2021
Mahu2021 collected 160 from pot
Mahu2021: doesn't show hand 
*** SUMMARY ***
Total pot 160 | Rake 0 
Board [7c 6h Jc]
Seat 2: mz.laurynas (big blind) folded on the Flop
Seat 3: Mahu2021 (button) (small blind) collected (160)



PokerStars Hand #249032343307: Tournament #3719789623, $1.84+$0.16 USD Hold'em No Limit - Level III (20/40) - 2024/02/22 21:14:00 CET [2024/02/22 15:14:00 ET]
Table '3719789623 1' 3-max Seat #2 is the button
Seat 2: mz.laurynas (915 in chips) 
Seat 3: Mahu2021 (585 in chips) 
mz.laurynas: posts small blind 20
Mahu2021: posts big blind 40
*** HOLE CARDS ***
Dealt to Mahu2021 [7h 5c]
mz.laurynas: calls 20
Mahu2021: checks 
*** FLOP *** [6h 8s 5d]
Mahu2021: checks 
mz.laurynas: checks 
*** TURN *** [6h 8s 5d] [2h]
Mahu2021: checks 
mz.laurynas: checks 
*** RIVER *** [6h 8s 5d 2h] [2d]
Mahu2021: bets 40
mz.laurynas: calls 40
*** SHOW DOWN ***
Mahu2021: shows [7h 5c] (two pair, Fives and Deuces)
mz.laurynas: mucks hand 
Mahu2021 collected 160 from pot
*** SUMMARY ***
Total pot 160 | Rake 0 
Board [6h 8s 5d 2h 2d]
Seat 2: mz.laurynas (button) (small blind) mucked [Ks 4s]
Seat 3: Mahu2021 (big blind) showed [7h 5c] and won (160) with two pair, Fives and Deuces



PokerStars Hand #249032347805: Tournament #3719789623, $1.84+$0.16 USD Hold'em No Limit - Level III (20/40) - 2024/02/22 21:14:13 CET [2024/02/22 15:14:13 ET]
Table '3719789623 1' 3-max Seat #3 is the button
Seat 2: mz.laurynas (835 in chips) 
Seat 3: Mahu2021 (665 in chips) 
Mahu2021: posts small blind 20
mz.laurynas: posts big blind 40
*** HOLE CARDS ***
Dealt to Mahu2021 [6d Qs]
Mahu2021: calls 20
mz.laurynas: checks 
*** FLOP *** [8c 2s 7h]
mz.laurynas: checks 
Mahu2021: checks 
*** TURN *** [8c 2s 7h] [6h]
mz.laurynas: bets 40
Mahu2021: calls 40
*** RIVER *** [8c 2s 7h 6h] [2h]
mz.laurynas: checks 
Mahu2021: checks 
*** SHOW DOWN ***
mz.laurynas: shows [6s Qh] (two pair, Sixes and Deuces)
Mahu2021: shows [6d Qs] (two pair, Sixes and Deuces)
mz.laurynas collected 80 from pot
Mahu2021 collected 80 from pot
*** SUMMARY ***
Total pot 160 | Rake 0 
Board [8c 2s 7h 6h 2h]
Seat 2: mz.laurynas (big blind) showed [6s Qh] and won (80) with two pair, Sixes and Deuces
Seat 3: Mahu2021 (button) (small blind) showed [6d Qs] and won (80) with two pair, Sixes and Deuces



PokerStars Hand #249032358808: Tournament #3719789623, $1.84+$0.16 USD Hold'em No Limit - Level IV (30/60) - 2024/02/22 21:14:44 CET [2024/02/22 15:14:44 ET]
Table '3719789623 1' 3-max Seat #2 is the button
Seat 2: mz.laurynas (835 in chips) 
Seat 3: Mahu2021 (665 in chips) 
mz.laurynas: posts small blind 30
Mahu2021: posts big blind 60
*** HOLE CARDS ***
Dealt to Mahu2021 [6d 6h]
mz.laurynas: calls 30
Mahu2021: raises 605 to 665 and is all-in
mz.laurynas: folds 
Uncalled bet (605) returned to Mahu2021
Mahu2021 collected 120 from pot
Mahu2021: doesn't show hand 
*** SUMMARY ***
Total pot 120 | Rake 0 
Seat 2: mz.laurynas (button) (small blind) folded before Flop
Seat 3: Mahu2021 (big blind) collected (120)



PokerStars Hand #249032362676: Tournament #3719789623, $1.84+$0.16 USD Hold'em No Limit - Level IV (30/60) - 2024/02/22 21:14:55 CET [2024/02/22 15:14:55 ET]
Table '3719789623 1' 3-max Seat #3 is the button
Seat 2: mz.laurynas (775 in chips) 
Seat 3: Mahu2021 (725 in chips) 
Mahu2021: posts small blind 30
mz.laurynas: posts big blind 60
*** HOLE CARDS ***
Dealt to Mahu2021 [5c Td]
Mahu2021: folds 
Uncalled bet (30) returned to mz.laurynas
mz.laurynas collected 60 from pot
mz.laurynas: doesn't show hand 
*** SUMMARY ***
Total pot 60 | Rake 0 
Seat 2: mz.laurynas (big blind) collected (60)
Seat 3: Mahu2021 (button) (small blind) folded before Flop



PokerStars Hand #249032364224: Tournament #3719789623, $1.84+$0.16 USD Hold'em No Limit - Level IV (30/60) - 2024/02/22 21:15:00 CET [2024/02/22 15:15:00 ET]
Table '3719789623 1' 3-max Seat #2 is the button
Seat 2: mz.laurynas (805 in chips) 
Seat 3: Mahu2021 (695 in chips) 
mz.laurynas: posts small blind 30
Mahu2021: posts big blind 60
*** HOLE CARDS ***
Dealt to Mahu2021 [Th Ac]
mz.laurynas: calls 30
Mahu2021: raises 120 to 180
mz.laurynas: calls 120
*** FLOP *** [2s Jh Kd]
Mahu2021: checks 
mz.laurynas: checks 
*** TURN *** [2s Jh Kd] [8d]
Mahu2021: checks 
mz.laurynas: bets 120
Mahu2021: calls 120
*** RIVER *** [2s Jh Kd 8d] [7s]
Mahu2021: checks 
mz.laurynas: bets 505 and is all-in
Mahu2021: folds 
Uncalled bet (505) returned to mz.laurynas
mz.laurynas collected 600 from pot
mz.laurynas: doesn't show hand 
*** SUMMARY ***
Total pot 600 | Rake 0 
Board [2s Jh Kd 8d 7s]
Seat 2: mz.laurynas (button) (small blind) collected (600)
Seat 3: Mahu2021 (big blind) folded on the River



PokerStars Hand #249032371413: Tournament #3719789623, $1.84+$0.16 USD Hold'em No Limit - Level IV (30/60) - 2024/02/22 21:15:20 CET [2024/02/22 15:15:20 ET]
Table '3719789623 1' 3-max Seat #3 is the button
Seat 2: mz.laurynas (1105 in chips) 
Seat 3: Mahu2021 (395 in chips) 
Mahu2021: posts small blind 30
mz.laurynas: posts big blind 60
*** HOLE CARDS ***
Dealt to Mahu2021 [8h 5h]
Mahu2021: calls 30
mz.laurynas: checks 
*** FLOP *** [9s 6c 6s]
mz.laurynas: bets 60
Mahu2021: folds 
Uncalled bet (60) returned to mz.laurynas
mz.laurynas collected 120 from pot
mz.laurynas: doesn't show hand 
*** SUMMARY ***
Total pot 120 | Rake 0 
Board [9s 6c 6s]
Seat 2: mz.laurynas (big blind) collected (120)
Seat 3: Mahu2021 (button) (small blind) folded on the Flop



PokerStars Hand #249032374903: Tournament #3719789623, $1.84+$0.16 USD Hold'em No Limit - Level IV (30/60) - 2024/02/22 21:15:30 CET [2024/02/22 15:15:30 ET]
Table '3719789623 1' 3-max Seat #2 is the button
Seat 2: mz.laurynas (1165 in chips) 
Seat 3: Mahu2021 (335 in chips) 
mz.laurynas: posts small blind 30
Mahu2021: posts big blind 60
*** HOLE CARDS ***
Dealt to Mahu2021 [Jd 6c]
mz.laurynas: calls 30
Mahu2021: checks 
*** FLOP *** [9d 4d Td]
Mahu2021: checks 
mz.laurynas: bets 60
Mahu2021: calls 60
*** TURN *** [9d 4d Td] [Qh]
Mahu2021: checks 
mz.laurynas: checks 
*** RIVER *** [9d 4d Td Qh] [Jc]
Mahu2021: bets 215 and is all-in
mz.laurynas: calls 215
*** SHOW DOWN ***
Mahu2021: shows [Jd 6c] (a pair of Jacks)
mz.laurynas: shows [8h Kc] (a straight, Nine to King)
mz.laurynas collected 670 from pot
Mahu2021 finished the tournament in 2nd place
mz.laurynas wins the tournament and receives $4.00 - congratulations!
*** SUMMARY ***
Total pot 670 | Rake 0 
Board [9d 4d Td Qh Jc]
Seat 2: mz.laurynas (button) (small blind) showed [8h Kc] and won (670) with a straight, Nine to King
Seat 3: Mahu2021 (big blind) showed [Jd 6c] and lost with a pair of Jacks



