PokerStars Hand #252672591125: Tournament #3806066937, $1.84+$0.16 USD Hold'em No Limit - Level I (10/20) - 2024/09/28 19:00:32 CET [2024/09/28 13:00:32 ET]
Table '3806066937 1' 3-max Seat #1 is the button
Seat 1: MM21437 (500 in chips) 
Seat 2: Mahu2021 (500 in chips) 
Seat 3: uschi499 (500 in chips) 
Mahu2021: posts small blind 10
uschi499: posts big blind 20
*** HOLE CARDS ***
Dealt to Mahu2021 [3c 2s]
MM21437: folds 
Mahu2021: folds 
Uncalled bet (10) returned to uschi499
uschi499 collected 20 from pot
uschi499: doesn't show hand 
*** SUMMARY ***
Total pot 20 | Rake 0 
Seat 1: MM21437 (button) folded before Flop (didn't bet)
Seat 2: Mahu2021 (small blind) folded before Flop
Seat 3: uschi499 (big blind) collected (20)



PokerStars Hand #252672592311: Tournament #3806066937, $1.84+$0.16 USD Hold'em No Limit - Level I (10/20) - 2024/09/28 19:00:38 CET [2024/09/28 13:00:38 ET]
Table '3806066937 1' 3-max Seat #2 is the button
Seat 1: MM21437 (500 in chips) 
Seat 2: Mahu2021 (490 in chips) 
Seat 3: uschi499 (510 in chips) 
uschi499: posts small blind 10
MM21437: posts big blind 20
*** HOLE CARDS ***
Dealt to Mahu2021 [Jc 5s]
Mahu2021: calls 20
uschi499: raises 60 to 80
MM21437: calls 60
Mahu2021: folds 
*** FLOP *** [Kh 8c 9h]
uschi499: bets 56
MM21437: calls 56
*** TURN *** [Kh 8c 9h] [Ad]
uschi499: bets 181
MM21437: calls 181
*** RIVER *** [Kh 8c 9h Ad] [2d]
uschi499: bets 193 and is all-in
MM21437: calls 183 and is all-in
Uncalled bet (10) returned to uschi499
*** SHOW DOWN ***
uschi499: shows [Qs Ah] (a pair of Aces)
MM21437: shows [8s Td] (a pair of Eights)
uschi499 collected 1020 from pot
MM21437 finished the tournament in 3rd place
*** SUMMARY ***
Total pot 1020 | Rake 0 
Board [Kh 8c 9h Ad 2d]
Seat 1: MM21437 (big blind) showed [8s Td] and lost with a pair of Eights
Seat 2: Mahu2021 (button) folded before Flop
Seat 3: uschi499 (small blind) showed [Qs Ah] and won (1020) with a pair of Aces



PokerStars Hand #252672600289: Tournament #3806066937, $1.84+$0.16 USD Hold'em No Limit - Level I (10/20) - 2024/09/28 19:01:16 CET [2024/09/28 13:01:16 ET]
Table '3806066937 1' 3-max Seat #3 is the button
Seat 2: Mahu2021 (470 in chips) 
Seat 3: uschi499 (1030 in chips) 
uschi499: posts small blind 10
Mahu2021: posts big blind 20
*** HOLE CARDS ***
Dealt to Mahu2021 [8h 3c]
uschi499: raises 20 to 40
Mahu2021: folds 
Uncalled bet (20) returned to uschi499
uschi499 collected 40 from pot
uschi499: doesn't show hand 
*** SUMMARY ***
Total pot 40 | Rake 0 
Seat 2: Mahu2021 (big blind) folded before Flop
Seat 3: uschi499 (button) (small blind) collected (40)



PokerStars Hand #252672601316: Tournament #3806066937, $1.84+$0.16 USD Hold'em No Limit - Level I (10/20) - 2024/09/28 19:01:21 CET [2024/09/28 13:01:21 ET]
Table '3806066937 1' 3-max Seat #2 is the button
Seat 2: Mahu2021 (450 in chips) 
Seat 3: uschi499 (1050 in chips) 
Mahu2021: posts small blind 10
uschi499: posts big blind 20
*** HOLE CARDS ***
Dealt to Mahu2021 [8s 2c]
Mahu2021: folds 
Uncalled bet (10) returned to uschi499
uschi499 collected 20 from pot
uschi499: doesn't show hand 
*** SUMMARY ***
Total pot 20 | Rake 0 
Seat 2: Mahu2021 (button) (small blind) folded before Flop
Seat 3: uschi499 (big blind) collected (20)



PokerStars Hand #252672602283: Tournament #3806066937, $1.84+$0.16 USD Hold'em No Limit - Level I (10/20) - 2024/09/28 19:01:25 CET [2024/09/28 13:01:25 ET]
Table '3806066937 1' 3-max Seat #3 is the button
Seat 2: Mahu2021 (440 in chips) 
Seat 3: uschi499 (1060 in chips) 
uschi499: posts small blind 10
Mahu2021: posts big blind 20
*** HOLE CARDS ***
Dealt to Mahu2021 [8h Kc]
uschi499: raises 20 to 40
Mahu2021: calls 20
*** FLOP *** [5c Th 6s]
Mahu2021: checks 
uschi499: bets 25
Mahu2021: calls 25
*** TURN *** [5c Th 6s] [Ts]
Mahu2021: checks 
uschi499: checks 
*** RIVER *** [5c Th 6s Ts] [6d]
Mahu2021: bets 40
uschi499: calls 40
*** SHOW DOWN ***
Mahu2021: shows [8h Kc] (two pair, Tens and Sixes)
uschi499: shows [7d Ad] (two pair, Tens and Sixes - Ace kicker)
uschi499 collected 210 from pot
*** SUMMARY ***
Total pot 210 | Rake 0 
Board [5c Th 6s Ts 6d]
Seat 2: Mahu2021 (big blind) showed [8h Kc] and lost with two pair, Tens and Sixes
Seat 3: uschi499 (button) (small blind) showed [7d Ad] and won (210) with two pair, Tens and Sixes



PokerStars Hand #252672607368: Tournament #3806066937, $1.84+$0.16 USD Hold'em No Limit - Level I (10/20) - 2024/09/28 19:01:47 CET [2024/09/28 13:01:47 ET]
Table '3806066937 1' 3-max Seat #2 is the button
Seat 2: Mahu2021 (335 in chips) 
Seat 3: uschi499 (1165 in chips) 
Mahu2021: posts small blind 10
uschi499: posts big blind 20
*** HOLE CARDS ***
Dealt to Mahu2021 [7h 2h]
Mahu2021: folds 
Uncalled bet (10) returned to uschi499
uschi499 collected 20 from pot
uschi499: doesn't show hand 
*** SUMMARY ***
Total pot 20 | Rake 0 
Seat 2: Mahu2021 (button) (small blind) folded before Flop
Seat 3: uschi499 (big blind) collected (20)



PokerStars Hand #252672608356: Tournament #3806066937, $1.84+$0.16 USD Hold'em No Limit - Level I (10/20) - 2024/09/28 19:01:51 CET [2024/09/28 13:01:51 ET]
Table '3806066937 1' 3-max Seat #3 is the button
Seat 2: Mahu2021 (325 in chips) 
Seat 3: uschi499 (1175 in chips) 
uschi499: posts small blind 10
Mahu2021: posts big blind 20
*** HOLE CARDS ***
Dealt to Mahu2021 [5s 3d]
uschi499: folds 
Uncalled bet (10) returned to Mahu2021
Mahu2021 collected 20 from pot
Mahu2021: doesn't show hand 
*** SUMMARY ***
Total pot 20 | Rake 0 
Seat 2: Mahu2021 (big blind) collected (20)
Seat 3: uschi499 (button) (small blind) folded before Flop



PokerStars Hand #252672609428: Tournament #3806066937, $1.84+$0.16 USD Hold'em No Limit - Level I (10/20) - 2024/09/28 19:01:56 CET [2024/09/28 13:01:56 ET]
Table '3806066937 1' 3-max Seat #2 is the button
Seat 2: Mahu2021 (335 in chips) 
Seat 3: uschi499 (1165 in chips) 
Mahu2021: posts small blind 10
uschi499: posts big blind 20
*** HOLE CARDS ***
Dealt to Mahu2021 [2h Ad]
Mahu2021: raises 20 to 40
uschi499: calls 20
*** FLOP *** [Kh As 7c]
uschi499: checks 
Mahu2021: bets 40
uschi499: calls 40
*** TURN *** [Kh As 7c] [9h]
uschi499: checks 
Mahu2021: bets 40
uschi499: calls 40
*** RIVER *** [Kh As 7c 9h] [7s]
uschi499: bets 302
Mahu2021: calls 215 and is all-in
Uncalled bet (87) returned to uschi499
*** SHOW DOWN ***
uschi499: shows [5d 7h] (three of a kind, Sevens)
Mahu2021: shows [2h Ad] (two pair, Aces and Sevens)
uschi499 collected 670 from pot
Mahu2021 finished the tournament in 2nd place
uschi499 wins the tournament and receives $4.00 - congratulations!
*** SUMMARY ***
Total pot 670 | Rake 0 
Board [Kh As 7c 9h 7s]
Seat 2: Mahu2021 (button) (small blind) showed [2h Ad] and lost with two pair, Aces and Sevens
Seat 3: uschi499 (big blind) showed [5d 7h] and won (670) with three of a kind, Sevens



