PokerStars Hand #252441502921: Tournament #3800351988, $1.84+$0.16 USD Hold'em No Limit - Level I (10/20) - 2024/09/14 11:55:47 CET [2024/09/14 5:55:47 ET]
Table '3800351988 1' 3-max Seat #1 is the button
Seat 1: Hofe1994 (500 in chips) 
Seat 2: dantheson (500 in chips) 
Seat 3: Mahu2021 (500 in chips) 
dantheson: posts small blind 10
Mahu2021: posts big blind 20
*** HOLE CARDS ***
Dealt to Mahu2021 [3c Qh]
Hofe1994: raises 20 to 40
dantheson: calls 30
Mahu2021: folds 
*** FLOP *** [Td 4d 9c]
dantheson: checks 
Hofe1994: checks 
*** TURN *** [Td 4d 9c] [Qc]
dantheson: checks 
Hofe1994: checks 
*** RIVER *** [Td 4d 9c Qc] [2s]
dantheson: bets 50
Hofe1994: folds 
Uncalled bet (50) returned to dantheson
dantheson collected 100 from pot
*** SUMMARY ***
Total pot 100 | Rake 0 
Board [Td 4d 9c Qc 2s]
Seat 1: Hofe1994 (button) folded on the River
Seat 2: dantheson (small blind) collected (100)
Seat 3: Mahu2021 (big blind) folded before Flop



PokerStars Hand #252441505941: Tournament #3800351988, $1.84+$0.16 USD Hold'em No Limit - Level I (10/20) - 2024/09/14 11:56:16 CET [2024/09/14 5:56:16 ET]
Table '3800351988 1' 3-max Seat #2 is the button
Seat 1: Hofe1994 (460 in chips) 
Seat 2: dantheson (560 in chips) 
Seat 3: Mahu2021 (480 in chips) 
Mahu2021: posts small blind 10
Hofe1994: posts big blind 20
*** HOLE CARDS ***
Dealt to Mahu2021 [Qs 6c]
dantheson: folds 
Mahu2021: calls 10
Hofe1994: checks 
*** FLOP *** [5d 4c 7s]
Mahu2021: checks 
Hofe1994: bets 20
Mahu2021: calls 20
*** TURN *** [5d 4c 7s] [2h]
Mahu2021: checks 
Hofe1994: bets 44
Mahu2021: calls 44
*** RIVER *** [5d 4c 7s 2h] [2d]
Mahu2021: checks 
Hofe1994: checks 
*** SHOW DOWN ***
Mahu2021: shows [Qs 6c] (a pair of Deuces)
Hofe1994: shows [9s 5c] (two pair, Fives and Deuces)
Hofe1994 collected 168 from pot
*** SUMMARY ***
Total pot 168 | Rake 0 
Board [5d 4c 7s 2h 2d]
Seat 1: Hofe1994 (big blind) showed [9s 5c] and won (168) with two pair, Fives and Deuces
Seat 2: dantheson (button) folded before Flop (didn't bet)
Seat 3: Mahu2021 (small blind) showed [Qs 6c] and lost with a pair of Deuces



PokerStars Hand #252441509061: Tournament #3800351988, $1.84+$0.16 USD Hold'em No Limit - Level I (10/20) - 2024/09/14 11:56:45 CET [2024/09/14 5:56:45 ET]
Table '3800351988 1' 3-max Seat #3 is the button
Seat 1: Hofe1994 (544 in chips) 
Seat 2: dantheson (560 in chips) 
Seat 3: Mahu2021 (396 in chips) 
Hofe1994: posts small blind 10
dantheson: posts big blind 20
*** HOLE CARDS ***
Dealt to Mahu2021 [2d 6h]
Mahu2021: folds 
Hofe1994: calls 10
dantheson: checks 
*** FLOP *** [Qd Qs 9s]
Hofe1994: checks 
dantheson: checks 
*** TURN *** [Qd Qs 9s] [8d]
Hofe1994: checks 
dantheson: checks 
*** RIVER *** [Qd Qs 9s 8d] [5h]
Hofe1994: checks 
dantheson: bets 20
Hofe1994: calls 20
*** SHOW DOWN ***
dantheson: shows [6c 2s] (a pair of Queens)
Hofe1994: shows [Jh 5s] (two pair, Queens and Fives)
Hofe1994 collected 80 from pot
*** SUMMARY ***
Total pot 80 | Rake 0 
Board [Qd Qs 9s 8d 5h]
Seat 1: Hofe1994 (small blind) showed [Jh 5s] and won (80) with two pair, Queens and Fives
Seat 2: dantheson (big blind) showed [6c 2s] and lost with a pair of Queens
Seat 3: Mahu2021 (button) folded before Flop (didn't bet)



PokerStars Hand #252441511169: Tournament #3800351988, $1.84+$0.16 USD Hold'em No Limit - Level I (10/20) - 2024/09/14 11:57:04 CET [2024/09/14 5:57:04 ET]
Table '3800351988 1' 3-max Seat #1 is the button
Seat 1: Hofe1994 (584 in chips) 
Seat 2: dantheson (520 in chips) 
Seat 3: Mahu2021 (396 in chips) 
dantheson: posts small blind 10
Mahu2021: posts big blind 20
*** HOLE CARDS ***
Dealt to Mahu2021 [9c 3c]
Hofe1994: raises 20 to 40
dantheson: calls 30
Mahu2021: folds 
*** FLOP *** [Jd 8d 3s]
dantheson: checks 
Hofe1994: checks 
*** TURN *** [Jd 8d 3s] [7c]
dantheson: checks 
Hofe1994: checks 
*** RIVER *** [Jd 8d 3s 7c] [Kc]
dantheson: checks 
Hofe1994: checks 
*** SHOW DOWN ***
dantheson: shows [8s 9d] (a pair of Eights)
Hofe1994: mucks hand 
dantheson collected 100 from pot
*** SUMMARY ***
Total pot 100 | Rake 0 
Board [Jd 8d 3s 7c Kc]
Seat 1: Hofe1994 (button) mucked [3h 5h]
Seat 2: dantheson (small blind) showed [8s 9d] and won (100) with a pair of Eights
Seat 3: Mahu2021 (big blind) folded before Flop



PokerStars Hand #252441513324: Tournament #3800351988, $1.84+$0.16 USD Hold'em No Limit - Level I (10/20) - 2024/09/14 11:57:25 CET [2024/09/14 5:57:25 ET]
Table '3800351988 1' 3-max Seat #2 is the button
Seat 1: Hofe1994 (544 in chips) 
Seat 2: dantheson (580 in chips) 
Seat 3: Mahu2021 (376 in chips) 
Mahu2021: posts small blind 10
Hofe1994: posts big blind 20
*** HOLE CARDS ***
Dealt to Mahu2021 [Qh Jh]
dantheson: folds 
Mahu2021: raises 40 to 60
Hofe1994: folds 
Uncalled bet (40) returned to Mahu2021
Mahu2021 collected 40 from pot
Mahu2021: doesn't show hand 
*** SUMMARY ***
Total pot 40 | Rake 0 
Seat 1: Hofe1994 (big blind) folded before Flop
Seat 2: dantheson (button) folded before Flop (didn't bet)
Seat 3: Mahu2021 (small blind) collected (40)



PokerStars Hand #252441514165: Tournament #3800351988, $1.84+$0.16 USD Hold'em No Limit - Level I (10/20) - 2024/09/14 11:57:33 CET [2024/09/14 5:57:33 ET]
Table '3800351988 1' 3-max Seat #3 is the button
Seat 1: Hofe1994 (524 in chips) 
Seat 2: dantheson (580 in chips) 
Seat 3: Mahu2021 (396 in chips) 
Hofe1994: posts small blind 10
dantheson: posts big blind 20
*** HOLE CARDS ***
Dealt to Mahu2021 [5s Kd]
Mahu2021: folds 
Hofe1994: raises 20 to 40
dantheson: raises 540 to 580 and is all-in
Hofe1994: folds 
Uncalled bet (540) returned to dantheson
dantheson collected 80 from pot
*** SUMMARY ***
Total pot 80 | Rake 0 
Seat 1: Hofe1994 (small blind) folded before Flop
Seat 2: dantheson (big blind) collected (80)
Seat 3: Mahu2021 (button) folded before Flop (didn't bet)



PokerStars Hand #252441516215: Tournament #3800351988, $1.84+$0.16 USD Hold'em No Limit - Level II (15/30) - 2024/09/14 11:57:52 CET [2024/09/14 5:57:52 ET]
Table '3800351988 1' 3-max Seat #1 is the button
Seat 1: Hofe1994 (484 in chips) 
Seat 2: dantheson (620 in chips) 
Seat 3: Mahu2021 (396 in chips) 
dantheson: posts small blind 15
Mahu2021: posts big blind 30
*** HOLE CARDS ***
Dealt to Mahu2021 [As 8h]
Hofe1994: folds 
dantheson: raises 60 to 90
Mahu2021: calls 60
*** FLOP *** [4c Td 2s]
dantheson: bets 90
Mahu2021: folds 
Uncalled bet (90) returned to dantheson
dantheson collected 180 from pot
*** SUMMARY ***
Total pot 180 | Rake 0 
Board [4c Td 2s]
Seat 1: Hofe1994 (button) folded before Flop (didn't bet)
Seat 2: dantheson (small blind) collected (180)
Seat 3: Mahu2021 (big blind) folded on the Flop



PokerStars Hand #252441518894: Tournament #3800351988, $1.84+$0.16 USD Hold'em No Limit - Level II (15/30) - 2024/09/14 11:58:17 CET [2024/09/14 5:58:17 ET]
Table '3800351988 1' 3-max Seat #2 is the button
Seat 1: Hofe1994 (484 in chips) 
Seat 2: dantheson (710 in chips) 
Seat 3: Mahu2021 (306 in chips) 
Mahu2021: posts small blind 15
Hofe1994: posts big blind 30
*** HOLE CARDS ***
Dealt to Mahu2021 [4s Tc]
dantheson: folds 
Mahu2021: folds 
Uncalled bet (15) returned to Hofe1994
Hofe1994 collected 30 from pot
Hofe1994: doesn't show hand 
*** SUMMARY ***
Total pot 30 | Rake 0 
Seat 1: Hofe1994 (big blind) collected (30)
Seat 2: dantheson (button) folded before Flop (didn't bet)
Seat 3: Mahu2021 (small blind) folded before Flop



PokerStars Hand #252441519470: Tournament #3800351988, $1.84+$0.16 USD Hold'em No Limit - Level II (15/30) - 2024/09/14 11:58:22 CET [2024/09/14 5:58:22 ET]
Table '3800351988 1' 3-max Seat #3 is the button
Seat 1: Hofe1994 (499 in chips) 
Seat 2: dantheson (710 in chips) 
Seat 3: Mahu2021 (291 in chips) 
Hofe1994: posts small blind 15
dantheson: posts big blind 30
*** HOLE CARDS ***
Dealt to Mahu2021 [5s 7d]
Mahu2021: folds 
Hofe1994: folds 
Uncalled bet (15) returned to dantheson
dantheson collected 30 from pot
*** SUMMARY ***
Total pot 30 | Rake 0 
Seat 1: Hofe1994 (small blind) folded before Flop
Seat 2: dantheson (big blind) collected (30)
Seat 3: Mahu2021 (button) folded before Flop (didn't bet)



PokerStars Hand #252441520049: Tournament #3800351988, $1.84+$0.16 USD Hold'em No Limit - Level II (15/30) - 2024/09/14 11:58:27 CET [2024/09/14 5:58:27 ET]
Table '3800351988 1' 3-max Seat #1 is the button
Seat 1: Hofe1994 (484 in chips) 
Seat 2: dantheson (725 in chips) 
Seat 3: Mahu2021 (291 in chips) 
dantheson: posts small blind 15
Mahu2021: posts big blind 30
*** HOLE CARDS ***
Dealt to Mahu2021 [6c 2d]
Hofe1994: folds 
dantheson: raises 30 to 60
Mahu2021: folds 
Uncalled bet (30) returned to dantheson
dantheson collected 60 from pot
*** SUMMARY ***
Total pot 60 | Rake 0 
Seat 1: Hofe1994 (button) folded before Flop (didn't bet)
Seat 2: dantheson (small blind) collected (60)
Seat 3: Mahu2021 (big blind) folded before Flop



PokerStars Hand #252441520871: Tournament #3800351988, $1.84+$0.16 USD Hold'em No Limit - Level II (15/30) - 2024/09/14 11:58:35 CET [2024/09/14 5:58:35 ET]
Table '3800351988 1' 3-max Seat #2 is the button
Seat 1: Hofe1994 (484 in chips) 
Seat 2: dantheson (755 in chips) 
Seat 3: Mahu2021 (261 in chips) 
Mahu2021: posts small blind 15
Hofe1994: posts big blind 30
*** HOLE CARDS ***
Dealt to Mahu2021 [Th Kh]
dantheson: raises 30 to 60
Mahu2021: raises 201 to 261 and is all-in
Hofe1994: folds 
dantheson: calls 201
*** FLOP *** [As Jc Kd]
*** TURN *** [As Jc Kd] [2h]
*** RIVER *** [As Jc Kd 2h] [Ks]
*** SHOW DOWN ***
Mahu2021: shows [Th Kh] (three of a kind, Kings)
dantheson: shows [7c Ah] (two pair, Aces and Kings)
Mahu2021 collected 552 from pot
*** SUMMARY ***
Total pot 552 | Rake 0 
Board [As Jc Kd 2h Ks]
Seat 1: Hofe1994 (big blind) folded before Flop
Seat 2: dantheson (button) showed [7c Ah] and lost with two pair, Aces and Kings
Seat 3: Mahu2021 (small blind) showed [Th Kh] and won (552) with three of a kind, Kings



PokerStars Hand #252441522923: Tournament #3800351988, $1.84+$0.16 USD Hold'em No Limit - Level II (15/30) - 2024/09/14 11:58:54 CET [2024/09/14 5:58:54 ET]
Table '3800351988 1' 3-max Seat #3 is the button
Seat 1: Hofe1994 (454 in chips) 
Seat 2: dantheson (494 in chips) 
Seat 3: Mahu2021 (552 in chips) 
Hofe1994: posts small blind 15
dantheson: posts big blind 30
*** HOLE CARDS ***
Dealt to Mahu2021 [Ts Jc]
Mahu2021: calls 30
Hofe1994: folds 
dantheson: checks 
*** FLOP *** [Th Ks Js]
dantheson: checks 
Mahu2021: bets 30
dantheson: folds 
Uncalled bet (30) returned to Mahu2021
Mahu2021 collected 75 from pot
Mahu2021: doesn't show hand 
*** SUMMARY ***
Total pot 75 | Rake 0 
Board [Th Ks Js]
Seat 1: Hofe1994 (small blind) folded before Flop
Seat 2: dantheson (big blind) folded on the Flop
Seat 3: Mahu2021 (button) collected (75)



PokerStars Hand #252441524457: Tournament #3800351988, $1.84+$0.16 USD Hold'em No Limit - Level II (15/30) - 2024/09/14 11:59:07 CET [2024/09/14 5:59:07 ET]
Table '3800351988 1' 3-max Seat #1 is the button
Seat 1: Hofe1994 (439 in chips) 
Seat 2: dantheson (464 in chips) 
Seat 3: Mahu2021 (597 in chips) 
dantheson: posts small blind 15
Mahu2021: posts big blind 30
*** HOLE CARDS ***
Dealt to Mahu2021 [9h 7c]
Hofe1994: raises 30 to 60
dantheson: raises 30 to 90
Mahu2021: folds 
Hofe1994: calls 30
*** FLOP *** [3d Th 5d]
dantheson: checks 
Hofe1994: checks 
*** TURN *** [3d Th 5d] [Jc]
dantheson: checks 
Hofe1994: bets 116
dantheson: calls 116
*** RIVER *** [3d Th 5d Jc] [Td]
dantheson: checks 
Hofe1994: bets 233 and is all-in
dantheson: folds 
Uncalled bet (233) returned to Hofe1994
Hofe1994 collected 442 from pot
Hofe1994: doesn't show hand 
*** SUMMARY ***
Total pot 442 | Rake 0 
Board [3d Th 5d Jc Td]
Seat 1: Hofe1994 (button) collected (442)
Seat 2: dantheson (small blind) folded on the River
Seat 3: Mahu2021 (big blind) folded before Flop



PokerStars Hand #252441528668: Tournament #3800351988, $1.84+$0.16 USD Hold'em No Limit - Level II (15/30) - 2024/09/14 11:59:46 CET [2024/09/14 5:59:46 ET]
Table '3800351988 1' 3-max Seat #2 is the button
Seat 1: Hofe1994 (675 in chips) 
Seat 2: dantheson (258 in chips) 
Seat 3: Mahu2021 (567 in chips) 
Mahu2021: posts small blind 15
Hofe1994: posts big blind 30
*** HOLE CARDS ***
Dealt to Mahu2021 [9h Qs]
dantheson: folds 
Mahu2021: calls 15
Hofe1994: raises 90 to 120
Mahu2021: folds 
Uncalled bet (90) returned to Hofe1994
Hofe1994 collected 60 from pot
Hofe1994: doesn't show hand 
*** SUMMARY ***
Total pot 60 | Rake 0 
Seat 1: Hofe1994 (big blind) collected (60)
Seat 2: dantheson (button) folded before Flop (didn't bet)
Seat 3: Mahu2021 (small blind) folded before Flop



PokerStars Hand #252441530987: Tournament #3800351988, $1.84+$0.16 USD Hold'em No Limit - Level III (20/40) - 2024/09/14 12:00:07 CET [2024/09/14 6:00:07 ET]
Table '3800351988 1' 3-max Seat #3 is the button
Seat 1: Hofe1994 (705 in chips) 
Seat 2: dantheson (258 in chips) 
Seat 3: Mahu2021 (537 in chips) 
Hofe1994: posts small blind 20
dantheson: posts big blind 40
*** HOLE CARDS ***
Dealt to Mahu2021 [8c 4s]
Mahu2021: folds 
Hofe1994: folds 
Uncalled bet (20) returned to dantheson
dantheson collected 40 from pot
*** SUMMARY ***
Total pot 40 | Rake 0 
Seat 1: Hofe1994 (small blind) folded before Flop
Seat 2: dantheson (big blind) collected (40)
Seat 3: Mahu2021 (button) folded before Flop (didn't bet)



PokerStars Hand #252441531838: Tournament #3800351988, $1.84+$0.16 USD Hold'em No Limit - Level III (20/40) - 2024/09/14 12:00:16 CET [2024/09/14 6:00:16 ET]
Table '3800351988 1' 3-max Seat #1 is the button
Seat 1: Hofe1994 (685 in chips) 
Seat 2: dantheson (278 in chips) 
Seat 3: Mahu2021 (537 in chips) 
dantheson: posts small blind 20
Mahu2021: posts big blind 40
*** HOLE CARDS ***
Dealt to Mahu2021 [Js 2c]
Hofe1994: folds 
dantheson: raises 238 to 278 and is all-in
Mahu2021: folds 
Uncalled bet (238) returned to dantheson
dantheson collected 80 from pot
*** SUMMARY ***
Total pot 80 | Rake 0 
Seat 1: Hofe1994 (button) folded before Flop (didn't bet)
Seat 2: dantheson (small blind) collected (80)
Seat 3: Mahu2021 (big blind) folded before Flop



PokerStars Hand #252441533017: Tournament #3800351988, $1.84+$0.16 USD Hold'em No Limit - Level III (20/40) - 2024/09/14 12:00:26 CET [2024/09/14 6:00:26 ET]
Table '3800351988 1' 3-max Seat #2 is the button
Seat 1: Hofe1994 (685 in chips) 
Seat 2: dantheson (318 in chips) 
Seat 3: Mahu2021 (497 in chips) 
Mahu2021: posts small blind 20
Hofe1994: posts big blind 40
*** HOLE CARDS ***
Dealt to Mahu2021 [2d 5s]
dantheson: folds 
Mahu2021: folds 
Uncalled bet (20) returned to Hofe1994
Hofe1994 collected 40 from pot
Hofe1994: doesn't show hand 
*** SUMMARY ***
Total pot 40 | Rake 0 
Seat 1: Hofe1994 (big blind) collected (40)
Seat 2: dantheson (button) folded before Flop (didn't bet)
Seat 3: Mahu2021 (small blind) folded before Flop



PokerStars Hand #252441533767: Tournament #3800351988, $1.84+$0.16 USD Hold'em No Limit - Level III (20/40) - 2024/09/14 12:00:33 CET [2024/09/14 6:00:33 ET]
Table '3800351988 1' 3-max Seat #3 is the button
Seat 1: Hofe1994 (705 in chips) 
Seat 2: dantheson (318 in chips) 
Seat 3: Mahu2021 (477 in chips) 
Hofe1994: posts small blind 20
dantheson: posts big blind 40
*** HOLE CARDS ***
Dealt to Mahu2021 [Qd 8c]
Mahu2021: calls 40
Hofe1994: calls 20
dantheson: raises 278 to 318 and is all-in
Mahu2021: folds 
Hofe1994: calls 278
*** FLOP *** [Th 4h 8s]
*** TURN *** [Th 4h 8s] [Ad]
*** RIVER *** [Th 4h 8s Ad] [4c]
*** SHOW DOWN ***
Hofe1994: shows [As 5c] (two pair, Aces and Fours)
dantheson: shows [3h 3d] (two pair, Fours and Threes)
Hofe1994 collected 676 from pot
dantheson finished the tournament in 3rd place
*** SUMMARY ***
Total pot 676 | Rake 0 
Board [Th 4h 8s Ad 4c]
Seat 1: Hofe1994 (small blind) showed [As 5c] and won (676) with two pair, Aces and Fours
Seat 2: dantheson (big blind) showed [3h 3d] and lost with two pair, Fours and Threes
Seat 3: Mahu2021 (button) folded before Flop



PokerStars Hand #252441536738: Tournament #3800351988, $1.84+$0.16 USD Hold'em No Limit - Level III (20/40) - 2024/09/14 12:00:58 CET [2024/09/14 6:00:58 ET]
Table '3800351988 1' 3-max Seat #1 is the button
Seat 1: Hofe1994 (1063 in chips) 
Seat 3: Mahu2021 (437 in chips) 
Hofe1994: posts small blind 20
Mahu2021: posts big blind 40
*** HOLE CARDS ***
Dealt to Mahu2021 [Jd 7h]
Hofe1994: calls 20
Mahu2021: checks 
*** FLOP *** [2h 6c 8s]
Mahu2021: checks 
Hofe1994: checks 
*** TURN *** [2h 6c 8s] [7d]
Mahu2021: bets 40
Hofe1994: calls 40
*** RIVER *** [2h 6c 8s 7d] [3c]
Mahu2021: bets 40
Hofe1994: folds 
Uncalled bet (40) returned to Mahu2021
Mahu2021 collected 160 from pot
Mahu2021: doesn't show hand 
*** SUMMARY ***
Total pot 160 | Rake 0 
Board [2h 6c 8s 7d 3c]
Seat 1: Hofe1994 (button) (small blind) folded on the River
Seat 3: Mahu2021 (big blind) collected (160)



PokerStars Hand #252441538411: Tournament #3800351988, $1.84+$0.16 USD Hold'em No Limit - Level III (20/40) - 2024/09/14 12:01:12 CET [2024/09/14 6:01:12 ET]
Table '3800351988 1' 3-max Seat #3 is the button
Seat 1: Hofe1994 (983 in chips) 
Seat 3: Mahu2021 (517 in chips) 
Mahu2021: posts small blind 20
Hofe1994: posts big blind 40
*** HOLE CARDS ***
Dealt to Mahu2021 [8s Kd]
Mahu2021: raises 40 to 80
Hofe1994: calls 40
*** FLOP *** [7c 7d 6s]
Hofe1994: checks 
Mahu2021: bets 80
Hofe1994: raises 176 to 256
Mahu2021: folds 
Uncalled bet (176) returned to Hofe1994
Hofe1994 collected 320 from pot
Hofe1994: doesn't show hand 
*** SUMMARY ***
Total pot 320 | Rake 0 
Board [7c 7d 6s]
Seat 1: Hofe1994 (big blind) collected (320)
Seat 3: Mahu2021 (button) (small blind) folded on the Flop



PokerStars Hand #252441540430: Tournament #3800351988, $1.84+$0.16 USD Hold'em No Limit - Level III (20/40) - 2024/09/14 12:01:28 CET [2024/09/14 6:01:28 ET]
Table '3800351988 1' 3-max Seat #1 is the button
Seat 1: Hofe1994 (1143 in chips) 
Seat 3: Mahu2021 (357 in chips) 
Hofe1994: posts small blind 20
Mahu2021: posts big blind 40
*** HOLE CARDS ***
Dealt to Mahu2021 [Ks Qh]
Hofe1994: raises 1103 to 1143 and is all-in
Mahu2021: calls 317 and is all-in
Uncalled bet (786) returned to Hofe1994
*** FLOP *** [8c As 7d]
*** TURN *** [8c As 7d] [5h]
*** RIVER *** [8c As 7d 5h] [8h]
*** SHOW DOWN ***
Mahu2021: shows [Ks Qh] (a pair of Eights)
Hofe1994: shows [2d Ad] (two pair, Aces and Eights)
Hofe1994 collected 714 from pot
Mahu2021 finished the tournament in 2nd place
Hofe1994 wins the tournament and receives $4.00 - congratulations!
*** SUMMARY ***
Total pot 714 | Rake 0 
Board [8c As 7d 5h 8h]
Seat 1: Hofe1994 (button) (small blind) showed [2d Ad] and won (714) with two pair, Aces and Eights
Seat 3: Mahu2021 (big blind) showed [Ks Qh] and lost with a pair of Eights



