PokerStars Hand #245924887194: Tournament #3644096251, $0.92+$0.08 USD Hold'em No Limit - Level I (10/20) - 2023/09/12 22:06:04 CET [2023/09/12 16:06:04 ET]
Table '3644096251 1' 3-max Seat #1 is the button
Seat 1: almapoker81 (500 in chips) 
Seat 2: Mahu2021 (500 in chips) 
Seat 3: lovinhalove (500 in chips) 
Mahu2021: posts small blind 10
lovinhalove: posts big blind 20
*** HOLE CARDS ***
Dealt to Mahu2021 [Th 4h]
almapoker81: raises 50 to 70
Mahu2021: folds 
lovinhalove: calls 50
*** FLOP *** [3c Tc 2s]
lovinhalove: bets 20
almapoker81: calls 20
*** TURN *** [3c Tc 2s] [Ah]
lovinhalove: bets 20
almapoker81: calls 20
*** RIVER *** [3c Tc 2s Ah] [Qc]
lovinhalove: bets 40
almapoker81: raises 310 to 350
lovinhalove: folds 
Uncalled bet (310) returned to almapoker81
almapoker81 collected 310 from pot
*** SUMMARY ***
Total pot 310 | Rake 0 
Board [3c Tc 2s Ah Qc]
Seat 1: almapoker81 (button) collected (310)
Seat 2: Mahu2021 (small blind) folded before Flop
Seat 3: lovinhalove (big blind) folded on the River



PokerStars Hand #245924897948: Tournament #3644096251, $0.92+$0.08 USD Hold'em No Limit - Level I (10/20) - 2023/09/12 22:06:32 CET [2023/09/12 16:06:32 ET]
Table '3644096251 1' 3-max Seat #2 is the button
Seat 1: almapoker81 (660 in chips) 
Seat 2: Mahu2021 (490 in chips) 
Seat 3: lovinhalove (350 in chips) 
lovinhalove: posts small blind 10
almapoker81: posts big blind 20
*** HOLE CARDS ***
Dealt to Mahu2021 [3d 2d]
Mahu2021: calls 20
lovinhalove: calls 10
almapoker81: raises 60 to 80
Mahu2021: folds 
lovinhalove: calls 60
*** FLOP *** [9d Qs Jh]
lovinhalove: bets 20
almapoker81: calls 20
*** TURN *** [9d Qs Jh] [Ts]
lovinhalove: bets 60
almapoker81: raises 340 to 400
lovinhalove: calls 190 and is all-in
Uncalled bet (150) returned to almapoker81
*** RIVER *** [9d Qs Jh Ts] [8s]
*** SHOW DOWN ***
lovinhalove: shows [9h Jc] (a straight, Eight to Queen)
almapoker81: shows [Ah 8c] (a straight, Eight to Queen)
lovinhalove collected 360 from pot
almapoker81 collected 360 from pot
*** SUMMARY ***
Total pot 720 | Rake 0 
Board [9d Qs Jh Ts 8s]
Seat 1: almapoker81 (big blind) showed [Ah 8c] and won (360) with a straight, Eight to Queen
Seat 2: Mahu2021 (button) folded before Flop
Seat 3: lovinhalove (small blind) showed [9h Jc] and won (360) with a straight, Eight to Queen



PokerStars Hand #245924907368: Tournament #3644096251, $0.92+$0.08 USD Hold'em No Limit - Level I (10/20) - 2023/09/12 22:06:57 CET [2023/09/12 16:06:57 ET]
Table '3644096251 1' 3-max Seat #3 is the button
Seat 1: almapoker81 (670 in chips) 
Seat 2: Mahu2021 (470 in chips) 
Seat 3: lovinhalove (360 in chips) 
almapoker81: posts small blind 10
Mahu2021: posts big blind 20
*** HOLE CARDS ***
Dealt to Mahu2021 [Jc 7s]
lovinhalove: calls 20
almapoker81: raises 60 to 80
Mahu2021: folds 
lovinhalove: calls 60
*** FLOP *** [2h Js 5h]
almapoker81: bets 180
lovinhalove: calls 180
*** TURN *** [2h Js 5h] [6d]
almapoker81: bets 410 and is all-in
lovinhalove: calls 100 and is all-in
Uncalled bet (310) returned to almapoker81
*** RIVER *** [2h Js 5h 6d] [3d]
*** SHOW DOWN ***
almapoker81: shows [Qd Qc] (a pair of Queens)
lovinhalove: shows [4h Ts] (a straight, Deuce to Six)
lovinhalove collected 740 from pot
*** SUMMARY ***
Total pot 740 | Rake 0 
Board [2h Js 5h 6d 3d]
Seat 1: almapoker81 (small blind) showed [Qd Qc] and lost with a pair of Queens
Seat 2: Mahu2021 (big blind) folded before Flop
Seat 3: lovinhalove (button) showed [4h Ts] and won (740) with a straight, Deuce to Six



PokerStars Hand #245924916648: Tournament #3644096251, $0.92+$0.08 USD Hold'em No Limit - Level I (10/20) - 2023/09/12 22:07:21 CET [2023/09/12 16:07:21 ET]
Table '3644096251 1' 3-max Seat #1 is the button
Seat 1: almapoker81 (310 in chips) 
Seat 2: Mahu2021 (450 in chips) 
Seat 3: lovinhalove (740 in chips) 
Mahu2021: posts small blind 10
lovinhalove: posts big blind 20
*** HOLE CARDS ***
Dealt to Mahu2021 [Qc Ah]
almapoker81: raises 50 to 70
Mahu2021: raises 380 to 450 and is all-in
lovinhalove: calls 430
almapoker81: calls 240 and is all-in
*** FLOP *** [Qd 2s Td]
*** TURN *** [Qd 2s Td] [9h]
*** RIVER *** [Qd 2s Td 9h] [7d]
*** SHOW DOWN ***
Mahu2021: shows [Qc Ah] (a pair of Queens)
lovinhalove: shows [Ac 8s] (high card Ace)
Mahu2021 collected 280 from side pot
almapoker81: shows [Ad Kh] (high card Ace)
Mahu2021 collected 930 from main pot
almapoker81 finished the tournament in 3rd place
*** SUMMARY ***
Total pot 1210 Main pot 930. Side pot 280. | Rake 0 
Board [Qd 2s Td 9h 7d]
Seat 1: almapoker81 (button) showed [Ad Kh] and lost with high card Ace
Seat 2: Mahu2021 (small blind) showed [Qc Ah] and won (1210) with a pair of Queens
Seat 3: lovinhalove (big blind) showed [Ac 8s] and lost with high card Ace



PokerStars Hand #245924924196: Tournament #3644096251, $0.92+$0.08 USD Hold'em No Limit - Level I (10/20) - 2023/09/12 22:07:40 CET [2023/09/12 16:07:40 ET]
Table '3644096251 1' 3-max Seat #3 is the button
Seat 2: Mahu2021 (1210 in chips) 
Seat 3: lovinhalove (290 in chips) 
lovinhalove: posts small blind 10
Mahu2021: posts big blind 20
*** HOLE CARDS ***
Dealt to Mahu2021 [As 9c]
lovinhalove: calls 10
Mahu2021: checks 
*** FLOP *** [3h Tc 4d]
Mahu2021: checks 
lovinhalove: checks 
*** TURN *** [3h Tc 4d] [Ts]
Mahu2021: checks 
lovinhalove: bets 20
Mahu2021: folds 
Uncalled bet (20) returned to lovinhalove
lovinhalove collected 40 from pot
*** SUMMARY ***
Total pot 40 | Rake 0 
Board [3h Tc 4d Ts]
Seat 2: Mahu2021 (big blind) folded on the Turn
Seat 3: lovinhalove (button) (small blind) collected (40)



PokerStars Hand #245924938526: Tournament #3644096251, $0.92+$0.08 USD Hold'em No Limit - Level I (10/20) - 2023/09/12 22:08:17 CET [2023/09/12 16:08:17 ET]
Table '3644096251 1' 3-max Seat #2 is the button
Seat 2: Mahu2021 (1190 in chips) 
Seat 3: lovinhalove (310 in chips) 
Mahu2021: posts small blind 10
lovinhalove: posts big blind 20
*** HOLE CARDS ***
Dealt to Mahu2021 [9d 4d]
Mahu2021: calls 10
lovinhalove: checks 
*** FLOP *** [Js As Kd]
lovinhalove: bets 20
Mahu2021: folds 
Uncalled bet (20) returned to lovinhalove
lovinhalove collected 40 from pot
*** SUMMARY ***
Total pot 40 | Rake 0 
Board [Js As Kd]
Seat 2: Mahu2021 (button) (small blind) folded on the Flop
Seat 3: lovinhalove (big blind) collected (40)



PokerStars Hand #245924942955: Tournament #3644096251, $0.92+$0.08 USD Hold'em No Limit - Level I (10/20) - 2023/09/12 22:08:29 CET [2023/09/12 16:08:29 ET]
Table '3644096251 1' 3-max Seat #3 is the button
Seat 2: Mahu2021 (1170 in chips) 
Seat 3: lovinhalove (330 in chips) 
lovinhalove: posts small blind 10
Mahu2021: posts big blind 20
*** HOLE CARDS ***
Dealt to Mahu2021 [4c 5c]
lovinhalove: calls 10
Mahu2021: checks 
*** FLOP *** [Qd Ac Ks]
Mahu2021: checks 
lovinhalove: bets 20
Mahu2021: folds 
Uncalled bet (20) returned to lovinhalove
lovinhalove collected 40 from pot
*** SUMMARY ***
Total pot 40 | Rake 0 
Board [Qd Ac Ks]
Seat 2: Mahu2021 (big blind) folded on the Flop
Seat 3: lovinhalove (button) (small blind) collected (40)



PokerStars Hand #245924949990: Tournament #3644096251, $0.92+$0.08 USD Hold'em No Limit - Level I (10/20) - 2023/09/12 22:08:47 CET [2023/09/12 16:08:47 ET]
Table '3644096251 1' 3-max Seat #2 is the button
Seat 2: Mahu2021 (1150 in chips) 
Seat 3: lovinhalove (350 in chips) 
Mahu2021: posts small blind 10
lovinhalove: posts big blind 20
*** HOLE CARDS ***
Dealt to Mahu2021 [Th Ts]
Mahu2021: raises 40 to 60
lovinhalove is connected 
lovinhalove is connected 
lovinhalove: calls 40
*** FLOP *** [Tc Qh 2h]
lovinhalove: bets 20
Mahu2021: raises 40 to 60
lovinhalove: calls 40
*** TURN *** [Tc Qh 2h] [6c]
lovinhalove: bets 20
Mahu2021: raises 1010 to 1030 and is all-in
lovinhalove: calls 210 and is all-in
Uncalled bet (800) returned to Mahu2021
*** RIVER *** [Tc Qh 2h 6c] [4c]
*** SHOW DOWN ***
lovinhalove: shows [7s Qs] (a pair of Queens)
Mahu2021: shows [Th Ts] (three of a kind, Tens)
Mahu2021 collected 700 from pot
lovinhalove finished the tournament in 2nd place
Mahu2021 wins the tournament and receives $3.00 - congratulations!
*** SUMMARY ***
Total pot 700 | Rake 0 
Board [Tc Qh 2h 6c 4c]
Seat 2: Mahu2021 (button) (small blind) showed [Th Ts] and won (700) with three of a kind, Tens
Seat 3: lovinhalove (big blind) showed [7s Qs] and lost with a pair of Queens



