PokerStars Hand #247706476934: Tournament #3687581431, $1.84+$0.16 USD Hold'em No Limit - Level I (10/20) - 2023/12/17 9:00:34 CET [2023/12/17 3:00:34 ET]
Table '3687581431 1' 3-max Seat #1 is the button
Seat 1: kispit90 (500 in chips) 
Seat 2: KikkyX (500 in chips) 
Seat 3: Mahu2021 (500 in chips) 
KikkyX: posts small blind 10
Mahu2021: posts big blind 20
*** HOLE CARDS ***
Dealt to Mahu2021 [9c Qh]
kispit90: folds 
KikkyX: folds 
Uncalled bet (10) returned to Mahu2021
Mahu2021 collected 20 from pot
Mahu2021: doesn't show hand 
*** SUMMARY ***
Total pot 20 | Rake 0 
Seat 1: kispit90 (button) folded before Flop (didn't bet)
Seat 2: KikkyX (small blind) folded before Flop
Seat 3: Mahu2021 (big blind) collected (20)



PokerStars Hand #247706477568: Tournament #3687581431, $1.84+$0.16 USD Hold'em No Limit - Level I (10/20) - 2023/12/17 9:00:41 CET [2023/12/17 3:00:41 ET]
Table '3687581431 1' 3-max Seat #2 is the button
Seat 1: kispit90 (500 in chips) 
Seat 2: KikkyX (490 in chips) 
Seat 3: Mahu2021 (510 in chips) 
Mahu2021: posts small blind 10
kispit90: posts big blind 20
*** HOLE CARDS ***
Dealt to Mahu2021 [8h Qd]
KikkyX: raises 40 to 60
Mahu2021: folds 
kispit90: calls 40
*** FLOP *** [Js 8d Jh]
kispit90: bets 60
KikkyX: calls 60
*** TURN *** [Js 8d Jh] [Qc]
kispit90: bets 60
KikkyX: calls 60
*** RIVER *** [Js 8d Jh Qc] [9s]
kispit90: checks 
KikkyX: bets 185
kispit90: calls 185
*** SHOW DOWN ***
KikkyX: shows [9d 9h] (a full house, Nines full of Jacks)
kispit90: mucks hand 
KikkyX collected 740 from pot
*** SUMMARY ***
Total pot 740 | Rake 0 
Board [Js 8d Jh Qc 9s]
Seat 1: kispit90 (big blind) mucked [Ks 8s]
Seat 2: KikkyX (button) showed [9d 9h] and won (740) with a full house, Nines full of Jacks
Seat 3: Mahu2021 (small blind) folded before Flop



PokerStars Hand #247706480331: Tournament #3687581431, $1.84+$0.16 USD Hold'em No Limit - Level I (10/20) - 2023/12/17 9:01:06 CET [2023/12/17 3:01:06 ET]
Table '3687581431 1' 3-max Seat #3 is the button
Seat 1: kispit90 (135 in chips) 
Seat 2: KikkyX (865 in chips) 
Seat 3: Mahu2021 (500 in chips) 
kispit90: posts small blind 10
KikkyX: posts big blind 20
*** HOLE CARDS ***
Dealt to Mahu2021 [5h 4h]
Mahu2021: calls 20
kispit90: raises 115 to 135 and is all-in
KikkyX: folds 
Mahu2021: folds 
Uncalled bet (115) returned to kispit90
kispit90 collected 60 from pot
kispit90: doesn't show hand 
*** SUMMARY ***
Total pot 60 | Rake 0 
Seat 1: kispit90 (small blind) collected (60)
Seat 2: KikkyX (big blind) folded before Flop
Seat 3: Mahu2021 (button) folded before Flop



PokerStars Hand #247706482268: Tournament #3687581431, $1.84+$0.16 USD Hold'em No Limit - Level I (10/20) - 2023/12/17 9:01:25 CET [2023/12/17 3:01:25 ET]
Table '3687581431 1' 3-max Seat #1 is the button
Seat 1: kispit90 (175 in chips) 
Seat 2: KikkyX (845 in chips) 
Seat 3: Mahu2021 (480 in chips) 
KikkyX: posts small blind 10
Mahu2021: posts big blind 20
*** HOLE CARDS ***
Dealt to Mahu2021 [Qc 7c]
kispit90: raises 155 to 175 and is all-in
KikkyX: folds 
Mahu2021: folds 
Uncalled bet (155) returned to kispit90
kispit90 collected 50 from pot
kispit90: doesn't show hand 
*** SUMMARY ***
Total pot 50 | Rake 0 
Seat 1: kispit90 (button) collected (50)
Seat 2: KikkyX (small blind) folded before Flop
Seat 3: Mahu2021 (big blind) folded before Flop



PokerStars Hand #247706483346: Tournament #3687581431, $1.84+$0.16 USD Hold'em No Limit - Level I (10/20) - 2023/12/17 9:01:35 CET [2023/12/17 3:01:35 ET]
Table '3687581431 1' 3-max Seat #2 is the button
Seat 1: kispit90 (205 in chips) 
Seat 2: KikkyX (835 in chips) 
Seat 3: Mahu2021 (460 in chips) 
Mahu2021: posts small blind 10
kispit90: posts big blind 20
*** HOLE CARDS ***
Dealt to Mahu2021 [6s Kc]
KikkyX: folds 
Mahu2021: folds 
Uncalled bet (10) returned to kispit90
kispit90 collected 20 from pot
kispit90: doesn't show hand 
*** SUMMARY ***
Total pot 20 | Rake 0 
Seat 1: kispit90 (big blind) collected (20)
Seat 2: KikkyX (button) folded before Flop (didn't bet)
Seat 3: Mahu2021 (small blind) folded before Flop



PokerStars Hand #247706483954: Tournament #3687581431, $1.84+$0.16 USD Hold'em No Limit - Level I (10/20) - 2023/12/17 9:01:41 CET [2023/12/17 3:01:41 ET]
Table '3687581431 1' 3-max Seat #3 is the button
Seat 1: kispit90 (215 in chips) 
Seat 2: KikkyX (835 in chips) 
Seat 3: Mahu2021 (450 in chips) 
kispit90: posts small blind 10
KikkyX: posts big blind 20
*** HOLE CARDS ***
Dealt to Mahu2021 [6s 7d]
Mahu2021: folds 
kispit90: calls 10
KikkyX: checks 
*** FLOP *** [3h 5h Kc]
kispit90: checks 
KikkyX: checks 
*** TURN *** [3h 5h Kc] [9s]
kispit90: checks 
KikkyX: checks 
*** RIVER *** [3h 5h Kc 9s] [Ac]
kispit90: checks 
KikkyX: checks 
*** SHOW DOWN ***
kispit90: shows [3d Jd] (a pair of Threes)
KikkyX: mucks hand 
kispit90 collected 40 from pot
*** SUMMARY ***
Total pot 40 | Rake 0 
Board [3h 5h Kc 9s Ac]
Seat 1: kispit90 (small blind) showed [3d Jd] and won (40) with a pair of Threes
Seat 2: KikkyX (big blind) mucked [Qs 6d]
Seat 3: Mahu2021 (button) folded before Flop (didn't bet)



PokerStars Hand #247706485850: Tournament #3687581431, $1.84+$0.16 USD Hold'em No Limit - Level I (10/20) - 2023/12/17 9:01:58 CET [2023/12/17 3:01:58 ET]
Table '3687581431 1' 3-max Seat #1 is the button
Seat 1: kispit90 (235 in chips) 
Seat 2: KikkyX (815 in chips) 
Seat 3: Mahu2021 (450 in chips) 
KikkyX: posts small blind 10
Mahu2021: posts big blind 20
*** HOLE CARDS ***
Dealt to Mahu2021 [Ah 9d]
kispit90: raises 20 to 40
KikkyX: folds 
Mahu2021: calls 20
*** FLOP *** [6d As Th]
Mahu2021: checks 
kispit90: bets 20
Mahu2021: raises 40 to 60
kispit90: folds 
Uncalled bet (40) returned to Mahu2021
Mahu2021 collected 130 from pot
Mahu2021: doesn't show hand 
*** SUMMARY ***
Total pot 130 | Rake 0 
Board [6d As Th]
Seat 1: kispit90 (button) folded on the Flop
Seat 2: KikkyX (small blind) folded before Flop
Seat 3: Mahu2021 (big blind) collected (130)



PokerStars Hand #247706487799: Tournament #3687581431, $1.84+$0.16 USD Hold'em No Limit - Level I (10/20) - 2023/12/17 9:02:17 CET [2023/12/17 3:02:17 ET]
Table '3687581431 1' 3-max Seat #2 is the button
Seat 1: kispit90 (175 in chips) 
Seat 2: KikkyX (805 in chips) 
Seat 3: Mahu2021 (520 in chips) 
Mahu2021: posts small blind 10
kispit90: posts big blind 20
*** HOLE CARDS ***
Dealt to Mahu2021 [Td 3c]
KikkyX: calls 20
Mahu2021: folds 
kispit90: checks 
*** FLOP *** [2h 6c 8h]
kispit90: bets 50
KikkyX: folds 
Uncalled bet (50) returned to kispit90
kispit90 collected 50 from pot
kispit90: doesn't show hand 
*** SUMMARY ***
Total pot 50 | Rake 0 
Board [2h 6c 8h]
Seat 1: kispit90 (big blind) collected (50)
Seat 2: KikkyX (button) folded on the Flop
Seat 3: Mahu2021 (small blind) folded before Flop



PokerStars Hand #247706489159: Tournament #3687581431, $1.84+$0.16 USD Hold'em No Limit - Level I (10/20) - 2023/12/17 9:02:30 CET [2023/12/17 3:02:30 ET]
Table '3687581431 1' 3-max Seat #3 is the button
Seat 1: kispit90 (205 in chips) 
Seat 2: KikkyX (785 in chips) 
Seat 3: Mahu2021 (510 in chips) 
kispit90: posts small blind 10
KikkyX: posts big blind 20
*** HOLE CARDS ***
Dealt to Mahu2021 [9s Ks]
Mahu2021: raises 20 to 40
kispit90: raises 165 to 205 and is all-in
KikkyX: folds 
Mahu2021: calls 165
*** FLOP *** [6h 6c 5s]
*** TURN *** [6h 6c 5s] [5d]
*** RIVER *** [6h 6c 5s 5d] [4h]
*** SHOW DOWN ***
kispit90: shows [Kh Qh] (two pair, Sixes and Fives)
Mahu2021: shows [9s Ks] (two pair, Sixes and Fives)
kispit90 collected 215 from pot
Mahu2021 collected 215 from pot
*** SUMMARY ***
Total pot 430 | Rake 0 
Board [6h 6c 5s 5d 4h]
Seat 1: kispit90 (small blind) showed [Kh Qh] and won (215) with two pair, Sixes and Fives
Seat 2: KikkyX (big blind) folded before Flop
Seat 3: Mahu2021 (button) showed [9s Ks] and won (215) with two pair, Sixes and Fives



PokerStars Hand #247706491073: Tournament #3687581431, $1.84+$0.16 USD Hold'em No Limit - Level I (10/20) - 2023/12/17 9:02:48 CET [2023/12/17 3:02:48 ET]
Table '3687581431 1' 3-max Seat #1 is the button
Seat 1: kispit90 (215 in chips) 
Seat 2: KikkyX (765 in chips) 
Seat 3: Mahu2021 (520 in chips) 
KikkyX: posts small blind 10
Mahu2021: posts big blind 20
*** HOLE CARDS ***
Dealt to Mahu2021 [As 5c]
kispit90: folds 
KikkyX: calls 10
Mahu2021: checks 
*** FLOP *** [8c 6h 6s]
KikkyX: checks 
Mahu2021: bets 20
KikkyX: calls 20
*** TURN *** [8c 6h 6s] [Td]
KikkyX: checks 
Mahu2021: checks 
*** RIVER *** [8c 6h 6s Td] [9c]
KikkyX: checks 
Mahu2021: checks 
*** SHOW DOWN ***
KikkyX: shows [Ac 9h] (two pair, Nines and Sixes)
Mahu2021: mucks hand 
KikkyX collected 80 from pot
*** SUMMARY ***
Total pot 80 | Rake 0 
Board [8c 6h 6s Td 9c]
Seat 1: kispit90 (button) folded before Flop (didn't bet)
Seat 2: KikkyX (small blind) showed [Ac 9h] and won (80) with two pair, Nines and Sixes
Seat 3: Mahu2021 (big blind) mucked [As 5c]



PokerStars Hand #247706493133: Tournament #3687581431, $1.84+$0.16 USD Hold'em No Limit - Level I (10/20) - 2023/12/17 9:03:07 CET [2023/12/17 3:03:07 ET]
Table '3687581431 1' 3-max Seat #2 is the button
Seat 1: kispit90 (215 in chips) 
Seat 2: KikkyX (805 in chips) 
Seat 3: Mahu2021 (480 in chips) 
Mahu2021: posts small blind 10
kispit90: posts big blind 20
*** HOLE CARDS ***
Dealt to Mahu2021 [3h 2h]
KikkyX: folds 
Mahu2021: calls 10
kispit90: raises 195 to 215 and is all-in
Mahu2021: folds 
Uncalled bet (195) returned to kispit90
kispit90 collected 40 from pot
kispit90: doesn't show hand 
*** SUMMARY ***
Total pot 40 | Rake 0 
Seat 1: kispit90 (big blind) collected (40)
Seat 2: KikkyX (button) folded before Flop (didn't bet)
Seat 3: Mahu2021 (small blind) folded before Flop



PokerStars Hand #247706494063: Tournament #3687581431, $1.84+$0.16 USD Hold'em No Limit - Level I (10/20) - 2023/12/17 9:03:16 CET [2023/12/17 3:03:16 ET]
Table '3687581431 1' 3-max Seat #3 is the button
Seat 1: kispit90 (235 in chips) 
Seat 2: KikkyX (805 in chips) 
Seat 3: Mahu2021 (460 in chips) 
kispit90: posts small blind 10
KikkyX: posts big blind 20
*** HOLE CARDS ***
Dealt to Mahu2021 [Qh 8c]
Mahu2021: folds 
kispit90: calls 10
KikkyX: raises 40 to 60
kispit90: calls 40
*** FLOP *** [Ac 8s 4h]
kispit90: checks 
KikkyX: checks 
*** TURN *** [Ac 8s 4h] [As]
kispit90: checks 
KikkyX: checks 
*** RIVER *** [Ac 8s 4h As] [Kc]
kispit90: checks 
KikkyX: bets 60
kispit90: folds 
Uncalled bet (60) returned to KikkyX
KikkyX collected 120 from pot
KikkyX: shows [Ah Ad] (four of a kind, Aces)
*** SUMMARY ***
Total pot 120 | Rake 0 
Board [Ac 8s 4h As Kc]
Seat 1: kispit90 (small blind) folded on the River
Seat 2: KikkyX (big blind) collected (120)
Seat 3: Mahu2021 (button) folded before Flop (didn't bet)



PokerStars Hand #247706496072: Tournament #3687581431, $1.84+$0.16 USD Hold'em No Limit - Level I (10/20) - 2023/12/17 9:03:35 CET [2023/12/17 3:03:35 ET]
Table '3687581431 1' 3-max Seat #1 is the button
Seat 1: kispit90 (175 in chips) 
Seat 2: KikkyX (865 in chips) 
Seat 3: Mahu2021 (460 in chips) 
KikkyX: posts small blind 10
Mahu2021: posts big blind 20
*** HOLE CARDS ***
Dealt to Mahu2021 [7h 4d]
kispit90: raises 155 to 175 and is all-in
KikkyX: calls 165
Mahu2021: folds 
*** FLOP *** [8c 5h 8h]
*** TURN *** [8c 5h 8h] [9d]
*** RIVER *** [8c 5h 8h 9d] [6d]
*** SHOW DOWN ***
KikkyX: shows [Ah 3d] (a pair of Eights)
kispit90: shows [Td 8d] (three of a kind, Eights)
kispit90 collected 370 from pot
*** SUMMARY ***
Total pot 370 | Rake 0 
Board [8c 5h 8h 9d 6d]
Seat 1: kispit90 (button) showed [Td 8d] and won (370) with three of a kind, Eights
Seat 2: KikkyX (small blind) showed [Ah 3d] and lost with a pair of Eights
Seat 3: Mahu2021 (big blind) folded before Flop



PokerStars Hand #247706497875: Tournament #3687581431, $1.84+$0.16 USD Hold'em No Limit - Level II (15/30) - 2023/12/17 9:03:52 CET [2023/12/17 3:03:52 ET]
Table '3687581431 1' 3-max Seat #2 is the button
Seat 1: kispit90 (370 in chips) 
Seat 2: KikkyX (690 in chips) 
Seat 3: Mahu2021 (440 in chips) 
Mahu2021: posts small blind 15
kispit90: posts big blind 30
*** HOLE CARDS ***
Dealt to Mahu2021 [Th 6s]
KikkyX: folds 
Mahu2021: folds 
Uncalled bet (15) returned to kispit90
kispit90 collected 30 from pot
kispit90: doesn't show hand 
*** SUMMARY ***
Total pot 30 | Rake 0 
Seat 1: kispit90 (big blind) collected (30)
Seat 2: KikkyX (button) folded before Flop (didn't bet)
Seat 3: Mahu2021 (small blind) folded before Flop



PokerStars Hand #247706498380: Tournament #3687581431, $1.84+$0.16 USD Hold'em No Limit - Level II (15/30) - 2023/12/17 9:03:57 CET [2023/12/17 3:03:57 ET]
Table '3687581431 1' 3-max Seat #3 is the button
Seat 1: kispit90 (385 in chips) 
Seat 2: KikkyX (690 in chips) 
Seat 3: Mahu2021 (425 in chips) 
kispit90: posts small blind 15
KikkyX: posts big blind 30
*** HOLE CARDS ***
Dealt to Mahu2021 [Ts Qh]
Mahu2021: calls 30
kispit90: calls 15
KikkyX: checks 
*** FLOP *** [2d Ac Kd]
kispit90: bets 30
KikkyX: calls 30
Mahu2021: calls 30
*** TURN *** [2d Ac Kd] [7d]
kispit90: bets 30
KikkyX: calls 30
Mahu2021: calls 30
*** RIVER *** [2d Ac Kd 7d] [5c]
kispit90: checks 
KikkyX: bets 135
Mahu2021: folds 
kispit90: folds 
Uncalled bet (135) returned to KikkyX
KikkyX collected 270 from pot
*** SUMMARY ***
Total pot 270 | Rake 0 
Board [2d Ac Kd 7d 5c]
Seat 1: kispit90 (small blind) folded on the River
Seat 2: KikkyX (big blind) collected (270)
Seat 3: Mahu2021 (button) folded on the River



PokerStars Hand #247706500954: Tournament #3687581431, $1.84+$0.16 USD Hold'em No Limit - Level II (15/30) - 2023/12/17 9:04:21 CET [2023/12/17 3:04:21 ET]
Table '3687581431 1' 3-max Seat #1 is the button
Seat 1: kispit90 (295 in chips) 
Seat 2: KikkyX (870 in chips) 
Seat 3: Mahu2021 (335 in chips) 
KikkyX: posts small blind 15
Mahu2021: posts big blind 30
*** HOLE CARDS ***
Dealt to Mahu2021 [Qd Js]
kispit90: raises 265 to 295 and is all-in
KikkyX: folds 
Mahu2021: calls 265
*** FLOP *** [6d 8c 9c]
*** TURN *** [6d 8c 9c] [Jh]
*** RIVER *** [6d 8c 9c Jh] [Jc]
*** SHOW DOWN ***
Mahu2021: shows [Qd Js] (three of a kind, Jacks)
kispit90: shows [Ah 6c] (two pair, Jacks and Sixes)
Mahu2021 collected 605 from pot
kispit90 finished the tournament in 3rd place
*** SUMMARY ***
Total pot 605 | Rake 0 
Board [6d 8c 9c Jh Jc]
Seat 1: kispit90 (button) showed [Ah 6c] and lost with two pair, Jacks and Sixes
Seat 2: KikkyX (small blind) folded before Flop
Seat 3: Mahu2021 (big blind) showed [Qd Js] and won (605) with three of a kind, Jacks



PokerStars Hand #247706502770: Tournament #3687581431, $1.84+$0.16 USD Hold'em No Limit - Level II (15/30) - 2023/12/17 9:04:39 CET [2023/12/17 3:04:39 ET]
Table '3687581431 1' 3-max Seat #3 is the button
Seat 2: KikkyX (855 in chips) 
Seat 3: Mahu2021 (645 in chips) 
Mahu2021: posts small blind 15
KikkyX: posts big blind 30
*** HOLE CARDS ***
Dealt to Mahu2021 [7s Ks]
Mahu2021: calls 15
KikkyX: checks 
*** FLOP *** [Ac 5h 4c]
KikkyX: checks 
Mahu2021: checks 
*** TURN *** [Ac 5h 4c] [Jh]
KikkyX: checks 
Mahu2021: bets 60
KikkyX: calls 60
*** RIVER *** [Ac 5h 4c Jh] [Qs]
KikkyX: checks 
Mahu2021: checks 
*** SHOW DOWN ***
KikkyX: shows [4h Qd] (two pair, Queens and Fours)
Mahu2021: mucks hand 
KikkyX collected 180 from pot
*** SUMMARY ***
Total pot 180 | Rake 0 
Board [Ac 5h 4c Jh Qs]
Seat 2: KikkyX (big blind) showed [4h Qd] and won (180) with two pair, Queens and Fours
Seat 3: Mahu2021 (button) (small blind) mucked [7s Ks]



PokerStars Hand #247706505721: Tournament #3687581431, $1.84+$0.16 USD Hold'em No Limit - Level II (15/30) - 2023/12/17 9:05:07 CET [2023/12/17 3:05:07 ET]
Table '3687581431 1' 3-max Seat #2 is the button
Seat 2: KikkyX (945 in chips) 
Seat 3: Mahu2021 (555 in chips) 
KikkyX: posts small blind 15
Mahu2021: posts big blind 30
*** HOLE CARDS ***
Dealt to Mahu2021 [4c Ah]
KikkyX: calls 15
Mahu2021: checks 
*** FLOP *** [4h Jh 8c]
Mahu2021: checks 
KikkyX: checks 
*** TURN *** [4h Jh 8c] [7h]
Mahu2021: checks 
KikkyX: bets 30
Mahu2021: calls 30
*** RIVER *** [4h Jh 8c 7h] [As]
Mahu2021: bets 120
KikkyX: raises 360 to 480
Mahu2021: calls 360
*** SHOW DOWN ***
KikkyX: shows [6s 5h] (a straight, Four to Eight)
Mahu2021: mucks hand 
KikkyX collected 1080 from pot
*** SUMMARY ***
Total pot 1080 | Rake 0 
Board [4h Jh 8c 7h As]
Seat 2: KikkyX (button) (small blind) showed [6s 5h] and won (1080) with a straight, Four to Eight
Seat 3: Mahu2021 (big blind) mucked [4c Ah]



PokerStars Hand #247706507908: Tournament #3687581431, $1.84+$0.16 USD Hold'em No Limit - Level II (15/30) - 2023/12/17 9:05:27 CET [2023/12/17 3:05:27 ET]
Table '3687581431 1' 3-max Seat #3 is the button
Seat 2: KikkyX (1485 in chips) 
Seat 3: Mahu2021 (15 in chips) 
Mahu2021: posts small blind 15 and is all-in
KikkyX: posts big blind 30
*** HOLE CARDS ***
Dealt to Mahu2021 [3h Ts]
Uncalled bet (15) returned to KikkyX
*** FLOP *** [8d 2d Ad]
*** TURN *** [8d 2d Ad] [Qd]
*** RIVER *** [8d 2d Ad Qd] [9c]
*** SHOW DOWN ***
KikkyX: shows [Qc Kd] (a flush, Ace high)
Mahu2021: shows [3h Ts] (high card Ace)
KikkyX collected 30 from pot
Mahu2021 finished the tournament in 2nd place
KikkyX wins the tournament and receives $8.00 - congratulations!
*** SUMMARY ***
Total pot 30 | Rake 0 
Board [8d 2d Ad Qd 9c]
Seat 2: KikkyX (big blind) showed [Qc Kd] and won (30) with a flush, Ace high
Seat 3: Mahu2021 (button) (small blind) showed [3h Ts] and lost with high card Ace



