PokerStars Zoom Hand #254090057890:  Hold'em No Limit ($0.05/$0.10) - 2024/12/29 19:11:20 CET [2024/12/29 13:11:20 ET]
Table 'Aludra' 6-max Seat #1 is the button
Seat 1: babiloniaxxx ($21.01 in chips) 
Seat 2: PhoenixPoker85 ($10.50 in chips) 
Seat 3: Mahu2021 ($10 in chips) 
Seat 4: shortstackpro ($5.10 in chips) 
Seat 5: Ruabe ($9.75 in chips) 
Seat 6: pamels25 ($20.84 in chips) 
PhoenixPoker85: posts small blind $0.05
Mahu2021: posts big blind $0.10
*** HOLE CARDS ***
Dealt to Mahu2021 [2h 9h]
shortstackpro: folds 
Ruabe: folds 
pamels25: folds 
babiloniaxxx: folds 
PhoenixPoker85: folds 
Uncalled bet ($0.05) returned to Mahu2021
Mahu2021 collected $0.10 from pot
Mahu2021: doesn't show hand 
*** SUMMARY ***
Total pot $0.10 | Rake $0 
Seat 1: babiloniaxxx (button) folded before Flop (didn't bet)
Seat 2: PhoenixPoker85 (small blind) folded before Flop
Seat 3: Mahu2021 (big blind) collected ($0.10)
Seat 4: shortstackpro folded before Flop (didn't bet)
Seat 5: Ruabe folded before Flop (didn't bet)
Seat 6: pamels25 folded before Flop (didn't bet)



PokerStars Zoom Hand #254090064786:  Hold'em No Limit ($0.05/$0.10) - 2024/12/29 19:11:40 CET [2024/12/29 13:11:40 ET]
Table 'Aludra' 6-max Seat #1 is the button
Seat 1: troubler1908 ($12.12 in chips) 
Seat 2: Mahu2021 ($10.05 in chips) 
Seat 3: gaturamard ($16.75 in chips) 
Seat 4: pokking876 ($12.33 in chips) 
Seat 5: putzkedudu ($10.45 in chips) 
Seat 6: 50´s Ghost ($11.09 in chips) 
Mahu2021: posts small blind $0.05
gaturamard: posts big blind $0.10
*** HOLE CARDS ***
Dealt to Mahu2021 [3s Kc]
pokking876: raises $0.20 to $0.30
putzkedudu: folds 
50´s Ghost: folds 
troubler1908: folds 
Mahu2021: folds 
gaturamard: folds 
Uncalled bet ($0.20) returned to pokking876
pokking876 collected $0.25 from pot
pokking876: doesn't show hand 
*** SUMMARY ***
Total pot $0.25 | Rake $0 
Seat 1: troubler1908 (button) folded before Flop (didn't bet)
Seat 2: Mahu2021 (small blind) folded before Flop
Seat 3: gaturamard (big blind) folded before Flop
Seat 4: pokking876 collected ($0.25)
Seat 5: putzkedudu folded before Flop (didn't bet)
Seat 6: 50´s Ghost folded before Flop (didn't bet)



PokerStars Zoom Hand #254090067016:  Hold'em No Limit ($0.05/$0.10) - 2024/12/29 19:11:46 CET [2024/12/29 13:11:46 ET]
Table 'Aludra' 6-max Seat #1 is the button
Seat 1: Mahu2021 ($10 in chips) 
Seat 2: gaturamard ($16.65 in chips) 
Seat 3: EdgaP ($13.07 in chips) 
Seat 4: benjiman0 ($13.05 in chips) 
Seat 5: NizoDivart ($10 in chips) 
Seat 6: shortstackpro ($4.95 in chips) 
gaturamard: posts small blind $0.05
EdgaP: posts big blind $0.10
*** HOLE CARDS ***
Dealt to Mahu2021 [8d 8h]
benjiman0: raises $0.20 to $0.30
NizoDivart: raises $0.65 to $0.95
shortstackpro: folds 
Mahu2021: folds 
gaturamard: folds 
EdgaP: folds 
benjiman0: folds 
Uncalled bet ($0.65) returned to NizoDivart
NizoDivart collected $0.75 from pot
NizoDivart: doesn't show hand 
*** SUMMARY ***
Total pot $0.75 | Rake $0 
Seat 1: Mahu2021 (button) folded before Flop (didn't bet)
Seat 2: gaturamard (small blind) folded before Flop
Seat 3: EdgaP (big blind) folded before Flop
Seat 4: benjiman0 folded before Flop
Seat 5: NizoDivart collected ($0.75)
Seat 6: shortstackpro folded before Flop (didn't bet)



PokerStars Zoom Hand #254090073556:  Hold'em No Limit ($0.05/$0.10) - 2024/12/29 19:12:05 CET [2024/12/29 13:12:05 ET]
Table 'Aludra' 6-max Seat #1 is the button
Seat 1: dakatabr ($22.15 in chips) 
Seat 2: JuanMa VT ($10.44 in chips) 
Seat 3: NizoDivart ($10.45 in chips) 
Seat 4: Bbuzanski ($13.80 in chips) 
Seat 5: Mahu2021 ($10 in chips) 
Seat 6: chocoemon ($10 in chips) 
JuanMa VT: posts small blind $0.05
NizoDivart: posts big blind $0.10
*** HOLE CARDS ***
Dealt to Mahu2021 [Qh Qd]
Bbuzanski: folds 
Mahu2021: raises $0.20 to $0.30
chocoemon: raises $0.60 to $0.90
dakatabr: folds 
JuanMa VT: folds 
NizoDivart: folds 
Mahu2021: calls $0.60
*** FLOP *** [Kd Qs 3c]
Mahu2021: checks 
chocoemon: bets $0.61
Mahu2021: calls $0.61
*** TURN *** [Kd Qs 3c] [2c]
Mahu2021: checks 
chocoemon: bets $1.82
Mahu2021: raises $6.67 to $8.49 and is all-in
chocoemon: calls $6.67 and is all-in
*** RIVER *** [Kd Qs 3c 2c] [8h]
*** SHOW DOWN ***
Mahu2021: shows [Qh Qd] (three of a kind, Queens)
chocoemon: shows [Ac Qc] (a pair of Queens)
Mahu2021 collected $19.24 from pot
*** SUMMARY ***
Total pot $20.15 | Rake $0.91 
Board [Kd Qs 3c 2c 8h]
Seat 1: dakatabr (button) folded before Flop (didn't bet)
Seat 2: JuanMa VT (small blind) folded before Flop
Seat 3: NizoDivart (big blind) folded before Flop
Seat 4: Bbuzanski folded before Flop (didn't bet)
Seat 5: Mahu2021 showed [Qh Qd] and won ($19.24) with three of a kind, Queens
Seat 6: chocoemon showed [Ac Qc] and lost with a pair of Queens



PokerStars Zoom Hand #254090072183:  Hold'em No Limit ($0.05/$0.10) - 2024/12/29 19:12:01 CET [2024/12/29 13:12:01 ET]
Table 'Aludra' 6-max Seat #1 is the button
Seat 1: svklampard ($10.90 in chips) 
Seat 2: elvis_genius ($33.95 in chips) 
Seat 3: oocs ($15.12 in chips) 
Seat 4: jwpwml ($10.17 in chips) 
Seat 5: Ruabe ($9.60 in chips) 
Seat 6: Mahu2021 ($10 in chips) 
elvis_genius: posts small blind $0.05
oocs: posts big blind $0.10
*** HOLE CARDS ***
Dealt to Mahu2021 [9h 7c]
jwpwml: raises $0.20 to $0.30
Ruabe: folds 
Mahu2021: folds 
svklampard: folds 
elvis_genius: calls $0.25
oocs: calls $0.20
*** FLOP *** [7h 4d 7d]
elvis_genius: checks 
oocs: checks 
jwpwml: bets $0.43
elvis_genius: folds 
oocs: folds 
Uncalled bet ($0.43) returned to jwpwml
jwpwml collected $0.86 from pot
jwpwml: doesn't show hand 
*** SUMMARY ***
Total pot $0.90 | Rake $0.04 
Board [7h 4d 7d]
Seat 1: svklampard (button) folded before Flop (didn't bet)
Seat 2: elvis_genius (small blind) folded on the Flop
Seat 3: oocs (big blind) folded on the Flop
Seat 4: jwpwml collected ($0.86)
Seat 5: Ruabe folded before Flop (didn't bet)
Seat 6: Mahu2021 folded before Flop (didn't bet)



