PokerStars Hand #245408696251: Tournament #3631761938, $0.92+$0.08 USD Hold'em No Limit - Level I (10/20) - 2023/08/15 20:24:52 CET [2023/08/15 14:24:52 ET]
Table '3631761938 1' 3-max Seat #1 is the button
Seat 1: Chaps7342 (500 in chips) 
Seat 2: Wicklow007 (500 in chips) 
Seat 3: Mahu2021 (500 in chips) 
Wicklow007: posts small blind 10
Mahu2021: posts big blind 20
*** HOLE CARDS ***
Dealt to Mahu2021 [8d Kd]
Chaps7342: folds 
Wicklow007: calls 10
Mahu2021: checks 
*** FLOP *** [8c 9s Qs]
Wicklow007: bets 20
Mahu2021: folds 
Uncalled bet (20) returned to Wicklow007
Wicklow007 collected 40 from pot
Wicklow007: doesn't show hand 
*** SUMMARY ***
Total pot 40 | Rake 0 
Board [8c 9s Qs]
Seat 1: Chaps7342 (button) folded before Flop (didn't bet)
Seat 2: Wicklow007 (small blind) collected (40)
Seat 3: Mahu2021 (big blind) folded on the Flop



PokerStars Hand #245408702180: Tournament #3631761938, $0.92+$0.08 USD Hold'em No Limit - Level I (10/20) - 2023/08/15 20:25:11 CET [2023/08/15 14:25:11 ET]
Table '3631761938 1' 3-max Seat #2 is the button
Seat 1: Chaps7342 (500 in chips) 
Seat 2: Wicklow007 (520 in chips) 
Seat 3: Mahu2021 (480 in chips) 
Mahu2021: posts small blind 10
Chaps7342: posts big blind 20
*** HOLE CARDS ***
Dealt to Mahu2021 [8d 4d]
Wicklow007: raises 40 to 60
Mahu2021: folds 
Chaps7342: raises 440 to 500 and is all-in
Wicklow007: calls 440
*** FLOP *** [4s 2h 6h]
*** TURN *** [4s 2h 6h] [Qd]
*** RIVER *** [4s 2h 6h Qd] [Qc]
*** SHOW DOWN ***
Chaps7342: shows [Jd Jc] (two pair, Queens and Jacks)
Wicklow007: shows [4c Ah] (two pair, Queens and Fours)
Chaps7342 collected 1010 from pot
*** SUMMARY ***
Total pot 1010 | Rake 0 
Board [4s 2h 6h Qd Qc]
Seat 1: Chaps7342 (big blind) showed [Jd Jc] and won (1010) with two pair, Queens and Jacks
Seat 2: Wicklow007 (button) showed [4c Ah] and lost with two pair, Queens and Fours
Seat 3: Mahu2021 (small blind) folded before Flop



PokerStars Hand #245408708592: Tournament #3631761938, $0.92+$0.08 USD Hold'em No Limit - Level I (10/20) - 2023/08/15 20:25:33 CET [2023/08/15 14:25:33 ET]
Table '3631761938 1' 3-max Seat #3 is the button
Seat 1: Chaps7342 (1010 in chips) 
Seat 2: Wicklow007 (20 in chips) 
Seat 3: Mahu2021 (470 in chips) 
Chaps7342: posts small blind 10
Wicklow007: posts big blind 20 and is all-in
*** HOLE CARDS ***
Dealt to Mahu2021 [7d 5s]
Mahu2021: folds 
Chaps7342: calls 10
*** FLOP *** [2d Ac 7h]
*** TURN *** [2d Ac 7h] [Ts]
*** RIVER *** [2d Ac 7h Ts] [Ah]
*** SHOW DOWN ***
Chaps7342: shows [8s Js] (a pair of Aces)
Wicklow007: shows [Ad 4s] (three of a kind, Aces)
Wicklow007 collected 40 from pot
*** SUMMARY ***
Total pot 40 | Rake 0 
Board [2d Ac 7h Ts Ah]
Seat 1: Chaps7342 (small blind) showed [8s Js] and lost with a pair of Aces
Seat 2: Wicklow007 (big blind) showed [Ad 4s] and won (40) with three of a kind, Aces
Seat 3: Mahu2021 (button) folded before Flop (didn't bet)



PokerStars Hand #245408712507: Tournament #3631761938, $0.92+$0.08 USD Hold'em No Limit - Level I (10/20) - 2023/08/15 20:25:46 CET [2023/08/15 14:25:46 ET]
Table '3631761938 1' 3-max Seat #1 is the button
Seat 1: Chaps7342 (990 in chips) 
Seat 2: Wicklow007 (40 in chips) 
Seat 3: Mahu2021 (470 in chips) 
Wicklow007: posts small blind 10
Mahu2021: posts big blind 20
*** HOLE CARDS ***
Dealt to Mahu2021 [Jd 3s]
Chaps7342: raises 20 to 40
Wicklow007: calls 30 and is all-in
Mahu2021: folds 
*** FLOP *** [7c 5d As]
*** TURN *** [7c 5d As] [7d]
*** RIVER *** [7c 5d As 7d] [3d]
*** SHOW DOWN ***
Wicklow007: shows [Qh Ts] (a pair of Sevens)
Chaps7342: shows [4s 6d] (a straight, Three to Seven)
Chaps7342 collected 100 from pot
Wicklow007 finished the tournament in 3rd place
*** SUMMARY ***
Total pot 100 | Rake 0 
Board [7c 5d As 7d 3d]
Seat 1: Chaps7342 (button) showed [4s 6d] and won (100) with a straight, Three to Seven
Seat 2: Wicklow007 (small blind) showed [Qh Ts] and lost with a pair of Sevens
Seat 3: Mahu2021 (big blind) folded before Flop



PokerStars Hand #245408717186: Tournament #3631761938, $0.92+$0.08 USD Hold'em No Limit - Level I (10/20) - 2023/08/15 20:26:01 CET [2023/08/15 14:26:01 ET]
Table '3631761938 1' 3-max Seat #3 is the button
Seat 1: Chaps7342 (1050 in chips) 
Seat 3: Mahu2021 (450 in chips) 
Mahu2021: posts small blind 10
Chaps7342: posts big blind 20
*** HOLE CARDS ***
Dealt to Mahu2021 [Qs 4d]
Mahu2021: folds 
Uncalled bet (10) returned to Chaps7342
Chaps7342 collected 20 from pot
*** SUMMARY ***
Total pot 20 | Rake 0 
Seat 1: Chaps7342 (big blind) collected (20)
Seat 3: Mahu2021 (button) (small blind) folded before Flop



PokerStars Hand #245408718877: Tournament #3631761938, $0.92+$0.08 USD Hold'em No Limit - Level I (10/20) - 2023/08/15 20:26:07 CET [2023/08/15 14:26:07 ET]
Table '3631761938 1' 3-max Seat #1 is the button
Seat 1: Chaps7342 (1060 in chips) 
Seat 3: Mahu2021 (440 in chips) 
Chaps7342: posts small blind 10
Mahu2021: posts big blind 20
*** HOLE CARDS ***
Dealt to Mahu2021 [3h 2c]
Chaps7342: raises 20 to 40
Mahu2021: calls 20
*** FLOP *** [3s 8c Qs]
Mahu2021: checks 
Chaps7342: bets 80
Mahu2021: folds 
Uncalled bet (80) returned to Chaps7342
Chaps7342 collected 80 from pot
*** SUMMARY ***
Total pot 80 | Rake 0 
Board [3s 8c Qs]
Seat 1: Chaps7342 (button) (small blind) collected (80)
Seat 3: Mahu2021 (big blind) folded on the Flop



PokerStars Hand #245408723142: Tournament #3631761938, $0.92+$0.08 USD Hold'em No Limit - Level I (10/20) - 2023/08/15 20:26:21 CET [2023/08/15 14:26:21 ET]
Table '3631761938 1' 3-max Seat #3 is the button
Seat 1: Chaps7342 (1100 in chips) 
Seat 3: Mahu2021 (400 in chips) 
Mahu2021: posts small blind 10
Chaps7342: posts big blind 20
*** HOLE CARDS ***
Dealt to Mahu2021 [Jh 2c]
Mahu2021: folds 
Uncalled bet (10) returned to Chaps7342
Chaps7342 collected 20 from pot
*** SUMMARY ***
Total pot 20 | Rake 0 
Seat 1: Chaps7342 (big blind) collected (20)
Seat 3: Mahu2021 (button) (small blind) folded before Flop



PokerStars Hand #245408724772: Tournament #3631761938, $0.92+$0.08 USD Hold'em No Limit - Level I (10/20) - 2023/08/15 20:26:27 CET [2023/08/15 14:26:27 ET]
Table '3631761938 1' 3-max Seat #1 is the button
Seat 1: Chaps7342 (1110 in chips) 
Seat 3: Mahu2021 (390 in chips) 
Chaps7342: posts small blind 10
Mahu2021: posts big blind 20
*** HOLE CARDS ***
Dealt to Mahu2021 [7h 9c]
Chaps7342: raises 20 to 40
Mahu2021: calls 20
*** FLOP *** [Ts Qd 2s]
Mahu2021: checks 
Chaps7342: checks 
*** TURN *** [Ts Qd 2s] [7d]
Mahu2021: bets 20
Chaps7342: raises 120 to 140
Mahu2021: folds 
Uncalled bet (120) returned to Chaps7342
Chaps7342 collected 120 from pot
*** SUMMARY ***
Total pot 120 | Rake 0 
Board [Ts Qd 2s 7d]
Seat 1: Chaps7342 (button) (small blind) collected (120)
Seat 3: Mahu2021 (big blind) folded on the Turn



PokerStars Hand #245408730175: Tournament #3631761938, $0.92+$0.08 USD Hold'em No Limit - Level I (10/20) - 2023/08/15 20:26:45 CET [2023/08/15 14:26:45 ET]
Table '3631761938 1' 3-max Seat #3 is the button
Seat 1: Chaps7342 (1170 in chips) 
Seat 3: Mahu2021 (330 in chips) 
Mahu2021: posts small blind 10
Chaps7342: posts big blind 20
*** HOLE CARDS ***
Dealt to Mahu2021 [9c 7d]
Mahu2021: folds 
Uncalled bet (10) returned to Chaps7342
Chaps7342 collected 20 from pot
*** SUMMARY ***
Total pot 20 | Rake 0 
Seat 1: Chaps7342 (big blind) collected (20)
Seat 3: Mahu2021 (button) (small blind) folded before Flop



PokerStars Hand #245408731730: Tournament #3631761938, $0.92+$0.08 USD Hold'em No Limit - Level I (10/20) - 2023/08/15 20:26:50 CET [2023/08/15 14:26:50 ET]
Table '3631761938 1' 3-max Seat #1 is the button
Seat 1: Chaps7342 (1180 in chips) 
Seat 3: Mahu2021 (320 in chips) 
Chaps7342: posts small blind 10
Mahu2021: posts big blind 20
*** HOLE CARDS ***
Dealt to Mahu2021 [Jc 8d]
Chaps7342: raises 20 to 40
Mahu2021: calls 20
*** FLOP *** [8c Td 6c]
Mahu2021: bets 280 and is all-in
Chaps7342: folds 
Uncalled bet (280) returned to Mahu2021
Mahu2021 collected 80 from pot
Mahu2021: doesn't show hand 
*** SUMMARY ***
Total pot 80 | Rake 0 
Board [8c Td 6c]
Seat 1: Chaps7342 (button) (small blind) folded on the Flop
Seat 3: Mahu2021 (big blind) collected (80)



PokerStars Hand #245408736246: Tournament #3631761938, $0.92+$0.08 USD Hold'em No Limit - Level II (15/30) - 2023/08/15 20:27:05 CET [2023/08/15 14:27:05 ET]
Table '3631761938 1' 3-max Seat #3 is the button
Seat 1: Chaps7342 (1140 in chips) 
Seat 3: Mahu2021 (360 in chips) 
Mahu2021: posts small blind 15
Chaps7342: posts big blind 30
*** HOLE CARDS ***
Dealt to Mahu2021 [9c Ac]
Mahu2021: raises 30 to 60
Chaps7342: folds 
Uncalled bet (30) returned to Mahu2021
Mahu2021 collected 60 from pot
Mahu2021: doesn't show hand 
*** SUMMARY ***
Total pot 60 | Rake 0 
Seat 1: Chaps7342 (big blind) folded before Flop
Seat 3: Mahu2021 (button) (small blind) collected (60)



PokerStars Hand #245408738147: Tournament #3631761938, $0.92+$0.08 USD Hold'em No Limit - Level II (15/30) - 2023/08/15 20:27:12 CET [2023/08/15 14:27:12 ET]
Table '3631761938 1' 3-max Seat #1 is the button
Seat 1: Chaps7342 (1110 in chips) 
Seat 3: Mahu2021 (390 in chips) 
Chaps7342: posts small blind 15
Mahu2021: posts big blind 30
*** HOLE CARDS ***
Dealt to Mahu2021 [5d Td]
Chaps7342: raises 30 to 60
Mahu2021: folds 
Uncalled bet (30) returned to Chaps7342
Chaps7342 collected 60 from pot
*** SUMMARY ***
Total pot 60 | Rake 0 
Seat 1: Chaps7342 (button) (small blind) collected (60)
Seat 3: Mahu2021 (big blind) folded before Flop



PokerStars Hand #245408740210: Tournament #3631761938, $0.92+$0.08 USD Hold'em No Limit - Level II (15/30) - 2023/08/15 20:27:19 CET [2023/08/15 14:27:19 ET]
Table '3631761938 1' 3-max Seat #3 is the button
Seat 1: Chaps7342 (1140 in chips) 
Seat 3: Mahu2021 (360 in chips) 
Mahu2021: posts small blind 15
Chaps7342: posts big blind 30
*** HOLE CARDS ***
Dealt to Mahu2021 [5c Ad]
Mahu2021: raises 330 to 360 and is all-in
Chaps7342: calls 330
*** FLOP *** [4d 3h 9h]
*** TURN *** [4d 3h 9h] [Kc]
*** RIVER *** [4d 3h 9h Kc] [Qs]
*** SHOW DOWN ***
Chaps7342: shows [Qc Kd] (two pair, Kings and Queens)
Mahu2021: shows [5c Ad] (high card Ace)
Chaps7342 collected 720 from pot
Mahu2021 finished the tournament in 2nd place
Chaps7342 wins the tournament and receives $2.00 - congratulations!
*** SUMMARY ***
Total pot 720 | Rake 0 
Board [4d 3h 9h Kc Qs]
Seat 1: Chaps7342 (big blind) showed [Qc Kd] and won (720) with two pair, Kings and Queens
Seat 3: Mahu2021 (button) (small blind) showed [5c Ad] and lost with high card Ace



