PokerStars Hand #248947097733: Tournament #3717337747, $1.84+$0.16 USD Hold'em No Limit - Level I (10/20) - 2024/02/18 10:18:49 CET [2024/02/18 4:18:49 ET]
Table '3717337747 1' 3-max Seat #1 is the button
Seat 1: Mahu2021 (500 in chips) 
Seat 2: matei_mara (500 in chips) 
Seat 3: ChoboPower (500 in chips) 
matei_mara: posts small blind 10
ChoboPower: posts big blind 20
*** HOLE CARDS ***
Dealt to Mahu2021 [Ac 6s]
Mahu2021: raises 20 to 40
matei_mara: folds 
ChoboPower: calls 20
*** FLOP *** [9c 5c 5s]
ChoboPower: checks 
Mahu2021: checks 
*** TURN *** [9c 5c 5s] [4h]
ChoboPower: bets 40
Mahu2021: calls 40
*** RIVER *** [9c 5c 5s 4h] [Ah]
ChoboPower: checks 
Mahu2021: bets 40
ChoboPower: calls 40
*** SHOW DOWN ***
Mahu2021: shows [Ac 6s] (two pair, Aces and Fives)
ChoboPower: mucks hand 
Mahu2021 collected 250 from pot
*** SUMMARY ***
Total pot 250 | Rake 0 
Board [9c 5c 5s 4h Ah]
Seat 1: Mahu2021 (button) showed [Ac 6s] and won (250) with two pair, Aces and Fives
Seat 2: matei_mara (small blind) folded before Flop
Seat 3: ChoboPower (big blind) mucked [8d 4d]



PokerStars Hand #248947102591: Tournament #3717337747, $1.84+$0.16 USD Hold'em No Limit - Level I (10/20) - 2024/02/18 10:19:27 CET [2024/02/18 4:19:27 ET]
Table '3717337747 1' 3-max Seat #2 is the button
Seat 1: Mahu2021 (630 in chips) 
Seat 2: matei_mara (490 in chips) 
Seat 3: ChoboPower (380 in chips) 
ChoboPower: posts small blind 10
Mahu2021: posts big blind 20
*** HOLE CARDS ***
Dealt to Mahu2021 [9d 6s]
matei_mara: folds 
ChoboPower: folds 
Uncalled bet (10) returned to Mahu2021
Mahu2021 collected 20 from pot
Mahu2021: doesn't show hand 
*** SUMMARY ***
Total pot 20 | Rake 0 
Seat 1: Mahu2021 (big blind) collected (20)
Seat 2: matei_mara (button) folded before Flop (didn't bet)
Seat 3: ChoboPower (small blind) folded before Flop



PokerStars Hand #248947104218: Tournament #3717337747, $1.84+$0.16 USD Hold'em No Limit - Level I (10/20) - 2024/02/18 10:19:40 CET [2024/02/18 4:19:40 ET]
Table '3717337747 1' 3-max Seat #3 is the button
Seat 1: Mahu2021 (640 in chips) 
Seat 2: matei_mara (490 in chips) 
Seat 3: ChoboPower (370 in chips) 
Mahu2021: posts small blind 10
matei_mara: posts big blind 20
*** HOLE CARDS ***
Dealt to Mahu2021 [3d Ah]
ChoboPower: folds 
Mahu2021: raises 20 to 40
matei_mara: calls 20
*** FLOP *** [4s 7s 6s]
Mahu2021: checks 
matei_mara: checks 
*** TURN *** [4s 7s 6s] [9h]
Mahu2021: checks 
matei_mara: bets 20
Mahu2021: calls 20
*** RIVER *** [4s 7s 6s 9h] [9s]
Mahu2021: checks 
matei_mara: bets 20
Mahu2021: folds 
Uncalled bet (20) returned to matei_mara
matei_mara collected 120 from pot
*** SUMMARY ***
Total pot 120 | Rake 0 
Board [4s 7s 6s 9h 9s]
Seat 1: Mahu2021 (small blind) folded on the River
Seat 2: matei_mara (big blind) collected (120)
Seat 3: ChoboPower (button) folded before Flop (didn't bet)



PokerStars Hand #248947106471: Tournament #3717337747, $1.84+$0.16 USD Hold'em No Limit - Level I (10/20) - 2024/02/18 10:19:58 CET [2024/02/18 4:19:58 ET]
Table '3717337747 1' 3-max Seat #1 is the button
Seat 1: Mahu2021 (580 in chips) 
Seat 2: matei_mara (550 in chips) 
Seat 3: ChoboPower (370 in chips) 
matei_mara: posts small blind 10
ChoboPower: posts big blind 20
*** HOLE CARDS ***
Dealt to Mahu2021 [Qh 3s]
Mahu2021: folds 
matei_mara: raises 20 to 40
ChoboPower: raises 330 to 370 and is all-in
matei_mara: folds 
Uncalled bet (330) returned to ChoboPower
ChoboPower collected 80 from pot
ChoboPower: doesn't show hand 
*** SUMMARY ***
Total pot 80 | Rake 0 
Seat 1: Mahu2021 (button) folded before Flop (didn't bet)
Seat 2: matei_mara (small blind) folded before Flop
Seat 3: ChoboPower (big blind) collected (80)



PokerStars Hand #248947107603: Tournament #3717337747, $1.84+$0.16 USD Hold'em No Limit - Level I (10/20) - 2024/02/18 10:20:07 CET [2024/02/18 4:20:07 ET]
Table '3717337747 1' 3-max Seat #2 is the button
Seat 1: Mahu2021 (580 in chips) 
Seat 2: matei_mara (510 in chips) 
Seat 3: ChoboPower (410 in chips) 
ChoboPower: posts small blind 10
Mahu2021: posts big blind 20
*** HOLE CARDS ***
Dealt to Mahu2021 [3h 6h]
matei_mara: folds 
ChoboPower: folds 
Uncalled bet (10) returned to Mahu2021
Mahu2021 collected 20 from pot
Mahu2021: doesn't show hand 
*** SUMMARY ***
Total pot 20 | Rake 0 
Seat 1: Mahu2021 (big blind) collected (20)
Seat 2: matei_mara (button) folded before Flop (didn't bet)
Seat 3: ChoboPower (small blind) folded before Flop



PokerStars Hand #248947108395: Tournament #3717337747, $1.84+$0.16 USD Hold'em No Limit - Level I (10/20) - 2024/02/18 10:20:13 CET [2024/02/18 4:20:13 ET]
Table '3717337747 1' 3-max Seat #3 is the button
Seat 1: Mahu2021 (590 in chips) 
Seat 2: matei_mara (510 in chips) 
Seat 3: ChoboPower (400 in chips) 
Mahu2021: posts small blind 10
matei_mara: posts big blind 20
*** HOLE CARDS ***
Dealt to Mahu2021 [3s 6c]
ChoboPower: folds 
Mahu2021: calls 10
matei_mara: checks 
*** FLOP *** [8h Qs 8s]
Mahu2021: checks 
matei_mara: checks 
*** TURN *** [8h Qs 8s] [4c]
Mahu2021: bets 20
matei_mara: calls 20
*** RIVER *** [8h Qs 8s 4c] [Jc]
Mahu2021: checks 
matei_mara: checks 
*** SHOW DOWN ***
Mahu2021: shows [3s 6c] (a pair of Eights)
matei_mara: shows [7s 4d] (two pair, Eights and Fours)
matei_mara collected 80 from pot
*** SUMMARY ***
Total pot 80 | Rake 0 
Board [8h Qs 8s 4c Jc]
Seat 1: Mahu2021 (small blind) showed [3s 6c] and lost with a pair of Eights
Seat 2: matei_mara (big blind) showed [7s 4d] and won (80) with two pair, Eights and Fours
Seat 3: ChoboPower (button) folded before Flop (didn't bet)



PokerStars Hand #248947110041: Tournament #3717337747, $1.84+$0.16 USD Hold'em No Limit - Level I (10/20) - 2024/02/18 10:20:25 CET [2024/02/18 4:20:25 ET]
Table '3717337747 1' 3-max Seat #1 is the button
Seat 1: Mahu2021 (550 in chips) 
Seat 2: matei_mara (550 in chips) 
Seat 3: ChoboPower (400 in chips) 
matei_mara: posts small blind 10
ChoboPower: posts big blind 20
*** HOLE CARDS ***
Dealt to Mahu2021 [Ad 5h]
Mahu2021: raises 20 to 40
matei_mara: folds 
ChoboPower: calls 20
*** FLOP *** [Td 9c 2h]
ChoboPower: checks 
Mahu2021: checks 
*** TURN *** [Td 9c 2h] [8c]
ChoboPower: bets 62
Mahu2021: folds 
Uncalled bet (62) returned to ChoboPower
ChoboPower collected 90 from pot
ChoboPower: doesn't show hand 
*** SUMMARY ***
Total pot 90 | Rake 0 
Board [Td 9c 2h 8c]
Seat 1: Mahu2021 (button) folded on the Turn
Seat 2: matei_mara (small blind) folded before Flop
Seat 3: ChoboPower (big blind) collected (90)



PokerStars Hand #248947112481: Tournament #3717337747, $1.84+$0.16 USD Hold'em No Limit - Level I (10/20) - 2024/02/18 10:20:45 CET [2024/02/18 4:20:45 ET]
Table '3717337747 1' 3-max Seat #2 is the button
Seat 1: Mahu2021 (510 in chips) 
Seat 2: matei_mara (540 in chips) 
Seat 3: ChoboPower (450 in chips) 
ChoboPower: posts small blind 10
Mahu2021: posts big blind 20
*** HOLE CARDS ***
Dealt to Mahu2021 [3d 2d]
matei_mara: raises 20 to 40
ChoboPower: folds 
Mahu2021: calls 20
*** FLOP *** [Jc Ah Jd]
Mahu2021: checks 
matei_mara: checks 
*** TURN *** [Jc Ah Jd] [Kh]
Mahu2021: checks 
matei_mara: bets 45
Mahu2021: folds 
Uncalled bet (45) returned to matei_mara
matei_mara collected 90 from pot
*** SUMMARY ***
Total pot 90 | Rake 0 
Board [Jc Ah Jd Kh]
Seat 1: Mahu2021 (big blind) folded on the Turn
Seat 2: matei_mara (button) collected (90)
Seat 3: ChoboPower (small blind) folded before Flop



PokerStars Hand #248947114843: Tournament #3717337747, $1.84+$0.16 USD Hold'em No Limit - Level II (15/30) - 2024/02/18 10:21:03 CET [2024/02/18 4:21:03 ET]
Table '3717337747 1' 3-max Seat #3 is the button
Seat 1: Mahu2021 (470 in chips) 
Seat 2: matei_mara (590 in chips) 
Seat 3: ChoboPower (440 in chips) 
Mahu2021: posts small blind 15
matei_mara: posts big blind 30
*** HOLE CARDS ***
Dealt to Mahu2021 [Qd 8s]
ChoboPower: folds 
Mahu2021: raises 30 to 60
matei_mara: calls 30
*** FLOP *** [8h 4s 2d]
Mahu2021: bets 60
matei_mara: folds 
Uncalled bet (60) returned to Mahu2021
Mahu2021 collected 120 from pot
Mahu2021: doesn't show hand 
*** SUMMARY ***
Total pot 120 | Rake 0 
Board [8h 4s 2d]
Seat 1: Mahu2021 (small blind) collected (120)
Seat 2: matei_mara (big blind) folded on the Flop
Seat 3: ChoboPower (button) folded before Flop (didn't bet)



PokerStars Hand #248947116025: Tournament #3717337747, $1.84+$0.16 USD Hold'em No Limit - Level II (15/30) - 2024/02/18 10:21:12 CET [2024/02/18 4:21:12 ET]
Table '3717337747 1' 3-max Seat #1 is the button
Seat 1: Mahu2021 (530 in chips) 
Seat 2: matei_mara (530 in chips) 
Seat 3: ChoboPower (440 in chips) 
matei_mara: posts small blind 15
ChoboPower: posts big blind 30
*** HOLE CARDS ***
Dealt to Mahu2021 [Ac 8c]
Mahu2021: raises 30 to 60
matei_mara: folds 
ChoboPower: raises 380 to 440 and is all-in
Mahu2021: calls 380
*** FLOP *** [6s 8d Ad]
*** TURN *** [6s 8d Ad] [6c]
*** RIVER *** [6s 8d Ad 6c] [Jc]
*** SHOW DOWN ***
ChoboPower: shows [9h 9c] (two pair, Nines and Sixes)
Mahu2021: shows [Ac 8c] (two pair, Aces and Eights)
Mahu2021 collected 895 from pot
ChoboPower finished the tournament in 3rd place
*** SUMMARY ***
Total pot 895 | Rake 0 
Board [6s 8d Ad 6c Jc]
Seat 1: Mahu2021 (button) showed [Ac 8c] and won (895) with two pair, Aces and Eights
Seat 2: matei_mara (small blind) folded before Flop
Seat 3: ChoboPower (big blind) showed [9h 9c] and lost with two pair, Nines and Sixes



PokerStars Hand #248947118384: Tournament #3717337747, $1.84+$0.16 USD Hold'em No Limit - Level II (15/30) - 2024/02/18 10:21:31 CET [2024/02/18 4:21:31 ET]
Table '3717337747 1' 3-max Seat #2 is the button
Seat 1: Mahu2021 (985 in chips) 
Seat 2: matei_mara (515 in chips) 
matei_mara: posts small blind 15
Mahu2021: posts big blind 30
*** HOLE CARDS ***
Dealt to Mahu2021 [9h 2c]
matei_mara: calls 15
Mahu2021: checks 
*** FLOP *** [3d Qc 2s]
Mahu2021: checks 
matei_mara: checks 
*** TURN *** [3d Qc 2s] [Qd]
Mahu2021: checks 
matei_mara: checks 
*** RIVER *** [3d Qc 2s Qd] [2h]
Mahu2021: checks 
matei_mara: checks 
*** SHOW DOWN ***
Mahu2021: shows [9h 2c] (a full house, Deuces full of Queens)
matei_mara: mucks hand 
Mahu2021 collected 60 from pot
*** SUMMARY ***
Total pot 60 | Rake 0 
Board [3d Qc 2s Qd 2h]
Seat 1: Mahu2021 (big blind) showed [9h 2c] and won (60) with a full house, Deuces full of Queens
Seat 2: matei_mara (button) (small blind) mucked [4s Kc]



PokerStars Hand #248947119925: Tournament #3717337747, $1.84+$0.16 USD Hold'em No Limit - Level II (15/30) - 2024/02/18 10:21:42 CET [2024/02/18 4:21:42 ET]
Table '3717337747 1' 3-max Seat #1 is the button
Seat 1: Mahu2021 (1015 in chips) 
Seat 2: matei_mara (485 in chips) 
Mahu2021: posts small blind 15
matei_mara: posts big blind 30
*** HOLE CARDS ***
Dealt to Mahu2021 [Ac 3c]
Mahu2021: raises 30 to 60
matei_mara: folds 
Uncalled bet (30) returned to Mahu2021
Mahu2021 collected 60 from pot
Mahu2021: doesn't show hand 
*** SUMMARY ***
Total pot 60 | Rake 0 
Seat 1: Mahu2021 (button) (small blind) collected (60)
Seat 2: matei_mara (big blind) folded before Flop



PokerStars Hand #248947120571: Tournament #3717337747, $1.84+$0.16 USD Hold'em No Limit - Level II (15/30) - 2024/02/18 10:21:48 CET [2024/02/18 4:21:48 ET]
Table '3717337747 1' 3-max Seat #2 is the button
Seat 1: Mahu2021 (1045 in chips) 
Seat 2: matei_mara (455 in chips) 
matei_mara: posts small blind 15
Mahu2021: posts big blind 30
*** HOLE CARDS ***
Dealt to Mahu2021 [Jc 5d]
matei_mara: folds 
Uncalled bet (15) returned to Mahu2021
Mahu2021 collected 30 from pot
Mahu2021: doesn't show hand 
*** SUMMARY ***
Total pot 30 | Rake 0 
Seat 1: Mahu2021 (big blind) collected (30)
Seat 2: matei_mara (button) (small blind) folded before Flop



PokerStars Hand #248947121112: Tournament #3717337747, $1.84+$0.16 USD Hold'em No Limit - Level II (15/30) - 2024/02/18 10:21:52 CET [2024/02/18 4:21:52 ET]
Table '3717337747 1' 3-max Seat #1 is the button
Seat 1: Mahu2021 (1060 in chips) 
Seat 2: matei_mara (440 in chips) 
Mahu2021: posts small blind 15
matei_mara: posts big blind 30
*** HOLE CARDS ***
Dealt to Mahu2021 [Qs Qc]
Mahu2021: raises 1030 to 1060 and is all-in
matei_mara: folds 
Uncalled bet (1030) returned to Mahu2021
Mahu2021 collected 60 from pot
Mahu2021: doesn't show hand 
*** SUMMARY ***
Total pot 60 | Rake 0 
Seat 1: Mahu2021 (button) (small blind) collected (60)
Seat 2: matei_mara (big blind) folded before Flop



PokerStars Hand #248947121983: Tournament #3717337747, $1.84+$0.16 USD Hold'em No Limit - Level II (15/30) - 2024/02/18 10:21:59 CET [2024/02/18 4:21:59 ET]
Table '3717337747 1' 3-max Seat #2 is the button
Seat 1: Mahu2021 (1090 in chips) 
Seat 2: matei_mara (410 in chips) 
matei_mara: posts small blind 15
Mahu2021: posts big blind 30
*** HOLE CARDS ***
Dealt to Mahu2021 [4s 3h]
matei_mara: raises 30 to 60
Mahu2021: calls 30
*** FLOP *** [2d 3d 4c]
Mahu2021: checks 
matei_mara: bets 30
Mahu2021: calls 30
*** TURN *** [2d 3d 4c] [5d]
Mahu2021: checks 
matei_mara: checks 
*** RIVER *** [2d 3d 4c 5d] [8c]
Mahu2021: checks 
matei_mara: bets 90
Mahu2021: calls 90
*** SHOW DOWN ***
matei_mara: shows [9s Th] (high card Ten)
Mahu2021: shows [4s 3h] (two pair, Fours and Threes)
Mahu2021 collected 360 from pot
*** SUMMARY ***
Total pot 360 | Rake 0 
Board [2d 3d 4c 5d 8c]
Seat 1: Mahu2021 (big blind) showed [4s 3h] and won (360) with two pair, Fours and Threes
Seat 2: matei_mara (button) (small blind) showed [9s Th] and lost with high card Ten



PokerStars Hand #248947123837: Tournament #3717337747, $1.84+$0.16 USD Hold'em No Limit - Level II (15/30) - 2024/02/18 10:22:13 CET [2024/02/18 4:22:13 ET]
Table '3717337747 1' 3-max Seat #1 is the button
Seat 1: Mahu2021 (1270 in chips) 
Seat 2: matei_mara (230 in chips) 
Mahu2021: posts small blind 15
matei_mara: posts big blind 30
*** HOLE CARDS ***
Dealt to Mahu2021 [Jc 2s]
Mahu2021: calls 15
matei_mara: raises 30 to 60
Mahu2021: calls 30
*** FLOP *** [Ts Kh 4s]
matei_mara: bets 120
Mahu2021: folds 
Uncalled bet (120) returned to matei_mara
matei_mara collected 120 from pot
*** SUMMARY ***
Total pot 120 | Rake 0 
Board [Ts Kh 4s]
Seat 1: Mahu2021 (button) (small blind) folded on the Flop
Seat 2: matei_mara (big blind) collected (120)



PokerStars Hand #248947125203: Tournament #3717337747, $1.84+$0.16 USD Hold'em No Limit - Level II (15/30) - 2024/02/18 10:22:24 CET [2024/02/18 4:22:24 ET]
Table '3717337747 1' 3-max Seat #2 is the button
Seat 1: Mahu2021 (1210 in chips) 
Seat 2: matei_mara (290 in chips) 
matei_mara: posts small blind 15
Mahu2021: posts big blind 30
*** HOLE CARDS ***
Dealt to Mahu2021 [4d 3s]
matei_mara: raises 30 to 60
Mahu2021: folds 
Uncalled bet (30) returned to matei_mara
matei_mara collected 60 from pot
*** SUMMARY ***
Total pot 60 | Rake 0 
Seat 1: Mahu2021 (big blind) folded before Flop
Seat 2: matei_mara (button) (small blind) collected (60)



PokerStars Hand #248947126202: Tournament #3717337747, $1.84+$0.16 USD Hold'em No Limit - Level II (15/30) - 2024/02/18 10:22:32 CET [2024/02/18 4:22:32 ET]
Table '3717337747 1' 3-max Seat #1 is the button
Seat 1: Mahu2021 (1180 in chips) 
Seat 2: matei_mara (320 in chips) 
Mahu2021: posts small blind 15
matei_mara: posts big blind 30
*** HOLE CARDS ***
Dealt to Mahu2021 [Qh Ad]
Mahu2021: raises 30 to 60
matei_mara: folds 
Uncalled bet (30) returned to Mahu2021
Mahu2021 collected 60 from pot
Mahu2021: doesn't show hand 
*** SUMMARY ***
Total pot 60 | Rake 0 
Seat 1: Mahu2021 (button) (small blind) collected (60)
Seat 2: matei_mara (big blind) folded before Flop



PokerStars Hand #248947126907: Tournament #3717337747, $1.84+$0.16 USD Hold'em No Limit - Level II (15/30) - 2024/02/18 10:22:37 CET [2024/02/18 4:22:37 ET]
Table '3717337747 1' 3-max Seat #2 is the button
Seat 1: Mahu2021 (1210 in chips) 
Seat 2: matei_mara (290 in chips) 
matei_mara: posts small blind 15
Mahu2021: posts big blind 30
*** HOLE CARDS ***
Dealt to Mahu2021 [2h As]
matei_mara: raises 60 to 90
Mahu2021: calls 60
*** FLOP *** [8d Qd 2s]
Mahu2021: checks 
matei_mara: checks 
*** TURN *** [8d Qd 2s] [6c]
Mahu2021: bets 1120 and is all-in
matei_mara: folds 
Uncalled bet (1120) returned to Mahu2021
Mahu2021 collected 180 from pot
Mahu2021: doesn't show hand 
*** SUMMARY ***
Total pot 180 | Rake 0 
Board [8d Qd 2s 6c]
Seat 1: Mahu2021 (big blind) collected (180)
Seat 2: matei_mara (button) (small blind) folded on the Turn



PokerStars Hand #248947128466: Tournament #3717337747, $1.84+$0.16 USD Hold'em No Limit - Level II (15/30) - 2024/02/18 10:22:50 CET [2024/02/18 4:22:50 ET]
Table '3717337747 1' 3-max Seat #1 is the button
Seat 1: Mahu2021 (1300 in chips) 
Seat 2: matei_mara (200 in chips) 
Mahu2021: posts small blind 15
matei_mara: posts big blind 30
*** HOLE CARDS ***
Dealt to Mahu2021 [8c Ac]
Mahu2021: raises 30 to 60
matei_mara: raises 140 to 200 and is all-in
Mahu2021: calls 140
*** FLOP *** [9d 4h Th]
*** TURN *** [9d 4h Th] [6h]
*** RIVER *** [9d 4h Th 6h] [Td]
*** SHOW DOWN ***
matei_mara: shows [Ah 7s] (a pair of Tens)
Mahu2021: shows [8c Ac] (a pair of Tens - Ace+Nine+Eight kicker)
Mahu2021 collected 400 from pot
matei_mara finished the tournament in 2nd place
Mahu2021 wins the tournament and receives $4.00 - congratulations!
*** SUMMARY ***
Total pot 400 | Rake 0 
Board [9d 4h Th 6h Td]
Seat 1: Mahu2021 (button) (small blind) showed [8c Ac] and won (400) with a pair of Tens
Seat 2: matei_mara (big blind) showed [Ah 7s] and lost with a pair of Tens



