PokerStars Zoom Hand #254034841238:  Hold'em No Limit ($0.05/$0.10) - 2024/12/26 16:43:10 CET [2024/12/26 10:43:10 ET]
Table 'Aludra' 6-max Seat #1 is the button
Seat 1: Tutin721 ($14.55 in chips) 
Seat 2: luizcknc ($20.02 in chips) 
Seat 3: Mahu2021 ($10 in chips) 
Seat 4: danyboy6969 ($11.19 in chips) 
Seat 5: mad234 ($2.22 in chips) 
Seat 6: maiklLNR ($8.76 in chips) 
luizcknc: posts small blind $0.05
Mahu2021: posts big blind $0.10
*** HOLE CARDS ***
Dealt to Mahu2021 [5c Kd]
danyboy6969: folds 
mad234: folds 
maiklLNR: raises $0.40 to $0.50
Tutin721: folds 
luizcknc: folds 
Mahu2021: folds 
Uncalled bet ($0.40) returned to maiklLNR
maiklLNR collected $0.25 from pot
maiklLNR: doesn't show hand 
*** SUMMARY ***
Total pot $0.25 | Rake $0 
Seat 1: Tutin721 (button) folded before Flop (didn't bet)
Seat 2: luizcknc (small blind) folded before Flop
Seat 3: Mahu2021 (big blind) folded before Flop
Seat 4: danyboy6969 folded before Flop (didn't bet)
Seat 5: mad234 folded before Flop (didn't bet)
Seat 6: maiklLNR collected ($0.25)



PokerStars Zoom Hand #254034844243:  Hold'em No Limit ($0.05/$0.10) - 2024/12/26 16:43:23 CET [2024/12/26 10:43:23 ET]
Table 'Aludra' 6-max Seat #1 is the button
Seat 1: MiikaFinland ($8.92 in chips) 
Seat 2: Mahu2021 ($9.90 in chips) 
Seat 3: kcraven j ($8.71 in chips) 
Seat 4: 1337null ($8.79 in chips) 
Seat 5: danyboy6969 ($15.99 in chips) 
Seat 6: aXoloTLbaby ($10 in chips) 
Mahu2021: posts small blind $0.05
kcraven j: posts big blind $0.10
*** HOLE CARDS ***
Dealt to Mahu2021 [Ac 8c]
1337null: folds 
danyboy6969: folds 
aXoloTLbaby: folds 
MiikaFinland: raises $0.20 to $0.30
Mahu2021: calls $0.25
kcraven j: folds 
*** FLOP *** [8s 5d 6s]
Mahu2021: checks 
MiikaFinland: checks 
*** TURN *** [8s 5d 6s] [Qs]
Mahu2021: checks 
MiikaFinland: checks 
*** RIVER *** [8s 5d 6s Qs] [2c]
Mahu2021: bets $0.20
MiikaFinland: calls $0.20
*** SHOW DOWN ***
Mahu2021: shows [Ac 8c] (a pair of Eights)
MiikaFinland: mucks hand 
Mahu2021 collected $1.05 from pot
*** SUMMARY ***
Total pot $1.10 | Rake $0.05 
Board [8s 5d 6s Qs 2c]
Seat 1: MiikaFinland (button) mucked [3h 3d]
Seat 2: Mahu2021 (small blind) showed [Ac 8c] and won ($1.05) with a pair of Eights
Seat 3: kcraven j (big blind) folded before Flop
Seat 4: 1337null folded before Flop (didn't bet)
Seat 5: danyboy6969 folded before Flop (didn't bet)
Seat 6: aXoloTLbaby folded before Flop (didn't bet)



PokerStars Zoom Hand #254034850349:  Hold'em No Limit ($0.05/$0.10) - 2024/12/26 16:43:50 CET [2024/12/26 10:43:50 ET]
Table 'Aludra' 6-max Seat #1 is the button
Seat 1: eimonkogure ($10 in chips) 
Seat 2: Fakasaki ($48.70 in chips) 
Seat 3: Lenardic100 ($10.44 in chips) 
Seat 4: Greece1975 ($15.80 in chips) 
Seat 5: Rodar80 ($8.79 in chips) 
Seat 6: Mahu2021 ($10.45 in chips) 
Fakasaki: posts small blind $0.05
Lenardic100: posts big blind $0.10
*** HOLE CARDS ***
Dealt to Mahu2021 [8s 7s]
Greece1975: folds 
Rodar80: folds 
Mahu2021: raises $0.20 to $0.30
eimonkogure: folds 
Fakasaki: raises $0.90 to $1.20
Lenardic100: folds 
Mahu2021: folds 
Uncalled bet ($0.90) returned to Fakasaki
Fakasaki collected $0.70 from pot
Fakasaki: doesn't show hand 
*** SUMMARY ***
Total pot $0.70 | Rake $0 
Seat 1: eimonkogure (button) folded before Flop (didn't bet)
Seat 2: Fakasaki (small blind) collected ($0.70)
Seat 3: Lenardic100 (big blind) folded before Flop
Seat 4: Greece1975 folded before Flop (didn't bet)
Seat 5: Rodar80 folded before Flop (didn't bet)
Seat 6: Mahu2021 folded before Flop



PokerStars Zoom Hand #254034854281:  Hold'em No Limit ($0.05/$0.10) - 2024/12/26 16:44:07 CET [2024/12/26 10:44:07 ET]
Table 'Aludra' 6-max Seat #1 is the button
Seat 1: Mahu2021 ($10.15 in chips) 
Seat 2: East_Zoo ($24.54 in chips) 
Seat 3: kopasy ($16.45 in chips) 
Seat 4: choibaki ($20.88 in chips) 
Seat 5: iwantyoumoney ($10.23 in chips) 
Seat 6: cheddarman24 ($25.07 in chips) 
East_Zoo: posts small blind $0.05
kopasy: posts big blind $0.10
*** HOLE CARDS ***
Dealt to Mahu2021 [9s Qc]
choibaki: folds 
iwantyoumoney: folds 
cheddarman24: folds 
Mahu2021: folds 
East_Zoo: folds 
Uncalled bet ($0.05) returned to kopasy
kopasy collected $0.10 from pot
kopasy: doesn't show hand 
*** SUMMARY ***
Total pot $0.10 | Rake $0 
Seat 1: Mahu2021 (button) folded before Flop (didn't bet)
Seat 2: East_Zoo (small blind) folded before Flop
Seat 3: kopasy (big blind) collected ($0.10)
Seat 4: choibaki folded before Flop (didn't bet)
Seat 5: iwantyoumoney folded before Flop (didn't bet)
Seat 6: cheddarman24 folded before Flop (didn't bet)



PokerStars Zoom Hand #254034855454:  Hold'em No Limit ($0.05/$0.10) - 2024/12/26 16:44:12 CET [2024/12/26 10:44:12 ET]
Table 'Aludra' 6-max Seat #1 is the button
Seat 1: Lenardic100 ($10.34 in chips) 
Seat 2: kcraven j ($19.98 in chips) 
Seat 3: Aruce1 ($31.58 in chips) 
Seat 4: DopeVision69 ($19.71 in chips) 
Seat 5: Mahu2021 ($10.15 in chips) 
Seat 6: boris31.03 ($10.32 in chips) 
kcraven j: posts small blind $0.05
Aruce1: posts big blind $0.10
*** HOLE CARDS ***
Dealt to Mahu2021 [9d As]
DopeVision69: folds 
Mahu2021: folds 
boris31.03: folds 
Lenardic100: folds 
kcraven j: raises $0.20 to $0.30
Aruce1: folds 
Uncalled bet ($0.20) returned to kcraven j
kcraven j collected $0.20 from pot
kcraven j: doesn't show hand 
*** SUMMARY ***
Total pot $0.20 | Rake $0 
Seat 1: Lenardic100 (button) folded before Flop (didn't bet)
Seat 2: kcraven j (small blind) collected ($0.20)
Seat 3: Aruce1 (big blind) folded before Flop
Seat 4: DopeVision69 folded before Flop (didn't bet)
Seat 5: Mahu2021 folded before Flop (didn't bet)
Seat 6: boris31.03 folded before Flop (didn't bet)



PokerStars Zoom Hand #254034856320:  Hold'em No Limit ($0.05/$0.10) - 2024/12/26 16:44:16 CET [2024/12/26 10:44:16 ET]
Table 'Aludra' 6-max Seat #1 is the button
Seat 1: luizcknc ($19.38 in chips) 
Seat 2: eimonkogure ($10 in chips) 
Seat 3: boris31.03 ($10.32 in chips) 
Seat 4: ECEZ ($12.80 in chips) 
Seat 5: zoltanbilly ($37.22 in chips) 
Seat 6: Mahu2021 ($10.15 in chips) 
eimonkogure: posts small blind $0.05
boris31.03: posts big blind $0.10
*** HOLE CARDS ***
Dealt to Mahu2021 [4c 2h]
ECEZ: folds 
zoltanbilly: folds 
Mahu2021: folds 
luizcknc: folds 
eimonkogure: raises $0.15 to $0.25
boris31.03: calls $0.15
*** FLOP *** [9s Jc Ad]
eimonkogure: bets $0.24
boris31.03: folds 
Uncalled bet ($0.24) returned to eimonkogure
eimonkogure collected $0.48 from pot
eimonkogure: doesn't show hand 
*** SUMMARY ***
Total pot $0.50 | Rake $0.02 
Board [9s Jc Ad]
Seat 1: luizcknc (button) folded before Flop (didn't bet)
Seat 2: eimonkogure (small blind) collected ($0.48)
Seat 3: boris31.03 (big blind) folded on the Flop
Seat 4: ECEZ folded before Flop (didn't bet)
Seat 5: zoltanbilly folded before Flop (didn't bet)
Seat 6: Mahu2021 folded before Flop (didn't bet)



PokerStars Zoom Hand #254034857244:  Hold'em No Limit ($0.05/$0.10) - 2024/12/26 16:44:20 CET [2024/12/26 10:44:20 ET]
Table 'Aludra' 6-max Seat #1 is the button
Seat 1: Fakasaki ($19.64 in chips) 
Seat 2: Mahu2021 ($10.15 in chips) 
Seat 3: beas7m0de ($15.52 in chips) 
Seat 4: Fargo2015 ($10.56 in chips) 
Seat 5: East_Zoo ($24.49 in chips) 
Seat 6: pougia777 ($11.01 in chips) 
Mahu2021: posts small blind $0.05
beas7m0de: posts big blind $0.10
*** HOLE CARDS ***
Dealt to Mahu2021 [8s Ks]
Fargo2015: folds 
East_Zoo: folds 
pougia777: folds 
Fakasaki: raises $0.15 to $0.25
Mahu2021: calls $0.20
beas7m0de: folds 
*** FLOP *** [8c 3h 4c]
Mahu2021: bets $0.20
Fakasaki: calls $0.20
*** TURN *** [8c 3h 4c] [9s]
Mahu2021: bets $0.20
Fakasaki: calls $0.20
*** RIVER *** [8c 3h 4c 9s] [9d]
Mahu2021: bets $0.20
Fakasaki: folds 
Uncalled bet ($0.20) returned to Mahu2021
Mahu2021 collected $1.34 from pot
Mahu2021: doesn't show hand 
*** SUMMARY ***
Total pot $1.40 | Rake $0.06 
Board [8c 3h 4c 9s 9d]
Seat 1: Fakasaki (button) folded on the River
Seat 2: Mahu2021 (small blind) collected ($1.34)
Seat 3: beas7m0de (big blind) folded before Flop
Seat 4: Fargo2015 folded before Flop (didn't bet)
Seat 5: East_Zoo folded before Flop (didn't bet)
Seat 6: pougia777 folded before Flop (didn't bet)



PokerStars Zoom Hand #254034867313:  Hold'em No Limit ($0.05/$0.10) - 2024/12/26 16:45:03 CET [2024/12/26 10:45:03 ET]
Table 'Aludra' 6-max Seat #1 is the button
Seat 1: miya bey ($10.08 in chips) 
Seat 2: danyboy6969 ($22.38 in chips) 
Seat 3: Mahu2021 ($10.84 in chips) 
Seat 4: luizcknc ($15.62 in chips) 
Seat 5: eimonkogure ($10 in chips) 
Seat 6: Fakasaki ($18.99 in chips) 
danyboy6969: posts small blind $0.05
Mahu2021: posts big blind $0.10
*** HOLE CARDS ***
Dealt to Mahu2021 [6s Th]
luizcknc: raises $0.25 to $0.35
eimonkogure: folds 
Fakasaki: folds 
miya bey: folds 
danyboy6969: folds 
Mahu2021: folds 
Uncalled bet ($0.25) returned to luizcknc
luizcknc collected $0.25 from pot
luizcknc: doesn't show hand 
*** SUMMARY ***
Total pot $0.25 | Rake $0 
Seat 1: miya bey (button) folded before Flop (didn't bet)
Seat 2: danyboy6969 (small blind) folded before Flop
Seat 3: Mahu2021 (big blind) folded before Flop
Seat 4: luizcknc collected ($0.25)
Seat 5: eimonkogure folded before Flop (didn't bet)
Seat 6: Fakasaki folded before Flop (didn't bet)



PokerStars Zoom Hand #254034868266:  Hold'em No Limit ($0.05/$0.10) - 2024/12/26 16:45:08 CET [2024/12/26 10:45:08 ET]
Table 'Aludra' 6-max Seat #1 is the button
Seat 1: Mahu2021 ($10.74 in chips) 
Seat 2: Fakasaki ($18.99 in chips) 
Seat 3: beas7m0de ($11.68 in chips) 
Seat 4: ECEZ ($14.18 in chips) 
Seat 5: Bumbulbee_G ($11.76 in chips) 
Seat 6: anakondo87 ($15.23 in chips) 
Fakasaki: posts small blind $0.05
beas7m0de: posts big blind $0.10
*** HOLE CARDS ***
Dealt to Mahu2021 [2d Ks]
ECEZ: folds 
Bumbulbee_G: folds 
anakondo87: folds 
Mahu2021: folds 
Fakasaki: folds 
Uncalled bet ($0.05) returned to beas7m0de
beas7m0de collected $0.10 from pot
beas7m0de: doesn't show hand 
*** SUMMARY ***
Total pot $0.10 | Rake $0 
Seat 1: Mahu2021 (button) folded before Flop (didn't bet)
Seat 2: Fakasaki (small blind) folded before Flop
Seat 3: beas7m0de (big blind) collected ($0.10)
Seat 4: ECEZ folded before Flop (didn't bet)
Seat 5: Bumbulbee_G folded before Flop (didn't bet)
Seat 6: anakondo87 folded before Flop (didn't bet)



PokerStars Zoom Hand #254034869108:  Hold'em No Limit ($0.05/$0.10) - 2024/12/26 16:45:11 CET [2024/12/26 10:45:11 ET]
Table 'Aludra' 6-max Seat #1 is the button
Seat 1: anakondo87 ($15.23 in chips) 
Seat 2: gaturamard ($12.21 in chips) 
Seat 3: MiikaFinland ($8.54 in chips) 
Seat 4: COVEIROANCAP ($10.15 in chips) 
Seat 5: Mahu2021 ($10.74 in chips) 
Seat 6: Yeetboy123 ($10.10 in chips) 
gaturamard: posts small blind $0.05
MiikaFinland: posts big blind $0.10
*** HOLE CARDS ***
Dealt to Mahu2021 [7d 6s]
COVEIROANCAP: folds 
Mahu2021: folds 
Yeetboy123: folds 
anakondo87: folds 
gaturamard: folds 
Uncalled bet ($0.05) returned to MiikaFinland
MiikaFinland collected $0.10 from pot
MiikaFinland: doesn't show hand 
*** SUMMARY ***
Total pot $0.10 | Rake $0 
Seat 1: anakondo87 (button) folded before Flop (didn't bet)
Seat 2: gaturamard (small blind) folded before Flop
Seat 3: MiikaFinland (big blind) collected ($0.10)
Seat 4: COVEIROANCAP folded before Flop (didn't bet)
Seat 5: Mahu2021 folded before Flop (didn't bet)
Seat 6: Yeetboy123 folded before Flop (didn't bet)



PokerStars Zoom Hand #254034869985:  Hold'em No Limit ($0.05/$0.10) - 2024/12/26 16:45:15 CET [2024/12/26 10:45:15 ET]
Table 'Aludra' 6-max Seat #1 is the button
Seat 1: Yeetboy123 ($10.10 in chips) 
Seat 2: anakondo87 ($15.23 in chips) 
Seat 3: Aruce1 ($13.34 in chips) 
Seat 4: Mahu2021 ($10.74 in chips) 
Seat 5: ECEZ ($15.02 in chips) 
Seat 6: aXoloTLbaby ($10.11 in chips) 
anakondo87: posts small blind $0.05
Aruce1: posts big blind $0.10
*** HOLE CARDS ***
Dealt to Mahu2021 [3d 7d]
Mahu2021: folds 
ECEZ: raises $0.12 to $0.22
aXoloTLbaby: raises $0.83 to $1.05
Yeetboy123: folds 
anakondo87: folds 
Aruce1: folds 
ECEZ: folds 
Uncalled bet ($0.83) returned to aXoloTLbaby
aXoloTLbaby collected $0.59 from pot
aXoloTLbaby: doesn't show hand 
*** SUMMARY ***
Total pot $0.59 | Rake $0 
Seat 1: Yeetboy123 (button) folded before Flop (didn't bet)
Seat 2: anakondo87 (small blind) folded before Flop
Seat 3: Aruce1 (big blind) folded before Flop
Seat 4: Mahu2021 folded before Flop (didn't bet)
Seat 5: ECEZ folded before Flop
Seat 6: aXoloTLbaby collected ($0.59)



PokerStars Zoom Hand #254034870870:  Hold'em No Limit ($0.05/$0.10) - 2024/12/26 16:45:19 CET [2024/12/26 10:45:19 ET]
Table 'Aludra' 6-max Seat #1 is the button
Seat 1: CHaaIRMAN ($8.97 in chips) 
Seat 2: Myggaz ($6.19 in chips) 
Seat 3: Mahu2021 ($10.74 in chips) 
Seat 4: danyboy6969 ($22.33 in chips) 
Seat 5: Bumbulbee_G ($12.59 in chips) 
Seat 6: gaturamard ($12.16 in chips) 
Myggaz: posts small blind $0.05
Mahu2021: posts big blind $0.10
*** HOLE CARDS ***
Dealt to Mahu2021 [7s 8c]
danyboy6969: folds 
Bumbulbee_G: folds 
gaturamard: folds 
CHaaIRMAN: folds 
Myggaz: raises $0.15 to $0.25
Mahu2021: calls $0.15
*** FLOP *** [Js 8h Ks]
Myggaz: checks 
Mahu2021: bets $0.20
Myggaz: raises $0.20 to $0.40
Mahu2021: calls $0.20
*** TURN *** [Js 8h Ks] [Th]
Myggaz: checks 
Mahu2021: checks 
*** RIVER *** [Js 8h Ks Th] [8s]
Myggaz: checks 
Mahu2021: bets $1.24
Myggaz: folds 
Uncalled bet ($1.24) returned to Mahu2021
Mahu2021 collected $1.24 from pot
Mahu2021: doesn't show hand 
*** SUMMARY ***
Total pot $1.30 | Rake $0.06 
Board [Js 8h Ks Th 8s]
Seat 1: CHaaIRMAN (button) folded before Flop (didn't bet)
Seat 2: Myggaz (small blind) folded on the River
Seat 3: Mahu2021 (big blind) collected ($1.24)
Seat 4: danyboy6969 folded before Flop (didn't bet)
Seat 5: Bumbulbee_G folded before Flop (didn't bet)
Seat 6: gaturamard folded before Flop (didn't bet)



PokerStars Zoom Hand #254034893820:  Hold'em No Limit ($0.05/$0.10) - 2024/12/26 16:47:00 CET [2024/12/26 10:47:00 ET]
Table 'Aludra' 6-max Seat #1 is the button
Seat 1: Tutin721 ($13.26 in chips) 
Seat 2: gualtersales ($7.50 in chips) 
Seat 3: alboiumarian ($8.27 in chips) 
Seat 4: Greece1975 ($19.97 in chips) 
Seat 5: Mahu2021 ($11.28 in chips) 
Seat 6: MiikaFinland ($7.24 in chips) 
gualtersales: posts small blind $0.05
alboiumarian: posts big blind $0.10
*** HOLE CARDS ***
Dealt to Mahu2021 [3d 7s]
Greece1975: folds 
Mahu2021: folds 
MiikaFinland: raises $0.25 to $0.35
Tutin721: folds 
gualtersales: folds 
alboiumarian: folds 
Uncalled bet ($0.25) returned to MiikaFinland
MiikaFinland collected $0.25 from pot
MiikaFinland: doesn't show hand 
*** SUMMARY ***
Total pot $0.25 | Rake $0 
Seat 1: Tutin721 (button) folded before Flop (didn't bet)
Seat 2: gualtersales (small blind) folded before Flop
Seat 3: alboiumarian (big blind) folded before Flop
Seat 4: Greece1975 folded before Flop (didn't bet)
Seat 5: Mahu2021 folded before Flop (didn't bet)
Seat 6: MiikaFinland collected ($0.25)



PokerStars Zoom Hand #254034892931:  Hold'em No Limit ($0.05/$0.10) - 2024/12/26 16:46:55 CET [2024/12/26 10:46:55 ET]
Table 'Aludra' 6-max Seat #1 is the button
Seat 1: MiikaFinland ($7.24 in chips) 
Seat 2: luizcknc ($18.71 in chips) 
Seat 3: aXoloTLbaby ($10 in chips) 
Seat 4: Tutin721 ($13.26 in chips) 
Seat 5: COVEIROANCAP ($10.15 in chips) 
Seat 6: Mahu2021 ($11.28 in chips) 
luizcknc: posts small blind $0.05
aXoloTLbaby: posts big blind $0.10
*** HOLE CARDS ***
Dealt to Mahu2021 [6c 8s]
Tutin721: folds 
COVEIROANCAP: folds 
Mahu2021: folds 
MiikaFinland: folds 
luizcknc: folds 
Uncalled bet ($0.05) returned to aXoloTLbaby
aXoloTLbaby collected $0.10 from pot
aXoloTLbaby: doesn't show hand 
*** SUMMARY ***
Total pot $0.10 | Rake $0 
Seat 1: MiikaFinland (button) folded before Flop (didn't bet)
Seat 2: luizcknc (small blind) folded before Flop
Seat 3: aXoloTLbaby (big blind) collected ($0.10)
Seat 4: Tutin721 folded before Flop (didn't bet)
Seat 5: COVEIROANCAP folded before Flop (didn't bet)
Seat 6: Mahu2021 folded before Flop (didn't bet)



PokerStars Zoom Hand #254034894948:  Hold'em No Limit ($0.05/$0.10) - 2024/12/26 16:47:05 CET [2024/12/26 10:47:05 ET]
Table 'Aludra' 6-max Seat #1 is the button
Seat 1: E2AS ($6.21 in chips) 
Seat 2: 777aprilia ($1.94 in chips) 
Seat 3: Aruce1 ($33.78 in chips) 
Seat 4: Mahu2021 ($11.28 in chips) 
Seat 5: Rodar80 ($8.92 in chips) 
Seat 6: gualtersales ($7.45 in chips) 
777aprilia: posts small blind $0.05
Aruce1: posts big blind $0.10
*** HOLE CARDS ***
Dealt to Mahu2021 [Ah Kh]
Mahu2021: raises $0.20 to $0.30
Rodar80: folds 
gualtersales: folds 
E2AS: calls $0.30
777aprilia: folds 
Aruce1: folds 
*** FLOP *** [Kd Kc 3s]
Mahu2021: checks 
E2AS: bets $0.24
Mahu2021: calls $0.24
*** TURN *** [Kd Kc 3s] [4d]
Mahu2021: checks 
E2AS: checks 
*** RIVER *** [Kd Kc 3s 4d] [Jc]
Mahu2021: bets $1.17
E2AS: calls $1.17
*** SHOW DOWN ***
Mahu2021: shows [Ah Kh] (three of a kind, Kings)
E2AS: mucks hand 
Mahu2021 collected $3.41 from pot
*** SUMMARY ***
Total pot $3.57 | Rake $0.16 
Board [Kd Kc 3s 4d Jc]
Seat 1: E2AS (button) mucked [5h 5d]
Seat 2: 777aprilia (small blind) folded before Flop
Seat 3: Aruce1 (big blind) folded before Flop
Seat 4: Mahu2021 showed [Ah Kh] and won ($3.41) with three of a kind, Kings
Seat 5: Rodar80 folded before Flop (didn't bet)
Seat 6: gualtersales folded before Flop (didn't bet)



