PokerStars Hand #244029102079: Tournament #3598814479, $0.92+$0.08 USD Hold'em No Limit - Level I (10/20) - 2023/06/01 14:52:02 CET [2023/06/01 8:52:02 ET]
Table '3598814479 1' 3-max Seat #1 is the button
Seat 1: ABBOSS888 (500 in chips) 
Seat 2: Mahu2021 (500 in chips) 
Seat 3: POX79 (500 in chips) 
Mahu2021: posts small blind 10
POX79: posts big blind 20
*** HOLE CARDS ***
Dealt to Mahu2021 [7d Th]
ABBOSS888: calls 20
Mahu2021: calls 10
POX79: raises 80 to 100
ABBOSS888: calls 80
Mahu2021: folds 
*** FLOP *** [Kc 2c Qs]
POX79: checks 
ABBOSS888: bets 60
POX79: calls 60
*** TURN *** [Kc 2c Qs] [8d]
POX79: checks 
ABBOSS888: checks 
*** RIVER *** [Kc 2c Qs 8d] [9c]
POX79: bets 340 and is all-in
ABBOSS888: folds 
Uncalled bet (340) returned to POX79
POX79 collected 340 from pot
*** SUMMARY ***
Total pot 340 | Rake 0 
Board [Kc 2c Qs 8d 9c]
Seat 1: ABBOSS888 (button) folded on the River
Seat 2: Mahu2021 (small blind) folded before Flop
Seat 3: POX79 (big blind) collected (340)



PokerStars Hand #244029110727: Tournament #3598814479, $0.92+$0.08 USD Hold'em No Limit - Level I (10/20) - 2023/06/01 14:52:49 CET [2023/06/01 8:52:49 ET]
Table '3598814479 1' 3-max Seat #2 is the button
Seat 1: ABBOSS888 (340 in chips) 
Seat 2: Mahu2021 (480 in chips) 
Seat 3: POX79 (680 in chips) 
POX79: posts small blind 10
ABBOSS888: posts big blind 20
*** HOLE CARDS ***
Dealt to Mahu2021 [Ks 5d]
Mahu2021: folds 
POX79: calls 10
ABBOSS888: checks 
*** FLOP *** [Kh 7d Jd]
POX79: bets 20
ABBOSS888: folds 
Uncalled bet (20) returned to POX79
POX79 collected 40 from pot
*** SUMMARY ***
Total pot 40 | Rake 0 
Board [Kh 7d Jd]
Seat 1: ABBOSS888 (big blind) folded on the Flop
Seat 2: Mahu2021 (button) folded before Flop (didn't bet)
Seat 3: POX79 (small blind) collected (40)



PokerStars Hand #244029112513: Tournament #3598814479, $0.92+$0.08 USD Hold'em No Limit - Level I (10/20) - 2023/06/01 14:52:58 CET [2023/06/01 8:52:58 ET]
Table '3598814479 1' 3-max Seat #3 is the button
Seat 1: ABBOSS888 (320 in chips) 
Seat 2: Mahu2021 (480 in chips) 
Seat 3: POX79 (700 in chips) 
ABBOSS888: posts small blind 10
Mahu2021: posts big blind 20
*** HOLE CARDS ***
Dealt to Mahu2021 [6h Qs]
POX79: raises 20 to 40
ABBOSS888: folds 
Mahu2021: calls 20
*** FLOP *** [6d 9d 7d]
Mahu2021: checks 
POX79: checks 
*** TURN *** [6d 9d 7d] [5c]
Mahu2021: bets 20
POX79: calls 20
*** RIVER *** [6d 9d 7d 5c] [2h]
Mahu2021: bets 130
POX79: folds 
Uncalled bet (130) returned to Mahu2021
Mahu2021 collected 130 from pot
Mahu2021: doesn't show hand 
*** SUMMARY ***
Total pot 130 | Rake 0 
Board [6d 9d 7d 5c 2h]
Seat 1: ABBOSS888 (small blind) folded before Flop
Seat 2: Mahu2021 (big blind) collected (130)
Seat 3: POX79 (button) folded on the River



PokerStars Hand #244029116609: Tournament #3598814479, $0.92+$0.08 USD Hold'em No Limit - Level I (10/20) - 2023/06/01 14:53:21 CET [2023/06/01 8:53:21 ET]
Table '3598814479 1' 3-max Seat #1 is the button
Seat 1: ABBOSS888 (310 in chips) 
Seat 2: Mahu2021 (550 in chips) 
Seat 3: POX79 (640 in chips) 
Mahu2021: posts small blind 10
POX79: posts big blind 20
*** HOLE CARDS ***
Dealt to Mahu2021 [3h 8d]
ABBOSS888: raises 20 to 40
Mahu2021: folds 
POX79: folds 
Uncalled bet (20) returned to ABBOSS888
ABBOSS888 collected 50 from pot
*** SUMMARY ***
Total pot 50 | Rake 0 
Seat 1: ABBOSS888 (button) collected (50)
Seat 2: Mahu2021 (small blind) folded before Flop
Seat 3: POX79 (big blind) folded before Flop



PokerStars Hand #244029117983: Tournament #3598814479, $0.92+$0.08 USD Hold'em No Limit - Level I (10/20) - 2023/06/01 14:53:28 CET [2023/06/01 8:53:28 ET]
Table '3598814479 1' 3-max Seat #2 is the button
Seat 1: ABBOSS888 (340 in chips) 
Seat 2: Mahu2021 (540 in chips) 
Seat 3: POX79 (620 in chips) 
POX79: posts small blind 10
ABBOSS888: posts big blind 20
*** HOLE CARDS ***
Dealt to Mahu2021 [Th 2c]
Mahu2021: folds 
POX79: folds 
Uncalled bet (10) returned to ABBOSS888
ABBOSS888 collected 20 from pot
*** SUMMARY ***
Total pot 20 | Rake 0 
Seat 1: ABBOSS888 (big blind) collected (20)
Seat 2: Mahu2021 (button) folded before Flop (didn't bet)
Seat 3: POX79 (small blind) folded before Flop



PokerStars Hand #244029118837: Tournament #3598814479, $0.92+$0.08 USD Hold'em No Limit - Level I (10/20) - 2023/06/01 14:53:33 CET [2023/06/01 8:53:33 ET]
Table '3598814479 1' 3-max Seat #3 is the button
Seat 1: ABBOSS888 (350 in chips) 
Seat 2: Mahu2021 (540 in chips) 
Seat 3: POX79 (610 in chips) 
ABBOSS888: posts small blind 10
Mahu2021: posts big blind 20
*** HOLE CARDS ***
Dealt to Mahu2021 [6d 5h]
POX79: folds 
ABBOSS888: calls 10
Mahu2021: checks 
*** FLOP *** [5c 4c Jd]
ABBOSS888: checks 
Mahu2021: bets 20
ABBOSS888: calls 20
*** TURN *** [5c 4c Jd] [8c]
ABBOSS888: bets 40
Mahu2021: folds 
Uncalled bet (40) returned to ABBOSS888
ABBOSS888 collected 80 from pot
*** SUMMARY ***
Total pot 80 | Rake 0 
Board [5c 4c Jd 8c]
Seat 1: ABBOSS888 (small blind) collected (80)
Seat 2: Mahu2021 (big blind) folded on the Turn
Seat 3: POX79 (button) folded before Flop (didn't bet)



PokerStars Hand #244029122164: Tournament #3598814479, $0.92+$0.08 USD Hold'em No Limit - Level I (10/20) - 2023/06/01 14:53:51 CET [2023/06/01 8:53:51 ET]
Table '3598814479 1' 3-max Seat #1 is the button
Seat 1: ABBOSS888 (390 in chips) 
Seat 2: Mahu2021 (500 in chips) 
Seat 3: POX79 (610 in chips) 
Mahu2021: posts small blind 10
POX79: posts big blind 20
*** HOLE CARDS ***
Dealt to Mahu2021 [4c Kh]
ABBOSS888: folds 
Mahu2021: folds 
Uncalled bet (10) returned to POX79
POX79 collected 20 from pot
*** SUMMARY ***
Total pot 20 | Rake 0 
Seat 1: ABBOSS888 (button) folded before Flop (didn't bet)
Seat 2: Mahu2021 (small blind) folded before Flop
Seat 3: POX79 (big blind) collected (20)



PokerStars Hand #244029123377: Tournament #3598814479, $0.92+$0.08 USD Hold'em No Limit - Level I (10/20) - 2023/06/01 14:53:57 CET [2023/06/01 8:53:57 ET]
Table '3598814479 1' 3-max Seat #2 is the button
Seat 1: ABBOSS888 (390 in chips) 
Seat 2: Mahu2021 (490 in chips) 
Seat 3: POX79 (620 in chips) 
POX79: posts small blind 10
ABBOSS888: posts big blind 20
*** HOLE CARDS ***
Dealt to Mahu2021 [3c 8s]
Mahu2021: folds 
POX79: raises 20 to 40
ABBOSS888: raises 20 to 60
POX79: calls 20
*** FLOP *** [8h 4h 9s]
POX79: checks 
ABBOSS888: bets 40
POX79: calls 40
*** TURN *** [8h 4h 9s] [3h]
POX79: checks 
ABBOSS888: bets 40
POX79: raises 480 to 520 and is all-in
ABBOSS888: calls 250 and is all-in
Uncalled bet (230) returned to POX79
*** RIVER *** [8h 4h 9s 3h] [Qc]
*** SHOW DOWN ***
POX79: shows [8d 3d] (two pair, Eights and Threes)
ABBOSS888: shows [Ac 5d] (high card Ace)
POX79 collected 780 from pot
ABBOSS888 finished the tournament in 3rd place
*** SUMMARY ***
Total pot 780 | Rake 0 
Board [8h 4h 9s 3h Qc]
Seat 1: ABBOSS888 (big blind) showed [Ac 5d] and lost with high card Ace
Seat 2: Mahu2021 (button) folded before Flop (didn't bet)
Seat 3: POX79 (small blind) showed [8d 3d] and won (780) with two pair, Eights and Threes



PokerStars Hand #244029133013: Tournament #3598814479, $0.92+$0.08 USD Hold'em No Limit - Level I (10/20) - 2023/06/01 14:54:49 CET [2023/06/01 8:54:49 ET]
Table '3598814479 1' 3-max Seat #3 is the button
Seat 2: Mahu2021 (490 in chips) 
Seat 3: POX79 (1010 in chips) 
POX79: posts small blind 10
Mahu2021: posts big blind 20
*** HOLE CARDS ***
Dealt to Mahu2021 [Qd Qh]
POX79: folds 
Uncalled bet (10) returned to Mahu2021
Mahu2021 collected 20 from pot
Mahu2021: doesn't show hand 
*** SUMMARY ***
Total pot 20 | Rake 0 
Seat 2: Mahu2021 (big blind) collected (20)
Seat 3: POX79 (button) (small blind) folded before Flop



PokerStars Hand #244029133815: Tournament #3598814479, $0.92+$0.08 USD Hold'em No Limit - Level I (10/20) - 2023/06/01 14:54:53 CET [2023/06/01 8:54:53 ET]
Table '3598814479 1' 3-max Seat #2 is the button
Seat 2: Mahu2021 (500 in chips) 
Seat 3: POX79 (1000 in chips) 
Mahu2021: posts small blind 10
POX79: posts big blind 20
*** HOLE CARDS ***
Dealt to Mahu2021 [6h Qc]
Mahu2021: calls 10
POX79: checks 
*** FLOP *** [Jd Ah Jh]
POX79: checks 
Mahu2021: bets 20
POX79: folds 
Uncalled bet (20) returned to Mahu2021
Mahu2021 collected 40 from pot
Mahu2021: doesn't show hand 
*** SUMMARY ***
Total pot 40 | Rake 0 
Board [Jd Ah Jh]
Seat 2: Mahu2021 (button) (small blind) collected (40)
Seat 3: POX79 (big blind) folded on the Flop



PokerStars Hand #244029136701: Tournament #3598814479, $0.92+$0.08 USD Hold'em No Limit - Level II (15/30) - 2023/06/01 14:55:10 CET [2023/06/01 8:55:10 ET]
Table '3598814479 1' 3-max Seat #3 is the button
Seat 2: Mahu2021 (520 in chips) 
Seat 3: POX79 (980 in chips) 
POX79: posts small blind 15
Mahu2021: posts big blind 30
*** HOLE CARDS ***
Dealt to Mahu2021 [9s 5d]
POX79: raises 30 to 60
Mahu2021: folds 
Uncalled bet (30) returned to POX79
POX79 collected 60 from pot
*** SUMMARY ***
Total pot 60 | Rake 0 
Seat 2: Mahu2021 (big blind) folded before Flop
Seat 3: POX79 (button) (small blind) collected (60)



PokerStars Hand #244029137487: Tournament #3598814479, $0.92+$0.08 USD Hold'em No Limit - Level II (15/30) - 2023/06/01 14:55:15 CET [2023/06/01 8:55:15 ET]
Table '3598814479 1' 3-max Seat #2 is the button
Seat 2: Mahu2021 (490 in chips) 
Seat 3: POX79 (1010 in chips) 
Mahu2021: posts small blind 15
POX79: posts big blind 30
*** HOLE CARDS ***
Dealt to Mahu2021 [Kh Ts]
Mahu2021: raises 30 to 60
POX79: calls 30
*** FLOP *** [3c 2c 4d]
POX79: checks 
Mahu2021: bets 120
POX79: calls 120
*** TURN *** [3c 2c 4d] [Qc]
POX79: checks 
Mahu2021: checks 
*** RIVER *** [3c 2c 4d Qc] [Kd]
POX79: checks 
Mahu2021: bets 310 and is all-in
POX79: folds 
Uncalled bet (310) returned to Mahu2021
Mahu2021 collected 360 from pot
Mahu2021: doesn't show hand 
*** SUMMARY ***
Total pot 360 | Rake 0 
Board [3c 2c 4d Qc Kd]
Seat 2: Mahu2021 (button) (small blind) collected (360)
Seat 3: POX79 (big blind) folded on the River



PokerStars Hand #244029142997: Tournament #3598814479, $0.92+$0.08 USD Hold'em No Limit - Level II (15/30) - 2023/06/01 14:55:51 CET [2023/06/01 8:55:51 ET]
Table '3598814479 1' 3-max Seat #3 is the button
Seat 2: Mahu2021 (670 in chips) 
Seat 3: POX79 (830 in chips) 
POX79: posts small blind 15
Mahu2021: posts big blind 30
*** HOLE CARDS ***
Dealt to Mahu2021 [8d Td]
POX79: calls 15
Mahu2021: checks 
*** FLOP *** [6d 9s 3c]
Mahu2021: checks 
POX79: checks 
*** TURN *** [6d 9s 3c] [5d]
Mahu2021: checks 
POX79: bets 30
Mahu2021: calls 30
*** RIVER *** [6d 9s 3c 5d] [3s]
Mahu2021: checks 
POX79: bets 120
Mahu2021: folds 
Uncalled bet (120) returned to POX79
POX79 collected 120 from pot
*** SUMMARY ***
Total pot 120 | Rake 0 
Board [6d 9s 3c 5d 3s]
Seat 2: Mahu2021 (big blind) folded on the River
Seat 3: POX79 (button) (small blind) collected (120)



PokerStars Hand #244029146175: Tournament #3598814479, $0.92+$0.08 USD Hold'em No Limit - Level II (15/30) - 2023/06/01 14:56:12 CET [2023/06/01 8:56:12 ET]
Table '3598814479 1' 3-max Seat #2 is the button
Seat 2: Mahu2021 (610 in chips) 
Seat 3: POX79 (890 in chips) 
Mahu2021: posts small blind 15
POX79: posts big blind 30
*** HOLE CARDS ***
Dealt to Mahu2021 [4h 9c]
Mahu2021: folds 
Uncalled bet (15) returned to POX79
POX79 collected 30 from pot
*** SUMMARY ***
Total pot 30 | Rake 0 
Seat 2: Mahu2021 (button) (small blind) folded before Flop
Seat 3: POX79 (big blind) collected (30)



PokerStars Hand #244029146918: Tournament #3598814479, $0.92+$0.08 USD Hold'em No Limit - Level II (15/30) - 2023/06/01 14:56:16 CET [2023/06/01 8:56:16 ET]
Table '3598814479 1' 3-max Seat #3 is the button
Seat 2: Mahu2021 (595 in chips) 
Seat 3: POX79 (905 in chips) 
POX79: posts small blind 15
Mahu2021: posts big blind 30
*** HOLE CARDS ***
Dealt to Mahu2021 [4s 8h]
POX79: calls 15
Mahu2021: checks 
*** FLOP *** [6d Qh 4c]
Mahu2021: bets 30
POX79: calls 30
*** TURN *** [6d Qh 4c] [5d]
Mahu2021: checks 
POX79: bets 60
Mahu2021: calls 60
*** RIVER *** [6d Qh 4c 5d] [As]
Mahu2021: checks 
POX79: checks 
*** SHOW DOWN ***
Mahu2021: shows [4s 8h] (a pair of Fours)
POX79: shows [8c Qc] (a pair of Queens)
POX79 collected 240 from pot
*** SUMMARY ***
Total pot 240 | Rake 0 
Board [6d Qh 4c 5d As]
Seat 2: Mahu2021 (big blind) showed [4s 8h] and lost with a pair of Fours
Seat 3: POX79 (button) (small blind) showed [8c Qc] and won (240) with a pair of Queens



PokerStars Hand #244029150682: Tournament #3598814479, $0.92+$0.08 USD Hold'em No Limit - Level II (15/30) - 2023/06/01 14:56:40 CET [2023/06/01 8:56:40 ET]
Table '3598814479 1' 3-max Seat #2 is the button
Seat 2: Mahu2021 (475 in chips) 
Seat 3: POX79 (1025 in chips) 
Mahu2021: posts small blind 15
POX79: posts big blind 30
*** HOLE CARDS ***
Dealt to Mahu2021 [7s 4c]
Mahu2021: folds 
Uncalled bet (15) returned to POX79
POX79 collected 30 from pot
*** SUMMARY ***
Total pot 30 | Rake 0 
Seat 2: Mahu2021 (button) (small blind) folded before Flop
Seat 3: POX79 (big blind) collected (30)



PokerStars Hand #244029151434: Tournament #3598814479, $0.92+$0.08 USD Hold'em No Limit - Level II (15/30) - 2023/06/01 14:56:45 CET [2023/06/01 8:56:45 ET]
Table '3598814479 1' 3-max Seat #3 is the button
Seat 2: Mahu2021 (460 in chips) 
Seat 3: POX79 (1040 in chips) 
POX79: posts small blind 15
Mahu2021: posts big blind 30
*** HOLE CARDS ***
Dealt to Mahu2021 [Ks 2d]
POX79: calls 15
Mahu2021: checks 
*** FLOP *** [7c 3h 5c]
Mahu2021: checks 
POX79: bets 30
Mahu2021: folds 
Uncalled bet (30) returned to POX79
POX79 collected 60 from pot
*** SUMMARY ***
Total pot 60 | Rake 0 
Board [7c 3h 5c]
Seat 2: Mahu2021 (big blind) folded on the Flop
Seat 3: POX79 (button) (small blind) collected (60)



PokerStars Hand #244029153432: Tournament #3598814479, $0.92+$0.08 USD Hold'em No Limit - Level II (15/30) - 2023/06/01 14:56:58 CET [2023/06/01 8:56:58 ET]
Table '3598814479 1' 3-max Seat #2 is the button
Seat 2: Mahu2021 (430 in chips) 
Seat 3: POX79 (1070 in chips) 
Mahu2021: posts small blind 15
POX79: posts big blind 30
*** HOLE CARDS ***
Dealt to Mahu2021 [Jc Qs]
Mahu2021: raises 30 to 60
POX79: raises 1010 to 1070 and is all-in
Mahu2021: calls 370 and is all-in
Uncalled bet (640) returned to POX79
*** FLOP *** [Ad As 7s]
*** TURN *** [Ad As 7s] [Th]
*** RIVER *** [Ad As 7s Th] [Js]
*** SHOW DOWN ***
POX79: shows [Jh Ah] (a full house, Aces full of Jacks)
Mahu2021: shows [Jc Qs] (two pair, Aces and Jacks)
POX79 collected 860 from pot
Mahu2021 finished the tournament in 2nd place
POX79 wins the tournament and receives $3.00 - congratulations!
*** SUMMARY ***
Total pot 860 | Rake 0 
Board [Ad As 7s Th Js]
Seat 2: Mahu2021 (button) (small blind) showed [Jc Qs] and lost with two pair, Aces and Jacks
Seat 3: POX79 (big blind) showed [Jh Ah] and won (860) with a full house, Aces full of Jacks



