PokerStars Hand #253355553885: Tournament #3822404291, $1.84+$0.16 USD Hold'em No Limit - Level I (10/20) - 2024/11/11 11:34:51 CET [2024/11/11 5:34:51 ET]
Table '3822404291 1' 3-max Seat #1 is the button
Seat 1: Mahu2021 (500 in chips) 
Seat 2: bleaky2201 (500 in chips) 
Seat 3: johnjohn961 (500 in chips) 
bleaky2201: posts small blind 10
johnjohn961: posts big blind 20
*** HOLE CARDS ***
Dealt to Mahu2021 [Qd 6s]
Mahu2021: raises 20 to 40
bleaky2201: folds 
johnjohn961: folds 
Uncalled bet (20) returned to Mahu2021
Mahu2021 collected 50 from pot
Mahu2021: doesn't show hand 
*** SUMMARY ***
Total pot 50 | Rake 0 
Seat 1: Mahu2021 (button) collected (50)
Seat 2: bleaky2201 (small blind) folded before Flop
Seat 3: johnjohn961 (big blind) folded before Flop



PokerStars Hand #253355554527: Tournament #3822404291, $1.84+$0.16 USD Hold'em No Limit - Level I (10/20) - 2024/11/11 11:34:57 CET [2024/11/11 5:34:57 ET]
Table '3822404291 1' 3-max Seat #2 is the button
Seat 1: Mahu2021 (530 in chips) 
Seat 2: bleaky2201 (490 in chips) 
Seat 3: johnjohn961 (480 in chips) 
johnjohn961: posts small blind 10
Mahu2021: posts big blind 20
*** HOLE CARDS ***
Dealt to Mahu2021 [Qc 8d]
bleaky2201: raises 20 to 40
johnjohn961: calls 30
Mahu2021: calls 20
*** FLOP *** [7h 7c Ac]
johnjohn961: checks 
Mahu2021: checks 
bleaky2201: bets 31
johnjohn961: folds 
Mahu2021: folds 
Uncalled bet (31) returned to bleaky2201
bleaky2201 collected 120 from pot
bleaky2201: doesn't show hand 
*** SUMMARY ***
Total pot 120 | Rake 0 
Board [7h 7c Ac]
Seat 1: Mahu2021 (big blind) folded on the Flop
Seat 2: bleaky2201 (button) collected (120)
Seat 3: johnjohn961 (small blind) folded on the Flop



PokerStars Hand #253355557672: Tournament #3822404291, $1.84+$0.16 USD Hold'em No Limit - Level I (10/20) - 2024/11/11 11:35:26 CET [2024/11/11 5:35:26 ET]
Table '3822404291 1' 3-max Seat #3 is the button
Seat 1: Mahu2021 (490 in chips) 
Seat 2: bleaky2201 (570 in chips) 
Seat 3: johnjohn961 (440 in chips) 
Mahu2021: posts small blind 10
bleaky2201: posts big blind 20
*** HOLE CARDS ***
Dealt to Mahu2021 [Td 4s]
johnjohn961: folds 
Mahu2021: folds 
Uncalled bet (10) returned to bleaky2201
bleaky2201 collected 20 from pot
bleaky2201: doesn't show hand 
*** SUMMARY ***
Total pot 20 | Rake 0 
Seat 1: Mahu2021 (small blind) folded before Flop
Seat 2: bleaky2201 (big blind) collected (20)
Seat 3: johnjohn961 (button) folded before Flop (didn't bet)



PokerStars Hand #253355558234: Tournament #3822404291, $1.84+$0.16 USD Hold'em No Limit - Level I (10/20) - 2024/11/11 11:35:31 CET [2024/11/11 5:35:31 ET]
Table '3822404291 1' 3-max Seat #1 is the button
Seat 1: Mahu2021 (480 in chips) 
Seat 2: bleaky2201 (580 in chips) 
Seat 3: johnjohn961 (440 in chips) 
bleaky2201: posts small blind 10
johnjohn961: posts big blind 20
*** HOLE CARDS ***
Dealt to Mahu2021 [7h 6h]
Mahu2021: raises 20 to 40
bleaky2201: raises 540 to 580 and is all-in
johnjohn961: folds 
Mahu2021: folds 
Uncalled bet (540) returned to bleaky2201
bleaky2201 collected 100 from pot
bleaky2201: doesn't show hand 
*** SUMMARY ***
Total pot 100 | Rake 0 
Seat 1: Mahu2021 (button) folded before Flop
Seat 2: bleaky2201 (small blind) collected (100)
Seat 3: johnjohn961 (big blind) folded before Flop



PokerStars Hand #253355559331: Tournament #3822404291, $1.84+$0.16 USD Hold'em No Limit - Level I (10/20) - 2024/11/11 11:35:42 CET [2024/11/11 5:35:42 ET]
Table '3822404291 1' 3-max Seat #2 is the button
Seat 1: Mahu2021 (440 in chips) 
Seat 2: bleaky2201 (640 in chips) 
Seat 3: johnjohn961 (420 in chips) 
johnjohn961: posts small blind 10
Mahu2021: posts big blind 20
*** HOLE CARDS ***
Dealt to Mahu2021 [2s Qh]
bleaky2201: folds 
johnjohn961: folds 
Uncalled bet (10) returned to Mahu2021
Mahu2021 collected 20 from pot
Mahu2021: doesn't show hand 
*** SUMMARY ***
Total pot 20 | Rake 0 
Seat 1: Mahu2021 (big blind) collected (20)
Seat 2: bleaky2201 (button) folded before Flop (didn't bet)
Seat 3: johnjohn961 (small blind) folded before Flop



PokerStars Hand #253355559927: Tournament #3822404291, $1.84+$0.16 USD Hold'em No Limit - Level I (10/20) - 2024/11/11 11:35:47 CET [2024/11/11 5:35:47 ET]
Table '3822404291 1' 3-max Seat #3 is the button
Seat 1: Mahu2021 (450 in chips) 
Seat 2: bleaky2201 (640 in chips) 
Seat 3: johnjohn961 (410 in chips) 
Mahu2021: posts small blind 10
bleaky2201: posts big blind 20
*** HOLE CARDS ***
Dealt to Mahu2021 [8s 3h]
johnjohn961: folds 
Mahu2021: folds 
Uncalled bet (10) returned to bleaky2201
bleaky2201 collected 20 from pot
bleaky2201: doesn't show hand 
*** SUMMARY ***
Total pot 20 | Rake 0 
Seat 1: Mahu2021 (small blind) folded before Flop
Seat 2: bleaky2201 (big blind) collected (20)
Seat 3: johnjohn961 (button) folded before Flop (didn't bet)



PokerStars Hand #253355560466: Tournament #3822404291, $1.84+$0.16 USD Hold'em No Limit - Level I (10/20) - 2024/11/11 11:35:52 CET [2024/11/11 5:35:52 ET]
Table '3822404291 1' 3-max Seat #1 is the button
Seat 1: Mahu2021 (440 in chips) 
Seat 2: bleaky2201 (650 in chips) 
Seat 3: johnjohn961 (410 in chips) 
bleaky2201: posts small blind 10
johnjohn961: posts big blind 20
*** HOLE CARDS ***
Dealt to Mahu2021 [Ah 4d]
Mahu2021: raises 20 to 40
bleaky2201: folds 
johnjohn961: folds 
Uncalled bet (20) returned to Mahu2021
Mahu2021 collected 50 from pot
Mahu2021: doesn't show hand 
*** SUMMARY ***
Total pot 50 | Rake 0 
Seat 1: Mahu2021 (button) collected (50)
Seat 2: bleaky2201 (small blind) folded before Flop
Seat 3: johnjohn961 (big blind) folded before Flop



PokerStars Hand #253355561263: Tournament #3822404291, $1.84+$0.16 USD Hold'em No Limit - Level I (10/20) - 2024/11/11 11:35:59 CET [2024/11/11 5:35:59 ET]
Table '3822404291 1' 3-max Seat #2 is the button
Seat 1: Mahu2021 (470 in chips) 
Seat 2: bleaky2201 (640 in chips) 
Seat 3: johnjohn961 (390 in chips) 
johnjohn961: posts small blind 10
Mahu2021: posts big blind 20
*** HOLE CARDS ***
Dealt to Mahu2021 [4h 9s]
bleaky2201: folds 
johnjohn961: folds 
Uncalled bet (10) returned to Mahu2021
Mahu2021 collected 20 from pot
Mahu2021: doesn't show hand 
*** SUMMARY ***
Total pot 20 | Rake 0 
Seat 1: Mahu2021 (big blind) collected (20)
Seat 2: bleaky2201 (button) folded before Flop (didn't bet)
Seat 3: johnjohn961 (small blind) folded before Flop



PokerStars Hand #253355561934: Tournament #3822404291, $1.84+$0.16 USD Hold'em No Limit - Level I (10/20) - 2024/11/11 11:36:05 CET [2024/11/11 5:36:05 ET]
Table '3822404291 1' 3-max Seat #3 is the button
Seat 1: Mahu2021 (480 in chips) 
Seat 2: bleaky2201 (640 in chips) 
Seat 3: johnjohn961 (380 in chips) 
Mahu2021: posts small blind 10
bleaky2201: posts big blind 20
*** HOLE CARDS ***
Dealt to Mahu2021 [Ac 6d]
johnjohn961: calls 20
Mahu2021: calls 10
bleaky2201: checks 
*** FLOP *** [Jd 7d Qs]
Mahu2021: checks 
bleaky2201: checks 
johnjohn961: checks 
*** TURN *** [Jd 7d Qs] [8d]
Mahu2021: checks 
bleaky2201: bets 40
johnjohn961: calls 40
Mahu2021: folds 
*** RIVER *** [Jd 7d Qs 8d] [Ks]
bleaky2201: bets 70
johnjohn961: raises 70 to 140
bleaky2201: folds 
Uncalled bet (70) returned to johnjohn961
johnjohn961 collected 280 from pot
*** SUMMARY ***
Total pot 280 | Rake 0 
Board [Jd 7d Qs 8d Ks]
Seat 1: Mahu2021 (small blind) folded on the Turn
Seat 2: bleaky2201 (big blind) folded on the River
Seat 3: johnjohn961 (button) collected (280)



PokerStars Hand #253355565622: Tournament #3822404291, $1.84+$0.16 USD Hold'em No Limit - Level I (10/20) - 2024/11/11 11:36:38 CET [2024/11/11 5:36:38 ET]
Table '3822404291 1' 3-max Seat #1 is the button
Seat 1: Mahu2021 (460 in chips) 
Seat 2: bleaky2201 (510 in chips) 
Seat 3: johnjohn961 (530 in chips) 
bleaky2201: posts small blind 10
johnjohn961: posts big blind 20
*** HOLE CARDS ***
Dealt to Mahu2021 [5s Jh]
Mahu2021: folds 
bleaky2201: calls 10
johnjohn961: checks 
*** FLOP *** [4d 9s 5c]
bleaky2201: bets 20
johnjohn961: folds 
Uncalled bet (20) returned to bleaky2201
bleaky2201 collected 40 from pot
bleaky2201: doesn't show hand 
*** SUMMARY ***
Total pot 40 | Rake 0 
Board [4d 9s 5c]
Seat 1: Mahu2021 (button) folded before Flop (didn't bet)
Seat 2: bleaky2201 (small blind) collected (40)
Seat 3: johnjohn961 (big blind) folded on the Flop



PokerStars Hand #253355567198: Tournament #3822404291, $1.84+$0.16 USD Hold'em No Limit - Level I (10/20) - 2024/11/11 11:36:52 CET [2024/11/11 5:36:52 ET]
Table '3822404291 1' 3-max Seat #2 is the button
Seat 1: Mahu2021 (460 in chips) 
Seat 2: bleaky2201 (530 in chips) 
Seat 3: johnjohn961 (510 in chips) 
johnjohn961: posts small blind 10
Mahu2021: posts big blind 20
*** HOLE CARDS ***
Dealt to Mahu2021 [4d Qs]
bleaky2201: folds 
johnjohn961: folds 
Uncalled bet (10) returned to Mahu2021
Mahu2021 collected 20 from pot
Mahu2021: doesn't show hand 
*** SUMMARY ***
Total pot 20 | Rake 0 
Seat 1: Mahu2021 (big blind) collected (20)
Seat 2: bleaky2201 (button) folded before Flop (didn't bet)
Seat 3: johnjohn961 (small blind) folded before Flop



PokerStars Hand #253355568525: Tournament #3822404291, $1.84+$0.16 USD Hold'em No Limit - Level I (10/20) - 2024/11/11 11:37:04 CET [2024/11/11 5:37:04 ET]
Table '3822404291 1' 3-max Seat #3 is the button
Seat 1: Mahu2021 (470 in chips) 
Seat 2: bleaky2201 (530 in chips) 
Seat 3: johnjohn961 (500 in chips) 
Mahu2021: posts small blind 10
bleaky2201: posts big blind 20
*** HOLE CARDS ***
Dealt to Mahu2021 [As 8h]
johnjohn961: calls 20
Mahu2021: calls 10
bleaky2201: checks 
*** FLOP *** [3c 8s 7h]
Mahu2021: bets 60
bleaky2201: folds 
johnjohn961: folds 
Uncalled bet (60) returned to Mahu2021
Mahu2021 collected 60 from pot
Mahu2021: doesn't show hand 
*** SUMMARY ***
Total pot 60 | Rake 0 
Board [3c 8s 7h]
Seat 1: Mahu2021 (small blind) collected (60)
Seat 2: bleaky2201 (big blind) folded on the Flop
Seat 3: johnjohn961 (button) folded on the Flop



PokerStars Hand #253355570516: Tournament #3822404291, $1.84+$0.16 USD Hold'em No Limit - Level I (10/20) - 2024/11/11 11:37:22 CET [2024/11/11 5:37:22 ET]
Table '3822404291 1' 3-max Seat #1 is the button
Seat 1: Mahu2021 (510 in chips) 
Seat 2: bleaky2201 (510 in chips) 
Seat 3: johnjohn961 (480 in chips) 
bleaky2201: posts small blind 10
johnjohn961: posts big blind 20
*** HOLE CARDS ***
Dealt to Mahu2021 [7c 2c]
Mahu2021: folds 
bleaky2201: raises 20 to 40
johnjohn961: raises 20 to 60
bleaky2201: calls 20
*** FLOP *** [Td 3d Js]
bleaky2201: checks 
johnjohn961: checks 
*** TURN *** [Td 3d Js] [5d]
bleaky2201: checks 
johnjohn961: checks 
*** RIVER *** [Td 3d Js 5d] [9c]
bleaky2201: bets 60
johnjohn961: calls 60
*** SHOW DOWN ***
bleaky2201: shows [6c 7h] (high card Jack)
johnjohn961: shows [Kd Th] (a pair of Tens)
johnjohn961 collected 240 from pot
*** SUMMARY ***
Total pot 240 | Rake 0 
Board [Td 3d Js 5d 9c]
Seat 1: Mahu2021 (button) folded before Flop (didn't bet)
Seat 2: bleaky2201 (small blind) showed [6c 7h] and lost with high card Jack
Seat 3: johnjohn961 (big blind) showed [Kd Th] and won (240) with a pair of Tens



PokerStars Hand #253355574486: Tournament #3822404291, $1.84+$0.16 USD Hold'em No Limit - Level II (15/30) - 2024/11/11 11:37:57 CET [2024/11/11 5:37:57 ET]
Table '3822404291 1' 3-max Seat #2 is the button
Seat 1: Mahu2021 (510 in chips) 
Seat 2: bleaky2201 (390 in chips) 
Seat 3: johnjohn961 (600 in chips) 
johnjohn961: posts small blind 15
Mahu2021: posts big blind 30
*** HOLE CARDS ***
Dealt to Mahu2021 [Ks 6h]
bleaky2201: folds 
johnjohn961: calls 15
Mahu2021: checks 
*** FLOP *** [4h 6c Ts]
johnjohn961: checks 
Mahu2021: checks 
*** TURN *** [4h 6c Ts] [9c]
johnjohn961: checks 
Mahu2021: checks 
*** RIVER *** [4h 6c Ts 9c] [3d]
johnjohn961: checks 
Mahu2021: bets 60
johnjohn961: calls 60
*** SHOW DOWN ***
Mahu2021: shows [Ks 6h] (a pair of Sixes)
johnjohn961: shows [9d Ad] (a pair of Nines)
johnjohn961 collected 180 from pot
*** SUMMARY ***
Total pot 180 | Rake 0 
Board [4h 6c Ts 9c 3d]
Seat 1: Mahu2021 (big blind) showed [Ks 6h] and lost with a pair of Sixes
Seat 2: bleaky2201 (button) folded before Flop (didn't bet)
Seat 3: johnjohn961 (small blind) showed [9d Ad] and won (180) with a pair of Nines



PokerStars Hand #253355577210: Tournament #3822404291, $1.84+$0.16 USD Hold'em No Limit - Level II (15/30) - 2024/11/11 11:38:21 CET [2024/11/11 5:38:21 ET]
Table '3822404291 1' 3-max Seat #3 is the button
Seat 1: Mahu2021 (420 in chips) 
Seat 2: bleaky2201 (390 in chips) 
Seat 3: johnjohn961 (690 in chips) 
Mahu2021: posts small blind 15
bleaky2201: posts big blind 30
*** HOLE CARDS ***
Dealt to Mahu2021 [Kh Qs]
johnjohn961: calls 30
Mahu2021: calls 15
bleaky2201: checks 
*** FLOP *** [Jc 3c Jd]
Mahu2021: checks 
bleaky2201: checks 
johnjohn961: checks 
*** TURN *** [Jc 3c Jd] [Ks]
Mahu2021: bets 60
bleaky2201: folds 
johnjohn961: folds 
Uncalled bet (60) returned to Mahu2021
Mahu2021 collected 90 from pot
Mahu2021: doesn't show hand 
*** SUMMARY ***
Total pot 90 | Rake 0 
Board [Jc 3c Jd Ks]
Seat 1: Mahu2021 (small blind) collected (90)
Seat 2: bleaky2201 (big blind) folded on the Turn
Seat 3: johnjohn961 (button) folded on the Turn



PokerStars Hand #253355581054: Tournament #3822404291, $1.84+$0.16 USD Hold'em No Limit - Level II (15/30) - 2024/11/11 11:38:55 CET [2024/11/11 5:38:55 ET]
Table '3822404291 1' 3-max Seat #1 is the button
Seat 1: Mahu2021 (480 in chips) 
Seat 2: bleaky2201 (360 in chips) 
Seat 3: johnjohn961 (660 in chips) 
bleaky2201: posts small blind 15
johnjohn961: posts big blind 30
*** HOLE CARDS ***
Dealt to Mahu2021 [Js Jh]
Mahu2021: raises 450 to 480 and is all-in
bleaky2201: folds 
johnjohn961: folds 
Uncalled bet (450) returned to Mahu2021
Mahu2021 collected 75 from pot
Mahu2021: doesn't show hand 
*** SUMMARY ***
Total pot 75 | Rake 0 
Seat 1: Mahu2021 (button) collected (75)
Seat 2: bleaky2201 (small blind) folded before Flop
Seat 3: johnjohn961 (big blind) folded before Flop



PokerStars Hand #253355581822: Tournament #3822404291, $1.84+$0.16 USD Hold'em No Limit - Level II (15/30) - 2024/11/11 11:39:02 CET [2024/11/11 5:39:02 ET]
Table '3822404291 1' 3-max Seat #2 is the button
Seat 1: Mahu2021 (525 in chips) 
Seat 2: bleaky2201 (345 in chips) 
Seat 3: johnjohn961 (630 in chips) 
johnjohn961: posts small blind 15
Mahu2021: posts big blind 30
*** HOLE CARDS ***
Dealt to Mahu2021 [9d 2d]
bleaky2201: folds 
johnjohn961: folds 
Uncalled bet (15) returned to Mahu2021
Mahu2021 collected 30 from pot
Mahu2021: doesn't show hand 
*** SUMMARY ***
Total pot 30 | Rake 0 
Seat 1: Mahu2021 (big blind) collected (30)
Seat 2: bleaky2201 (button) folded before Flop (didn't bet)
Seat 3: johnjohn961 (small blind) folded before Flop



PokerStars Hand #253355582790: Tournament #3822404291, $1.84+$0.16 USD Hold'em No Limit - Level II (15/30) - 2024/11/11 11:39:11 CET [2024/11/11 5:39:11 ET]
Table '3822404291 1' 3-max Seat #3 is the button
Seat 1: Mahu2021 (540 in chips) 
Seat 2: bleaky2201 (345 in chips) 
Seat 3: johnjohn961 (615 in chips) 
Mahu2021: posts small blind 15
bleaky2201: posts big blind 30
*** HOLE CARDS ***
Dealt to Mahu2021 [5h 3d]
johnjohn961: folds 
Mahu2021: raises 60 to 90
bleaky2201: folds 
Uncalled bet (60) returned to Mahu2021
Mahu2021 collected 60 from pot
Mahu2021: doesn't show hand 
*** SUMMARY ***
Total pot 60 | Rake 0 
Seat 1: Mahu2021 (small blind) collected (60)
Seat 2: bleaky2201 (big blind) folded before Flop
Seat 3: johnjohn961 (button) folded before Flop (didn't bet)



PokerStars Hand #253355583847: Tournament #3822404291, $1.84+$0.16 USD Hold'em No Limit - Level II (15/30) - 2024/11/11 11:39:20 CET [2024/11/11 5:39:20 ET]
Table '3822404291 1' 3-max Seat #1 is the button
Seat 1: Mahu2021 (570 in chips) 
Seat 2: bleaky2201 (315 in chips) 
Seat 3: johnjohn961 (615 in chips) 
bleaky2201: posts small blind 15
johnjohn961: posts big blind 30
*** HOLE CARDS ***
Dealt to Mahu2021 [8c 9d]
Mahu2021: folds 
bleaky2201: folds 
Uncalled bet (15) returned to johnjohn961
johnjohn961 collected 30 from pot
*** SUMMARY ***
Total pot 30 | Rake 0 
Seat 1: Mahu2021 (button) folded before Flop (didn't bet)
Seat 2: bleaky2201 (small blind) folded before Flop
Seat 3: johnjohn961 (big blind) collected (30)



PokerStars Hand #253355584518: Tournament #3822404291, $1.84+$0.16 USD Hold'em No Limit - Level II (15/30) - 2024/11/11 11:39:26 CET [2024/11/11 5:39:26 ET]
Table '3822404291 1' 3-max Seat #2 is the button
Seat 1: Mahu2021 (570 in chips) 
Seat 2: bleaky2201 (300 in chips) 
Seat 3: johnjohn961 (630 in chips) 
johnjohn961: posts small blind 15
Mahu2021: posts big blind 30
*** HOLE CARDS ***
Dealt to Mahu2021 [3c 4h]
bleaky2201: folds 
johnjohn961: folds 
Uncalled bet (15) returned to Mahu2021
Mahu2021 collected 30 from pot
Mahu2021: doesn't show hand 
*** SUMMARY ***
Total pot 30 | Rake 0 
Seat 1: Mahu2021 (big blind) collected (30)
Seat 2: bleaky2201 (button) folded before Flop (didn't bet)
Seat 3: johnjohn961 (small blind) folded before Flop



PokerStars Hand #253355585378: Tournament #3822404291, $1.84+$0.16 USD Hold'em No Limit - Level II (15/30) - 2024/11/11 11:39:34 CET [2024/11/11 5:39:34 ET]
Table '3822404291 1' 3-max Seat #3 is the button
Seat 1: Mahu2021 (585 in chips) 
Seat 2: bleaky2201 (300 in chips) 
Seat 3: johnjohn961 (615 in chips) 
Mahu2021: posts small blind 15
bleaky2201: posts big blind 30
*** HOLE CARDS ***
Dealt to Mahu2021 [Jd 9h]
johnjohn961: raises 60 to 90
Mahu2021: folds 
bleaky2201: raises 210 to 300 and is all-in
johnjohn961: folds 
Uncalled bet (210) returned to bleaky2201
bleaky2201 collected 195 from pot
bleaky2201: doesn't show hand 
*** SUMMARY ***
Total pot 195 | Rake 0 
Seat 1: Mahu2021 (small blind) folded before Flop
Seat 2: bleaky2201 (big blind) collected (195)
Seat 3: johnjohn961 (button) folded before Flop



PokerStars Hand #253355586903: Tournament #3822404291, $1.84+$0.16 USD Hold'em No Limit - Level II (15/30) - 2024/11/11 11:39:47 CET [2024/11/11 5:39:47 ET]
Table '3822404291 1' 3-max Seat #1 is the button
Seat 1: Mahu2021 (570 in chips) 
Seat 2: bleaky2201 (405 in chips) 
Seat 3: johnjohn961 (525 in chips) 
bleaky2201: posts small blind 15
johnjohn961: posts big blind 30
*** HOLE CARDS ***
Dealt to Mahu2021 [Qs 5h]
Mahu2021: folds 
bleaky2201: raises 30 to 60
johnjohn961: calls 30
*** FLOP *** [3h 6c 6h]
bleaky2201: bets 30
johnjohn961: calls 30
*** TURN *** [3h 6c 6h] [4c]
bleaky2201: bets 90
johnjohn961: calls 90
*** RIVER *** [3h 6c 6h 4c] [7h]
bleaky2201: bets 225 and is all-in
johnjohn961: calls 225
*** SHOW DOWN ***
bleaky2201: shows [Jd 6d] (three of a kind, Sixes)
johnjohn961: shows [4s 5s] (a straight, Three to Seven)
johnjohn961 collected 810 from pot
bleaky2201 finished the tournament in 3rd place
*** SUMMARY ***
Total pot 810 | Rake 0 
Board [3h 6c 6h 4c 7h]
Seat 1: Mahu2021 (button) folded before Flop (didn't bet)
Seat 2: bleaky2201 (small blind) showed [Jd 6d] and lost with three of a kind, Sixes
Seat 3: johnjohn961 (big blind) showed [4s 5s] and won (810) with a straight, Three to Seven



PokerStars Hand #253355589549: Tournament #3822404291, $1.84+$0.16 USD Hold'em No Limit - Level II (15/30) - 2024/11/11 11:40:11 CET [2024/11/11 5:40:11 ET]
Table '3822404291 1' 3-max Seat #3 is the button
Seat 1: Mahu2021 (570 in chips) 
Seat 3: johnjohn961 (930 in chips) 
johnjohn961: posts small blind 15
Mahu2021: posts big blind 30
*** HOLE CARDS ***
Dealt to Mahu2021 [Jd Js]
johnjohn961: calls 15
Mahu2021: raises 540 to 570 and is all-in
johnjohn961: calls 540
*** FLOP *** [4h 3c 5h]
*** TURN *** [4h 3c 5h] [Th]
*** RIVER *** [4h 3c 5h Th] [2s]
*** SHOW DOWN ***
Mahu2021: shows [Jd Js] (a pair of Jacks)
johnjohn961: shows [Kd Td] (a pair of Tens)
Mahu2021 collected 1140 from pot
*** SUMMARY ***
Total pot 1140 | Rake 0 
Board [4h 3c 5h Th 2s]
Seat 1: Mahu2021 (big blind) showed [Jd Js] and won (1140) with a pair of Jacks
Seat 3: johnjohn961 (button) (small blind) showed [Kd Td] and lost with a pair of Tens



PokerStars Hand #253355591184: Tournament #3822404291, $1.84+$0.16 USD Hold'em No Limit - Level II (15/30) - 2024/11/11 11:40:26 CET [2024/11/11 5:40:26 ET]
Table '3822404291 1' 3-max Seat #1 is the button
Seat 1: Mahu2021 (1140 in chips) 
Seat 3: johnjohn961 (360 in chips) 
Mahu2021: posts small blind 15
johnjohn961: posts big blind 30
*** HOLE CARDS ***
Dealt to Mahu2021 [Qh 4s]
Mahu2021: raises 30 to 60
johnjohn961: calls 30
*** FLOP *** [Jh Tc 4c]
johnjohn961: bets 30
Mahu2021: calls 30
*** TURN *** [Jh Tc 4c] [5c]
johnjohn961: checks 
Mahu2021: checks 
*** RIVER *** [Jh Tc 4c 5c] [7c]
johnjohn961: bets 30
Mahu2021: calls 30
*** SHOW DOWN ***
johnjohn961: shows [9s 4h] (a pair of Fours)
Mahu2021: shows [Qh 4s] (a pair of Fours - Queen kicker)
Mahu2021 collected 240 from pot
*** SUMMARY ***
Total pot 240 | Rake 0 
Board [Jh Tc 4c 5c 7c]
Seat 1: Mahu2021 (button) (small blind) showed [Qh 4s] and won (240) with a pair of Fours
Seat 3: johnjohn961 (big blind) showed [9s 4h] and lost with a pair of Fours



PokerStars Hand #253355593137: Tournament #3822404291, $1.84+$0.16 USD Hold'em No Limit - Level II (15/30) - 2024/11/11 11:40:44 CET [2024/11/11 5:40:44 ET]
Table '3822404291 1' 3-max Seat #3 is the button
Seat 1: Mahu2021 (1260 in chips) 
Seat 3: johnjohn961 (240 in chips) 
johnjohn961: posts small blind 15
Mahu2021: posts big blind 30
*** HOLE CARDS ***
Dealt to Mahu2021 [9h Th]
johnjohn961: raises 210 to 240 and is all-in
Mahu2021: folds 
Uncalled bet (210) returned to johnjohn961
johnjohn961 collected 60 from pot
*** SUMMARY ***
Total pot 60 | Rake 0 
Seat 1: Mahu2021 (big blind) folded before Flop
Seat 3: johnjohn961 (button) (small blind) collected (60)



PokerStars Hand #253355593906: Tournament #3822404291, $1.84+$0.16 USD Hold'em No Limit - Level II (15/30) - 2024/11/11 11:40:51 CET [2024/11/11 5:40:51 ET]
Table '3822404291 1' 3-max Seat #1 is the button
Seat 1: Mahu2021 (1230 in chips) 
Seat 3: johnjohn961 (270 in chips) 
Mahu2021: posts small blind 15
johnjohn961: posts big blind 30
*** HOLE CARDS ***
Dealt to Mahu2021 [2d 8d]
Mahu2021: folds 
Uncalled bet (15) returned to johnjohn961
johnjohn961 collected 30 from pot
*** SUMMARY ***
Total pot 30 | Rake 0 
Seat 1: Mahu2021 (button) (small blind) folded before Flop
Seat 3: johnjohn961 (big blind) collected (30)



PokerStars Hand #253355594722: Tournament #3822404291, $1.84+$0.16 USD Hold'em No Limit - Level III (20/40) - 2024/11/11 11:40:58 CET [2024/11/11 5:40:58 ET]
Table '3822404291 1' 3-max Seat #3 is the button
Seat 1: Mahu2021 (1215 in chips) 
Seat 3: johnjohn961 (285 in chips) 
johnjohn961: posts small blind 20
Mahu2021: posts big blind 40
*** HOLE CARDS ***
Dealt to Mahu2021 [Qh 6s]
johnjohn961: calls 20
Mahu2021: checks 
*** FLOP *** [Ks Ad 3h]
Mahu2021: checks 
johnjohn961: checks 
*** TURN *** [Ks Ad 3h] [Td]
Mahu2021: bets 40
johnjohn961: calls 40
*** RIVER *** [Ks Ad 3h Td] [4c]
Mahu2021: checks 
johnjohn961: bets 205 and is all-in
Mahu2021: folds 
Uncalled bet (205) returned to johnjohn961
johnjohn961 collected 160 from pot
*** SUMMARY ***
Total pot 160 | Rake 0 
Board [Ks Ad 3h Td 4c]
Seat 1: Mahu2021 (big blind) folded on the River
Seat 3: johnjohn961 (button) (small blind) collected (160)



PokerStars Hand #253355596423: Tournament #3822404291, $1.84+$0.16 USD Hold'em No Limit - Level III (20/40) - 2024/11/11 11:41:13 CET [2024/11/11 5:41:13 ET]
Table '3822404291 1' 3-max Seat #1 is the button
Seat 1: Mahu2021 (1135 in chips) 
Seat 3: johnjohn961 (365 in chips) 
Mahu2021: posts small blind 20
johnjohn961: posts big blind 40
*** HOLE CARDS ***
Dealt to Mahu2021 [Ks 5h]
Mahu2021: raises 40 to 80
johnjohn961: folds 
Uncalled bet (40) returned to Mahu2021
Mahu2021 collected 80 from pot
Mahu2021: doesn't show hand 
*** SUMMARY ***
Total pot 80 | Rake 0 
Seat 1: Mahu2021 (button) (small blind) collected (80)
Seat 3: johnjohn961 (big blind) folded before Flop



PokerStars Hand #253355597021: Tournament #3822404291, $1.84+$0.16 USD Hold'em No Limit - Level III (20/40) - 2024/11/11 11:41:19 CET [2024/11/11 5:41:19 ET]
Table '3822404291 1' 3-max Seat #3 is the button
Seat 1: Mahu2021 (1175 in chips) 
Seat 3: johnjohn961 (325 in chips) 
johnjohn961: posts small blind 20
Mahu2021: posts big blind 40
*** HOLE CARDS ***
Dealt to Mahu2021 [Jd Kd]
johnjohn961: calls 20
Mahu2021: raises 1135 to 1175 and is all-in
johnjohn961: calls 285 and is all-in
Uncalled bet (850) returned to Mahu2021
*** FLOP *** [4d 6c 5h]
*** TURN *** [4d 6c 5h] [2c]
*** RIVER *** [4d 6c 5h 2c] [Th]
*** SHOW DOWN ***
Mahu2021: shows [Jd Kd] (high card King)
johnjohn961: shows [Js Qc] (high card Queen)
Mahu2021 collected 650 from pot
johnjohn961 finished the tournament in 2nd place
Mahu2021 wins the tournament and receives $6.00 - congratulations!
*** SUMMARY ***
Total pot 650 | Rake 0 
Board [4d 6c 5h 2c Th]
Seat 1: Mahu2021 (big blind) showed [Jd Kd] and won (650) with high card King
Seat 3: johnjohn961 (button) (small blind) showed [Js Qc] and lost with high card Queen



