PokerStars Zoom Hand #254733399735:  Hold'em No Limit ($0.05/$0.10) - 2025/02/06 15:01:46 CET [2025/02/06 9:01:46 ET]
Table 'Aludra' 6-max Seat #1 is the button
Seat 1: Dré29 ($10.35 in chips) 
Seat 2: komtibi ($9.02 in chips) 
Seat 3: Mahu2021 ($10 in chips) 
Seat 4: MaeBolada ($13.71 in chips) 
Seat 5: limyang ($10.57 in chips) 
Seat 6: fn1305 ($43.77 in chips) 
komtibi: posts small blind $0.05
Mahu2021: posts big blind $0.10
*** HOLE CARDS ***
Dealt to Mahu2021 [Th 8s]
MaeBolada: folds 
limyang: folds 
fn1305: folds 
Dré29: folds 
komtibi: folds 
Uncalled bet ($0.05) returned to Mahu2021
Mahu2021 collected $0.10 from pot
Mahu2021: doesn't show hand 
*** SUMMARY ***
Total pot $0.10 | Rake $0 
Seat 1: Dré29 (button) folded before Flop (didn't bet)
Seat 2: komtibi (small blind) folded before Flop
Seat 3: Mahu2021 (big blind) collected ($0.10)
Seat 4: MaeBolada folded before Flop (didn't bet)
Seat 5: limyang folded before Flop (didn't bet)
Seat 6: fn1305 folded before Flop (didn't bet)



PokerStars Zoom Hand #254733401660:  Hold'em No Limit ($0.05/$0.10) - 2025/02/06 15:01:58 CET [2025/02/06 9:01:58 ET]
Table 'Aludra' 6-max Seat #1 is the button
Seat 1: Dimon_55_77 ($10.98 in chips) 
Seat 2: Mahu2021 ($10.05 in chips) 
Seat 3: acd_045 ($10 in chips) 
Seat 4: Dré29 ($11.14 in chips) 
Seat 5: ronny2106 ($14 in chips) 
Seat 6: putzkedudu ($22.37 in chips) 
Mahu2021: posts small blind $0.05
acd_045: posts big blind $0.10
*** HOLE CARDS ***
Dealt to Mahu2021 [Ks Qd]
Dré29: folds 
ronny2106: folds 
putzkedudu: folds 
Dimon_55_77: folds 
Mahu2021: raises $0.20 to $0.30
acd_045: calls $0.20
*** FLOP *** [5h 6s 8s]
Mahu2021: checks 
acd_045: checks 
*** TURN *** [5h 6s 8s] [Qc]
Mahu2021: checks 
acd_045: bets $0.43
Mahu2021: calls $0.43
*** RIVER *** [5h 6s 8s Qc] [7c]
Mahu2021: checks 
acd_045: bets $1.04
Mahu2021: calls $1.04
*** SHOW DOWN ***
acd_045: shows [9c Ah] (a straight, Five to Nine)
Mahu2021: mucks hand 
acd_045 collected $3.38 from pot
*** SUMMARY ***
Total pot $3.54 | Rake $0.16 
Board [5h 6s 8s Qc 7c]
Seat 1: Dimon_55_77 (button) folded before Flop (didn't bet)
Seat 2: Mahu2021 (small blind) mucked [Ks Qd]
Seat 3: acd_045 (big blind) showed [9c Ah] and won ($3.38) with a straight, Five to Nine
Seat 4: Dré29 folded before Flop (didn't bet)
Seat 5: ronny2106 folded before Flop (didn't bet)
Seat 6: putzkedudu folded before Flop (didn't bet)



PokerStars Zoom Hand #254733409659:  Hold'em No Limit ($0.05/$0.10) - 2025/02/06 15:02:47 CET [2025/02/06 9:02:47 ET]
Table 'Aludra' 6-max Seat #1 is the button
Seat 1: Mahu2021 ($8.28 in chips) 
Seat 2: lolb0t ($11.88 in chips) 
Seat 3: Arun4z ($11.79 in chips) 
Seat 4: MaeBolada ($13.61 in chips) 
Seat 5: limyang ($10 in chips) 
Seat 6: manwivplan ($10.80 in chips) 
lolb0t: posts small blind $0.05
Arun4z: posts big blind $0.10
*** HOLE CARDS ***
Dealt to Mahu2021 [Ac Ah]
MaeBolada: folds 
limyang: folds 
manwivplan: folds 
Mahu2021: raises $8.18 to $8.28 and is all-in
lolb0t: folds 
Arun4z: folds 
Uncalled bet ($8.18) returned to Mahu2021
Mahu2021 collected $0.25 from pot
Mahu2021: doesn't show hand 
*** SUMMARY ***
Total pot $0.25 | Rake $0 
Seat 1: Mahu2021 (button) collected ($0.25)
Seat 2: lolb0t (small blind) folded before Flop
Seat 3: Arun4z (big blind) folded before Flop
Seat 4: MaeBolada folded before Flop (didn't bet)
Seat 5: limyang folded before Flop (didn't bet)
Seat 6: manwivplan folded before Flop (didn't bet)



PokerStars Zoom Hand #254733415008:  Hold'em No Limit ($0.05/$0.10) - 2025/02/06 15:03:19 CET [2025/02/06 9:03:19 ET]
Table 'Aludra' 6-max Seat #1 is the button
Seat 1: Mr Pouchos ($10.71 in chips) 
Seat 2: gimmiurstack ($10.28 in chips) 
Seat 3: Mahu2021 ($8.43 in chips) 
Seat 4: Tominou BE ($16.90 in chips) 
Seat 5: ukcarlos ($5.84 in chips) 
Seat 6: tabo483 ($29.98 in chips) 
gimmiurstack: posts small blind $0.05
Mahu2021: posts big blind $0.10
*** HOLE CARDS ***
Dealt to Mahu2021 [Td 4h]
Tominou BE: folds 
ukcarlos: folds 
tabo483: folds 
Mr Pouchos: folds 
gimmiurstack: folds 
Uncalled bet ($0.05) returned to Mahu2021
Mahu2021 collected $0.10 from pot
Mahu2021: doesn't show hand 
*** SUMMARY ***
Total pot $0.10 | Rake $0 
Seat 1: Mr Pouchos (button) folded before Flop (didn't bet)
Seat 2: gimmiurstack (small blind) folded before Flop
Seat 3: Mahu2021 (big blind) collected ($0.10)
Seat 4: Tominou BE folded before Flop (didn't bet)
Seat 5: ukcarlos folded before Flop (didn't bet)
Seat 6: tabo483 folded before Flop (didn't bet)



PokerStars Zoom Hand #254733414294:  Hold'em No Limit ($0.05/$0.10) - 2025/02/06 15:03:14 CET [2025/02/06 9:03:14 ET]
Table 'Aludra' 6-max Seat #1 is the button
Seat 1: vile76 ($10 in chips) 
Seat 2: manwivplan ($12.42 in chips) 
Seat 3: lolb0t ($11.98 in chips) 
Seat 4: juanGeu123 ($17.70 in chips) 
Seat 5: Mahu2021 ($8.43 in chips) 
Seat 6: Moneymoex ($12.36 in chips) 
manwivplan: posts small blind $0.05
lolb0t: posts big blind $0.10
*** HOLE CARDS ***
Dealt to Mahu2021 [8c Ts]
juanGeu123 has timed out
juanGeu123: folds 
Mahu2021: folds 
Moneymoex: raises $0.15 to $0.25
vile76: calls $0.25
manwivplan: folds 
lolb0t: folds 
*** FLOP *** [8d 3d 7s]
Moneymoex: checks 
vile76: checks 
*** TURN *** [8d 3d 7s] [Js]
Moneymoex: checks 
vile76: bets $0.30
Moneymoex: calls $0.30
*** RIVER *** [8d 3d 7s Js] [7d]
Moneymoex: checks 
vile76: checks 
*** SHOW DOWN ***
Moneymoex: shows [Th 8h] (two pair, Eights and Sevens)
vile76: shows [Qh Jd] (two pair, Jacks and Sevens)
vile76 collected $1.19 from pot
*** SUMMARY ***
Total pot $1.25 | Rake $0.06 
Board [8d 3d 7s Js 7d]
Seat 1: vile76 (button) showed [Qh Jd] and won ($1.19) with two pair, Jacks and Sevens
Seat 2: manwivplan (small blind) folded before Flop
Seat 3: lolb0t (big blind) folded before Flop
Seat 4: juanGeu123 folded before Flop (didn't bet)
Seat 5: Mahu2021 folded before Flop (didn't bet)
Seat 6: Moneymoex showed [Th 8h] and lost with two pair, Eights and Sevens



PokerStars Zoom Hand #254733417159:  Hold'em No Limit ($0.05/$0.10) - 2025/02/06 15:03:31 CET [2025/02/06 9:03:31 ET]
Table 'Aludra' 6-max Seat #1 is the button
Seat 1: Dré29 ($24.15 in chips) 
Seat 2: Mahu2021 ($8.48 in chips) 
Seat 3: pougia777 ($10 in chips) 
Seat 4: Fakasaki ($12.09 in chips) 
Seat 5: fatevfxig ($12.33 in chips) 
Seat 6: tiodor1972 ($11.41 in chips) 
Mahu2021: posts small blind $0.05
pougia777: posts big blind $0.10
*** HOLE CARDS ***
Dealt to Mahu2021 [Qc Tc]
Fakasaki: folds 
fatevfxig: raises $0.15 to $0.25
tiodor1972: folds 
Dré29: folds 
Mahu2021: calls $0.20
pougia777: folds 
*** FLOP *** [Ad 6d Jd]
Mahu2021: checks 
fatevfxig: checks 
*** TURN *** [Ad 6d Jd] [5s]
Mahu2021: checks 
fatevfxig: bets $0.29
Mahu2021: calls $0.29
*** RIVER *** [Ad 6d Jd 5s] [Js]
Mahu2021: checks 
fatevfxig: bets $0.79
Mahu2021: folds 
Uncalled bet ($0.79) returned to fatevfxig
fatevfxig collected $1.12 from pot
fatevfxig: doesn't show hand 
*** SUMMARY ***
Total pot $1.18 | Rake $0.06 
Board [Ad 6d Jd 5s Js]
Seat 1: Dré29 (button) folded before Flop (didn't bet)
Seat 2: Mahu2021 (small blind) folded on the River
Seat 3: pougia777 (big blind) folded before Flop
Seat 4: Fakasaki folded before Flop (didn't bet)
Seat 5: fatevfxig collected ($1.12)
Seat 6: tiodor1972 folded before Flop (didn't bet)



PokerStars Zoom Hand #254733422857:  Hold'em No Limit ($0.05/$0.10) - 2025/02/06 15:04:05 CET [2025/02/06 9:04:05 ET]
Table 'Aludra' 6-max Seat #1 is the button
Seat 1: Mahu2021 ($7.94 in chips) 
Seat 2: NoMoreAOF ($14.65 in chips) 
Seat 3: lolb0t ($32.65 in chips) 
Seat 4: ydar89 ($10.83 in chips) 
Seat 5: acd_045 ($10 in chips) 
Seat 6: putzkedudu ($22.31 in chips) 
NoMoreAOF: posts small blind $0.05
lolb0t: posts big blind $0.10
*** HOLE CARDS ***
Dealt to Mahu2021 [3s Qd]
ydar89: folds 
acd_045: folds 
putzkedudu: folds 
Mahu2021: folds 
NoMoreAOF: folds 
Uncalled bet ($0.05) returned to lolb0t
lolb0t collected $0.10 from pot
lolb0t: doesn't show hand 
*** SUMMARY ***
Total pot $0.10 | Rake $0 
Seat 1: Mahu2021 (button) folded before Flop (didn't bet)
Seat 2: NoMoreAOF (small blind) folded before Flop
Seat 3: lolb0t (big blind) collected ($0.10)
Seat 4: ydar89 folded before Flop (didn't bet)
Seat 5: acd_045 folded before Flop (didn't bet)
Seat 6: putzkedudu folded before Flop (didn't bet)



PokerStars Zoom Hand #254733423510:  Hold'em No Limit ($0.05/$0.10) - 2025/02/06 15:04:09 CET [2025/02/06 9:04:09 ET]
Table 'Aludra' 6-max Seat #1 is the button
Seat 1: todd17800 ($13.39 in chips) 
Seat 2: georgerzs13 ($5.02 in chips) 
Seat 3: IVERNMAN ($12.01 in chips) 
Seat 4: Matzet1ka ($10.80 in chips) 
Seat 5: Saranagati ($10.91 in chips) 
Seat 6: Mahu2021 ($7.94 in chips) 
georgerzs13: posts small blind $0.05
IVERNMAN: posts big blind $0.10
*** HOLE CARDS ***
Dealt to Mahu2021 [8c 9d]
Matzet1ka: folds 
Saranagati: folds 
Mahu2021: folds 
todd17800: folds 
georgerzs13: folds 
Uncalled bet ($0.05) returned to IVERNMAN
IVERNMAN collected $0.10 from pot
IVERNMAN: doesn't show hand 
*** SUMMARY ***
Total pot $0.10 | Rake $0 
Seat 1: todd17800 (button) folded before Flop (didn't bet)
Seat 2: georgerzs13 (small blind) folded before Flop
Seat 3: IVERNMAN (big blind) collected ($0.10)
Seat 4: Matzet1ka folded before Flop (didn't bet)
Seat 5: Saranagati folded before Flop (didn't bet)
Seat 6: Mahu2021 folded before Flop (didn't bet)



PokerStars Zoom Hand #254733424859:  Hold'em No Limit ($0.05/$0.10) - 2025/02/06 15:04:17 CET [2025/02/06 9:04:17 ET]
Table 'Aludra' 6-max Seat #1 is the button
Seat 1: manwivplan ($16.44 in chips) 
Seat 2: Cle0patr4 ($22.03 in chips) 
Seat 3: kinga0919 ($70.46 in chips) 
Seat 4: MarcosV184 ($8.22 in chips) 
Seat 5: Jinzoo1 ($22.65 in chips) 
Seat 6: Mahu2021 ($7.94 in chips) 
Cle0patr4: posts small blind $0.05
kinga0919: posts big blind $0.10
*** HOLE CARDS ***
Dealt to Mahu2021 [2d Jd]
MarcosV184: folds 
Jinzoo1: folds 
Mahu2021: folds 
manwivplan: folds 
Cle0patr4: raises $0.15 to $0.25
kinga0919: folds 
Uncalled bet ($0.15) returned to Cle0patr4
Cle0patr4 collected $0.20 from pot
Cle0patr4: doesn't show hand 
*** SUMMARY ***
Total pot $0.20 | Rake $0 
Seat 1: manwivplan (button) folded before Flop (didn't bet)
Seat 2: Cle0patr4 (small blind) collected ($0.20)
Seat 3: kinga0919 (big blind) folded before Flop
Seat 4: MarcosV184 folded before Flop (didn't bet)
Seat 5: Jinzoo1 folded before Flop (didn't bet)
Seat 6: Mahu2021 folded before Flop (didn't bet)



PokerStars Zoom Hand #254733424169:  Hold'em No Limit ($0.05/$0.10) - 2025/02/06 15:04:13 CET [2025/02/06 9:04:13 ET]
Table 'Aludra' 6-max Seat #1 is the button
Seat 1: georgerzs13 ($4.97 in chips) 
Seat 2: Grünblaugelb ($4.21 in chips) 
Seat 3: Georg006830 ($13.22 in chips) 
Seat 4: Fakasaki ($17.04 in chips) 
Seat 5: Mahu2021 ($7.94 in chips) 
Seat 6: juanGeu123 ($17.65 in chips) 
Grünblaugelb: posts small blind $0.05
Georg006830: posts big blind $0.10
*** HOLE CARDS ***
Dealt to Mahu2021 [5c 8s]
Fakasaki: raises $0.10 to $0.20
Mahu2021: folds 
juanGeu123: folds 
georgerzs13: calls $0.20
Grünblaugelb: folds 
Georg006830: folds 
*** FLOP *** [Jd 7h 2s]
Fakasaki: checks 
georgerzs13: bets $0.20
Fakasaki: calls $0.20
*** TURN *** [Jd 7h 2s] [4s]
Fakasaki: checks 
georgerzs13: bets $0.20
Fakasaki: calls $0.20
*** RIVER *** [Jd 7h 2s 4s] [Jc]
Fakasaki: checks 
georgerzs13: checks 
*** SHOW DOWN ***
Fakasaki: shows [6c 7c] (two pair, Jacks and Sevens)
georgerzs13: mucks hand 
Fakasaki collected $1.29 from pot
*** SUMMARY ***
Total pot $1.35 | Rake $0.06 
Board [Jd 7h 2s 4s Jc]
Seat 1: georgerzs13 (button) mucked [Tc As]
Seat 2: Grünblaugelb (small blind) folded before Flop
Seat 3: Georg006830 (big blind) folded before Flop
Seat 4: Fakasaki showed [6c 7c] and won ($1.29) with two pair, Jacks and Sevens
Seat 5: Mahu2021 folded before Flop (didn't bet)
Seat 6: juanGeu123 folded before Flop (didn't bet)



PokerStars Zoom Hand #254733425704:  Hold'em No Limit ($0.05/$0.10) - 2025/02/06 15:04:22 CET [2025/02/06 9:04:22 ET]
Table 'Aludra' 6-max Seat #1 is the button
Seat 1: KishuXXX ($10 in chips) 
Seat 2: TKITAKA ($10.27 in chips) 
Seat 3: Mahu2021 ($7.94 in chips) 
Seat 4: gimmiurstack ($12.67 in chips) 
Seat 5: lolb0t ($11.73 in chips) 
Seat 6: todd17800 ($13.39 in chips) 
TKITAKA: posts small blind $0.05
Mahu2021: posts big blind $0.10
*** HOLE CARDS ***
Dealt to Mahu2021 [Td 5s]
gimmiurstack: folds 
lolb0t: folds 
todd17800: folds 
KishuXXX: raises $0.15 to $0.25
TKITAKA: folds 
Mahu2021: folds 
Uncalled bet ($0.15) returned to KishuXXX
KishuXXX collected $0.25 from pot
KishuXXX: doesn't show hand 
*** SUMMARY ***
Total pot $0.25 | Rake $0 
Seat 1: KishuXXX (button) collected ($0.25)
Seat 2: TKITAKA (small blind) folded before Flop
Seat 3: Mahu2021 (big blind) folded before Flop
Seat 4: gimmiurstack folded before Flop (didn't bet)
Seat 5: lolb0t folded before Flop (didn't bet)
Seat 6: todd17800 folded before Flop (didn't bet)



PokerStars Zoom Hand #254733428598:  Hold'em No Limit ($0.05/$0.10) - 2025/02/06 15:04:39 CET [2025/02/06 9:04:39 ET]
Table 'Aludra' 6-max Seat #1 is the button
Seat 1: ronny2106 ($28.12 in chips) 
Seat 2: limyang ($11.62 in chips) 
Seat 3: occhirac ($21.88 in chips) 
Seat 4: Mahu2021 ($7.84 in chips) 
Seat 5: tanuki96 ($10.10 in chips) 
Seat 6: moneyclown1 ($14.15 in chips) 
limyang: posts small blind $0.05
occhirac: posts big blind $0.10
*** HOLE CARDS ***
Dealt to Mahu2021 [Qc Td]
Mahu2021: folds 
tanuki96: folds 
moneyclown1: folds 
ronny2106: raises $0.14 to $0.24
limyang: folds 
occhirac: folds 
Uncalled bet ($0.14) returned to ronny2106
ronny2106 collected $0.25 from pot
ronny2106: doesn't show hand 
*** SUMMARY ***
Total pot $0.25 | Rake $0 
Seat 1: ronny2106 (button) collected ($0.25)
Seat 2: limyang (small blind) folded before Flop
Seat 3: occhirac (big blind) folded before Flop
Seat 4: Mahu2021 folded before Flop (didn't bet)
Seat 5: tanuki96 folded before Flop (didn't bet)
Seat 6: moneyclown1 folded before Flop (didn't bet)



PokerStars Zoom Hand #254733429183:  Hold'em No Limit ($0.05/$0.10) - 2025/02/06 15:04:43 CET [2025/02/06 9:04:43 ET]
Table 'Aludra' 6-max Seat #1 is the button
Seat 1: Frieda1810 ($9.67 in chips) 
Seat 2: Mahu2021 ($7.84 in chips) 
Seat 3: putzkedudu ($22.26 in chips) 
Seat 4: PROSTOZIDAR ($7.35 in chips) 
Seat 5: moneyclown1 ($14.15 in chips) 
Seat 6: acd_045 ($10 in chips) 
Mahu2021: posts small blind $0.05
putzkedudu: posts big blind $0.10
*** HOLE CARDS ***
Dealt to Mahu2021 [6s Qs]
PROSTOZIDAR: folds 
moneyclown1: folds 
acd_045: raises $0.15 to $0.25
Frieda1810: folds 
Mahu2021: calls $0.20
putzkedudu: folds 
*** FLOP *** [Ts As 2d]
Mahu2021: checks 
acd_045: bets $0.43
Mahu2021: calls $0.43
*** TURN *** [Ts As 2d] [Td]
Mahu2021: checks 
acd_045: bets $1.04
Mahu2021: calls $1.04
*** RIVER *** [Ts As 2d Td] [6c]
Mahu2021: bets $3.38
acd_045: folds 
Uncalled bet ($3.38) returned to Mahu2021
Mahu2021 collected $3.38 from pot
Mahu2021: doesn't show hand 
*** SUMMARY ***
Total pot $3.54 | Rake $0.16 
Board [Ts As 2d Td 6c]
Seat 1: Frieda1810 (button) folded before Flop (didn't bet)
Seat 2: Mahu2021 (small blind) collected ($3.38)
Seat 3: putzkedudu (big blind) folded before Flop
Seat 4: PROSTOZIDAR folded before Flop (didn't bet)
Seat 5: moneyclown1 folded before Flop (didn't bet)
Seat 6: acd_045 folded on the River



PokerStars Zoom Hand #254733438962:  Hold'em No Limit ($0.05/$0.10) - 2025/02/06 15:05:41 CET [2025/02/06 9:05:41 ET]
Table 'Aludra' 6-max Seat #1 is the button
Seat 1: IVERNMAN ($12.96 in chips) 
Seat 2: Cle0patr4 ($21.78 in chips) 
Seat 3: limyang ($11.44 in chips) 
Seat 4: fatevfxig ($10.05 in chips) 
Seat 5: Mahu2021 ($9.50 in chips) 
Seat 6: tiodor1972 ($10.10 in chips) 
Cle0patr4: posts small blind $0.05
limyang: posts big blind $0.10
*** HOLE CARDS ***
Dealt to Mahu2021 [Ah 5s]
fatevfxig: folds 
Mahu2021: folds 
tiodor1972: raises $0.14 to $0.24
IVERNMAN: raises $0.56 to $0.80
Cle0patr4: folds 
limyang: folds 
tiodor1972: raises $1.26 to $2.06
IVERNMAN: folds 
Uncalled bet ($1.26) returned to tiodor1972
tiodor1972 collected $1.75 from pot
tiodor1972: doesn't show hand 
*** SUMMARY ***
Total pot $1.75 | Rake $0 
Seat 1: IVERNMAN (button) folded before Flop
Seat 2: Cle0patr4 (small blind) folded before Flop
Seat 3: limyang (big blind) folded before Flop
Seat 4: fatevfxig folded before Flop (didn't bet)
Seat 5: Mahu2021 folded before Flop (didn't bet)
Seat 6: tiodor1972 collected ($1.75)



PokerStars Zoom Hand #254733437926:  Hold'em No Limit ($0.05/$0.10) - 2025/02/06 15:05:35 CET [2025/02/06 9:05:35 ET]
Table 'Aludra' 6-max Seat #1 is the button
Seat 1: Mahu2021 ($9.50 in chips) 
Seat 2: IndyVegas67 ($11.26 in chips) 
Seat 3: Matzet1ka ($10 in chips) 
Seat 4: LiL-Pakks ($2.90 in chips) 
Seat 5: manvaneeklo1981 ($7.52 in chips) 
Seat 6: ninoviejo ($5.59 in chips) 
IndyVegas67: posts small blind $0.05
Matzet1ka: posts big blind $0.10
*** HOLE CARDS ***
Dealt to Mahu2021 [4d 7d]
LiL-Pakks: raises $0.10 to $0.20
manvaneeklo1981: calls $0.20
ninoviejo: folds 
Mahu2021: folds 
IndyVegas67: folds 
Matzet1ka: folds 
*** FLOP *** [Qc Ac Jd]
LiL-Pakks: bets $0.17
manvaneeklo1981: raises $0.87 to $1.04
LiL-Pakks: raises $1.66 to $2.70 and is all-in
manvaneeklo1981: calls $1.66
*** TURN *** [Qc Ac Jd] [Ts]
*** RIVER *** [Qc Ac Jd Ts] [7c]
*** SHOW DOWN ***
LiL-Pakks: shows [Qd Qs] (three of a kind, Queens)
manvaneeklo1981: shows [Th Ks] (a straight, Ten to Ace)
manvaneeklo1981 collected $5.68 from pot
*** SUMMARY ***
Total pot $5.95 | Rake $0.27 
Board [Qc Ac Jd Ts 7c]
Seat 1: Mahu2021 (button) folded before Flop (didn't bet)
Seat 2: IndyVegas67 (small blind) folded before Flop
Seat 3: Matzet1ka (big blind) folded before Flop
Seat 4: LiL-Pakks showed [Qd Qs] and lost with three of a kind, Queens
Seat 5: manvaneeklo1981 showed [Th Ks] and won ($5.68) with a straight, Ten to Ace
Seat 6: ninoviejo folded before Flop (didn't bet)



PokerStars Zoom Hand #254733439937:  Hold'em No Limit ($0.05/$0.10) - 2025/02/06 15:05:47 CET [2025/02/06 9:05:47 ET]
Table 'Aludra' 6-max Seat #1 is the button
Seat 1: piroshiki777 ($11.30 in chips) 
Seat 2: acd_045 ($14.62 in chips) 
Seat 3: gimmiurstack ($11.02 in chips) 
Seat 4: Mahu2021 ($9.50 in chips) 
Seat 5: Cristi/Arg ($16.77 in chips) 
Seat 6: tanuki96 ($12.86 in chips) 
acd_045: posts small blind $0.05
gimmiurstack: posts big blind $0.10
*** HOLE CARDS ***
Dealt to Mahu2021 [Tc Qs]
Mahu2021: folds 
Cristi/Arg: folds 
tanuki96: folds 
piroshiki777: raises $0.15 to $0.25
acd_045: folds 
gimmiurstack: folds 
Uncalled bet ($0.15) returned to piroshiki777
piroshiki777 collected $0.25 from pot
piroshiki777: doesn't show hand 
*** SUMMARY ***
Total pot $0.25 | Rake $0 
Seat 1: piroshiki777 (button) collected ($0.25)
Seat 2: acd_045 (small blind) folded before Flop
Seat 3: gimmiurstack (big blind) folded before Flop
Seat 4: Mahu2021 folded before Flop (didn't bet)
Seat 5: Cristi/Arg folded before Flop (didn't bet)
Seat 6: tanuki96 folded before Flop (didn't bet)



PokerStars Zoom Hand #254733440974:  Hold'em No Limit ($0.05/$0.10) - 2025/02/06 15:05:53 CET [2025/02/06 9:05:53 ET]
Table 'Aludra' 6-max Seat #1 is the button
Seat 1: TELU_sweets ($10.05 in chips) 
Seat 2: manwivplan ($16.24 in chips) 
Seat 3: Mahu2021 ($9.50 in chips) 
Seat 4: limyang ($11.34 in chips) 
Seat 5: Matzet1ka ($13.22 in chips) 
Seat 6: NoMoreAOF ($14.35 in chips) 
manwivplan: posts small blind $0.05
Mahu2021: posts big blind $0.10
*** HOLE CARDS ***
Dealt to Mahu2021 [9s 8s]
limyang: raises $0.15 to $0.25
Matzet1ka: folds 
NoMoreAOF: folds 
TELU_sweets: folds 
manwivplan: folds 
Mahu2021: calls $0.15
*** FLOP *** [7d Ac Kd]
Mahu2021: checks 
limyang: bets $0.17
Mahu2021: folds 
Uncalled bet ($0.17) returned to limyang
limyang collected $0.53 from pot
limyang: doesn't show hand 
*** SUMMARY ***
Total pot $0.55 | Rake $0.02 
Board [7d Ac Kd]
Seat 1: TELU_sweets (button) folded before Flop (didn't bet)
Seat 2: manwivplan (small blind) folded before Flop
Seat 3: Mahu2021 (big blind) folded on the Flop
Seat 4: limyang collected ($0.53)
Seat 5: Matzet1ka folded before Flop (didn't bet)
Seat 6: NoMoreAOF folded before Flop (didn't bet)



PokerStars Zoom Hand #254733444318:  Hold'em No Limit ($0.05/$0.10) - 2025/02/06 15:06:13 CET [2025/02/06 9:06:13 ET]
Table 'Aludra' 6-max Seat #1 is the button
Seat 1: Danger22bigs ($12.41 in chips) 
Seat 2: Matzet1ka ($13.12 in chips) 
Seat 3: dingdongitsme ($10 in chips) 
Seat 4: limyang ($11.62 in chips) 
Seat 5: ninoviejo ($5.42 in chips) 
Seat 6: Mahu2021 ($9.25 in chips) 
Matzet1ka: posts small blind $0.05
dingdongitsme: posts big blind $0.10
*** HOLE CARDS ***
Dealt to Mahu2021 [Js Kc]
limyang: raises $0.15 to $0.25
ninoviejo: folds 
Mahu2021: calls $0.25
Danger22bigs: folds 
Matzet1ka: raises $1.05 to $1.30
dingdongitsme: folds 
limyang: folds 
Mahu2021: folds 
Uncalled bet ($1.05) returned to Matzet1ka
Matzet1ka collected $0.85 from pot
Matzet1ka: doesn't show hand 
*** SUMMARY ***
Total pot $0.85 | Rake $0 
Seat 1: Danger22bigs (button) folded before Flop (didn't bet)
Seat 2: Matzet1ka (small blind) collected ($0.85)
Seat 3: dingdongitsme (big blind) folded before Flop
Seat 4: limyang folded before Flop
Seat 5: ninoviejo folded before Flop (didn't bet)
Seat 6: Mahu2021 folded before Flop



PokerStars Zoom Hand #254733447351:  Hold'em No Limit ($0.05/$0.10) - 2025/02/06 15:06:31 CET [2025/02/06 9:06:31 ET]
Table 'Aludra' 6-max Seat #1 is the button
Seat 1: Mahu2021 ($8.95 in chips) 
Seat 2: Fakasaki ($12.10 in chips) 
Seat 3: dingdongitsme ($14.43 in chips) 
Seat 4: geo3pokerr ($2.23 in chips) 
Seat 5: Matzet1ka ($13.72 in chips) 
Seat 6: fatevfxig ($10.05 in chips) 
Fakasaki: posts small blind $0.05
dingdongitsme: posts big blind $0.10
*** HOLE CARDS ***
Dealt to Mahu2021 [5d Qs]
geo3pokerr: folds 
Matzet1ka: folds 
fatevfxig: folds 
Mahu2021: folds 
Fakasaki: folds 
Uncalled bet ($0.05) returned to dingdongitsme
dingdongitsme collected $0.10 from pot
dingdongitsme: doesn't show hand 
*** SUMMARY ***
Total pot $0.10 | Rake $0 
Seat 1: Mahu2021 (button) folded before Flop (didn't bet)
Seat 2: Fakasaki (small blind) folded before Flop
Seat 3: dingdongitsme (big blind) collected ($0.10)
Seat 4: geo3pokerr folded before Flop (didn't bet)
Seat 5: Matzet1ka folded before Flop (didn't bet)
Seat 6: fatevfxig folded before Flop (didn't bet)



PokerStars Zoom Hand #254733448828:  Hold'em No Limit ($0.05/$0.10) - 2025/02/06 15:06:40 CET [2025/02/06 9:06:40 ET]
Table 'Aludra' 6-max Seat #1 is the button
Seat 1: lolb0t ($13.63 in chips) 
Seat 2: Fakasaki ($20.34 in chips) 
Seat 3: IVERNMAN ($10 in chips) 
Seat 4: pougia777 ($10 in chips) 
Seat 5: Mahu2021 ($8.95 in chips) 
Seat 6: ukcarlos ($10.78 in chips) 
Fakasaki: posts small blind $0.05
IVERNMAN: posts big blind $0.10
*** HOLE CARDS ***
Dealt to Mahu2021 [3h 4h]
pougia777: folds 
Mahu2021: raises $0.14 to $0.24
ukcarlos: folds 
lolb0t: folds 
Fakasaki: folds 
IVERNMAN: calls $0.14
*** FLOP *** [7s 9s Kd]
IVERNMAN: checks 
Mahu2021: checks 
*** TURN *** [7s 9s Kd] [Ks]
IVERNMAN: bets $0.17
Mahu2021: folds 
Uncalled bet ($0.17) returned to IVERNMAN
IVERNMAN collected $0.51 from pot
IVERNMAN: doesn't show hand 
*** SUMMARY ***
Total pot $0.53 | Rake $0.02 
Board [7s 9s Kd Ks]
Seat 1: lolb0t (button) folded before Flop (didn't bet)
Seat 2: Fakasaki (small blind) folded before Flop
Seat 3: IVERNMAN (big blind) collected ($0.51)
Seat 4: pougia777 folded before Flop (didn't bet)
Seat 5: Mahu2021 folded on the Turn
Seat 6: ukcarlos folded before Flop (didn't bet)



PokerStars Zoom Hand #254733446670:  Hold'em No Limit ($0.05/$0.10) - 2025/02/06 15:06:27 CET [2025/02/06 9:06:27 ET]
Table 'Aludra' 6-max Seat #1 is the button
Seat 1: Danger22bigs ($10.14 in chips) 
Seat 2: Mahu2021 ($9 in chips) 
Seat 3: Cristi/Arg ($16.69 in chips) 
Seat 4: Bur1k ($5.25 in chips) 
Seat 5: geo3pokerr ($2.23 in chips) 
Seat 6: Fakasaki ($17.93 in chips) 
Mahu2021: posts small blind $0.05
Cristi/Arg: posts big blind $0.10
*** HOLE CARDS ***
Dealt to Mahu2021 [Ts 6h]
Bur1k: raises $0.20 to $0.30
geo3pokerr: folds 
Fakasaki: folds 
Danger22bigs: folds 
Mahu2021: folds 
Cristi/Arg: calls $0.20
*** FLOP *** [Td 4h 3c]
Cristi/Arg: checks 
Bur1k: checks 
*** TURN *** [Td 4h 3c] [6c]
Cristi/Arg: bets $0.62
Bur1k: folds 
Uncalled bet ($0.62) returned to Cristi/Arg
Cristi/Arg collected $0.62 from pot
Cristi/Arg: doesn't show hand 
*** SUMMARY ***
Total pot $0.65 | Rake $0.03 
Board [Td 4h 3c 6c]
Seat 1: Danger22bigs (button) folded before Flop (didn't bet)
Seat 2: Mahu2021 (small blind) folded before Flop
Seat 3: Cristi/Arg (big blind) collected ($0.62)
Seat 4: Bur1k folded on the Turn
Seat 5: geo3pokerr folded before Flop (didn't bet)
Seat 6: Fakasaki folded before Flop (didn't bet)



PokerStars Zoom Hand #254733455892:  Hold'em No Limit ($0.05/$0.10) - 2025/02/06 15:07:22 CET [2025/02/06 9:07:22 ET]
Table 'Aludra' 6-max Seat #1 is the button
Seat 1: tanuki96 ($12.86 in chips) 
Seat 2: Bumbulbee_G ($12.47 in chips) 
Seat 3: ASENNA76 ($10 in chips) 
Seat 4: Mahu2021 ($8.71 in chips) 
Seat 5: lolb0t ($33.81 in chips) 
Seat 6: 8EN14M1N ($2.42 in chips) 
Bumbulbee_G: posts small blind $0.05
ASENNA76: posts big blind $0.10
*** HOLE CARDS ***
Dealt to Mahu2021 [Jd Ks]
Mahu2021: folds 
lolb0t: folds 
8EN14M1N: folds 
tanuki96: raises $0.10 to $0.20
Bumbulbee_G: folds 
ASENNA76: folds 
Uncalled bet ($0.10) returned to tanuki96
tanuki96 collected $0.25 from pot
tanuki96: doesn't show hand 
*** SUMMARY ***
Total pot $0.25 | Rake $0 
Seat 1: tanuki96 (button) collected ($0.25)
Seat 2: Bumbulbee_G (small blind) folded before Flop
Seat 3: ASENNA76 (big blind) folded before Flop
Seat 4: Mahu2021 folded before Flop (didn't bet)
Seat 5: lolb0t folded before Flop (didn't bet)
Seat 6: 8EN14M1N folded before Flop (didn't bet)



PokerStars Zoom Hand #254733454887:  Hold'em No Limit ($0.05/$0.10) - 2025/02/06 15:07:16 CET [2025/02/06 9:07:16 ET]
Table 'Aludra' 6-max Seat #1 is the button
Seat 1: manwivplan ($10 in chips) 
Seat 2: Minasse01 ($10.62 in chips) 
Seat 3: TELU_sweets ($12.68 in chips) 
Seat 4: Mahu2021 ($8.71 in chips) 
Seat 5: MarcosV184 ($9.81 in chips) 
Seat 6: Danger22bigs ($12.13 in chips) 
Minasse01: posts small blind $0.05
TELU_sweets: posts big blind $0.10
*** HOLE CARDS ***
Dealt to Mahu2021 [Kd 2s]
Mahu2021: folds 
MarcosV184: folds 
Danger22bigs: folds 
manwivplan: raises $0.15 to $0.25
Minasse01: folds 
TELU_sweets: calls $0.15
*** FLOP *** [Ks 4s 8d]
TELU_sweets: checks 
manwivplan: bets $0.17
TELU_sweets: calls $0.17
*** TURN *** [Ks 4s 8d] [8h]
TELU_sweets: checks 
manwivplan: checks 
*** RIVER *** [Ks 4s 8d 8h] [3h]
TELU_sweets: bets $0.43
manwivplan: calls $0.43
*** SHOW DOWN ***
TELU_sweets: shows [8c 6c] (three of a kind, Eights)
manwivplan: mucks hand 
TELU_sweets collected $1.67 from pot
*** SUMMARY ***
Total pot $1.75 | Rake $0.08 
Board [Ks 4s 8d 8h 3h]
Seat 1: manwivplan (button) mucked [Qh Ad]
Seat 2: Minasse01 (small blind) folded before Flop
Seat 3: TELU_sweets (big blind) showed [8c 6c] and won ($1.67) with three of a kind, Eights
Seat 4: Mahu2021 folded before Flop (didn't bet)
Seat 5: MarcosV184 folded before Flop (didn't bet)
Seat 6: Danger22bigs folded before Flop (didn't bet)



PokerStars Zoom Hand #254733465742:  Hold'em No Limit ($0.05/$0.10) - 2025/02/06 15:08:22 CET [2025/02/06 9:08:22 ET]
Table 'Aludra' 6-max Seat #1 is the button
Seat 1: Matzet1ka ($13.87 in chips) 
Seat 2: Moneymoex ($10.86 in chips) 
Seat 3: Mahu2021 ($8.41 in chips) 
Seat 4: TELU_sweets ($12.58 in chips) 
Seat 5: LevA1989 ($16.31 in chips) 
Seat 6: Georg006830 ($13.26 in chips) 
Moneymoex: posts small blind $0.05
Mahu2021: posts big blind $0.10
*** HOLE CARDS ***
Dealt to Mahu2021 [9c 5d]
TELU_sweets: folds 
LevA1989: folds 
Georg006830: folds 
Matzet1ka: folds 
Moneymoex: folds 
Uncalled bet ($0.05) returned to Mahu2021
Mahu2021 collected $0.10 from pot
Mahu2021: doesn't show hand 
*** SUMMARY ***
Total pot $0.10 | Rake $0 
Seat 1: Matzet1ka (button) folded before Flop (didn't bet)
Seat 2: Moneymoex (small blind) folded before Flop
Seat 3: Mahu2021 (big blind) collected ($0.10)
Seat 4: TELU_sweets folded before Flop (didn't bet)
Seat 5: LevA1989 folded before Flop (didn't bet)
Seat 6: Georg006830 folded before Flop (didn't bet)



PokerStars Zoom Hand #254733456717:  Hold'em No Limit ($0.05/$0.10) - 2025/02/06 15:07:27 CET [2025/02/06 9:07:27 ET]
Table 'Aludra' 6-max Seat #1 is the button
Seat 1: Mahu2021 ($8.71 in chips) 
Seat 2: KidMamba ($25.74 in chips) 
Seat 3: Sao77 ($10.10 in chips) 
Seat 4: MaeBolada ($11.62 in chips) 
Seat 5: juanGeu123 ($15.57 in chips) 
Seat 6: flens75go ($15.63 in chips) 
KidMamba: posts small blind $0.05
Sao77: posts big blind $0.10
*** HOLE CARDS ***
Dealt to Mahu2021 [3d Ad]
MaeBolada: raises $0.20 to $0.30
juanGeu123: folds 
flens75go: folds 
Mahu2021: calls $0.30
KidMamba: calls $0.25
Sao77: folds 
*** FLOP *** [9d 6h 6d]
KidMamba: checks 
MaeBolada: checks 
Mahu2021: checks 
*** TURN *** [9d 6h 6d] [Th]
KidMamba: bets $0.57
MaeBolada: raises $1.55 to $2.12
Mahu2021: folds 
KidMamba: folds 
Uncalled bet ($1.55) returned to MaeBolada
MaeBolada collected $2.04 from pot
MaeBolada: doesn't show hand 
*** SUMMARY ***
Total pot $2.14 | Rake $0.10 
Board [9d 6h 6d Th]
Seat 1: Mahu2021 (button) folded on the Turn
Seat 2: KidMamba (small blind) folded on the Turn
Seat 3: Sao77 (big blind) folded before Flop
Seat 4: MaeBolada collected ($2.04)
Seat 5: juanGeu123 folded before Flop (didn't bet)
Seat 6: flens75go folded before Flop (didn't bet)



PokerStars Zoom Hand #254733465060:  Hold'em No Limit ($0.05/$0.10) - 2025/02/06 15:08:18 CET [2025/02/06 9:08:18 ET]
Table 'Aludra' 6-max Seat #1 is the button
Seat 1: manwivplan ($12.09 in chips) 
Seat 2: Andrey458 ($10 in chips) 
Seat 3: alexber1111 ($10 in chips) 
Seat 4: Mahu2021 ($8.41 in chips) 
Seat 5: Cle0patr4 ($17.33 in chips) 
Seat 6: manvaneeklo1981 ($9.93 in chips) 
Andrey458: posts small blind $0.05
alexber1111: posts big blind $0.10
*** HOLE CARDS ***
Dealt to Mahu2021 [7d Js]
Mahu2021: folds 
Cle0patr4: folds 
manvaneeklo1981: raises $0.20 to $0.30
manwivplan: folds 
Andrey458: folds 
alexber1111: folds 
Uncalled bet ($0.20) returned to manvaneeklo1981
manvaneeklo1981 collected $0.25 from pot
manvaneeklo1981: doesn't show hand 
*** SUMMARY ***
Total pot $0.25 | Rake $0 
Seat 1: manwivplan (button) folded before Flop (didn't bet)
Seat 2: Andrey458 (small blind) folded before Flop
Seat 3: alexber1111 (big blind) folded before Flop
Seat 4: Mahu2021 folded before Flop (didn't bet)
Seat 5: Cle0patr4 folded before Flop (didn't bet)
Seat 6: manvaneeklo1981 collected ($0.25)



PokerStars Zoom Hand #254733470227:  Hold'em No Limit ($0.05/$0.10) - 2025/02/06 15:08:49 CET [2025/02/06 9:08:49 ET]
Table 'Aludra' 6-max Seat #1 is the button
Seat 1: komtibi ($4.91 in chips) 
Seat 2: 8EN14M1N ($2.19 in chips) 
Seat 3: KidMamba ($24.82 in chips) 
Seat 4: IVERNMAN ($10.08 in chips) 
Seat 5: Mr Pouchos ($10.50 in chips) 
Seat 6: Mahu2021 ($8.41 in chips) 
8EN14M1N: posts small blind $0.05
KidMamba: posts big blind $0.10
*** HOLE CARDS ***
Dealt to Mahu2021 [Td 4s]
IVERNMAN: folds 
Mr Pouchos: folds 
Mahu2021: folds 
komtibi: folds 
8EN14M1N: folds 
Uncalled bet ($0.05) returned to KidMamba
KidMamba collected $0.10 from pot
KidMamba: doesn't show hand 
*** SUMMARY ***
Total pot $0.10 | Rake $0 
Seat 1: komtibi (button) folded before Flop (didn't bet)
Seat 2: 8EN14M1N (small blind) folded before Flop
Seat 3: KidMamba (big blind) collected ($0.10)
Seat 4: IVERNMAN folded before Flop (didn't bet)
Seat 5: Mr Pouchos folded before Flop (didn't bet)
Seat 6: Mahu2021 folded before Flop (didn't bet)



PokerStars Zoom Hand #254733467633:  Hold'em No Limit ($0.05/$0.10) - 2025/02/06 15:08:33 CET [2025/02/06 9:08:33 ET]
Table 'Aludra' 6-max Seat #1 is the button
Seat 1: blysk ($10 in chips) 
Seat 2: Mahu2021 ($8.46 in chips) 
Seat 3: ASENNA76 ($10 in chips) 
Seat 4: gimmiurstack ($10.77 in chips) 
Seat 5: bignuts67 ($13.62 in chips) 
Seat 6: occhirac ($23.23 in chips) 
Mahu2021: posts small blind $0.05
ASENNA76: posts big blind $0.10
*** HOLE CARDS ***
Dealt to Mahu2021 [Jd 4h]
gimmiurstack: folds 
bignuts67: folds 
occhirac: folds 
blysk: raises $0.15 to $0.25
Mahu2021: folds 
ASENNA76: raises $0.75 to $1
blysk: folds 
Uncalled bet ($0.75) returned to ASENNA76
ASENNA76 collected $0.55 from pot
ASENNA76: doesn't show hand 
*** SUMMARY ***
Total pot $0.55 | Rake $0 
Seat 1: blysk (button) folded before Flop
Seat 2: Mahu2021 (small blind) folded before Flop
Seat 3: ASENNA76 (big blind) collected ($0.55)
Seat 4: gimmiurstack folded before Flop (didn't bet)
Seat 5: bignuts67 folded before Flop (didn't bet)
Seat 6: occhirac folded before Flop (didn't bet)



PokerStars Zoom Hand #254733469400:  Hold'em No Limit ($0.05/$0.10) - 2025/02/06 15:08:44 CET [2025/02/06 9:08:44 ET]
Table 'Aludra' 6-max Seat #1 is the button
Seat 1: Mahu2021 ($8.41 in chips) 
Seat 2: fatevfxig ($10.28 in chips) 
Seat 3: LevA1989 ($10.35 in chips) 
Seat 4: Matzet1ka ($13.77 in chips) 
Seat 5: moneyclown1 ($10.81 in chips) 
Seat 6: NoMoreAOF ($11.35 in chips) 
fatevfxig: posts small blind $0.05
LevA1989: posts big blind $0.10
*** HOLE CARDS ***
Dealt to Mahu2021 [3h Qh]
Matzet1ka: raises $0.10 to $0.20
moneyclown1: folds 
NoMoreAOF: raises $0.50 to $0.70
Mahu2021: folds 
fatevfxig: folds 
LevA1989: folds 
Matzet1ka: folds 
Uncalled bet ($0.50) returned to NoMoreAOF
NoMoreAOF collected $0.55 from pot
NoMoreAOF: doesn't show hand 
*** SUMMARY ***
Total pot $0.55 | Rake $0 
Seat 1: Mahu2021 (button) folded before Flop (didn't bet)
Seat 2: fatevfxig (small blind) folded before Flop
Seat 3: LevA1989 (big blind) folded before Flop
Seat 4: Matzet1ka folded before Flop
Seat 5: moneyclown1 folded before Flop (didn't bet)
Seat 6: NoMoreAOF collected ($0.55)



PokerStars Zoom Hand #254733468754:  Hold'em No Limit ($0.05/$0.10) - 2025/02/06 15:08:40 CET [2025/02/06 9:08:40 ET]
Table 'Aludra' 6-max Seat #1 is the button
Seat 1: TELU_sweets ($13.45 in chips) 
Seat 2: PROSTOZIDAR ($5.54 in chips) 
Seat 3: vile76 ($9.85 in chips) 
Seat 4: Fakasaki ($20.57 in chips) 
Seat 5: fatevfxig ($10.28 in chips) 
Seat 6: Mahu2021 ($8.41 in chips) 
PROSTOZIDAR: posts small blind $0.05
vile76: posts big blind $0.10
*** HOLE CARDS ***
Dealt to Mahu2021 [5d 9d]
Fakasaki: raises $0.10 to $0.20
fatevfxig: folds 
Mahu2021: folds 
TELU_sweets: raises $0.55 to $0.75
PROSTOZIDAR: folds 
vile76: folds 
Fakasaki: folds 
Uncalled bet ($0.55) returned to TELU_sweets
TELU_sweets collected $0.55 from pot
TELU_sweets: doesn't show hand 
*** SUMMARY ***
Total pot $0.55 | Rake $0 
Seat 1: TELU_sweets (button) collected ($0.55)
Seat 2: PROSTOZIDAR (small blind) folded before Flop
Seat 3: vile76 (big blind) folded before Flop
Seat 4: Fakasaki folded before Flop
Seat 5: fatevfxig folded before Flop (didn't bet)
Seat 6: Mahu2021 folded before Flop (didn't bet)



PokerStars Zoom Hand #254733470908:  Hold'em No Limit ($0.05/$0.10) - 2025/02/06 15:08:53 CET [2025/02/06 9:08:53 ET]
Table 'Aludra' 6-max Seat #1 is the button
Seat 1: Bur1k ($5.85 in chips) 
Seat 2: sho0506 ($17.98 in chips) 
Seat 3: Mahu2021 ($8.41 in chips) 
Seat 4: martin048530 ($10.77 in chips) 
Seat 5: gimmiurstack ($12.32 in chips) 
Seat 6: acd_045 ($10.49 in chips) 
sho0506: posts small blind $0.05
Mahu2021: posts big blind $0.10
*** HOLE CARDS ***
Dealt to Mahu2021 [6h 5d]
martin048530: folds 
gimmiurstack: raises $0.15 to $0.25
acd_045: folds 
Bur1k: folds 
sho0506: folds 
Mahu2021: calls $0.15
*** FLOP *** [3d Ac 8s]
Mahu2021: checks 
gimmiurstack: bets $0.17
Mahu2021: folds 
Uncalled bet ($0.17) returned to gimmiurstack
gimmiurstack collected $0.53 from pot
gimmiurstack: doesn't show hand 
*** SUMMARY ***
Total pot $0.55 | Rake $0.02 
Board [3d Ac 8s]
Seat 1: Bur1k (button) folded before Flop (didn't bet)
Seat 2: sho0506 (small blind) folded before Flop
Seat 3: Mahu2021 (big blind) folded on the Flop
Seat 4: martin048530 folded before Flop (didn't bet)
Seat 5: gimmiurstack collected ($0.53)
Seat 6: acd_045 folded before Flop (didn't bet)



PokerStars Zoom Hand #254733476184:  Hold'em No Limit ($0.05/$0.10) - 2025/02/06 15:09:24 CET [2025/02/06 9:09:24 ET]
Table 'Aludra' 6-max Seat #1 is the button
Seat 1: KishuXXX ($10.35 in chips) 
Seat 2: Mahu2021 ($8.16 in chips) 
Seat 3: dktyran ($10.17 in chips) 
Seat 4: ASENNA76 ($10.21 in chips) 
Seat 5: IVERNMAN ($14.34 in chips) 
Seat 6: BluesUK ($12.63 in chips) 
Mahu2021: posts small blind $0.05
dktyran: posts big blind $0.10
*** HOLE CARDS ***
Dealt to Mahu2021 [6s Kd]
ASENNA76: folds 
IVERNMAN: folds 
BluesUK: folds 
KishuXXX: raises $0.15 to $0.25
Mahu2021: folds 
dktyran: calls $0.15
*** FLOP *** [3h 8h Ah]
dktyran: checks 
KishuXXX: bets $0.17
dktyran: calls $0.17
*** TURN *** [3h 8h Ah] [Kh]
dktyran: checks 
KishuXXX: checks 
*** RIVER *** [3h 8h Ah Kh] [7d]
dktyran: checks 
KishuXXX: checks 
*** SHOW DOWN ***
dktyran: shows [9s 8d] (a pair of Eights)
KishuXXX: mucks hand 
dktyran collected $0.85 from pot
*** SUMMARY ***
Total pot $0.89 | Rake $0.04 
Board [3h 8h Ah Kh 7d]
Seat 1: KishuXXX (button) mucked [Js Qc]
Seat 2: Mahu2021 (small blind) folded before Flop
Seat 3: dktyran (big blind) showed [9s 8d] and won ($0.85) with a pair of Eights
Seat 4: ASENNA76 folded before Flop (didn't bet)
Seat 5: IVERNMAN folded before Flop (didn't bet)
Seat 6: BluesUK folded before Flop (didn't bet)



PokerStars Zoom Hand #254733476838:  Hold'em No Limit ($0.05/$0.10) - 2025/02/06 15:09:28 CET [2025/02/06 9:09:28 ET]
Table 'Aludra' 6-max Seat #1 is the button
Seat 1: limyang ($11.62 in chips) 
Seat 2: sho0506 ($17.98 in chips) 
Seat 3: Danger22bigs ($9.39 in chips) 
Seat 4: todd17800 ($19.81 in chips) 
Seat 5: Mahu2021 ($8.11 in chips) 
Seat 6: vile76 ($9.55 in chips) 
sho0506: posts small blind $0.05
Danger22bigs: posts big blind $0.10
*** HOLE CARDS ***
Dealt to Mahu2021 [As Ks]
todd17800: folds 
Mahu2021: raises $0.14 to $0.24
vile76: raises $0.63 to $0.87
limyang: folds 
sho0506: folds 
Danger22bigs: folds 
Mahu2021: calls $0.63
*** FLOP *** [7h 9c 7s]
Mahu2021: checks 
vile76: bets $1.10
Mahu2021: folds 
Uncalled bet ($1.10) returned to vile76
vile76 collected $1.80 from pot
vile76: doesn't show hand 
*** SUMMARY ***
Total pot $1.89 | Rake $0.09 
Board [7h 9c 7s]
Seat 1: limyang (button) folded before Flop (didn't bet)
Seat 2: sho0506 (small blind) folded before Flop
Seat 3: Danger22bigs (big blind) folded before Flop
Seat 4: todd17800 folded before Flop (didn't bet)
Seat 5: Mahu2021 folded on the Flop
Seat 6: vile76 collected ($1.80)



PokerStars Zoom Hand #254733485343:  Hold'em No Limit ($0.05/$0.10) - 2025/02/06 15:10:18 CET [2025/02/06 9:10:18 ET]
Table 'Aludra' 6-max Seat #1 is the button
Seat 1: acd_045 ($11.82 in chips) 
Seat 2: geo3pokerr ($4.75 in chips) 
Seat 3: Mahu2021 ($7 in chips) 
Seat 4: alexber1111 ($10 in chips) 
Seat 5: pougia777 ($10.15 in chips) 
Seat 6: Losimas(LT) ($11.50 in chips) 
geo3pokerr: posts small blind $0.05
Mahu2021: posts big blind $0.10
*** HOLE CARDS ***
Dealt to Mahu2021 [3s Th]
alexber1111: folds 
pougia777: folds 
Losimas(LT): folds 
acd_045: raises $0.15 to $0.25
geo3pokerr: folds 
Mahu2021: folds 
Uncalled bet ($0.15) returned to acd_045
acd_045 collected $0.25 from pot
acd_045: doesn't show hand 
*** SUMMARY ***
Total pot $0.25 | Rake $0 
Seat 1: acd_045 (button) collected ($0.25)
Seat 2: geo3pokerr (small blind) folded before Flop
Seat 3: Mahu2021 (big blind) folded before Flop
Seat 4: alexber1111 folded before Flop (didn't bet)
Seat 5: pougia777 folded before Flop (didn't bet)
Seat 6: Losimas(LT) folded before Flop (didn't bet)



PokerStars Zoom Hand #254733484749:  Hold'em No Limit ($0.05/$0.10) - 2025/02/06 15:10:15 CET [2025/02/06 9:10:15 ET]
Table 'Aludra' 6-max Seat #1 is the button
Seat 1: Mahu2021 ($7 in chips) 
Seat 2: tiodor1972 ($10.24 in chips) 
Seat 3: IVERNMAN ($15.12 in chips) 
Seat 4: Moneymoex ($11.35 in chips) 
Seat 5: lolb0t ($36.13 in chips) 
Seat 6: YourDonKay ($10.38 in chips) 
tiodor1972: posts small blind $0.05
IVERNMAN: posts big blind $0.10
*** HOLE CARDS ***
Dealt to Mahu2021 [Ts 5h]
Moneymoex: raises $0.15 to $0.25
lolb0t: folds 
YourDonKay: folds 
Mahu2021: folds 
tiodor1972: folds 
IVERNMAN: calls $0.15
*** FLOP *** [Tc 3s 3h]
IVERNMAN: checks 
Moneymoex: bets $0.17
IVERNMAN: folds 
Uncalled bet ($0.17) returned to Moneymoex
Moneymoex collected $0.53 from pot
Moneymoex: doesn't show hand 
*** SUMMARY ***
Total pot $0.55 | Rake $0.02 
Board [Tc 3s 3h]
Seat 1: Mahu2021 (button) folded before Flop (didn't bet)
Seat 2: tiodor1972 (small blind) folded before Flop
Seat 3: IVERNMAN (big blind) folded on the Flop
Seat 4: Moneymoex collected ($0.53)
Seat 5: lolb0t folded before Flop (didn't bet)
Seat 6: YourDonKay folded before Flop (didn't bet)



PokerStars Zoom Hand #254733487064:  Hold'em No Limit ($0.05/$0.10) - 2025/02/06 15:10:28 CET [2025/02/06 9:10:28 ET]
Table 'Aludra' 6-max Seat #1 is the button
Seat 1: lolb0t ($36.03 in chips) 
Seat 2: Mahu2021 ($6.90 in chips) 
Seat 3: Danger22bigs ($9.24 in chips) 
Seat 4: Fakasaki ($10 in chips) 
Seat 5: tiodor1972 ($10.96 in chips) 
Seat 6: manvaneeklo1981 ($8.97 in chips) 
Mahu2021: posts small blind $0.05
Danger22bigs: posts big blind $0.10
*** HOLE CARDS ***
Dealt to Mahu2021 [As Jd]
Fakasaki: folds 
tiodor1972: folds 
manvaneeklo1981: raises $0.10 to $0.20
lolb0t: folds 
Mahu2021: calls $0.15
Danger22bigs: folds 
*** FLOP *** [Qd 6s 5d]
Mahu2021: checks 
manvaneeklo1981: bets $0.24
Mahu2021: folds 
Uncalled bet ($0.24) returned to manvaneeklo1981
manvaneeklo1981 collected $0.48 from pot
manvaneeklo1981: doesn't show hand 
*** SUMMARY ***
Total pot $0.50 | Rake $0.02 
Board [Qd 6s 5d]
Seat 1: lolb0t (button) folded before Flop (didn't bet)
Seat 2: Mahu2021 (small blind) folded on the Flop
Seat 3: Danger22bigs (big blind) folded before Flop
Seat 4: Fakasaki folded before Flop (didn't bet)
Seat 5: tiodor1972 folded before Flop (didn't bet)
Seat 6: manvaneeklo1981 collected ($0.48)



PokerStars Zoom Hand #254733492008:  Hold'em No Limit ($0.05/$0.10) - 2025/02/06 15:10:58 CET [2025/02/06 9:10:58 ET]
Table 'Aludra' 6-max Seat #1 is the button
Seat 1: fatevfxig ($12.31 in chips) 
Seat 2: TomBarber00 ($8.22 in chips) 
Seat 3: honEybOOx ($10 in chips) 
Seat 4: Losimas(LT) ($11.50 in chips) 
Seat 5: Mahu2021 ($6.70 in chips) 
Seat 6: Bur1k ($5 in chips) 
TomBarber00: posts small blind $0.05
honEybOOx: posts big blind $0.10
*** HOLE CARDS ***
Dealt to Mahu2021 [7s 3d]
Losimas(LT): folds 
Mahu2021: folds 
Bur1k: folds 
fatevfxig: folds 
TomBarber00: folds 
Uncalled bet ($0.05) returned to honEybOOx
honEybOOx collected $0.10 from pot
honEybOOx: doesn't show hand 
*** SUMMARY ***
Total pot $0.10 | Rake $0 
Seat 1: fatevfxig (button) folded before Flop (didn't bet)
Seat 2: TomBarber00 (small blind) folded before Flop
Seat 3: honEybOOx (big blind) collected ($0.10)
Seat 4: Losimas(LT) folded before Flop (didn't bet)
Seat 5: Mahu2021 folded before Flop (didn't bet)
Seat 6: Bur1k folded before Flop (didn't bet)



PokerStars Zoom Hand #254733482189:  Hold'em No Limit ($0.05/$0.10) - 2025/02/06 15:10:00 CET [2025/02/06 9:10:00 ET]
Table 'Aludra' 6-max Seat #1 is the button
Seat 1: alexber1111 ($10 in chips) 
Seat 2: Bur1k ($5.56 in chips) 
Seat 3: limyang ($10.88 in chips) 
Seat 4: Mahu2021 ($7.24 in chips) 
Seat 5: Mpout4 ($12.10 in chips) 
Seat 6: IVERNMAN ($10.27 in chips) 
Bur1k: posts small blind $0.05
limyang: posts big blind $0.10
*** HOLE CARDS ***
Dealt to Mahu2021 [3h 9h]
Mahu2021: folds 
Mpout4: calls $0.10
IVERNMAN: raises $0.20 to $0.30
alexber1111: folds 
Bur1k: folds 
limyang: calls $0.20
Mpout4: calls $0.20
*** FLOP *** [5c 2c 7s]
limyang: checks 
Mpout4: checks 
IVERNMAN: bets $0.30
limyang: folds 
Mpout4: raises $0.30 to $0.60
IVERNMAN: calls $0.30
*** TURN *** [5c 2c 7s] [7d]
Mpout4: checks 
IVERNMAN: checks 
*** RIVER *** [5c 2c 7s 7d] [As]
Mpout4: checks 
IVERNMAN: bets $1.03
Mpout4: raises $1.13 to $2.16
IVERNMAN: folds 
Uncalled bet ($1.13) returned to Mpout4
Mpout4 collected $4.02 from pot
Mpout4: doesn't show hand 
*** SUMMARY ***
Total pot $4.21 | Rake $0.19 
Board [5c 2c 7s 7d As]
Seat 1: alexber1111 (button) folded before Flop (didn't bet)
Seat 2: Bur1k (small blind) folded before Flop
Seat 3: limyang (big blind) folded on the Flop
Seat 4: Mahu2021 folded before Flop (didn't bet)
Seat 5: Mpout4 collected ($4.02)
Seat 6: IVERNMAN folded on the River



PokerStars Zoom Hand #254733482866:  Hold'em No Limit ($0.05/$0.10) - 2025/02/06 15:10:04 CET [2025/02/06 9:10:04 ET]
Table 'Aludra' 6-max Seat #1 is the button
Seat 1: dingdongitsme ($14.50 in chips) 
Seat 2: moneyclown1 ($10.36 in chips) 
Seat 3: kinga0919 ($69.34 in chips) 
Seat 4: Mahu2021 ($7.24 in chips) 
Seat 5: tabo483 ($34.45 in chips) 
Seat 6: vile76 ($9.99 in chips) 
moneyclown1: posts small blind $0.05
kinga0919: posts big blind $0.10
*** HOLE CARDS ***
Dealt to Mahu2021 [Tc As]
Mahu2021: raises $0.14 to $0.24
tabo483: folds 
vile76: folds 
dingdongitsme: raises $0.51 to $0.75
moneyclown1: folds 
kinga0919: calls $0.65
Mahu2021: folds 
*** FLOP *** [9c Th 2h]
kinga0919: checks 
dingdongitsme: bets $1.20
kinga0919: calls $1.20
*** TURN *** [9c Th 2h] [5h]
kinga0919: checks 
dingdongitsme: bets $2.80
kinga0919: folds 
Uncalled bet ($2.80) returned to dingdongitsme
dingdongitsme collected $4 from pot
dingdongitsme: doesn't show hand 
*** SUMMARY ***
Total pot $4.19 | Rake $0.19 
Board [9c Th 2h 5h]
Seat 1: dingdongitsme (button) collected ($4)
Seat 2: moneyclown1 (small blind) folded before Flop
Seat 3: kinga0919 (big blind) folded on the Turn
Seat 4: Mahu2021 folded before Flop
Seat 5: tabo483 folded before Flop (didn't bet)
Seat 6: vile76 folded before Flop (didn't bet)



PokerStars Zoom Hand #254733491485:  Hold'em No Limit ($0.05/$0.10) - 2025/02/06 15:10:55 CET [2025/02/06 9:10:55 ET]
Table 'Aludra' 6-max Seat #1 is the button
Seat 1: alexber1111 ($10.15 in chips) 
Seat 2: IVERNMAN ($10.23 in chips) 
Seat 3: elhankmoudi 2 ($9.56 in chips) 
Seat 4: juanGeu123 ($15.33 in chips) 
Seat 5: kiks220272 ($15.20 in chips) 
Seat 6: Mahu2021 ($6.70 in chips) 
IVERNMAN: posts small blind $0.05
elhankmoudi 2: posts big blind $0.10
*** HOLE CARDS ***
Dealt to Mahu2021 [Jc 2s]
juanGeu123: folds 
kiks220272: folds 
Mahu2021: folds 
alexber1111: raises $0.12 to $0.22
IVERNMAN: folds 
elhankmoudi 2: calls $0.12
*** FLOP *** [3h 9c Qh]
elhankmoudi 2: checks 
alexber1111: bets $0.15
elhankmoudi 2: folds 
Uncalled bet ($0.15) returned to alexber1111
alexber1111 collected $0.47 from pot
alexber1111: doesn't show hand 
*** SUMMARY ***
Total pot $0.49 | Rake $0.02 
Board [3h 9c Qh]
Seat 1: alexber1111 (button) collected ($0.47)
Seat 2: IVERNMAN (small blind) folded before Flop
Seat 3: elhankmoudi 2 (big blind) folded on the Flop
Seat 4: juanGeu123 folded before Flop (didn't bet)
Seat 5: kiks220272 folded before Flop (didn't bet)
Seat 6: Mahu2021 folded before Flop (didn't bet)



PokerStars Zoom Hand #254733492650:  Hold'em No Limit ($0.05/$0.10) - 2025/02/06 15:11:02 CET [2025/02/06 9:11:02 ET]
Table 'Aludra' 6-max Seat #1 is the button
Seat 1: limyang ($11.37 in chips) 
Seat 2: jcoydpsjps ($10 in chips) 
Seat 3: deejaydmc ($8.61 in chips) 
Seat 4: TomBarber00 ($8.17 in chips) 
Seat 5: ccycyrus ($5.66 in chips) 
Seat 6: Mahu2021 ($6.70 in chips) 
jcoydpsjps: posts small blind $0.05
deejaydmc: posts big blind $0.10
*** HOLE CARDS ***
Dealt to Mahu2021 [Kc Kd]
TomBarber00: folds 
ccycyrus: folds 
Mahu2021: raises $6.60 to $6.70 and is all-in
limyang: folds 
jcoydpsjps: calls $6.65
deejaydmc: folds 
*** FLOP *** [Js Qh 6s]
*** TURN *** [Js Qh 6s] [Qs]
*** RIVER *** [Js Qh 6s Qs] [5h]
*** SHOW DOWN ***
jcoydpsjps: shows [Ad Kh] (a pair of Queens)
Mahu2021: shows [Kc Kd] (two pair, Kings and Queens)
Mahu2021 cashed out the hand for $8.81 | Cash Out Fee $0.18
*** SUMMARY ***
Total pot $13.50 | Rake $0.61 
Board [Js Qh 6s Qs 5h]
Seat 1: limyang (button) folded before Flop (didn't bet)
Seat 2: jcoydpsjps (small blind) showed [Ad Kh] and lost with a pair of Queens
Seat 3: deejaydmc (big blind) folded before Flop
Seat 4: TomBarber00 folded before Flop (didn't bet)
Seat 5: ccycyrus folded before Flop (didn't bet)
Seat 6: Mahu2021 showed [Kc Kd] and won ($12.89) with two pair, Kings and Queens (pot not awarded as player cashed out)



PokerStars Zoom Hand #254733501133:  Hold'em No Limit ($0.05/$0.10) - 2025/02/06 15:11:52 CET [2025/02/06 9:11:52 ET]
Table 'Aludra' 6-max Seat #1 is the button
Seat 1: SnarkyP ($10.38 in chips) 
Seat 2: Danger22bigs ($9.85 in chips) 
Seat 3: pougia777 ($10 in chips) 
Seat 4: LevA1989 ($9.40 in chips) 
Seat 5: Mahu2021 ($8.81 in chips) 
Seat 6: silver_romeo ($10.15 in chips) 
Danger22bigs: posts small blind $0.05
pougia777: posts big blind $0.10
*** HOLE CARDS ***
Dealt to Mahu2021 [4s 8h]
LevA1989: folds 
Mahu2021: folds 
silver_romeo: folds 
SnarkyP: folds 
Danger22bigs: raises $0.20 to $0.30
pougia777: folds 
Uncalled bet ($0.20) returned to Danger22bigs
Danger22bigs collected $0.20 from pot
Danger22bigs: doesn't show hand 
*** SUMMARY ***
Total pot $0.20 | Rake $0 
Seat 1: SnarkyP (button) folded before Flop (didn't bet)
Seat 2: Danger22bigs (small blind) collected ($0.20)
Seat 3: pougia777 (big blind) folded before Flop
Seat 4: LevA1989 folded before Flop (didn't bet)
Seat 5: Mahu2021 folded before Flop (didn't bet)
Seat 6: silver_romeo folded before Flop (didn't bet)



PokerStars Zoom Hand #254733502588:  Hold'em No Limit ($0.05/$0.10) - 2025/02/06 15:12:01 CET [2025/02/06 9:12:01 ET]
Table 'Aludra' 6-max Seat #1 is the button
Seat 1: Mahu2021 ($8.81 in chips) 
Seat 2: georgerzs13 ($4.55 in chips) 
Seat 3: ukcarlos ($9.10 in chips) 
Seat 4: manwivplan ($15.10 in chips) 
Seat 5: Belphegor228 ($13.49 in chips) 
Seat 6: acd_045 ($16.12 in chips) 
georgerzs13: posts small blind $0.05
ukcarlos: posts big blind $0.10
*** HOLE CARDS ***
Dealt to Mahu2021 [8d 2c]
manwivplan: folds 
Belphegor228: folds 
acd_045: raises $0.15 to $0.25
Mahu2021: folds 
georgerzs13: folds 
ukcarlos: folds 
Uncalled bet ($0.15) returned to acd_045
acd_045 collected $0.25 from pot
acd_045: doesn't show hand 
*** SUMMARY ***
Total pot $0.25 | Rake $0 
Seat 1: Mahu2021 (button) folded before Flop (didn't bet)
Seat 2: georgerzs13 (small blind) folded before Flop
Seat 3: ukcarlos (big blind) folded before Flop
Seat 4: manwivplan folded before Flop (didn't bet)
Seat 5: Belphegor228 folded before Flop (didn't bet)
Seat 6: acd_045 collected ($0.25)



PokerStars Zoom Hand #254733503233:  Hold'em No Limit ($0.05/$0.10) - 2025/02/06 15:12:05 CET [2025/02/06 9:12:05 ET]
Table 'Aludra' 6-max Seat #1 is the button
Seat 1: doctornicola ($11.19 in chips) 
Seat 2: vile76 ($10.43 in chips) 
Seat 3: Mahu2021 ($8.81 in chips) 
Seat 4: georgerzs13 ($4.50 in chips) 
Seat 5: BlackBear2485 ($5.13 in chips) 
Seat 6: Matzet1ka ($11.91 in chips) 
vile76: posts small blind $0.05
Mahu2021: posts big blind $0.10
*** HOLE CARDS ***
Dealt to Mahu2021 [4h 9c]
georgerzs13: calls $0.10
BlackBear2485: folds 
Matzet1ka: folds 
doctornicola: folds 
vile76: calls $0.05
Mahu2021: checks 
*** FLOP *** [6h Jc Js]
vile76: checks 
Mahu2021: checks 
georgerzs13: checks 
*** TURN *** [6h Jc Js] [7h]
vile76: bets $0.30
Mahu2021: folds 
georgerzs13: calls $0.30
*** RIVER *** [6h Jc Js 7h] [As]
vile76: bets $0.86
georgerzs13: folds 
Uncalled bet ($0.86) returned to vile76
vile76 collected $0.86 from pot
vile76: doesn't show hand 
*** SUMMARY ***
Total pot $0.90 | Rake $0.04 
Board [6h Jc Js 7h As]
Seat 1: doctornicola (button) folded before Flop (didn't bet)
Seat 2: vile76 (small blind) collected ($0.86)
Seat 3: Mahu2021 (big blind) folded on the Turn
Seat 4: georgerzs13 folded on the River
Seat 5: BlackBear2485 folded before Flop (didn't bet)
Seat 6: Matzet1ka folded before Flop (didn't bet)



PokerStars Zoom Hand #254733506783:  Hold'em No Limit ($0.05/$0.10) - 2025/02/06 15:12:26 CET [2025/02/06 9:12:26 ET]
Table 'Aludra' 6-max Seat #1 is the button
Seat 1: UNKNOWN_x_13 ($5 in chips) 
Seat 2: Mahu2021 ($8.71 in chips) 
Seat 3: IndyVegas67 ($10.57 in chips) 
Seat 4: Dimon_55_77 ($12.92 in chips) 
Seat 5: Sao77 ($10.87 in chips) 
Seat 6: MarkRegen ($18.63 in chips) 
Mahu2021: posts small blind $0.05
IndyVegas67: posts big blind $0.10
*** HOLE CARDS ***
Dealt to Mahu2021 [9s Kh]
Dimon_55_77: raises $0.15 to $0.25
Sao77: folds 
MarkRegen: folds 
UNKNOWN_x_13: folds 
Mahu2021: folds 
IndyVegas67: folds 
Uncalled bet ($0.15) returned to Dimon_55_77
Dimon_55_77 collected $0.25 from pot
Dimon_55_77: doesn't show hand 
*** SUMMARY ***
Total pot $0.25 | Rake $0 
Seat 1: UNKNOWN_x_13 (button) folded before Flop (didn't bet)
Seat 2: Mahu2021 (small blind) folded before Flop
Seat 3: IndyVegas67 (big blind) folded before Flop
Seat 4: Dimon_55_77 collected ($0.25)
Seat 5: Sao77 folded before Flop (didn't bet)
Seat 6: MarkRegen folded before Flop (didn't bet)



PokerStars Zoom Hand #254733508972:  Hold'em No Limit ($0.05/$0.10) - 2025/02/06 15:12:39 CET [2025/02/06 9:12:39 ET]
Table 'Aludra' 6-max Seat #1 is the button
Seat 1: Mahu2021 ($8.66 in chips) 
Seat 2: oskare02 ($10.47 in chips) 
Seat 3: fregel05 ($13.20 in chips) 
Seat 4: lolb0t ($17.74 in chips) 
Seat 5: todd17800 ($19.01 in chips) 
Seat 6: vile76 ($10.89 in chips) 
oskare02: posts small blind $0.05
fregel05: posts big blind $0.10
*** HOLE CARDS ***
Dealt to Mahu2021 [Tc Js]
lolb0t: folds 
todd17800: raises $0.10 to $0.20
vile76: folds 
Mahu2021: calls $0.20
oskare02: folds 
fregel05: folds 
*** FLOP *** [9s Qs Ah]
todd17800: checks 
Mahu2021: checks 
*** TURN *** [9s Qs Ah] [8d]
todd17800: bets $0.40
Mahu2021: raises $0.60 to $1
todd17800: folds 
Uncalled bet ($0.60) returned to Mahu2021
Mahu2021 collected $1.29 from pot
Mahu2021: doesn't show hand 
*** SUMMARY ***
Total pot $1.35 | Rake $0.06 
Board [9s Qs Ah 8d]
Seat 1: Mahu2021 (button) collected ($1.29)
Seat 2: oskare02 (small blind) folded before Flop
Seat 3: fregel05 (big blind) folded before Flop
Seat 4: lolb0t folded before Flop (didn't bet)
Seat 5: todd17800 folded on the Turn
Seat 6: vile76 folded before Flop (didn't bet)



PokerStars Zoom Hand #254733518694:  Hold'em No Limit ($0.05/$0.10) - 2025/02/06 15:13:37 CET [2025/02/06 9:13:37 ET]
Table 'Aludra' 6-max Seat #1 is the button
Seat 1: mOberdan ($10.05 in chips) 
Seat 2: pougia777 ($11.10 in chips) 
Seat 3: manvaneeklo1981 ($8.01 in chips) 
Seat 4: TomBarber00 ($5.51 in chips) 
Seat 5: jcoydpsjps ($11.54 in chips) 
Seat 6: Mahu2021 ($9.35 in chips) 
pougia777: posts small blind $0.05
manvaneeklo1981: posts big blind $0.10
*** HOLE CARDS ***
Dealt to Mahu2021 [Ad Kh]
TomBarber00: folds 
jcoydpsjps: folds 
Mahu2021: raises $0.14 to $0.24
mOberdan: folds 
pougia777: folds 
manvaneeklo1981: calls $0.14
*** FLOP *** [Qh 4d 7s]
manvaneeklo1981: checks 
Mahu2021: checks 
*** TURN *** [Qh 4d 7s] [4s]
manvaneeklo1981: bets $0.51
Mahu2021: calls $0.51
*** RIVER *** [Qh 4d 7s 4s] [7h]
manvaneeklo1981: checks 
Mahu2021: checks 
*** SHOW DOWN ***
manvaneeklo1981: shows [Tc 2c] (two pair, Sevens and Fours)
Mahu2021: shows [Ad Kh] (two pair, Sevens and Fours - Ace kicker)
Mahu2021 collected $1.48 from pot
*** SUMMARY ***
Total pot $1.55 | Rake $0.07 
Board [Qh 4d 7s 4s 7h]
Seat 1: mOberdan (button) folded before Flop (didn't bet)
Seat 2: pougia777 (small blind) folded before Flop
Seat 3: manvaneeklo1981 (big blind) showed [Tc 2c] and lost with two pair, Sevens and Fours
Seat 4: TomBarber00 folded before Flop (didn't bet)
Seat 5: jcoydpsjps folded before Flop (didn't bet)
Seat 6: Mahu2021 showed [Ad Kh] and won ($1.48) with two pair, Sevens and Fours



PokerStars Zoom Hand #254733517362:  Hold'em No Limit ($0.05/$0.10) - 2025/02/06 15:13:29 CET [2025/02/06 9:13:29 ET]
Table 'Aludra' 6-max Seat #1 is the button
Seat 1: honEybOOx ($9.13 in chips) 
Seat 2: Fakasaki ($20.79 in chips) 
Seat 3: MarcosV184 ($9.63 in chips) 
Seat 4: Mahu2021 ($9.35 in chips) 
Seat 5: fatevfxig ($10 in chips) 
Seat 6: gimmiurstack ($12.58 in chips) 
Fakasaki: posts small blind $0.05
MarcosV184: posts big blind $0.10
*** HOLE CARDS ***
Dealt to Mahu2021 [As 7c]
Mahu2021: folds 
fatevfxig: raises $0.15 to $0.25
gimmiurstack: folds 
honEybOOx: folds 
Fakasaki: folds 
MarcosV184: folds 
Uncalled bet ($0.15) returned to fatevfxig
fatevfxig collected $0.25 from pot
fatevfxig: doesn't show hand 
*** SUMMARY ***
Total pot $0.25 | Rake $0 
Seat 1: honEybOOx (button) folded before Flop (didn't bet)
Seat 2: Fakasaki (small blind) folded before Flop
Seat 3: MarcosV184 (big blind) folded before Flop
Seat 4: Mahu2021 folded before Flop (didn't bet)
Seat 5: fatevfxig collected ($0.25)
Seat 6: gimmiurstack folded before Flop (didn't bet)



PokerStars Zoom Hand #254733517939:  Hold'em No Limit ($0.05/$0.10) - 2025/02/06 15:13:33 CET [2025/02/06 9:13:33 ET]
Table 'Aludra' 6-max Seat #1 is the button
Seat 1: retardonfire ($10.92 in chips) 
Seat 2: ukcarlos ($9.15 in chips) 
Seat 3: lolb0t ($17.59 in chips) 
Seat 4: manvaneeklo1981 ($8.01 in chips) 
Seat 5: Mahu2021 ($9.35 in chips) 
Seat 6: Scandaleuse14 ($18.30 in chips) 
ukcarlos: posts small blind $0.05
lolb0t: posts big blind $0.10
*** HOLE CARDS ***
Dealt to Mahu2021 [Qc 4s]
manvaneeklo1981: folds 
Mahu2021: folds 
Scandaleuse14: calls $0.10
retardonfire: raises $0.35 to $0.45
ukcarlos: calls $0.40
lolb0t: folds 
Scandaleuse14: folds 
*** FLOP *** [9d Qh 4c]
ukcarlos: checks 
retardonfire: bets $0.53
ukcarlos: calls $0.53
*** TURN *** [9d Qh 4c] [Jd]
ukcarlos: checks 
retardonfire: bets $1.03
ukcarlos: folds 
Uncalled bet ($1.03) returned to retardonfire
retardonfire collected $2.06 from pot
retardonfire: doesn't show hand 
*** SUMMARY ***
Total pot $2.16 | Rake $0.10 
Board [9d Qh 4c Jd]
Seat 1: retardonfire (button) collected ($2.06)
Seat 2: ukcarlos (small blind) folded on the Turn
Seat 3: lolb0t (big blind) folded before Flop
Seat 4: manvaneeklo1981 folded before Flop (didn't bet)
Seat 5: Mahu2021 folded before Flop (didn't bet)
Seat 6: Scandaleuse14 folded before Flop



PokerStars Zoom Hand #254733522721:  Hold'em No Limit ($0.05/$0.10) - 2025/02/06 15:14:00 CET [2025/02/06 9:14:00 ET]
Table 'Aludra' 6-max Seat #1 is the button
Seat 1: manvaneeklo1981 ($7.26 in chips) 
Seat 2: Bur1k ($7.82 in chips) 
Seat 3: Mahu2021 ($10.08 in chips) 
Seat 4: alexber1111 ($10.29 in chips) 
Seat 5: tiodor1972 ($10.46 in chips) 
Seat 6: Matzet1ka ($11.09 in chips) 
Bur1k: posts small blind $0.05
Mahu2021: posts big blind $0.10
*** HOLE CARDS ***
Dealt to Mahu2021 [2s 9d]
alexber1111: folds 
tiodor1972: folds 
Matzet1ka: raises $0.15 to $0.25
manvaneeklo1981: folds 
Bur1k: folds 
Mahu2021: folds 
Uncalled bet ($0.15) returned to Matzet1ka
Matzet1ka collected $0.25 from pot
Matzet1ka: doesn't show hand 
*** SUMMARY ***
Total pot $0.25 | Rake $0 
Seat 1: manvaneeklo1981 (button) folded before Flop (didn't bet)
Seat 2: Bur1k (small blind) folded before Flop
Seat 3: Mahu2021 (big blind) folded before Flop
Seat 4: alexber1111 folded before Flop (didn't bet)
Seat 5: tiodor1972 folded before Flop (didn't bet)
Seat 6: Matzet1ka collected ($0.25)



PokerStars Zoom Hand #254733528229:  Hold'em No Limit ($0.05/$0.10) - 2025/02/06 15:14:33 CET [2025/02/06 9:14:33 ET]
Table 'Aludra' 6-max Seat #1 is the button
Seat 1: IVERNMAN ($12.27 in chips) 
Seat 2: Wojtusania18 ($10.37 in chips) 
Seat 3: EdSmith235 ($10 in chips) 
Seat 4: Arun4z ($11.90 in chips) 
Seat 5: youngmin5034 ($10 in chips) 
Seat 6: Mahu2021 ($9.93 in chips) 
Wojtusania18: posts small blind $0.05
EdSmith235: posts big blind $0.10
*** HOLE CARDS ***
Dealt to Mahu2021 [6h 9h]
Arun4z: folds 
youngmin5034: folds 
Mahu2021: folds 
IVERNMAN: folds 
Wojtusania18: calls $0.05
EdSmith235: checks 
*** FLOP *** [Ac 7s 7c]
Wojtusania18: checks 
EdSmith235: checks 
*** TURN *** [Ac 7s 7c] [Tc]
Wojtusania18: checks 
EdSmith235: bets $0.30
Wojtusania18: folds 
Uncalled bet ($0.30) returned to EdSmith235
EdSmith235 collected $0.19 from pot
EdSmith235: doesn't show hand 
*** SUMMARY ***
Total pot $0.20 | Rake $0.01 
Board [Ac 7s 7c Tc]
Seat 1: IVERNMAN (button) folded before Flop (didn't bet)
Seat 2: Wojtusania18 (small blind) folded on the Turn
Seat 3: EdSmith235 (big blind) collected ($0.19)
Seat 4: Arun4z folded before Flop (didn't bet)
Seat 5: youngmin5034 folded before Flop (didn't bet)
Seat 6: Mahu2021 folded before Flop (didn't bet)



PokerStars Zoom Hand #254733530136:  Hold'em No Limit ($0.05/$0.10) - 2025/02/06 15:14:44 CET [2025/02/06 9:14:44 ET]
Table 'Aludra' 6-max Seat #1 is the button
Seat 1: youngmin5034 ($12.23 in chips) 
Seat 2: retardonfire ($11.59 in chips) 
Seat 3: Mahu2021 ($9.93 in chips) 
Seat 4: silver_romeo ($10 in chips) 
Seat 5: Dimon_55_77 ($11.58 in chips) 
Seat 6: BluesUK ($12.33 in chips) 
retardonfire: posts small blind $0.05
Mahu2021: posts big blind $0.10
*** HOLE CARDS ***
Dealt to Mahu2021 [Jd 3c]
silver_romeo: folds 
Dimon_55_77: folds 
BluesUK: raises $0.20 to $0.30
youngmin5034: folds 
retardonfire: folds 
Mahu2021: folds 
Uncalled bet ($0.20) returned to BluesUK
BluesUK collected $0.25 from pot
BluesUK: doesn't show hand 
*** SUMMARY ***
Total pot $0.25 | Rake $0 
Seat 1: youngmin5034 (button) folded before Flop (didn't bet)
Seat 2: retardonfire (small blind) folded before Flop
Seat 3: Mahu2021 (big blind) folded before Flop
Seat 4: silver_romeo folded before Flop (didn't bet)
Seat 5: Dimon_55_77 folded before Flop (didn't bet)
Seat 6: BluesUK collected ($0.25)



PokerStars Zoom Hand #254733533440:  Hold'em No Limit ($0.05/$0.10) - 2025/02/06 15:15:03 CET [2025/02/06 9:15:03 ET]
Table 'Aludra' 6-max Seat #1 is the button
Seat 1: mOberdan ($10.15 in chips) 
Seat 2: Mahu2021 ($9.83 in chips) 
Seat 3: LevA1989 ($10.20 in chips) 
Seat 4: pougia777 ($10.23 in chips) 
Seat 5: retardonfire ($12.72 in chips) 
Seat 6: fregel05 ($13.36 in chips) 
Mahu2021: posts small blind $0.05
LevA1989: posts big blind $0.10
*** HOLE CARDS ***
Dealt to Mahu2021 [Qd 8h]
pougia777: folds 
retardonfire: folds 
fregel05: folds 
mOberdan: folds 
Mahu2021: folds 
Uncalled bet ($0.05) returned to LevA1989
LevA1989 collected $0.10 from pot
LevA1989: doesn't show hand 
*** SUMMARY ***
Total pot $0.10 | Rake $0 
Seat 1: mOberdan (button) folded before Flop (didn't bet)
Seat 2: Mahu2021 (small blind) folded before Flop
Seat 3: LevA1989 (big blind) collected ($0.10)
Seat 4: pougia777 folded before Flop (didn't bet)
Seat 5: retardonfire folded before Flop (didn't bet)
Seat 6: fregel05 folded before Flop (didn't bet)



PokerStars Zoom Hand #254733532588:  Hold'em No Limit ($0.05/$0.10) - 2025/02/06 15:14:58 CET [2025/02/06 9:14:58 ET]
Table 'Aludra' 6-max Seat #1 is the button
Seat 1: retardonfire ($10.04 in chips) 
Seat 2: Matzet1ka ($12.22 in chips) 
Seat 3: Tominou BE ($16.31 in chips) 
Seat 4: Mahu2021 ($9.83 in chips) 
Seat 5: tabo483 ($38.26 in chips) 
Seat 6: tanuki96 ($10 in chips) 
Matzet1ka: posts small blind $0.05
Tominou BE: posts big blind $0.10
*** HOLE CARDS ***
Dealt to Mahu2021 [6s Ac]
Mahu2021: folds 
tabo483: folds 
tanuki96: folds 
retardonfire: raises $0.15 to $0.25
Matzet1ka: folds 
Tominou BE: folds 
Uncalled bet ($0.15) returned to retardonfire
retardonfire collected $0.25 from pot
retardonfire: doesn't show hand 
*** SUMMARY ***
Total pot $0.25 | Rake $0 
Seat 1: retardonfire (button) collected ($0.25)
Seat 2: Matzet1ka (small blind) folded before Flop
Seat 3: Tominou BE (big blind) folded before Flop
Seat 4: Mahu2021 folded before Flop (didn't bet)
Seat 5: tabo483 folded before Flop (didn't bet)
Seat 6: tanuki96 folded before Flop (didn't bet)



PokerStars Zoom Hand #254733534070:  Hold'em No Limit ($0.05/$0.10) - 2025/02/06 15:15:06 CET [2025/02/06 9:15:06 ET]
Table 'Aludra' 6-max Seat #1 is the button
Seat 1: Mahu2021 ($9.78 in chips) 
Seat 2: Losimas(LT) ($10.33 in chips) 
Seat 3: elhankmoudi 2 ($10.80 in chips) 
Seat 4: Danger22bigs ($10.37 in chips) 
Seat 5: kiks220272 ($12.88 in chips) 
Seat 6: dktyran ($12.35 in chips) 
Losimas(LT): posts small blind $0.05
elhankmoudi 2: posts big blind $0.10
*** HOLE CARDS ***
Dealt to Mahu2021 [8h Ks]
Danger22bigs: folds 
kiks220272: folds 
dktyran: folds 
Mahu2021: folds 
Losimas(LT): folds 
Uncalled bet ($0.05) returned to elhankmoudi 2
elhankmoudi 2 collected $0.10 from pot
elhankmoudi 2: doesn't show hand 
*** SUMMARY ***
Total pot $0.10 | Rake $0 
Seat 1: Mahu2021 (button) folded before Flop (didn't bet)
Seat 2: Losimas(LT) (small blind) folded before Flop
Seat 3: elhankmoudi 2 (big blind) collected ($0.10)
Seat 4: Danger22bigs folded before Flop (didn't bet)
Seat 5: kiks220272 folded before Flop (didn't bet)
Seat 6: dktyran folded before Flop (didn't bet)



PokerStars Zoom Hand #254733535351:  Hold'em No Limit ($0.05/$0.10) - 2025/02/06 15:15:14 CET [2025/02/06 9:15:14 ET]
Table 'Aludra' 6-max Seat #1 is the button
Seat 1: Danger22bigs ($9.30 in chips) 
Seat 2: Fakasaki ($10.97 in chips) 
Seat 3: Mahu2021 ($9.78 in chips) 
Seat 4: Bur1k ($9.88 in chips) 
Seat 5: Matzet1ka ($14.36 in chips) 
Seat 6: Cle0patr4 ($30.63 in chips) 
Fakasaki: posts small blind $0.05
Mahu2021: posts big blind $0.10
*** HOLE CARDS ***
Dealt to Mahu2021 [Jd Th]
Bur1k: folds 
Matzet1ka: folds 
Cle0patr4: folds 
Danger22bigs: folds 
Fakasaki: folds 
Uncalled bet ($0.05) returned to Mahu2021
Mahu2021 collected $0.10 from pot
Mahu2021: doesn't show hand 
*** SUMMARY ***
Total pot $0.10 | Rake $0 
Seat 1: Danger22bigs (button) folded before Flop (didn't bet)
Seat 2: Fakasaki (small blind) folded before Flop
Seat 3: Mahu2021 (big blind) collected ($0.10)
Seat 4: Bur1k folded before Flop (didn't bet)
Seat 5: Matzet1ka folded before Flop (didn't bet)
Seat 6: Cle0patr4 folded before Flop (didn't bet)



PokerStars Zoom Hand #254733526026:  Hold'em No Limit ($0.05/$0.10) - 2025/02/06 15:14:20 CET [2025/02/06 9:14:20 ET]
Table 'Aludra' 6-max Seat #1 is the button
Seat 1: Fakasaki ($10.97 in chips) 
Seat 2: Mahu2021 ($9.98 in chips) 
Seat 3: kar25k ($10.59 in chips) 
Seat 4: Danger22bigs ($5.75 in chips) 
Seat 5: fatevfxig ($10 in chips) 
Seat 6: retardonfire ($10.19 in chips) 
Mahu2021: posts small blind $0.05
kar25k: posts big blind $0.10
*** HOLE CARDS ***
Dealt to Mahu2021 [Ad 4c]
Danger22bigs: folds 
fatevfxig: raises $0.15 to $0.25
retardonfire: folds 
Fakasaki: folds 
Mahu2021: folds 
kar25k: calls $0.15
*** FLOP *** [8d Ts 3h]
kar25k: checks 
fatevfxig: bets $0.27
kar25k: calls $0.27
*** TURN *** [8d Ts 3h] [Tc]
kar25k: bets $0.40
fatevfxig: calls $0.40
*** RIVER *** [8d Ts 3h Tc] [7d]
kar25k: checks 
fatevfxig: bets $2
kar25k: folds 
Uncalled bet ($2) returned to fatevfxig
fatevfxig collected $1.78 from pot
fatevfxig: doesn't show hand 
*** SUMMARY ***
Total pot $1.89 | Rake $0.11 
Board [8d Ts 3h Tc 7d]
Seat 1: Fakasaki (button) folded before Flop (didn't bet)
Seat 2: Mahu2021 (small blind) folded before Flop
Seat 3: kar25k (big blind) folded on the River
Seat 4: Danger22bigs folded before Flop (didn't bet)
Seat 5: fatevfxig collected ($1.78)
Seat 6: retardonfire folded before Flop (didn't bet)



PokerStars Zoom Hand #254733538166:  Hold'em No Limit ($0.05/$0.10) - 2025/02/06 15:15:30 CET [2025/02/06 9:15:30 ET]
Table 'Aludra' 6-max Seat #1 is the button
Seat 1: Danger22bigs ($9.53 in chips) 
Seat 2: Mahu2021 ($9.83 in chips) 
Seat 3: limyang ($12.90 in chips) 
Seat 4: UNKNOWN_x_13 ($4.70 in chips) 
Seat 5: ccycyrus ($4.35 in chips) 
Seat 6: Fakasaki ($20.01 in chips) 
Mahu2021: posts small blind $0.05
limyang: posts big blind $0.10
*** HOLE CARDS ***
Dealt to Mahu2021 [5d Qd]
UNKNOWN_x_13: folds 
ccycyrus: raises $0.10 to $0.20
Fakasaki: folds 
Danger22bigs: folds 
Mahu2021: folds 
limyang: folds 
Uncalled bet ($0.10) returned to ccycyrus
ccycyrus collected $0.25 from pot
ccycyrus: doesn't show hand 
*** SUMMARY ***
Total pot $0.25 | Rake $0 
Seat 1: Danger22bigs (button) folded before Flop (didn't bet)
Seat 2: Mahu2021 (small blind) folded before Flop
Seat 3: limyang (big blind) folded before Flop
Seat 4: UNKNOWN_x_13 folded before Flop (didn't bet)
Seat 5: ccycyrus collected ($0.25)
Seat 6: Fakasaki folded before Flop (didn't bet)



PokerStars Zoom Hand #254733529541:  Hold'em No Limit ($0.05/$0.10) - 2025/02/06 15:14:40 CET [2025/02/06 9:14:40 ET]
Table 'Aludra' 6-max Seat #1 is the button
Seat 1: Anžuiski 76 ($8.69 in chips) 
Seat 2: manwivplan ($15.18 in chips) 
Seat 3: Tominou BE ($10 in chips) 
Seat 4: Mahu2021 ($9.93 in chips) 
Seat 5: chessismorefun ($18.57 in chips) 
Seat 6: 8EN14M1N ($9.95 in chips) 
manwivplan: posts small blind $0.05
Tominou BE: posts big blind $0.10
*** HOLE CARDS ***
Dealt to Mahu2021 [Qc 3c]
Mahu2021: folds 
chessismorefun: folds 
8EN14M1N: folds 
Anžuiski 76: raises $0.10 to $0.20
manwivplan: raises $0.55 to $0.75
Tominou BE: folds 
Anžuiski 76: calls $0.55
*** FLOP *** [Kd 8h Ts]
manwivplan: bets $0.50
Anžuiski 76: calls $0.50
*** TURN *** [Kd 8h Ts] [9d]
manwivplan: checks 
Anžuiski 76: bets $0.70
manwivplan: calls $0.70
*** RIVER *** [Kd 8h Ts 9d] [2h]
manwivplan: checks 
Anžuiski 76: checks 
*** SHOW DOWN ***
manwivplan: shows [Th Kh] (two pair, Kings and Tens)
Anžuiski 76: mucks hand 
manwivplan collected $3.82 from pot
*** SUMMARY ***
Total pot $4 | Rake $0.18 
Board [Kd 8h Ts 9d 2h]
Seat 1: Anžuiski 76 (button) mucked [9c Js]
Seat 2: manwivplan (small blind) showed [Th Kh] and won ($3.82) with two pair, Kings and Tens
Seat 3: Tominou BE (big blind) folded before Flop
Seat 4: Mahu2021 folded before Flop (didn't bet)
Seat 5: chessismorefun folded before Flop (didn't bet)
Seat 6: 8EN14M1N folded before Flop (didn't bet)



PokerStars Zoom Hand #254733538830:  Hold'em No Limit ($0.05/$0.10) - 2025/02/06 15:15:34 CET [2025/02/06 9:15:34 ET]
Table 'Aludra' 6-max Seat #1 is the button
Seat 1: chessismorefun ($18.82 in chips) 
Seat 2: Losimas(LT) ($12.24 in chips) 
Seat 3: UNKNOWN_x_13 ($4.70 in chips) 
Seat 4: mOberdan ($10.40 in chips) 
Seat 5: Andrey458 ($19.67 in chips) 
Seat 6: Mahu2021 ($9.78 in chips) 
Losimas(LT): posts small blind $0.05
UNKNOWN_x_13: posts big blind $0.10
*** HOLE CARDS ***
Dealt to Mahu2021 [Qd 8c]
mOberdan: folds 
Andrey458: folds 
Mahu2021: folds 
chessismorefun: raises $0.15 to $0.25
Losimas(LT): folds 
UNKNOWN_x_13: folds 
Uncalled bet ($0.15) returned to chessismorefun
chessismorefun collected $0.25 from pot
chessismorefun: doesn't show hand 
*** SUMMARY ***
Total pot $0.25 | Rake $0 
Seat 1: chessismorefun (button) collected ($0.25)
Seat 2: Losimas(LT) (small blind) folded before Flop
Seat 3: UNKNOWN_x_13 (big blind) folded before Flop
Seat 4: mOberdan folded before Flop (didn't bet)
Seat 5: Andrey458 folded before Flop (didn't bet)
Seat 6: Mahu2021 folded before Flop (didn't bet)



PokerStars Zoom Hand #254733534684:  Hold'em No Limit ($0.05/$0.10) - 2025/02/06 15:15:10 CET [2025/02/06 9:15:10 ET]
Table 'Aludra' 6-max Seat #1 is the button
Seat 1: YourDonKay ($10 in chips) 
Seat 2: Fakasaki ($19.91 in chips) 
Seat 3: Grünblaugelb ($5 in chips) 
Seat 4: Mahu2021 ($9.78 in chips) 
Seat 5: silver_romeo ($10 in chips) 
Seat 6: Losimas(LT) ($10.28 in chips) 
Fakasaki: posts small blind $0.05
Grünblaugelb: posts big blind $0.10
*** HOLE CARDS ***
Dealt to Mahu2021 [3c 8s]
Mahu2021: folds 
silver_romeo: folds 
Losimas(LT): folds 
YourDonKay: raises $0.20 to $0.30
Fakasaki: folds 
Grünblaugelb: calls $0.20
*** FLOP *** [6d 4c 8h]
Grünblaugelb: checks 
YourDonKay: checks 
*** TURN *** [6d 4c 8h] [2h]
Grünblaugelb: bets $0.30
YourDonKay: calls $0.30
*** RIVER *** [6d 4c 8h 2h] [Qs]
Grünblaugelb: checks 
YourDonKay: checks 
*** SHOW DOWN ***
Grünblaugelb: shows [5c 6c] (a pair of Sixes)
YourDonKay: mucks hand 
Grünblaugelb collected $1.17 from pot
*** SUMMARY ***
Total pot $1.25 | Rake $0.08 
Board [6d 4c 8h 2h Qs]
Seat 1: YourDonKay (button) mucked [Ah 3h]
Seat 2: Fakasaki (small blind) folded before Flop
Seat 3: Grünblaugelb (big blind) showed [5c 6c] and won ($1.17) with a pair of Sixes
Seat 4: Mahu2021 folded before Flop (didn't bet)
Seat 5: silver_romeo folded before Flop (didn't bet)
Seat 6: Losimas(LT) folded before Flop (didn't bet)



PokerStars Zoom Hand #254733539532:  Hold'em No Limit ($0.05/$0.10) - 2025/02/06 15:15:38 CET [2025/02/06 9:15:38 ET]
Table 'Aludra' 6-max Seat #1 is the button
Seat 1: Mahu2021 ($9.78 in chips) 
Seat 2: youngmin5034 ($10 in chips) 
Seat 3: limyang ($11.77 in chips) 
Seat 4: Andrey458 ($19.67 in chips) 
Seat 5: Losimas(LT) ($12.19 in chips) 
Seat 6: retardonfire ($12.72 in chips) 
youngmin5034: posts small blind $0.05
limyang: posts big blind $0.10
*** HOLE CARDS ***
Dealt to Mahu2021 [8s Qh]
Andrey458: folds 
Losimas(LT): folds 
retardonfire: folds 
Mahu2021: folds 
youngmin5034: raises $0.15 to $0.25
limyang: folds 
Uncalled bet ($0.15) returned to youngmin5034
youngmin5034 collected $0.20 from pot
youngmin5034: doesn't show hand 
*** SUMMARY ***
Total pot $0.20 | Rake $0 
Seat 1: Mahu2021 (button) folded before Flop (didn't bet)
Seat 2: youngmin5034 (small blind) collected ($0.20)
Seat 3: limyang (big blind) folded before Flop
Seat 4: Andrey458 folded before Flop (didn't bet)
Seat 5: Losimas(LT) folded before Flop (didn't bet)
Seat 6: retardonfire folded before Flop (didn't bet)



PokerStars Zoom Hand #254733540209:  Hold'em No Limit ($0.05/$0.10) - 2025/02/06 15:15:42 CET [2025/02/06 9:15:42 ET]
Table 'Aludra' 6-max Seat #1 is the button
Seat 1: silver_romeo ($10 in chips) 
Seat 2: oskare02 ($5.40 in chips) 
Seat 3: retardonfire ($12.72 in chips) 
Seat 4: TomBarber00 ($6.01 in chips) 
Seat 5: Mahu2021 ($9.78 in chips) 
Seat 6: youngmin5034 ($12.46 in chips) 
oskare02: posts small blind $0.05
retardonfire: posts big blind $0.10
*** HOLE CARDS ***
Dealt to Mahu2021 [4s Qs]
TomBarber00: folds 
Mahu2021: folds 
youngmin5034: folds 
silver_romeo: folds 
oskare02: folds 
Uncalled bet ($0.05) returned to retardonfire
retardonfire collected $0.10 from pot
retardonfire: doesn't show hand 
*** SUMMARY ***
Total pot $0.10 | Rake $0 
Seat 1: silver_romeo (button) folded before Flop (didn't bet)
Seat 2: oskare02 (small blind) folded before Flop
Seat 3: retardonfire (big blind) collected ($0.10)
Seat 4: TomBarber00 folded before Flop (didn't bet)
Seat 5: Mahu2021 folded before Flop (didn't bet)
Seat 6: youngmin5034 folded before Flop (didn't bet)



PokerStars Zoom Hand #254733528881:  Hold'em No Limit ($0.05/$0.10) - 2025/02/06 15:14:37 CET [2025/02/06 9:14:37 ET]
Table 'Aludra' 6-max Seat #1 is the button
Seat 1: Cle0patr4 ($20.13 in chips) 
Seat 2: ThePokerStar89 ($1.85 in chips) 
Seat 3: kloniss ($12.80 in chips) 
Seat 4: manwivplan ($15.18 in chips) 
Seat 5: Mahu2021 ($9.93 in chips) 
Seat 6: Andrey458 ($10 in chips) 
ThePokerStar89: posts small blind $0.05
kloniss: posts big blind $0.10
*** HOLE CARDS ***
Dealt to Mahu2021 [5s 8d]
manwivplan: folds 
Mahu2021: folds 
Andrey458: raises $0.15 to $0.25
Cle0patr4: folds 
ThePokerStar89: calls $0.20
kloniss: calls $0.15
*** FLOP *** [Qd Ad 2s]
ThePokerStar89: checks 
kloniss: checks 
Andrey458: checks 
*** TURN *** [Qd Ad 2s] [4d]
ThePokerStar89: checks 
kloniss: checks 
Andrey458: checks 
*** RIVER *** [Qd Ad 2s 4d] [8s]
ThePokerStar89: checks 
kloniss: bets $0.36
Andrey458: folds 
ThePokerStar89: folds 
Uncalled bet ($0.36) returned to kloniss
kloniss collected $0.72 from pot
kloniss: doesn't show hand 
*** SUMMARY ***
Total pot $0.75 | Rake $0.03 
Board [Qd Ad 2s 4d 8s]
Seat 1: Cle0patr4 (button) folded before Flop (didn't bet)
Seat 2: ThePokerStar89 (small blind) folded on the River
Seat 3: kloniss (big blind) collected ($0.72)
Seat 4: manwivplan folded before Flop (didn't bet)
Seat 5: Mahu2021 folded before Flop (didn't bet)
Seat 6: Andrey458 folded on the River



PokerStars Zoom Hand #254733541549:  Hold'em No Limit ($0.05/$0.10) - 2025/02/06 15:15:50 CET [2025/02/06 9:15:50 ET]
Table 'Aludra' 6-max Seat #1 is the button
Seat 1: Grünblaugelb ($5.52 in chips) 
Seat 2: BlackBear2485 ($4 in chips) 
Seat 3: SkinnyPete63 ($12.37 in chips) 
Seat 4: Losimas(LT) ($10 in chips) 
Seat 5: Mahu2021 ($9.78 in chips) 
Seat 6: limyang ($10.12 in chips) 
BlackBear2485: posts small blind $0.05
SkinnyPete63: posts big blind $0.10
*** HOLE CARDS ***
Dealt to Mahu2021 [As Th]
Losimas(LT): folds 
Mahu2021: raises $0.14 to $0.24
limyang: folds 
Grünblaugelb: folds 
BlackBear2485: folds 
SkinnyPete63: folds 
Uncalled bet ($0.14) returned to Mahu2021
Mahu2021 collected $0.25 from pot
Mahu2021: doesn't show hand 
*** SUMMARY ***
Total pot $0.25 | Rake $0 
Seat 1: Grünblaugelb (button) folded before Flop (didn't bet)
Seat 2: BlackBear2485 (small blind) folded before Flop
Seat 3: SkinnyPete63 (big blind) folded before Flop
Seat 4: Losimas(LT) folded before Flop (didn't bet)
Seat 5: Mahu2021 collected ($0.25)
Seat 6: limyang folded before Flop (didn't bet)



PokerStars Zoom Hand #254733543514:  Hold'em No Limit ($0.05/$0.10) - 2025/02/06 15:16:02 CET [2025/02/06 9:16:02 ET]
Table 'Aludra' 6-max Seat #1 is the button
Seat 1: Matzet1ka ($11.86 in chips) 
Seat 2: Mahu2021 ($9.93 in chips) 
Seat 3: IVERNMAN ($12.02 in chips) 
Seat 4: Minasse01 ($15.79 in chips) 
Seat 5: youngmin5034 ($10 in chips) 
Seat 6: chessismorefun ($10.92 in chips) 
Mahu2021: posts small blind $0.05
IVERNMAN: posts big blind $0.10
*** HOLE CARDS ***
Dealt to Mahu2021 [2h 7s]
Minasse01: folds 
youngmin5034: folds 
chessismorefun: folds 
Matzet1ka: folds 
Mahu2021: folds 
Uncalled bet ($0.05) returned to IVERNMAN
IVERNMAN collected $0.10 from pot
IVERNMAN: doesn't show hand 
*** SUMMARY ***
Total pot $0.10 | Rake $0 
Seat 1: Matzet1ka (button) folded before Flop (didn't bet)
Seat 2: Mahu2021 (small blind) folded before Flop
Seat 3: IVERNMAN (big blind) collected ($0.10)
Seat 4: Minasse01 folded before Flop (didn't bet)
Seat 5: youngmin5034 folded before Flop (didn't bet)
Seat 6: chessismorefun folded before Flop (didn't bet)



PokerStars Zoom Hand #254733545874:  Hold'em No Limit ($0.05/$0.10) - 2025/02/06 15:16:16 CET [2025/02/06 9:16:16 ET]
Table 'Aludra' 6-max Seat #1 is the button
Seat 1: Mahu2021 ($9.78 in chips) 
Seat 2: Fakasaki ($10.91 in chips) 
Seat 3: MarcosV184 ($10.62 in chips) 
Seat 4: maru_0512 ($13.98 in chips) 
Seat 5: Tominou BE ($16.06 in chips) 
Seat 6: oskare02 ($4.45 in chips) 
Fakasaki: posts small blind $0.05
MarcosV184: posts big blind $0.10
*** HOLE CARDS ***
Dealt to Mahu2021 [5h 2s]
maru_0512: folds 
Tominou BE: folds 
oskare02: folds 
Mahu2021: folds 
Fakasaki: folds 
Uncalled bet ($0.05) returned to MarcosV184
MarcosV184 collected $0.10 from pot
MarcosV184: doesn't show hand 
*** SUMMARY ***
Total pot $0.10 | Rake $0 
Seat 1: Mahu2021 (button) folded before Flop (didn't bet)
Seat 2: Fakasaki (small blind) folded before Flop
Seat 3: MarcosV184 (big blind) collected ($0.10)
Seat 4: maru_0512 folded before Flop (didn't bet)
Seat 5: Tominou BE folded before Flop (didn't bet)
Seat 6: oskare02 folded before Flop (didn't bet)



PokerStars Zoom Hand #254733544204:  Hold'em No Limit ($0.05/$0.10) - 2025/02/06 15:16:06 CET [2025/02/06 9:16:06 ET]
Table 'Aludra' 6-max Seat #1 is the button
Seat 1: TKITAKA ($10 in chips) 
Seat 2: acd_045 ($10 in chips) 
Seat 3: Vårtbitarn ($10.27 in chips) 
Seat 4: Mahu2021 ($9.88 in chips) 
Seat 5: YourDonKay ($10 in chips) 
Seat 6: tabo483 ($37.96 in chips) 
acd_045: posts small blind $0.05
Vårtbitarn: posts big blind $0.10
*** HOLE CARDS ***
Dealt to Mahu2021 [2s 9s]
Mahu2021: folds 
YourDonKay: raises $0.20 to $0.30
tabo483: folds 
TKITAKA: folds 
acd_045: raises $0.90 to $1.20
Vårtbitarn: folds 
YourDonKay: folds 
Uncalled bet ($0.90) returned to acd_045
acd_045 collected $0.70 from pot
acd_045: doesn't show hand 
*** SUMMARY ***
Total pot $0.70 | Rake $0 
Seat 1: TKITAKA (button) folded before Flop (didn't bet)
Seat 2: acd_045 (small blind) collected ($0.70)
Seat 3: Vårtbitarn (big blind) folded before Flop
Seat 4: Mahu2021 folded before Flop (didn't bet)
Seat 5: YourDonKay folded before Flop
Seat 6: tabo483 folded before Flop (didn't bet)



PokerStars Zoom Hand #254733546738:  Hold'em No Limit ($0.05/$0.10) - 2025/02/06 15:16:21 CET [2025/02/06 9:16:21 ET]
Table 'Aludra' 6-max Seat #1 is the button
Seat 1: ASENNA76 ($10 in chips) 
Seat 2: TKITAKA ($10 in chips) 
Seat 3: Bumbulbee_G ($12.09 in chips) 
Seat 4: maru_0512 ($13.98 in chips) 
Seat 5: acd_045 ($14.38 in chips) 
Seat 6: Mahu2021 ($9.78 in chips) 
TKITAKA: posts small blind $0.05
Bumbulbee_G: posts big blind $0.10
*** HOLE CARDS ***
Dealt to Mahu2021 [5h 9d]
maru_0512: raises $0.15 to $0.25
acd_045: folds 
Mahu2021: folds 
ASENNA76: folds 
TKITAKA: folds 
Bumbulbee_G: folds 
Uncalled bet ($0.15) returned to maru_0512
maru_0512 collected $0.25 from pot
maru_0512: doesn't show hand 
*** SUMMARY ***
Total pot $0.25 | Rake $0 
Seat 1: ASENNA76 (button) folded before Flop (didn't bet)
Seat 2: TKITAKA (small blind) folded before Flop
Seat 3: Bumbulbee_G (big blind) folded before Flop
Seat 4: maru_0512 collected ($0.25)
Seat 5: acd_045 folded before Flop (didn't bet)
Seat 6: Mahu2021 folded before Flop (didn't bet)



PokerStars Zoom Hand #254733544878:  Hold'em No Limit ($0.05/$0.10) - 2025/02/06 15:16:10 CET [2025/02/06 9:16:10 ET]
Table 'Aludra' 6-max Seat #1 is the button
Seat 1: deejaydmc ($11.83 in chips) 
Seat 2: Grünblaugelb ($4.97 in chips) 
Seat 3: Mahu2021 ($9.88 in chips) 
Seat 4: retardonfire ($12.70 in chips) 
Seat 5: Fakasaki ($19.86 in chips) 
Seat 6: Cle0patr4 ($20.73 in chips) 
Grünblaugelb: posts small blind $0.05
Mahu2021: posts big blind $0.10
*** HOLE CARDS ***
Dealt to Mahu2021 [2c 9c]
retardonfire: raises $0.12 to $0.22
Fakasaki: folds 
Cle0patr4: folds 
deejaydmc: folds 
Grünblaugelb: calls $0.17
Mahu2021: folds 
*** FLOP *** [6h 6d Ts]
Grünblaugelb: checks 
retardonfire: bets $0.17
Grünblaugelb: calls $0.17
*** TURN *** [6h 6d Ts] [7d]
Grünblaugelb: bets $0.30
retardonfire: folds 
Uncalled bet ($0.30) returned to Grünblaugelb
Grünblaugelb collected $0.83 from pot
Grünblaugelb: doesn't show hand 
*** SUMMARY ***
Total pot $0.88 | Rake $0.05 
Board [6h 6d Ts 7d]
Seat 1: deejaydmc (button) folded before Flop (didn't bet)
Seat 2: Grünblaugelb (small blind) collected ($0.83)
Seat 3: Mahu2021 (big blind) folded before Flop
Seat 4: retardonfire folded on the Turn
Seat 5: Fakasaki folded before Flop (didn't bet)
Seat 6: Cle0patr4 folded before Flop (didn't bet)



PokerStars Zoom Hand #254733547449:  Hold'em No Limit ($0.05/$0.10) - 2025/02/06 15:16:25 CET [2025/02/06 9:16:25 ET]
Table 'Aludra' 6-max Seat #1 is the button
Seat 1: Rina944 ($9.95 in chips) 
Seat 2: LevA1989 ($15.10 in chips) 
Seat 3: Mahu2021 ($9.78 in chips) 
Seat 4: Fakasaki ($10.86 in chips) 
Seat 5: Georg006830 ($13.55 in chips) 
Seat 6: todd17800 ($16.71 in chips) 
LevA1989: posts small blind $0.05
Mahu2021: posts big blind $0.10
*** HOLE CARDS ***
Dealt to Mahu2021 [As Td]
Fakasaki: folds 
Georg006830: folds 
todd17800: folds 
Rina944: calls $0.10
LevA1989: folds 
Mahu2021: raises $0.50 to $0.60
Rina944: calls $0.50
*** FLOP *** [Ac 8d 6d]
Mahu2021: bets $1.19
Rina944: folds 
Uncalled bet ($1.19) returned to Mahu2021
Mahu2021 collected $1.19 from pot
Mahu2021: doesn't show hand 
*** SUMMARY ***
Total pot $1.25 | Rake $0.06 
Board [Ac 8d 6d]
Seat 1: Rina944 (button) folded on the Flop
Seat 2: LevA1989 (small blind) folded before Flop
Seat 3: Mahu2021 (big blind) collected ($1.19)
Seat 4: Fakasaki folded before Flop (didn't bet)
Seat 5: Georg006830 folded before Flop (didn't bet)
Seat 6: todd17800 folded before Flop (didn't bet)



PokerStars Zoom Hand #254733550529:  Hold'em No Limit ($0.05/$0.10) - 2025/02/06 15:16:44 CET [2025/02/06 9:16:44 ET]
Table 'Aludra' 6-max Seat #1 is the button
Seat 1: Sao77 ($10 in chips) 
Seat 2: ooaza ($9.30 in chips) 
Seat 3: Losimas(LT) ($11.19 in chips) 
Seat 4: Mahu2021 ($10.37 in chips) 
Seat 5: kiks220272 ($12.88 in chips) 
Seat 6: Rina944 ($9.35 in chips) 
ooaza: posts small blind $0.05
Losimas(LT): posts big blind $0.10
*** HOLE CARDS ***
Dealt to Mahu2021 [4s Td]
Mahu2021: folds 
kiks220272: folds 
Rina944: folds 
Sao77: raises $0.15 to $0.25
ooaza: folds 
Losimas(LT): folds 
Uncalled bet ($0.15) returned to Sao77
Sao77 collected $0.25 from pot
Sao77: doesn't show hand 
*** SUMMARY ***
Total pot $0.25 | Rake $0 
Seat 1: Sao77 (button) collected ($0.25)
Seat 2: ooaza (small blind) folded before Flop
Seat 3: Losimas(LT) (big blind) folded before Flop
Seat 4: Mahu2021 folded before Flop (didn't bet)
Seat 5: kiks220272 folded before Flop (didn't bet)
Seat 6: Rina944 folded before Flop (didn't bet)



PokerStars Zoom Hand #254733540900:  Hold'em No Limit ($0.05/$0.10) - 2025/02/06 15:15:46 CET [2025/02/06 9:15:46 ET]
Table 'Aludra' 6-max Seat #1 is the button
Seat 1: fregel05 ($13.61 in chips) 
Seat 2: IVERNMAN ($14.13 in chips) 
Seat 3: tiodor1972 ($13.73 in chips) 
Seat 4: retardonfire ($10.04 in chips) 
Seat 5: alexber1111 ($10 in chips) 
Seat 6: Mahu2021 ($9.78 in chips) 
IVERNMAN: posts small blind $0.05
tiodor1972: posts big blind $0.10
*** HOLE CARDS ***
Dealt to Mahu2021 [Qd 4c]
retardonfire: folds 
alexber1111: folds 
Mahu2021: folds 
fregel05: raises $0.20 to $0.30
IVERNMAN: raises $0.90 to $1.20
tiodor1972: folds 
fregel05: calls $0.90
*** FLOP *** [9s Jd 3d]
IVERNMAN: checks 
fregel05: bets $1.40
IVERNMAN: calls $1.40
*** TURN *** [9s Jd 3d] [4d]
IVERNMAN: checks 
fregel05: bets $2.53
IVERNMAN: raises $5.06 to $7.59
fregel05: calls $5.06
*** RIVER *** [9s Jd 3d 4d] [2s]
IVERNMAN: bets $3.94 and is all-in
fregel05: calls $3.42 and is all-in
Uncalled bet ($0.52) returned to IVERNMAN
*** SHOW DOWN ***
IVERNMAN: shows [Td Kd] (a flush, King high)
fregel05: shows [Ad Jc] (a pair of Jacks)
IVERNMAN collected $26.09 from pot
*** SUMMARY ***
Total pot $27.32 | Rake $1.23 
Board [9s Jd 3d 4d 2s]
Seat 1: fregel05 (button) showed [Ad Jc] and lost with a pair of Jacks
Seat 2: IVERNMAN (small blind) showed [Td Kd] and won ($26.09) with a flush, King high
Seat 3: tiodor1972 (big blind) folded before Flop
Seat 4: retardonfire folded before Flop (didn't bet)
Seat 5: alexber1111 folded before Flop (didn't bet)
Seat 6: Mahu2021 folded before Flop (didn't bet)



PokerStars Zoom Hand #254733552113:  Hold'em No Limit ($0.05/$0.10) - 2025/02/06 15:16:53 CET [2025/02/06 9:16:53 ET]
Table 'Aludra' 6-max Seat #1 is the button
Seat 1: Sao77 ($10 in chips) 
Seat 2: Mahu2021 ($10.37 in chips) 
Seat 3: BluesUK ($12.48 in chips) 
Seat 4: Tominou BE ($15.91 in chips) 
Seat 5: acd_045 ($10.70 in chips) 
Seat 6: -Leathem- ($7.49 in chips) 
Mahu2021: posts small blind $0.05
BluesUK: posts big blind $0.10
*** HOLE CARDS ***
Dealt to Mahu2021 [8c 2h]
Tominou BE: folds 
acd_045: folds 
-Leathem-: folds 
Sao77: folds 
Mahu2021: folds 
Uncalled bet ($0.05) returned to BluesUK
BluesUK collected $0.10 from pot
BluesUK: doesn't show hand 
*** SUMMARY ***
Total pot $0.10 | Rake $0 
Seat 1: Sao77 (button) folded before Flop (didn't bet)
Seat 2: Mahu2021 (small blind) folded before Flop
Seat 3: BluesUK (big blind) collected ($0.10)
Seat 4: Tominou BE folded before Flop (didn't bet)
Seat 5: acd_045 folded before Flop (didn't bet)
Seat 6: -Leathem- folded before Flop (didn't bet)



PokerStars Zoom Hand #254733552796:  Hold'em No Limit ($0.05/$0.10) - 2025/02/06 15:16:57 CET [2025/02/06 9:16:57 ET]
Table 'Aludra' 6-max Seat #1 is the button
Seat 1: lesantos0111 ($10 in chips) 
Seat 2: lolb0t ($17.49 in chips) 
Seat 3: ninoviejo ($7.85 in chips) 
Seat 4: LevA1989 ($14.95 in chips) 
Seat 5: Mahu2021 ($10.32 in chips) 
Seat 6: retardonfire ($12.92 in chips) 
lolb0t: posts small blind $0.05
ninoviejo: posts big blind $0.10
*** HOLE CARDS ***
Dealt to Mahu2021 [5s Th]
LevA1989: folds 
Mahu2021: folds 
retardonfire: folds 
lesantos0111: raises $0.12 to $0.22
lolb0t: folds 
ninoviejo: folds 
Uncalled bet ($0.12) returned to lesantos0111
lesantos0111 collected $0.25 from pot
lesantos0111: doesn't show hand 
*** SUMMARY ***
Total pot $0.25 | Rake $0 
Seat 1: lesantos0111 (button) collected ($0.25)
Seat 2: lolb0t (small blind) folded before Flop
Seat 3: ninoviejo (big blind) folded before Flop
Seat 4: LevA1989 folded before Flop (didn't bet)
Seat 5: Mahu2021 folded before Flop (didn't bet)
Seat 6: retardonfire folded before Flop (didn't bet)



PokerStars Zoom Hand #254733555374:  Hold'em No Limit ($0.05/$0.10) - 2025/02/06 15:17:12 CET [2025/02/06 9:17:12 ET]
Table 'Aludra' 6-max Seat #1 is the button
Seat 1: Mpout4 ($9.47 in chips) 
Seat 2: Fakasaki ($19.86 in chips) 
Seat 3: manwivplan ($14.25 in chips) 
Seat 4: lesantos0111 ($10.15 in chips) 
Seat 5: Mahu2021 ($10.32 in chips) 
Seat 6: manvaneeklo1981 ($5.66 in chips) 
Fakasaki: posts small blind $0.05
manwivplan: posts big blind $0.10
*** HOLE CARDS ***
Dealt to Mahu2021 [Ah 3s]
lesantos0111: folds 
Mahu2021: folds 
manvaneeklo1981: folds 
Mpout4: raises $0.10 to $0.20
Fakasaki: folds 
manwivplan: folds 
Uncalled bet ($0.10) returned to Mpout4
Mpout4 collected $0.25 from pot
Mpout4: doesn't show hand 
*** SUMMARY ***
Total pot $0.25 | Rake $0 
Seat 1: Mpout4 (button) collected ($0.25)
Seat 2: Fakasaki (small blind) folded before Flop
Seat 3: manwivplan (big blind) folded before Flop
Seat 4: lesantos0111 folded before Flop (didn't bet)
Seat 5: Mahu2021 folded before Flop (didn't bet)
Seat 6: manvaneeklo1981 folded before Flop (didn't bet)



PokerStars Zoom Hand #254733556070:  Hold'em No Limit ($0.05/$0.10) - 2025/02/06 15:17:16 CET [2025/02/06 9:17:16 ET]
Table 'Aludra' 6-max Seat #1 is the button
Seat 1: 8EN14M1N ($9.95 in chips) 
Seat 2: deejaydmc ($12 in chips) 
Seat 3: Losimas(LT) ($10.95 in chips) 
Seat 4: EdSmith235 ($10.65 in chips) 
Seat 5: mOberdan ($10 in chips) 
Seat 6: Mahu2021 ($10.32 in chips) 
deejaydmc: posts small blind $0.05
Losimas(LT): posts big blind $0.10
*** HOLE CARDS ***
Dealt to Mahu2021 [Qd Ks]
EdSmith235: folds 
mOberdan: folds 
Mahu2021: raises $0.14 to $0.24
8EN14M1N: folds 
deejaydmc: folds 
Losimas(LT): folds 
Uncalled bet ($0.14) returned to Mahu2021
Mahu2021 collected $0.25 from pot
Mahu2021: doesn't show hand 
*** SUMMARY ***
Total pot $0.25 | Rake $0 
Seat 1: 8EN14M1N (button) folded before Flop (didn't bet)
Seat 2: deejaydmc (small blind) folded before Flop
Seat 3: Losimas(LT) (big blind) folded before Flop
Seat 4: EdSmith235 folded before Flop (didn't bet)
Seat 5: mOberdan folded before Flop (didn't bet)
Seat 6: Mahu2021 collected ($0.25)



PokerStars Zoom Hand #254733554311:  Hold'em No Limit ($0.05/$0.10) - 2025/02/06 15:17:06 CET [2025/02/06 9:17:06 ET]
Table 'Aludra' 6-max Seat #1 is the button
Seat 1: Danger22bigs ($7.56 in chips) 
Seat 2: UNKNOWN_x_13 ($6.14 in chips) 
Seat 3: IVERNMAN ($10.17 in chips) 
Seat 4: Mahu2021 ($10.32 in chips) 
Seat 5: retardonfire ($11.20 in chips) 
Seat 6: maru_0512 ($13.98 in chips) 
UNKNOWN_x_13: posts small blind $0.05
IVERNMAN: posts big blind $0.10
*** HOLE CARDS ***
Dealt to Mahu2021 [6h 6s]
Mahu2021: folds 
retardonfire: folds 
maru_0512: folds 
Danger22bigs has timed out
Danger22bigs: folds 
UNKNOWN_x_13: raises $0.20 to $0.30
IVERNMAN: folds 
Uncalled bet ($0.20) returned to UNKNOWN_x_13
UNKNOWN_x_13 collected $0.20 from pot
UNKNOWN_x_13: doesn't show hand 
*** SUMMARY ***
Total pot $0.20 | Rake $0 
Seat 1: Danger22bigs (button) folded before Flop (didn't bet)
Seat 2: UNKNOWN_x_13 (small blind) collected ($0.20)
Seat 3: IVERNMAN (big blind) folded before Flop
Seat 4: Mahu2021 folded before Flop (didn't bet)
Seat 5: retardonfire folded before Flop (didn't bet)
Seat 6: maru_0512 folded before Flop (didn't bet)



PokerStars Zoom Hand #254733553441:  Hold'em No Limit ($0.05/$0.10) - 2025/02/06 15:17:01 CET [2025/02/06 9:17:01 ET]
Table 'Aludra' 6-max Seat #1 is the button
Seat 1: lolb0t ($37.93 in chips) 
Seat 2: mOberdan ($10 in chips) 
Seat 3: Losimas(LT) ($10.05 in chips) 
Seat 4: kloniss ($13.37 in chips) 
Seat 5: cdbennett.uk ($11.61 in chips) 
Seat 6: Mahu2021 ($10.32 in chips) 
mOberdan: posts small blind $0.05
Losimas(LT): posts big blind $0.10
*** HOLE CARDS ***
Dealt to Mahu2021 [3d 8s]
kloniss: folds 
cdbennett.uk: raises $0.20 to $0.30
Mahu2021: folds 
lolb0t: folds 
mOberdan: folds 
Losimas(LT): calls $0.20
*** FLOP *** [Ac Tc 7s]
Losimas(LT): checks 
cdbennett.uk: bets $0.31
Losimas(LT): calls $0.31
*** TURN *** [Ac Tc 7s] [8h]
Losimas(LT): checks 
cdbennett.uk: bets $0.61
Losimas(LT): calls $0.61
*** RIVER *** [Ac Tc 7s 8h] [Kd]
Losimas(LT): checks 
cdbennett.uk: checks 
*** SHOW DOWN ***
Losimas(LT): shows [5d Ad] (a pair of Aces)
cdbennett.uk: mucks hand 
Losimas(LT) collected $2.38 from pot
*** SUMMARY ***
Total pot $2.49 | Rake $0.11 
Board [Ac Tc 7s 8h Kd]
Seat 1: lolb0t (button) folded before Flop (didn't bet)
Seat 2: mOberdan (small blind) folded before Flop
Seat 3: Losimas(LT) (big blind) showed [5d Ad] and won ($2.38) with a pair of Aces
Seat 4: kloniss folded before Flop (didn't bet)
Seat 5: cdbennett.uk mucked [Jd Ks]
Seat 6: Mahu2021 folded before Flop (didn't bet)



PokerStars Zoom Hand #254733559347:  Hold'em No Limit ($0.05/$0.10) - 2025/02/06 15:17:35 CET [2025/02/06 9:17:35 ET]
Table 'Aludra' 6-max Seat #1 is the button
Seat 1: Mahu2021 ($10.32 in chips) 
Seat 2: tiodor1972 ($14.23 in chips) 
Seat 3: Belphegor228 ($20.22 in chips) 
Seat 4: chessismorefun ($19.10 in chips) 
Seat 5: Matzet1ka ($11.71 in chips) 
Seat 6: manwivplan ($10.15 in chips) 
tiodor1972: posts small blind $0.05
Belphegor228: posts big blind $0.10
*** HOLE CARDS ***
Dealt to Mahu2021 [3s Qc]
chessismorefun: raises $0.10 to $0.20
Matzet1ka: folds 
manwivplan: folds 
Mahu2021: folds 
tiodor1972: folds 
Belphegor228: folds 
Uncalled bet ($0.10) returned to chessismorefun
chessismorefun collected $0.25 from pot
chessismorefun: doesn't show hand 
*** SUMMARY ***
Total pot $0.25 | Rake $0 
Seat 1: Mahu2021 (button) folded before Flop (didn't bet)
Seat 2: tiodor1972 (small blind) folded before Flop
Seat 3: Belphegor228 (big blind) folded before Flop
Seat 4: chessismorefun collected ($0.25)
Seat 5: Matzet1ka folded before Flop (didn't bet)
Seat 6: manwivplan folded before Flop (didn't bet)



PokerStars Zoom Hand #254733558793:  Hold'em No Limit ($0.05/$0.10) - 2025/02/06 15:17:32 CET [2025/02/06 9:17:32 ET]
Table 'Aludra' 6-max Seat #1 is the button
Seat 1: YourDonKay ($11.24 in chips) 
Seat 2: Mahu2021 ($10.37 in chips) 
Seat 3: retardonfire ($13.02 in chips) 
Seat 4: Bumbulbee_G ($10 in chips) 
Seat 5: LevA1989 ($9.50 in chips) 
Seat 6: UNKNOWN_x_13 ($6.24 in chips) 
Mahu2021: posts small blind $0.05
retardonfire: posts big blind $0.10
*** HOLE CARDS ***
Dealt to Mahu2021 [2s 5s]
Bumbulbee_G: folds 
LevA1989: raises $0.15 to $0.25
UNKNOWN_x_13: folds 
YourDonKay: folds 
Mahu2021: folds 
retardonfire: folds 
Uncalled bet ($0.15) returned to LevA1989
LevA1989 collected $0.25 from pot
LevA1989: doesn't show hand 
*** SUMMARY ***
Total pot $0.25 | Rake $0 
Seat 1: YourDonKay (button) folded before Flop (didn't bet)
Seat 2: Mahu2021 (small blind) folded before Flop
Seat 3: retardonfire (big blind) folded before Flop
Seat 4: Bumbulbee_G folded before Flop (didn't bet)
Seat 5: LevA1989 collected ($0.25)
Seat 6: UNKNOWN_x_13 folded before Flop (didn't bet)



PokerStars Zoom Hand #254733558180:  Hold'em No Limit ($0.05/$0.10) - 2025/02/06 15:17:29 CET [2025/02/06 9:17:29 ET]
Table 'Aludra' 6-max Seat #1 is the button
Seat 1: Belphegor228 ($20.22 in chips) 
Seat 2: Dimon_55_77 ($11.03 in chips) 
Seat 3: Mahu2021 ($10.47 in chips) 
Seat 4: MarcosV184 ($10.67 in chips) 
Seat 5: Mpout4 ($9.62 in chips) 
Seat 6: Danger22bigs ($12.79 in chips) 
Dimon_55_77: posts small blind $0.05
Mahu2021: posts big blind $0.10
*** HOLE CARDS ***
Dealt to Mahu2021 [Jd 3s]
MarcosV184: raises $0.10 to $0.20
Mpout4: calls $0.20
Danger22bigs: folds 
Belphegor228: folds 
Dimon_55_77: folds 
Mahu2021: folds 
*** FLOP *** [Td 3h 8c]
MarcosV184: checks 
Mpout4: bets $0.10
MarcosV184: calls $0.10
*** TURN *** [Td 3h 8c] [9c]
MarcosV184: checks 
Mpout4: bets $0.72
MarcosV184: folds 
Uncalled bet ($0.72) returned to Mpout4
Mpout4 collected $0.72 from pot
Mpout4: doesn't show hand 
*** SUMMARY ***
Total pot $0.75 | Rake $0.03 
Board [Td 3h 8c 9c]
Seat 1: Belphegor228 (button) folded before Flop (didn't bet)
Seat 2: Dimon_55_77 (small blind) folded before Flop
Seat 3: Mahu2021 (big blind) folded before Flop
Seat 4: MarcosV184 folded on the Turn
Seat 5: Mpout4 collected ($0.72)
Seat 6: Danger22bigs folded before Flop (didn't bet)



PokerStars Zoom Hand #254733551409:  Hold'em No Limit ($0.05/$0.10) - 2025/02/06 15:16:49 CET [2025/02/06 9:16:49 ET]
Table 'Aludra' 6-max Seat #1 is the button
Seat 1: Mahu2021 ($10.37 in chips) 
Seat 2: kiks220272 ($12.88 in chips) 
Seat 3: tabo483 ($38.01 in chips) 
Seat 4: Matzet1ka ($11.71 in chips) 
Seat 5: IVERNMAN ($10.17 in chips) 
Seat 6: ukcarlos ($8.28 in chips) 
kiks220272: posts small blind $0.05
tabo483: posts big blind $0.10
*** HOLE CARDS ***
Dealt to Mahu2021 [7s 4h]
Matzet1ka: folds 
IVERNMAN: folds 
ukcarlos: folds 
Mahu2021: folds 
kiks220272: raises $0.10 to $0.20
tabo483: calls $0.10
*** FLOP *** [Jc Td 9d]
kiks220272: bets $0.11
tabo483: calls $0.11
*** TURN *** [Jc Td 9d] [Ac]
kiks220272: bets $0.30
tabo483: calls $0.30
*** RIVER *** [Jc Td 9d Ac] [Qs]
kiks220272: bets $0.59
tabo483: calls $0.59
*** SHOW DOWN ***
kiks220272: shows [Ad 8d] (a straight, Eight to Queen)
tabo483: mucks hand 
kiks220272 collected $2.29 from pot
*** SUMMARY ***
Total pot $2.40 | Rake $0.11 
Board [Jc Td 9d Ac Qs]
Seat 1: Mahu2021 (button) folded before Flop (didn't bet)
Seat 2: kiks220272 (small blind) showed [Ad 8d] and won ($2.29) with a straight, Eight to Queen
Seat 3: tabo483 (big blind) mucked [Qd Tc]
Seat 4: Matzet1ka folded before Flop (didn't bet)
Seat 5: IVERNMAN folded before Flop (didn't bet)
Seat 6: ukcarlos folded before Flop (didn't bet)



PokerStars Zoom Hand #254733560012:  Hold'em No Limit ($0.05/$0.10) - 2025/02/06 15:17:39 CET [2025/02/06 9:17:39 ET]
Table 'Aludra' 6-max Seat #1 is the button
Seat 1: sho0506 ($19.92 in chips) 
Seat 2: ThePokerStar89 ($3.75 in chips) 
Seat 3: mOberdan ($10 in chips) 
Seat 4: Mahu2021 ($10.32 in chips) 
Seat 5: Danger22bigs ($10.46 in chips) 
Seat 6: seonghwee ($23.06 in chips) 
ThePokerStar89: posts small blind $0.05
mOberdan: posts big blind $0.10
*** HOLE CARDS ***
Dealt to Mahu2021 [Ah Qs]
Mahu2021: raises $0.14 to $0.24
Danger22bigs: folds 
seonghwee: folds 
sho0506: raises $0.51 to $0.75
ThePokerStar89: folds 
mOberdan: folds 
Mahu2021: calls $0.51
*** FLOP *** [7d 2h 5c]
Mahu2021: checks 
sho0506: checks 
*** TURN *** [7d 2h 5c] [2s]
Mahu2021: checks 
sho0506: checks 
*** RIVER *** [7d 2h 5c 2s] [5s]
Mahu2021: bets $1.58
sho0506: folds 
Uncalled bet ($1.58) returned to Mahu2021
Mahu2021 collected $1.58 from pot
Mahu2021: doesn't show hand 
*** SUMMARY ***
Total pot $1.65 | Rake $0.07 
Board [7d 2h 5c 2s 5s]
Seat 1: sho0506 (button) folded on the River
Seat 2: ThePokerStar89 (small blind) folded before Flop
Seat 3: mOberdan (big blind) folded before Flop
Seat 4: Mahu2021 collected ($1.58)
Seat 5: Danger22bigs folded before Flop (didn't bet)
Seat 6: seonghwee folded before Flop (didn't bet)



PokerStars Zoom Hand #254733569378:  Hold'em No Limit ($0.05/$0.10) - 2025/02/06 15:18:34 CET [2025/02/06 9:18:34 ET]
Table 'Aludra' 6-max Seat #1 is the button
Seat 1: Grünblaugelb ($4.57 in chips) 
Seat 2: Matzet1ka ($11.53 in chips) 
Seat 3: Mahu2021 ($11.15 in chips) 
Seat 4: PROSTOZIDAR ($7.83 in chips) 
Seat 5: Tominou BE ($25.19 in chips) 
Seat 6: Bumbulbee_G ($10 in chips) 
Matzet1ka: posts small blind $0.05
Mahu2021: posts big blind $0.10
*** HOLE CARDS ***
Dealt to Mahu2021 [Td Qc]
PROSTOZIDAR: raises $0.15 to $0.25
Tominou BE: folds 
Bumbulbee_G: folds 
Grünblaugelb: folds 
Matzet1ka: folds 
Mahu2021: calls $0.15
*** FLOP *** [6c 3c Qs]
Mahu2021: checks 
PROSTOZIDAR: bets $0.45
Mahu2021: calls $0.45
*** TURN *** [6c 3c Qs] [8h]
Mahu2021: checks 
PROSTOZIDAR: bets $1.60
Mahu2021: calls $1.60
*** RIVER *** [6c 3c Qs 8h] [7s]
Mahu2021: checks 
PROSTOZIDAR: bets $4.44
Mahu2021: folds 
Uncalled bet ($4.44) returned to PROSTOZIDAR
PROSTOZIDAR collected $4.44 from pot
PROSTOZIDAR: doesn't show hand 
*** SUMMARY ***
Total pot $4.65 | Rake $0.21 
Board [6c 3c Qs 8h 7s]
Seat 1: Grünblaugelb (button) folded before Flop (didn't bet)
Seat 2: Matzet1ka (small blind) folded before Flop
Seat 3: Mahu2021 (big blind) folded on the River
Seat 4: PROSTOZIDAR collected ($4.44)
Seat 5: Tominou BE folded before Flop (didn't bet)
Seat 6: Bumbulbee_G folded before Flop (didn't bet)



PokerStars Zoom Hand #254733575691:  Hold'em No Limit ($0.05/$0.10) - 2025/02/06 15:19:11 CET [2025/02/06 9:19:11 ET]
Table 'Aludra' 6-max Seat #1 is the button
Seat 1: tabo483 ($36.56 in chips) 
Seat 2: Mahu2021 ($8.85 in chips) 
Seat 3: TomBarber00 ($9.16 in chips) 
Seat 4: MarcosV184 ($9.40 in chips) 
Seat 5: Danger22bigs ($9.53 in chips) 
Seat 6: BluesUK ($10.70 in chips) 
Mahu2021: posts small blind $0.05
TomBarber00: posts big blind $0.10
*** HOLE CARDS ***
Dealt to Mahu2021 [3d Js]
MarcosV184: folds 
Danger22bigs: folds 
BluesUK: folds 
tabo483: raises $0.12 to $0.22
Mahu2021: folds 
TomBarber00: folds 
Uncalled bet ($0.12) returned to tabo483
tabo483 collected $0.25 from pot
tabo483: doesn't show hand 
*** SUMMARY ***
Total pot $0.25 | Rake $0 
Seat 1: tabo483 (button) collected ($0.25)
Seat 2: Mahu2021 (small blind) folded before Flop
Seat 3: TomBarber00 (big blind) folded before Flop
Seat 4: MarcosV184 folded before Flop (didn't bet)
Seat 5: Danger22bigs folded before Flop (didn't bet)
Seat 6: BluesUK folded before Flop (didn't bet)



PokerStars Zoom Hand #254733576542:  Hold'em No Limit ($0.05/$0.10) - 2025/02/06 15:19:16 CET [2025/02/06 9:19:16 ET]
Table 'Aludra' 6-max Seat #1 is the button
Seat 1: Mahu2021 ($8.80 in chips) 
Seat 2: TELU_sweets ($18.74 in chips) 
Seat 3: IndyVegas67 ($6.62 in chips) 
Seat 4: kloniss ($14.68 in chips) 
Seat 5: ccycyrus ($4.24 in chips) 
Seat 6: Dragoivan2010 ($10.08 in chips) 
TELU_sweets: posts small blind $0.05
IndyVegas67: posts big blind $0.10
*** HOLE CARDS ***
Dealt to Mahu2021 [9d 3d]
kloniss: folds 
ccycyrus: folds 
Dragoivan2010: folds 
Mahu2021: folds 
TELU_sweets: raises $0.20 to $0.30
IndyVegas67: folds 
Uncalled bet ($0.20) returned to TELU_sweets
TELU_sweets collected $0.20 from pot
TELU_sweets: doesn't show hand 
*** SUMMARY ***
Total pot $0.20 | Rake $0 
Seat 1: Mahu2021 (button) folded before Flop (didn't bet)
Seat 2: TELU_sweets (small blind) collected ($0.20)
Seat 3: IndyVegas67 (big blind) folded before Flop
Seat 4: kloniss folded before Flop (didn't bet)
Seat 5: ccycyrus folded before Flop (didn't bet)
Seat 6: Dragoivan2010 folded before Flop (didn't bet)



PokerStars Zoom Hand #254733578644:  Hold'em No Limit ($0.05/$0.10) - 2025/02/06 15:19:28 CET [2025/02/06 9:19:28 ET]
Table 'Aludra' 6-max Seat #1 is the button
Seat 1: Mallardz ($10 in chips) 
Seat 2: Cle0patr4 ($20.16 in chips) 
Seat 3: used2bcool ($10 in chips) 
Seat 4: chessismorefun ($10.11 in chips) 
Seat 5: Fakasaki ($10.89 in chips) 
Seat 6: Mahu2021 ($8.80 in chips) 
Cle0patr4: posts small blind $0.05
used2bcool: posts big blind $0.10
*** HOLE CARDS ***
Dealt to Mahu2021 [6h 2s]
chessismorefun: folds 
Fakasaki: folds 
Mahu2021: folds 
Mallardz: folds 
Cle0patr4: folds 
Uncalled bet ($0.05) returned to used2bcool
used2bcool collected $0.10 from pot
used2bcool: doesn't show hand 
*** SUMMARY ***
Total pot $0.10 | Rake $0 
Seat 1: Mallardz (button) folded before Flop (didn't bet)
Seat 2: Cle0patr4 (small blind) folded before Flop
Seat 3: used2bcool (big blind) collected ($0.10)
Seat 4: chessismorefun folded before Flop (didn't bet)
Seat 5: Fakasaki folded before Flop (didn't bet)
Seat 6: Mahu2021 folded before Flop (didn't bet)



PokerStars Zoom Hand #254733577221:  Hold'em No Limit ($0.05/$0.10) - 2025/02/06 15:19:20 CET [2025/02/06 9:19:20 ET]
Table 'Aludra' 6-max Seat #1 is the button
Seat 1: Frieda1810 ($5.40 in chips) 
Seat 2: ccycyrus ($4.24 in chips) 
Seat 3: todd17800 ($18.43 in chips) 
Seat 4: limyang ($13.37 in chips) 
Seat 5: Mahu2021 ($8.80 in chips) 
Seat 6: mOberdan ($11.44 in chips) 
ccycyrus: posts small blind $0.05
todd17800: posts big blind $0.10
*** HOLE CARDS ***
Dealt to Mahu2021 [Tc 5h]
limyang: folds 
Mahu2021: folds 
mOberdan: folds 
Frieda1810: folds 
ccycyrus: folds 
Uncalled bet ($0.05) returned to todd17800
todd17800 collected $0.10 from pot
todd17800: doesn't show hand 
*** SUMMARY ***
Total pot $0.10 | Rake $0 
Seat 1: Frieda1810 (button) folded before Flop (didn't bet)
Seat 2: ccycyrus (small blind) folded before Flop
Seat 3: todd17800 (big blind) collected ($0.10)
Seat 4: limyang folded before Flop (didn't bet)
Seat 5: Mahu2021 folded before Flop (didn't bet)
Seat 6: mOberdan folded before Flop (didn't bet)



PokerStars Zoom Hand #254733579300:  Hold'em No Limit ($0.05/$0.10) - 2025/02/06 15:19:32 CET [2025/02/06 9:19:32 ET]
Table 'Aludra' 6-max Seat #1 is the button
Seat 1: elhankmoudi 2 ($8.88 in chips) 
Seat 2: Mpout4 ($9.12 in chips) 
Seat 3: Mallardz ($10 in chips) 
Seat 4: Mahu2021 ($8.80 in chips) 
Seat 5: tabo483 ($36.66 in chips) 
Seat 6: vile76 ($9.85 in chips) 
Mpout4: posts small blind $0.05
Mallardz: posts big blind $0.10
*** HOLE CARDS ***
Dealt to Mahu2021 [Jd 4d]
Mahu2021: folds 
tabo483: folds 
vile76: raises $0.15 to $0.25
elhankmoudi 2: folds 
Mpout4: folds 
Mallardz: folds 
Uncalled bet ($0.15) returned to vile76
vile76 collected $0.25 from pot
vile76: doesn't show hand 
*** SUMMARY ***
Total pot $0.25 | Rake $0 
Seat 1: elhankmoudi 2 (button) folded before Flop (didn't bet)
Seat 2: Mpout4 (small blind) folded before Flop
Seat 3: Mallardz (big blind) folded before Flop
Seat 4: Mahu2021 folded before Flop (didn't bet)
Seat 5: tabo483 folded before Flop (didn't bet)
Seat 6: vile76 collected ($0.25)



PokerStars Zoom Hand #254733577945:  Hold'em No Limit ($0.05/$0.10) - 2025/02/06 15:19:24 CET [2025/02/06 9:19:24 ET]
Table 'Aludra' 6-max Seat #1 is the button
Seat 1: vile76 ($9.85 in chips) 
Seat 2: youngmin5034 ($11.59 in chips) 
Seat 3: used2bcool ($9.85 in chips) 
Seat 4: Mahu2021 ($8.80 in chips) 
Seat 5: Frieda1810 ($5.40 in chips) 
Seat 6: Wojtusania18 ($9.67 in chips) 
youngmin5034: posts small blind $0.05
used2bcool: posts big blind $0.10
*** HOLE CARDS ***
Dealt to Mahu2021 [9d 4s]
Mahu2021: folds 
Frieda1810: folds 
Wojtusania18: folds 
vile76: folds 
youngmin5034: raises $0.15 to $0.25
used2bcool: calls $0.15
*** FLOP *** [9s 8h Jd]
youngmin5034: checks 
used2bcool: bets $0.30
youngmin5034: folds 
Uncalled bet ($0.30) returned to used2bcool
used2bcool collected $0.48 from pot
used2bcool: doesn't show hand 
*** SUMMARY ***
Total pot $0.50 | Rake $0.02 
Board [9s 8h Jd]
Seat 1: vile76 (button) folded before Flop (didn't bet)
Seat 2: youngmin5034 (small blind) folded on the Flop
Seat 3: used2bcool (big blind) collected ($0.48)
Seat 4: Mahu2021 folded before Flop (didn't bet)
Seat 5: Frieda1810 folded before Flop (didn't bet)
Seat 6: Wojtusania18 folded before Flop (didn't bet)



PokerStars Zoom Hand #254733580000:  Hold'em No Limit ($0.05/$0.10) - 2025/02/06 15:19:36 CET [2025/02/06 9:19:36 ET]
Table 'Aludra' 6-max Seat #1 is the button
Seat 1: Belphegor228 ($16.06 in chips) 
Seat 2: limyang ($13.33 in chips) 
Seat 3: Mahu2021 ($8.80 in chips) 
Seat 4: Sao77 ($10 in chips) 
Seat 5: -Leathem- ($9.32 in chips) 
Seat 6: IndyVegas67 ($6.52 in chips) 
limyang: posts small blind $0.05
Mahu2021: posts big blind $0.10
*** HOLE CARDS ***
Dealt to Mahu2021 [9c 7s]
Sao77: folds 
-Leathem-: folds 
IndyVegas67: folds 
Belphegor228: raises $0.15 to $0.25
limyang: folds 
Mahu2021: folds 
Uncalled bet ($0.15) returned to Belphegor228
Belphegor228 collected $0.25 from pot
Belphegor228: doesn't show hand 
*** SUMMARY ***
Total pot $0.25 | Rake $0 
Seat 1: Belphegor228 (button) collected ($0.25)
Seat 2: limyang (small blind) folded before Flop
Seat 3: Mahu2021 (big blind) folded before Flop
Seat 4: Sao77 folded before Flop (didn't bet)
Seat 5: -Leathem- folded before Flop (didn't bet)
Seat 6: IndyVegas67 folded before Flop (didn't bet)



PokerStars Zoom Hand #254733583223:  Hold'em No Limit ($0.05/$0.10) - 2025/02/06 15:19:55 CET [2025/02/06 9:19:55 ET]
Table 'Aludra' 6-max Seat #1 is the button
Seat 1: Mahu2021 ($8.70 in chips) 
Seat 2: fatevfxig ($10 in chips) 
Seat 3: mOberdan ($11.64 in chips) 
Seat 4: acd_045 ($14.28 in chips) 
Seat 5: todd17800 ($20.48 in chips) 
Seat 6: 8EN14M1N ($6.30 in chips) 
fatevfxig: posts small blind $0.05
mOberdan: posts big blind $0.10
*** HOLE CARDS ***
Dealt to Mahu2021 [5s Ks]
acd_045: folds 
todd17800: folds 
8EN14M1N: folds 
Mahu2021: raises $0.20 to $0.30
fatevfxig: folds 
mOberdan: calls $0.20
*** FLOP *** [2c 8c Qh]
mOberdan: checks 
Mahu2021: checks 
*** TURN *** [2c 8c Qh] [2h]
mOberdan: checks 
Mahu2021: checks 
*** RIVER *** [2c 8c Qh 2h] [3h]
mOberdan: checks 
Mahu2021: checks 
*** SHOW DOWN ***
mOberdan: shows [9h As] (a pair of Deuces)
Mahu2021: mucks hand 
mOberdan collected $0.62 from pot
*** SUMMARY ***
Total pot $0.65 | Rake $0.03 
Board [2c 8c Qh 2h 3h]
Seat 1: Mahu2021 (button) mucked [5s Ks]
Seat 2: fatevfxig (small blind) folded before Flop
Seat 3: mOberdan (big blind) showed [9h As] and won ($0.62) with a pair of Deuces
Seat 4: acd_045 folded before Flop (didn't bet)
Seat 5: todd17800 folded before Flop (didn't bet)
Seat 6: 8EN14M1N folded before Flop (didn't bet)



PokerStars Zoom Hand #254733587670:  Hold'em No Limit ($0.05/$0.10) - 2025/02/06 15:20:21 CET [2025/02/06 9:20:21 ET]
Table 'Aludra' 6-max Seat #1 is the button
Seat 1: mOberdan ($11.96 in chips) 
Seat 2: Mahu2021 ($8.40 in chips) 
Seat 3: Arun4z ($11.75 in chips) 
Seat 4: todd17800 ($18.58 in chips) 
Seat 5: Matzet1ka ($11.51 in chips) 
Seat 6: Danger22bigs ($11.90 in chips) 
Mahu2021: posts small blind $0.05
Arun4z: posts big blind $0.10
*** HOLE CARDS ***
Dealt to Mahu2021 [3c Kc]
todd17800: folds 
Matzet1ka: raises $0.15 to $0.25
Danger22bigs: folds 
mOberdan: folds 
Mahu2021: calls $0.20
Arun4z: calls $0.15
*** FLOP *** [9h 9c Ah]
Mahu2021: checks 
Arun4z: checks 
Matzet1ka: checks 
*** TURN *** [9h 9c Ah] [5s]
Mahu2021: checks 
Arun4z: checks 
Matzet1ka: checks 
*** RIVER *** [9h 9c Ah 5s] [3d]
Mahu2021: bets $0.72
Arun4z: folds 
Matzet1ka: raises $10.54 to $11.26 and is all-in
Mahu2021: folds 
Uncalled bet ($10.54) returned to Matzet1ka
Matzet1ka collected $2.09 from pot
Matzet1ka: doesn't show hand 
*** SUMMARY ***
Total pot $2.19 | Rake $0.10 
Board [9h 9c Ah 5s 3d]
Seat 1: mOberdan (button) folded before Flop (didn't bet)
Seat 2: Mahu2021 (small blind) folded on the River
Seat 3: Arun4z (big blind) folded on the River
Seat 4: todd17800 folded before Flop (didn't bet)
Seat 5: Matzet1ka collected ($2.09)
Seat 6: Danger22bigs folded before Flop (didn't bet)



PokerStars Zoom Hand #254733605218:  Hold'em No Limit ($0.05/$0.10) - 2025/02/06 15:22:04 CET [2025/02/06 9:22:04 ET]
Table 'Aludra' 6-max Seat #1 is the button
Seat 1: mittl11 ($14.10 in chips) 
Seat 2: acd_045 ($14.29 in chips) 
Seat 3: Mahu2021 ($7.43 in chips) 
Seat 4: Fakasaki ($26.09 in chips) 
Seat 5: dktyran ($14.14 in chips) 
Seat 6: tiodor1972 ($13.73 in chips) 
acd_045: posts small blind $0.05
Mahu2021: posts big blind $0.10
*** HOLE CARDS ***
Dealt to Mahu2021 [4s Th]
Fakasaki: folds 
dktyran: folds 
tiodor1972: folds 
mittl11: folds 
acd_045: raises $0.20 to $0.30
Mahu2021: folds 
Uncalled bet ($0.20) returned to acd_045
acd_045 collected $0.20 from pot
acd_045: doesn't show hand 
*** SUMMARY ***
Total pot $0.20 | Rake $0 
Seat 1: mittl11 (button) folded before Flop (didn't bet)
Seat 2: acd_045 (small blind) collected ($0.20)
Seat 3: Mahu2021 (big blind) folded before Flop
Seat 4: Fakasaki folded before Flop (didn't bet)
Seat 5: dktyran folded before Flop (didn't bet)
Seat 6: tiodor1972 folded before Flop (didn't bet)



PokerStars Zoom Hand #254733604344:  Hold'em No Limit ($0.05/$0.10) - 2025/02/06 15:21:59 CET [2025/02/06 9:21:59 ET]
Table 'Aludra' 6-max Seat #1 is the button
Seat 1: mOberdan ($12.71 in chips) 
Seat 2: todd17800 ($17.19 in chips) 
Seat 3: retardonfire ($13.98 in chips) 
Seat 4: xgolyx ($9.87 in chips) 
Seat 5: fregel05 ($10 in chips) 
Seat 6: Mahu2021 ($7.43 in chips) 
todd17800: posts small blind $0.05
retardonfire: posts big blind $0.10
*** HOLE CARDS ***
Dealt to Mahu2021 [4d 5s]
xgolyx: raises $0.15 to $0.25
fregel05: folds 
Mahu2021: folds 
mOberdan: raises $0.45 to $0.70
todd17800: folds 
retardonfire: folds 
xgolyx: calls $0.45
*** FLOP *** [3c Ac 7h]
xgolyx: checks 
mOberdan: bets $0.44
xgolyx: folds 
Uncalled bet ($0.44) returned to mOberdan
mOberdan collected $1.48 from pot
mOberdan: doesn't show hand 
*** SUMMARY ***
Total pot $1.55 | Rake $0.07 
Board [3c Ac 7h]
Seat 1: mOberdan (button) collected ($1.48)
Seat 2: todd17800 (small blind) folded before Flop
Seat 3: retardonfire (big blind) folded before Flop
Seat 4: xgolyx folded on the Flop
Seat 5: fregel05 folded before Flop (didn't bet)
Seat 6: Mahu2021 folded before Flop (didn't bet)



PokerStars Zoom Hand #254733603641:  Hold'em No Limit ($0.05/$0.10) - 2025/02/06 15:21:55 CET [2025/02/06 9:21:55 ET]
Table 'Aludra' 6-max Seat #1 is the button
Seat 1: Matzet1ka ($12.09 in chips) 
Seat 2: limyang ($12.17 in chips) 
Seat 3: Mpout4 ($8.47 in chips) 
Seat 4: BluesUK ($10.60 in chips) 
Seat 5: Mahu2021 ($7.43 in chips) 
Seat 6: youngmin5034 ($11.35 in chips) 
limyang: posts small blind $0.05
Mpout4: posts big blind $0.10
*** HOLE CARDS ***
Dealt to Mahu2021 [Qs 7c]
BluesUK: raises $0.20 to $0.30
Mahu2021: folds 
youngmin5034: raises $0.60 to $0.90
Matzet1ka: folds 
limyang: folds 
Mpout4: folds 
BluesUK: calls $0.60
*** FLOP *** [4h Kh 2d]
BluesUK: checks 
youngmin5034: bets $0.61
BluesUK: calls $0.61
*** TURN *** [4h Kh 2d] [7d]
BluesUK: checks 
youngmin5034: bets $1.94
BluesUK: raises $7.15 to $9.09 and is all-in
youngmin5034: folds 
Uncalled bet ($7.15) returned to BluesUK
BluesUK collected $6.73 from pot
BluesUK: doesn't show hand 
*** SUMMARY ***
Total pot $7.05 | Rake $0.32 
Board [4h Kh 2d 7d]
Seat 1: Matzet1ka (button) folded before Flop (didn't bet)
Seat 2: limyang (small blind) folded before Flop
Seat 3: Mpout4 (big blind) folded before Flop
Seat 4: BluesUK collected ($6.73)
Seat 5: Mahu2021 folded before Flop (didn't bet)
Seat 6: youngmin5034 folded on the Turn



PokerStars Zoom Hand #254733607043:  Hold'em No Limit ($0.05/$0.10) - 2025/02/06 15:22:15 CET [2025/02/06 9:22:15 ET]
Table 'Aludra' 6-max Seat #1 is the button
Seat 1: Mahu2021 ($7.33 in chips) 
Seat 2: Bur1k ($5 in chips) 
Seat 3: MGodziem ($5 in chips) 
Seat 4: TELU_sweets ($11.06 in chips) 
Seat 5: manvaneeklo1981 ($3.93 in chips) 
Seat 6: seonghwee ($24.44 in chips) 
Bur1k: posts small blind $0.05
MGodziem: posts big blind $0.10
*** HOLE CARDS ***
Dealt to Mahu2021 [Kd Qd]
TELU_sweets: folds 
manvaneeklo1981: folds 
seonghwee: raises $0.15 to $0.25
Mahu2021: calls $0.25
Bur1k: folds 
MGodziem: folds 
*** FLOP *** [Jh 2h Ts]
seonghwee: checks 
Mahu2021: bets $0.62
seonghwee: raises $1.28 to $1.90
Mahu2021: calls $1.28
*** TURN *** [Jh 2h Ts] [7h]
seonghwee: checks 
Mahu2021: bets $5.18 and is all-in
seonghwee: calls $5.18
*** RIVER *** [Jh 2h Ts 7h] [4d]
*** SHOW DOWN ***
seonghwee: shows [Th Ah] (a flush, Ace high)
Mahu2021: shows [Kd Qd] (high card King)
seonghwee collected $14.14 from pot
*** SUMMARY ***
Total pot $14.81 | Rake $0.67 
Board [Jh 2h Ts 7h 4d]
Seat 1: Mahu2021 (button) showed [Kd Qd] and lost with high card King
Seat 2: Bur1k (small blind) folded before Flop
Seat 3: MGodziem (big blind) folded before Flop
Seat 4: TELU_sweets folded before Flop (didn't bet)
Seat 5: manvaneeklo1981 folded before Flop (didn't bet)
Seat 6: seonghwee showed [Th Ah] and won ($14.14) with a flush, Ace high



