PokerStars Hand #248658781376: Tournament #3710587005, $1.84+$0.16 USD Hold'em No Limit - Level I (10/20) - 2024/02/03 12:54:32 CET [2024/02/03 6:54:32 ET]
Table '3710587005 1' 3-max Seat #1 is the button
Seat 1: Amb8463 (500 in chips) 
Seat 2: Mahu2021 (500 in chips) 
Seat 3: joki6969 (500 in chips) 
Mahu2021: posts small blind 10
joki6969: posts big blind 20
*** HOLE CARDS ***
Dealt to Mahu2021 [2s Ac]
Amb8463: calls 20
Mahu2021: calls 10
joki6969: raises 60 to 80
Amb8463: calls 60
Mahu2021: folds 
*** FLOP *** [4c Th Td]
joki6969: bets 40
Amb8463: folds 
Uncalled bet (40) returned to joki6969
joki6969 collected 180 from pot
*** SUMMARY ***
Total pot 180 | Rake 0 
Board [4c Th Td]
Seat 1: Amb8463 (button) folded on the Flop
Seat 2: Mahu2021 (small blind) folded before Flop
Seat 3: joki6969 (big blind) collected (180)



PokerStars Hand #248658783686: Tournament #3710587005, $1.84+$0.16 USD Hold'em No Limit - Level I (10/20) - 2024/02/03 12:54:45 CET [2024/02/03 6:54:45 ET]
Table '3710587005 1' 3-max Seat #2 is the button
Seat 1: Amb8463 (420 in chips) 
Seat 2: Mahu2021 (480 in chips) 
Seat 3: joki6969 (600 in chips) 
joki6969: posts small blind 10
Amb8463: posts big blind 20
*** HOLE CARDS ***
Dealt to Mahu2021 [8d 9s]
Mahu2021: folds 
joki6969: raises 20 to 40
Amb8463: calls 20
*** FLOP *** [Kc Qh 5c]
joki6969: bets 40
Amb8463: calls 40
*** TURN *** [Kc Qh 5c] [8h]
joki6969: checks 
Amb8463: bets 80
joki6969: folds 
Uncalled bet (80) returned to Amb8463
Amb8463 collected 160 from pot
*** SUMMARY ***
Total pot 160 | Rake 0 
Board [Kc Qh 5c 8h]
Seat 1: Amb8463 (big blind) collected (160)
Seat 2: Mahu2021 (button) folded before Flop (didn't bet)
Seat 3: joki6969 (small blind) folded on the Turn



PokerStars Hand #248658787222: Tournament #3710587005, $1.84+$0.16 USD Hold'em No Limit - Level I (10/20) - 2024/02/03 12:55:04 CET [2024/02/03 6:55:04 ET]
Table '3710587005 1' 3-max Seat #3 is the button
Seat 1: Amb8463 (500 in chips) 
Seat 2: Mahu2021 (480 in chips) 
Seat 3: joki6969 (520 in chips) 
Amb8463: posts small blind 10
Mahu2021: posts big blind 20
*** HOLE CARDS ***
Dealt to Mahu2021 [Qd 4c]
joki6969: raises 50 to 70
Amb8463: calls 60
Mahu2021: folds 
*** FLOP *** [Ks 4h Ad]
Amb8463: checks 
joki6969: bets 80
Amb8463: calls 80
*** TURN *** [Ks 4h Ad] [Kc]
Amb8463: checks 
joki6969: bets 160
Amb8463: calls 160
*** RIVER *** [Ks 4h Ad Kc] [8d]
Amb8463: bets 190 and is all-in
joki6969: calls 190
*** SHOW DOWN ***
Amb8463: shows [Kd 9d] (three of a kind, Kings)
joki6969: shows [Ah 5d] (two pair, Aces and Kings)
Amb8463 collected 1020 from pot
*** SUMMARY ***
Total pot 1020 | Rake 0 
Board [Ks 4h Ad Kc 8d]
Seat 1: Amb8463 (small blind) showed [Kd 9d] and won (1020) with three of a kind, Kings
Seat 2: Mahu2021 (big blind) folded before Flop
Seat 3: joki6969 (button) showed [Ah 5d] and lost with two pair, Aces and Kings



PokerStars Hand #248658790998: Tournament #3710587005, $1.84+$0.16 USD Hold'em No Limit - Level I (10/20) - 2024/02/03 12:55:30 CET [2024/02/03 6:55:30 ET]
Table '3710587005 1' 3-max Seat #1 is the button
Seat 1: Amb8463 (1020 in chips) 
Seat 2: Mahu2021 (460 in chips) 
Seat 3: joki6969 (20 in chips) 
Mahu2021: posts small blind 10
joki6969: posts big blind 20 and is all-in
*** HOLE CARDS ***
Dealt to Mahu2021 [Qc 3c]
Amb8463: raises 20 to 40
Mahu2021: calls 30
*** FLOP *** [Jd 6c 8s]
Mahu2021: checks 
Amb8463: checks 
*** TURN *** [Jd 6c 8s] [Td]
Mahu2021: checks 
Amb8463: bets 50
Mahu2021: folds 
Uncalled bet (50) returned to Amb8463
*** RIVER *** [Jd 6c 8s Td] [Kd]
*** SHOW DOWN ***
Amb8463: shows [9d Ks] (a pair of Kings)
Amb8463 collected 40 from side pot
joki6969: shows [7h Qh] (high card King)
Amb8463 collected 60 from main pot
joki6969 finished the tournament in 3rd place
*** SUMMARY ***
Total pot 100 Main pot 60. Side pot 40. | Rake 0 
Board [Jd 6c 8s Td Kd]
Seat 1: Amb8463 (button) showed [9d Ks] and won (100) with a pair of Kings
Seat 2: Mahu2021 (small blind) folded on the Turn
Seat 3: joki6969 (big blind) showed [7h Qh] and lost with high card King



PokerStars Hand #248658793932: Tournament #3710587005, $1.84+$0.16 USD Hold'em No Limit - Level I (10/20) - 2024/02/03 12:55:51 CET [2024/02/03 6:55:51 ET]
Table '3710587005 1' 3-max Seat #2 is the button
Seat 1: Amb8463 (1080 in chips) 
Seat 2: Mahu2021 (420 in chips) 
Mahu2021: posts small blind 10
Amb8463: posts big blind 20
*** HOLE CARDS ***
Dealt to Mahu2021 [7h 4c]
Mahu2021: folds 
Uncalled bet (10) returned to Amb8463
Amb8463 collected 20 from pot
*** SUMMARY ***
Total pot 20 | Rake 0 
Seat 1: Amb8463 (big blind) collected (20)
Seat 2: Mahu2021 (button) (small blind) folded before Flop



PokerStars Hand #248658794769: Tournament #3710587005, $1.84+$0.16 USD Hold'em No Limit - Level I (10/20) - 2024/02/03 12:55:56 CET [2024/02/03 6:55:56 ET]
Table '3710587005 1' 3-max Seat #1 is the button
Seat 1: Amb8463 (1090 in chips) 
Seat 2: Mahu2021 (410 in chips) 
Amb8463: posts small blind 10
Mahu2021: posts big blind 20
*** HOLE CARDS ***
Dealt to Mahu2021 [7c 6h]
Amb8463: raises 20 to 40
Mahu2021: calls 20
*** FLOP *** [4s Tc 6s]
Mahu2021: checks 
Amb8463: bets 40
Mahu2021: calls 40
*** TURN *** [4s Tc 6s] [5h]
Mahu2021: checks 
Amb8463: checks 
*** RIVER *** [4s Tc 6s 5h] [Ah]
Mahu2021: checks 
Amb8463: checks 
*** SHOW DOWN ***
Mahu2021: shows [7c 6h] (a pair of Sixes)
Amb8463: mucks hand 
Mahu2021 collected 160 from pot
*** SUMMARY ***
Total pot 160 | Rake 0 
Board [4s Tc 6s 5h Ah]
Seat 1: Amb8463 (button) (small blind) mucked [Kc Jc]
Seat 2: Mahu2021 (big blind) showed [7c 6h] and won (160) with a pair of Sixes



PokerStars Hand #248658796927: Tournament #3710587005, $1.84+$0.16 USD Hold'em No Limit - Level I (10/20) - 2024/02/03 12:56:12 CET [2024/02/03 6:56:12 ET]
Table '3710587005 1' 3-max Seat #2 is the button
Seat 1: Amb8463 (1010 in chips) 
Seat 2: Mahu2021 (490 in chips) 
Mahu2021: posts small blind 10
Amb8463: posts big blind 20
*** HOLE CARDS ***
Dealt to Mahu2021 [Qh Ac]
Mahu2021: raises 20 to 40
Amb8463: calls 20
*** FLOP *** [5h Tc Jc]
Amb8463: checks 
Mahu2021: checks 
*** TURN *** [5h Tc Jc] [3h]
Amb8463: bets 20
Mahu2021: calls 20
*** RIVER *** [5h Tc Jc 3h] [Jd]
Amb8463: checks 
Mahu2021: checks 
*** SHOW DOWN ***
Amb8463: shows [5s 6s] (two pair, Jacks and Fives)
Mahu2021: mucks hand 
Amb8463 collected 120 from pot
*** SUMMARY ***
Total pot 120 | Rake 0 
Board [5h Tc Jc 3h Jd]
Seat 1: Amb8463 (big blind) showed [5s 6s] and won (120) with two pair, Jacks and Fives
Seat 2: Mahu2021 (button) (small blind) mucked [Qh Ac]



PokerStars Hand #248658798967: Tournament #3710587005, $1.84+$0.16 USD Hold'em No Limit - Level I (10/20) - 2024/02/03 12:56:26 CET [2024/02/03 6:56:26 ET]
Table '3710587005 1' 3-max Seat #1 is the button
Seat 1: Amb8463 (1070 in chips) 
Seat 2: Mahu2021 (430 in chips) 
Amb8463: posts small blind 10
Mahu2021: posts big blind 20
*** HOLE CARDS ***
Dealt to Mahu2021 [Tc 5s]
Amb8463: folds 
Uncalled bet (10) returned to Mahu2021
Mahu2021 collected 20 from pot
Mahu2021: doesn't show hand 
*** SUMMARY ***
Total pot 20 | Rake 0 
Seat 1: Amb8463 (button) (small blind) folded before Flop
Seat 2: Mahu2021 (big blind) collected (20)



PokerStars Hand #248658799904: Tournament #3710587005, $1.84+$0.16 USD Hold'em No Limit - Level I (10/20) - 2024/02/03 12:56:32 CET [2024/02/03 6:56:32 ET]
Table '3710587005 1' 3-max Seat #2 is the button
Seat 1: Amb8463 (1060 in chips) 
Seat 2: Mahu2021 (440 in chips) 
Mahu2021: posts small blind 10
Amb8463: posts big blind 20
*** HOLE CARDS ***
Dealt to Mahu2021 [7c Qc]
Mahu2021: raises 20 to 40
Amb8463: calls 20
*** FLOP *** [3h Ks 9d]
Amb8463: checks 
Mahu2021: checks 
*** TURN *** [3h Ks 9d] [7s]
Amb8463: checks 
Mahu2021: bets 40
Amb8463: folds 
Uncalled bet (40) returned to Mahu2021
Mahu2021 collected 80 from pot
Mahu2021: doesn't show hand 
*** SUMMARY ***
Total pot 80 | Rake 0 
Board [3h Ks 9d 7s]
Seat 1: Amb8463 (big blind) folded on the Turn
Seat 2: Mahu2021 (button) (small blind) collected (80)



PokerStars Hand #248658801651: Tournament #3710587005, $1.84+$0.16 USD Hold'em No Limit - Level I (10/20) - 2024/02/03 12:56:45 CET [2024/02/03 6:56:45 ET]
Table '3710587005 1' 3-max Seat #1 is the button
Seat 1: Amb8463 (1020 in chips) 
Seat 2: Mahu2021 (480 in chips) 
Amb8463: posts small blind 10
Mahu2021: posts big blind 20
*** HOLE CARDS ***
Dealt to Mahu2021 [5h 4c]
Amb8463: folds 
Uncalled bet (10) returned to Mahu2021
Mahu2021 collected 20 from pot
Mahu2021: doesn't show hand 
*** SUMMARY ***
Total pot 20 | Rake 0 
Seat 1: Amb8463 (button) (small blind) folded before Flop
Seat 2: Mahu2021 (big blind) collected (20)



PokerStars Hand #248658802223: Tournament #3710587005, $1.84+$0.16 USD Hold'em No Limit - Level I (10/20) - 2024/02/03 12:56:49 CET [2024/02/03 6:56:49 ET]
Table '3710587005 1' 3-max Seat #2 is the button
Seat 1: Amb8463 (1010 in chips) 
Seat 2: Mahu2021 (490 in chips) 
Mahu2021: posts small blind 10
Amb8463: posts big blind 20
*** HOLE CARDS ***
Dealt to Mahu2021 [5h Qd]
Mahu2021: raises 20 to 40
Amb8463: calls 20
*** FLOP *** [Qc 4c 7c]
Amb8463: checks 
Mahu2021: bets 40
Amb8463: calls 40
*** TURN *** [Qc 4c 7c] [5c]
Amb8463: checks 
Mahu2021: checks 
*** RIVER *** [Qc 4c 7c 5c] [Ah]
Amb8463: bets 40
Mahu2021: calls 40
*** SHOW DOWN ***
Amb8463: shows [2c Tc] (a flush, Queen high)
Mahu2021: mucks hand 
Amb8463 collected 240 from pot
*** SUMMARY ***
Total pot 240 | Rake 0 
Board [Qc 4c 7c 5c Ah]
Seat 1: Amb8463 (big blind) showed [2c Tc] and won (240) with a flush, Queen high
Seat 2: Mahu2021 (button) (small blind) mucked [5h Qd]



PokerStars Hand #248658804600: Tournament #3710587005, $1.84+$0.16 USD Hold'em No Limit - Level I (10/20) - 2024/02/03 12:57:06 CET [2024/02/03 6:57:06 ET]
Table '3710587005 1' 3-max Seat #1 is the button
Seat 1: Amb8463 (1130 in chips) 
Seat 2: Mahu2021 (370 in chips) 
Amb8463: posts small blind 10
Mahu2021: posts big blind 20
*** HOLE CARDS ***
Dealt to Mahu2021 [7h 6d]
Amb8463: folds 
Uncalled bet (10) returned to Mahu2021
Mahu2021 collected 20 from pot
Mahu2021: doesn't show hand 
*** SUMMARY ***
Total pot 20 | Rake 0 
Seat 1: Amb8463 (button) (small blind) folded before Flop
Seat 2: Mahu2021 (big blind) collected (20)



PokerStars Hand #248658805475: Tournament #3710587005, $1.84+$0.16 USD Hold'em No Limit - Level I (10/20) - 2024/02/03 12:57:12 CET [2024/02/03 6:57:12 ET]
Table '3710587005 1' 3-max Seat #2 is the button
Seat 1: Amb8463 (1120 in chips) 
Seat 2: Mahu2021 (380 in chips) 
Mahu2021: posts small blind 10
Amb8463: posts big blind 20
*** HOLE CARDS ***
Dealt to Mahu2021 [8c Qd]
Mahu2021: raises 20 to 40
Amb8463: raises 20 to 60
Mahu2021: calls 20
*** FLOP *** [6s Ts 8h]
Amb8463: checks 
Mahu2021: bets 320 and is all-in
Amb8463: calls 320
*** TURN *** [6s Ts 8h] [Th]
*** RIVER *** [6s Ts 8h Th] [Tc]
*** SHOW DOWN ***
Amb8463: shows [Qc Jc] (three of a kind, Tens)
Mahu2021: shows [8c Qd] (a full house, Tens full of Eights)
Mahu2021 collected 760 from pot
*** SUMMARY ***
Total pot 760 | Rake 0 
Board [6s Ts 8h Th Tc]
Seat 1: Amb8463 (big blind) showed [Qc Jc] and lost with three of a kind, Tens
Seat 2: Mahu2021 (button) (small blind) showed [8c Qd] and won (760) with a full house, Tens full of Eights



PokerStars Hand #248658807738: Tournament #3710587005, $1.84+$0.16 USD Hold'em No Limit - Level I (10/20) - 2024/02/03 12:57:27 CET [2024/02/03 6:57:27 ET]
Table '3710587005 1' 3-max Seat #1 is the button
Seat 1: Amb8463 (740 in chips) 
Seat 2: Mahu2021 (760 in chips) 
Amb8463: posts small blind 10
Mahu2021: posts big blind 20
*** HOLE CARDS ***
Dealt to Mahu2021 [Qc Js]
Amb8463: raises 20 to 40
Mahu2021: calls 20
*** FLOP *** [2h Jc As]
Mahu2021: checks 
Amb8463: checks 
*** TURN *** [2h Jc As] [4h]
Mahu2021: checks 
Amb8463: checks 
*** RIVER *** [2h Jc As 4h] [5c]
Mahu2021: bets 40
Amb8463: folds 
Uncalled bet (40) returned to Mahu2021
Mahu2021 collected 80 from pot
Mahu2021: doesn't show hand 
*** SUMMARY ***
Total pot 80 | Rake 0 
Board [2h Jc As 4h 5c]
Seat 1: Amb8463 (button) (small blind) folded on the River
Seat 2: Mahu2021 (big blind) collected (80)



PokerStars Hand #248658809876: Tournament #3710587005, $1.84+$0.16 USD Hold'em No Limit - Level I (10/20) - 2024/02/03 12:57:42 CET [2024/02/03 6:57:42 ET]
Table '3710587005 1' 3-max Seat #2 is the button
Seat 1: Amb8463 (700 in chips) 
Seat 2: Mahu2021 (800 in chips) 
Mahu2021: posts small blind 10
Amb8463: posts big blind 20
*** HOLE CARDS ***
Dealt to Mahu2021 [Jc 4d]
Mahu2021: raises 20 to 40
Amb8463: raises 20 to 60
Mahu2021: calls 20
*** FLOP *** [Ad Kd 7d]
Amb8463: bets 60
Mahu2021: folds 
Uncalled bet (60) returned to Amb8463
Amb8463 collected 120 from pot
*** SUMMARY ***
Total pot 120 | Rake 0 
Board [Ad Kd 7d]
Seat 1: Amb8463 (big blind) collected (120)
Seat 2: Mahu2021 (button) (small blind) folded on the Flop



PokerStars Hand #248658811724: Tournament #3710587005, $1.84+$0.16 USD Hold'em No Limit - Level I (10/20) - 2024/02/03 12:57:55 CET [2024/02/03 6:57:55 ET]
Table '3710587005 1' 3-max Seat #1 is the button
Seat 1: Amb8463 (760 in chips) 
Seat 2: Mahu2021 (740 in chips) 
Amb8463: posts small blind 10
Mahu2021: posts big blind 20
*** HOLE CARDS ***
Dealt to Mahu2021 [Ks 7s]
Amb8463: folds 
Uncalled bet (10) returned to Mahu2021
Mahu2021 collected 20 from pot
Mahu2021: doesn't show hand 
*** SUMMARY ***
Total pot 20 | Rake 0 
Seat 1: Amb8463 (button) (small blind) folded before Flop
Seat 2: Mahu2021 (big blind) collected (20)



PokerStars Hand #248658812276: Tournament #3710587005, $1.84+$0.16 USD Hold'em No Limit - Level I (10/20) - 2024/02/03 12:57:59 CET [2024/02/03 6:57:59 ET]
Table '3710587005 1' 3-max Seat #2 is the button
Seat 1: Amb8463 (750 in chips) 
Seat 2: Mahu2021 (750 in chips) 
Mahu2021: posts small blind 10
Amb8463: posts big blind 20
*** HOLE CARDS ***
Dealt to Mahu2021 [7d Ah]
Mahu2021: raises 20 to 40
Amb8463: calls 20
*** FLOP *** [Kc Kh Tc]
Amb8463: checks 
Mahu2021: bets 40
Amb8463: calls 40
*** TURN *** [Kc Kh Tc] [6h]
Amb8463: checks 
Mahu2021: checks 
*** RIVER *** [Kc Kh Tc 6h] [5s]
Amb8463: bets 60
Mahu2021: folds 
Uncalled bet (60) returned to Amb8463
Amb8463 collected 160 from pot
*** SUMMARY ***
Total pot 160 | Rake 0 
Board [Kc Kh Tc 6h 5s]
Seat 1: Amb8463 (big blind) collected (160)
Seat 2: Mahu2021 (button) (small blind) folded on the River



PokerStars Hand #248658815017: Tournament #3710587005, $1.84+$0.16 USD Hold'em No Limit - Level I (10/20) - 2024/02/03 12:58:18 CET [2024/02/03 6:58:18 ET]
Table '3710587005 1' 3-max Seat #1 is the button
Seat 1: Amb8463 (830 in chips) 
Seat 2: Mahu2021 (670 in chips) 
Amb8463: posts small blind 10
Mahu2021: posts big blind 20
*** HOLE CARDS ***
Dealt to Mahu2021 [7d 7s]
Amb8463: folds 
Uncalled bet (10) returned to Mahu2021
Mahu2021 collected 20 from pot
Mahu2021: doesn't show hand 
*** SUMMARY ***
Total pot 20 | Rake 0 
Seat 1: Amb8463 (button) (small blind) folded before Flop
Seat 2: Mahu2021 (big blind) collected (20)



PokerStars Hand #248658815631: Tournament #3710587005, $1.84+$0.16 USD Hold'em No Limit - Level I (10/20) - 2024/02/03 12:58:22 CET [2024/02/03 6:58:22 ET]
Table '3710587005 1' 3-max Seat #2 is the button
Seat 1: Amb8463 (820 in chips) 
Seat 2: Mahu2021 (680 in chips) 
Mahu2021: posts small blind 10
Amb8463: posts big blind 20
*** HOLE CARDS ***
Dealt to Mahu2021 [4s Ad]
Mahu2021: raises 20 to 40
Amb8463: folds 
Uncalled bet (20) returned to Mahu2021
Mahu2021 collected 40 from pot
Mahu2021: doesn't show hand 
*** SUMMARY ***
Total pot 40 | Rake 0 
Seat 1: Amb8463 (big blind) folded before Flop
Seat 2: Mahu2021 (button) (small blind) collected (40)



PokerStars Hand #248658817028: Tournament #3710587005, $1.84+$0.16 USD Hold'em No Limit - Level I (10/20) - 2024/02/03 12:58:32 CET [2024/02/03 6:58:32 ET]
Table '3710587005 1' 3-max Seat #1 is the button
Seat 1: Amb8463 (800 in chips) 
Seat 2: Mahu2021 (700 in chips) 
Amb8463: posts small blind 10
Mahu2021: posts big blind 20
*** HOLE CARDS ***
Dealt to Mahu2021 [2d 4c]
Amb8463: folds 
Uncalled bet (10) returned to Mahu2021
Mahu2021 collected 20 from pot
Mahu2021: doesn't show hand 
*** SUMMARY ***
Total pot 20 | Rake 0 
Seat 1: Amb8463 (button) (small blind) folded before Flop
Seat 2: Mahu2021 (big blind) collected (20)



PokerStars Hand #248658818038: Tournament #3710587005, $1.84+$0.16 USD Hold'em No Limit - Level II (15/30) - 2024/02/03 12:58:39 CET [2024/02/03 6:58:39 ET]
Table '3710587005 1' 3-max Seat #2 is the button
Seat 1: Amb8463 (790 in chips) 
Seat 2: Mahu2021 (710 in chips) 
Mahu2021: posts small blind 15
Amb8463: posts big blind 30
*** HOLE CARDS ***
Dealt to Mahu2021 [3c 6h]
Mahu2021: folds 
Uncalled bet (15) returned to Amb8463
Amb8463 collected 30 from pot
*** SUMMARY ***
Total pot 30 | Rake 0 
Seat 1: Amb8463 (big blind) collected (30)
Seat 2: Mahu2021 (button) (small blind) folded before Flop



PokerStars Hand #248658818687: Tournament #3710587005, $1.84+$0.16 USD Hold'em No Limit - Level II (15/30) - 2024/02/03 12:58:43 CET [2024/02/03 6:58:43 ET]
Table '3710587005 1' 3-max Seat #1 is the button
Seat 1: Amb8463 (805 in chips) 
Seat 2: Mahu2021 (695 in chips) 
Amb8463: posts small blind 15
Mahu2021: posts big blind 30
*** HOLE CARDS ***
Dealt to Mahu2021 [4d 4h]
Amb8463: raises 30 to 60
Mahu2021: calls 30
*** FLOP *** [7d Tc Ks]
Mahu2021: checks 
Amb8463: bets 60
Mahu2021: folds 
Uncalled bet (60) returned to Amb8463
Amb8463 collected 120 from pot
*** SUMMARY ***
Total pot 120 | Rake 0 
Board [7d Tc Ks]
Seat 1: Amb8463 (button) (small blind) collected (120)
Seat 2: Mahu2021 (big blind) folded on the Flop



PokerStars Hand #248658820075: Tournament #3710587005, $1.84+$0.16 USD Hold'em No Limit - Level II (15/30) - 2024/02/03 12:58:53 CET [2024/02/03 6:58:53 ET]
Table '3710587005 1' 3-max Seat #2 is the button
Seat 1: Amb8463 (865 in chips) 
Seat 2: Mahu2021 (635 in chips) 
Mahu2021: posts small blind 15
Amb8463: posts big blind 30
*** HOLE CARDS ***
Dealt to Mahu2021 [Th Kh]
Mahu2021: raises 30 to 60
Amb8463: calls 30
*** FLOP *** [Tc 3s 9d]
Amb8463: checks 
Mahu2021: bets 120
Amb8463: folds 
Uncalled bet (120) returned to Mahu2021
Mahu2021 collected 120 from pot
Mahu2021: doesn't show hand 
*** SUMMARY ***
Total pot 120 | Rake 0 
Board [Tc 3s 9d]
Seat 1: Amb8463 (big blind) folded on the Flop
Seat 2: Mahu2021 (button) (small blind) collected (120)



PokerStars Hand #248658821587: Tournament #3710587005, $1.84+$0.16 USD Hold'em No Limit - Level II (15/30) - 2024/02/03 12:59:03 CET [2024/02/03 6:59:03 ET]
Table '3710587005 1' 3-max Seat #1 is the button
Seat 1: Amb8463 (805 in chips) 
Seat 2: Mahu2021 (695 in chips) 
Amb8463: posts small blind 15
Mahu2021: posts big blind 30
*** HOLE CARDS ***
Dealt to Mahu2021 [7h 7s]
Amb8463: folds 
Uncalled bet (15) returned to Mahu2021
Mahu2021 collected 30 from pot
Mahu2021: doesn't show hand 
*** SUMMARY ***
Total pot 30 | Rake 0 
Seat 1: Amb8463 (button) (small blind) folded before Flop
Seat 2: Mahu2021 (big blind) collected (30)



PokerStars Hand #248658822149: Tournament #3710587005, $1.84+$0.16 USD Hold'em No Limit - Level II (15/30) - 2024/02/03 12:59:07 CET [2024/02/03 6:59:07 ET]
Table '3710587005 1' 3-max Seat #2 is the button
Seat 1: Amb8463 (790 in chips) 
Seat 2: Mahu2021 (710 in chips) 
Mahu2021: posts small blind 15
Amb8463: posts big blind 30
*** HOLE CARDS ***
Dealt to Mahu2021 [7s 3c]
Mahu2021: folds 
Uncalled bet (15) returned to Amb8463
Amb8463 collected 30 from pot
*** SUMMARY ***
Total pot 30 | Rake 0 
Seat 1: Amb8463 (big blind) collected (30)
Seat 2: Mahu2021 (button) (small blind) folded before Flop



PokerStars Hand #248658822765: Tournament #3710587005, $1.84+$0.16 USD Hold'em No Limit - Level II (15/30) - 2024/02/03 12:59:11 CET [2024/02/03 6:59:11 ET]
Table '3710587005 1' 3-max Seat #1 is the button
Seat 1: Amb8463 (805 in chips) 
Seat 2: Mahu2021 (695 in chips) 
Amb8463: posts small blind 15
Mahu2021: posts big blind 30
*** HOLE CARDS ***
Dealt to Mahu2021 [7h Ts]
Amb8463: folds 
Uncalled bet (15) returned to Mahu2021
Mahu2021 collected 30 from pot
Mahu2021: doesn't show hand 
*** SUMMARY ***
Total pot 30 | Rake 0 
Seat 1: Amb8463 (button) (small blind) folded before Flop
Seat 2: Mahu2021 (big blind) collected (30)



PokerStars Hand #248658823371: Tournament #3710587005, $1.84+$0.16 USD Hold'em No Limit - Level II (15/30) - 2024/02/03 12:59:15 CET [2024/02/03 6:59:15 ET]
Table '3710587005 1' 3-max Seat #2 is the button
Seat 1: Amb8463 (790 in chips) 
Seat 2: Mahu2021 (710 in chips) 
Mahu2021: posts small blind 15
Amb8463: posts big blind 30
*** HOLE CARDS ***
Dealt to Mahu2021 [2s Jc]
Mahu2021: raises 30 to 60
Amb8463: folds 
Uncalled bet (30) returned to Mahu2021
Mahu2021 collected 60 from pot
Mahu2021: doesn't show hand 
*** SUMMARY ***
Total pot 60 | Rake 0 
Seat 1: Amb8463 (big blind) folded before Flop
Seat 2: Mahu2021 (button) (small blind) collected (60)



PokerStars Hand #248658824060: Tournament #3710587005, $1.84+$0.16 USD Hold'em No Limit - Level II (15/30) - 2024/02/03 12:59:20 CET [2024/02/03 6:59:20 ET]
Table '3710587005 1' 3-max Seat #1 is the button
Seat 1: Amb8463 (760 in chips) 
Seat 2: Mahu2021 (740 in chips) 
Amb8463: posts small blind 15
Mahu2021: posts big blind 30
*** HOLE CARDS ***
Dealt to Mahu2021 [6d 7c]
Amb8463: calls 15
Mahu2021: checks 
*** FLOP *** [8s Td 7d]
Mahu2021: checks 
Amb8463: bets 30
Mahu2021: calls 30
*** TURN *** [8s Td 7d] [2s]
Mahu2021: checks 
Amb8463: checks 
*** RIVER *** [8s Td 7d 2s] [Js]
Mahu2021: bets 30
Amb8463: folds 
Uncalled bet (30) returned to Mahu2021
Mahu2021 collected 120 from pot
Mahu2021: doesn't show hand 
*** SUMMARY ***
Total pot 120 | Rake 0 
Board [8s Td 7d 2s Js]
Seat 1: Amb8463 (button) (small blind) folded on the River
Seat 2: Mahu2021 (big blind) collected (120)



PokerStars Hand #248658826131: Tournament #3710587005, $1.84+$0.16 USD Hold'em No Limit - Level II (15/30) - 2024/02/03 12:59:34 CET [2024/02/03 6:59:34 ET]
Table '3710587005 1' 3-max Seat #2 is the button
Seat 1: Amb8463 (700 in chips) 
Seat 2: Mahu2021 (800 in chips) 
Mahu2021: posts small blind 15
Amb8463: posts big blind 30
*** HOLE CARDS ***
Dealt to Mahu2021 [Kd Qh]
Mahu2021: raises 30 to 60
Amb8463: folds 
Uncalled bet (30) returned to Mahu2021
Mahu2021 collected 60 from pot
Mahu2021: doesn't show hand 
*** SUMMARY ***
Total pot 60 | Rake 0 
Seat 1: Amb8463 (big blind) folded before Flop
Seat 2: Mahu2021 (button) (small blind) collected (60)



PokerStars Hand #248658826767: Tournament #3710587005, $1.84+$0.16 USD Hold'em No Limit - Level II (15/30) - 2024/02/03 12:59:38 CET [2024/02/03 6:59:38 ET]
Table '3710587005 1' 3-max Seat #1 is the button
Seat 1: Amb8463 (670 in chips) 
Seat 2: Mahu2021 (830 in chips) 
Amb8463: posts small blind 15
Mahu2021: posts big blind 30
*** HOLE CARDS ***
Dealt to Mahu2021 [Th Jd]
Amb8463: folds 
Uncalled bet (15) returned to Mahu2021
Mahu2021 collected 30 from pot
Mahu2021: doesn't show hand 
*** SUMMARY ***
Total pot 30 | Rake 0 
Seat 1: Amb8463 (button) (small blind) folded before Flop
Seat 2: Mahu2021 (big blind) collected (30)



PokerStars Hand #248658827356: Tournament #3710587005, $1.84+$0.16 USD Hold'em No Limit - Level II (15/30) - 2024/02/03 12:59:43 CET [2024/02/03 6:59:43 ET]
Table '3710587005 1' 3-max Seat #2 is the button
Seat 1: Amb8463 (655 in chips) 
Seat 2: Mahu2021 (845 in chips) 
Mahu2021: posts small blind 15
Amb8463: posts big blind 30
*** HOLE CARDS ***
Dealt to Mahu2021 [8d Ah]
Mahu2021: raises 30 to 60
Amb8463: calls 30
*** FLOP *** [Td Jh 4h]
Amb8463: checks 
Mahu2021: bets 60
Amb8463: folds 
Uncalled bet (60) returned to Mahu2021
Mahu2021 collected 120 from pot
Mahu2021: doesn't show hand 
*** SUMMARY ***
Total pot 120 | Rake 0 
Board [Td Jh 4h]
Seat 1: Amb8463 (big blind) folded on the Flop
Seat 2: Mahu2021 (button) (small blind) collected (120)



PokerStars Hand #248658828774: Tournament #3710587005, $1.84+$0.16 USD Hold'em No Limit - Level II (15/30) - 2024/02/03 12:59:53 CET [2024/02/03 6:59:53 ET]
Table '3710587005 1' 3-max Seat #1 is the button
Seat 1: Amb8463 (595 in chips) 
Seat 2: Mahu2021 (905 in chips) 
Amb8463: posts small blind 15
Mahu2021: posts big blind 30
*** HOLE CARDS ***
Dealt to Mahu2021 [4d 6c]
Amb8463: folds 
Uncalled bet (15) returned to Mahu2021
Mahu2021 collected 30 from pot
Mahu2021: doesn't show hand 
*** SUMMARY ***
Total pot 30 | Rake 0 
Seat 1: Amb8463 (button) (small blind) folded before Flop
Seat 2: Mahu2021 (big blind) collected (30)



PokerStars Hand #248658829307: Tournament #3710587005, $1.84+$0.16 USD Hold'em No Limit - Level II (15/30) - 2024/02/03 12:59:56 CET [2024/02/03 6:59:56 ET]
Table '3710587005 1' 3-max Seat #2 is the button
Seat 1: Amb8463 (580 in chips) 
Seat 2: Mahu2021 (920 in chips) 
Mahu2021: posts small blind 15
Amb8463: posts big blind 30
*** HOLE CARDS ***
Dealt to Mahu2021 [5c Qc]
Mahu2021: raises 30 to 60
Amb8463: calls 30
*** FLOP *** [Tc Td Th]
Amb8463: checks 
Mahu2021: checks 
*** TURN *** [Tc Td Th] [6h]
Amb8463: bets 60
Mahu2021: calls 60
*** RIVER *** [Tc Td Th 6h] [9h]
Amb8463: bets 120
Mahu2021: folds 
Uncalled bet (120) returned to Amb8463
Amb8463 collected 240 from pot
*** SUMMARY ***
Total pot 240 | Rake 0 
Board [Tc Td Th 6h 9h]
Seat 1: Amb8463 (big blind) collected (240)
Seat 2: Mahu2021 (button) (small blind) folded on the River



PokerStars Hand #248658831799: Tournament #3710587005, $1.84+$0.16 USD Hold'em No Limit - Level II (15/30) - 2024/02/03 13:00:14 CET [2024/02/03 7:00:14 ET]
Table '3710587005 1' 3-max Seat #1 is the button
Seat 1: Amb8463 (700 in chips) 
Seat 2: Mahu2021 (800 in chips) 
Amb8463: posts small blind 15
Mahu2021: posts big blind 30
*** HOLE CARDS ***
Dealt to Mahu2021 [6c Jc]
Amb8463: calls 15
Mahu2021: checks 
*** FLOP *** [8d 9s Kd]
Mahu2021: checks 
Amb8463: checks 
*** TURN *** [8d 9s Kd] [Ks]
Mahu2021: checks 
Amb8463: checks 
*** RIVER *** [8d 9s Kd Ks] [5d]
Mahu2021: bets 30
Amb8463: calls 30
*** SHOW DOWN ***
Mahu2021: shows [6c Jc] (a pair of Kings)
Amb8463: shows [3h 5s] (two pair, Kings and Fives)
Amb8463 collected 120 from pot
*** SUMMARY ***
Total pot 120 | Rake 0 
Board [8d 9s Kd Ks 5d]
Seat 1: Amb8463 (button) (small blind) showed [3h 5s] and won (120) with two pair, Kings and Fives
Seat 2: Mahu2021 (big blind) showed [6c Jc] and lost with a pair of Kings



PokerStars Hand #248658833571: Tournament #3710587005, $1.84+$0.16 USD Hold'em No Limit - Level II (15/30) - 2024/02/03 13:00:25 CET [2024/02/03 7:00:25 ET]
Table '3710587005 1' 3-max Seat #2 is the button
Seat 1: Amb8463 (760 in chips) 
Seat 2: Mahu2021 (740 in chips) 
Mahu2021: posts small blind 15
Amb8463: posts big blind 30
*** HOLE CARDS ***
Dealt to Mahu2021 [2d 3c]
Mahu2021: folds 
Uncalled bet (15) returned to Amb8463
Amb8463 collected 30 from pot
*** SUMMARY ***
Total pot 30 | Rake 0 
Seat 1: Amb8463 (big blind) collected (30)
Seat 2: Mahu2021 (button) (small blind) folded before Flop



PokerStars Hand #248658834551: Tournament #3710587005, $1.84+$0.16 USD Hold'em No Limit - Level II (15/30) - 2024/02/03 13:00:32 CET [2024/02/03 7:00:32 ET]
Table '3710587005 1' 3-max Seat #1 is the button
Seat 1: Amb8463 (775 in chips) 
Seat 2: Mahu2021 (725 in chips) 
Amb8463: posts small blind 15
Mahu2021: posts big blind 30
*** HOLE CARDS ***
Dealt to Mahu2021 [3c Qc]
Amb8463: folds 
Uncalled bet (15) returned to Mahu2021
Mahu2021 collected 30 from pot
Mahu2021: doesn't show hand 
*** SUMMARY ***
Total pot 30 | Rake 0 
Seat 1: Amb8463 (button) (small blind) folded before Flop
Seat 2: Mahu2021 (big blind) collected (30)



PokerStars Hand #248658835143: Tournament #3710587005, $1.84+$0.16 USD Hold'em No Limit - Level II (15/30) - 2024/02/03 13:00:36 CET [2024/02/03 7:00:36 ET]
Table '3710587005 1' 3-max Seat #2 is the button
Seat 1: Amb8463 (760 in chips) 
Seat 2: Mahu2021 (740 in chips) 
Mahu2021: posts small blind 15
Amb8463: posts big blind 30
*** HOLE CARDS ***
Dealt to Mahu2021 [4d 4c]
Mahu2021: raises 30 to 60
Amb8463: calls 30
*** FLOP *** [3s 3d 7s]
Amb8463: checks 
Mahu2021: bets 120
Amb8463: calls 120
*** TURN *** [3s 3d 7s] [3h]
Amb8463: checks 
Mahu2021: bets 560 and is all-in
Amb8463: folds 
Uncalled bet (560) returned to Mahu2021
Mahu2021 collected 360 from pot
Mahu2021: doesn't show hand 
*** SUMMARY ***
Total pot 360 | Rake 0 
Board [3s 3d 7s 3h]
Seat 1: Amb8463 (big blind) folded on the Turn
Seat 2: Mahu2021 (button) (small blind) collected (360)



PokerStars Hand #248658838050: Tournament #3710587005, $1.84+$0.16 USD Hold'em No Limit - Level II (15/30) - 2024/02/03 13:00:53 CET [2024/02/03 7:00:53 ET]
Table '3710587005 1' 3-max Seat #1 is the button
Seat 1: Amb8463 (580 in chips) 
Seat 2: Mahu2021 (920 in chips) 
Amb8463: posts small blind 15
Mahu2021: posts big blind 30
*** HOLE CARDS ***
Dealt to Mahu2021 [Js 3h]
Amb8463: calls 15
Mahu2021: checks 
*** FLOP *** [3s 8c 4c]
Mahu2021: checks 
Amb8463: bets 60
Mahu2021: folds 
Uncalled bet (60) returned to Amb8463
Amb8463 collected 60 from pot
*** SUMMARY ***
Total pot 60 | Rake 0 
Board [3s 8c 4c]
Seat 1: Amb8463 (button) (small blind) collected (60)
Seat 2: Mahu2021 (big blind) folded on the Flop



PokerStars Hand #248658839752: Tournament #3710587005, $1.84+$0.16 USD Hold'em No Limit - Level II (15/30) - 2024/02/03 13:01:04 CET [2024/02/03 7:01:04 ET]
Table '3710587005 1' 3-max Seat #2 is the button
Seat 1: Amb8463 (610 in chips) 
Seat 2: Mahu2021 (890 in chips) 
Mahu2021: posts small blind 15
Amb8463: posts big blind 30
*** HOLE CARDS ***
Dealt to Mahu2021 [Ad Tc]
Mahu2021: raises 60 to 90
Amb8463: raises 60 to 150
Mahu2021: raises 740 to 890 and is all-in
Amb8463: calls 460 and is all-in
Uncalled bet (280) returned to Mahu2021
*** FLOP *** [3d 7s Ts]
*** TURN *** [3d 7s Ts] [3h]
*** RIVER *** [3d 7s Ts 3h] [Qd]
*** SHOW DOWN ***
Amb8463: shows [8h Jh] (a pair of Threes)
Mahu2021: shows [Ad Tc] (two pair, Tens and Threes)
Mahu2021 collected 1220 from pot
Amb8463 finished the tournament in 2nd place and received $4.00.
Mahu2021 wins the tournament and receives $16.00 - congratulations!
*** SUMMARY ***
Total pot 1220 | Rake 0 
Board [3d 7s Ts 3h Qd]
Seat 1: Amb8463 (big blind) showed [8h Jh] and lost with a pair of Threes
Seat 2: Mahu2021 (button) (small blind) showed [Ad Tc] and won (1220) with two pair, Tens and Threes



