PokerStars Hand #243224793071: Tournament #3580575083, $0.92+$0.08 USD Hold'em No Limit - Level I (10/20) - 2023/04/21 13:35:33 CET [2023/04/21 7:35:33 ET]
Table '3580575083 1' 3-max Seat #1 is the button
Seat 1: Mahu2021 (500 in chips) 
Seat 2: kathlene73 (500 in chips) 
Seat 3: neratzokolos (500 in chips) 
kathlene73: posts small blind 10
neratzokolos: posts big blind 20
*** HOLE CARDS ***
Dealt to Mahu2021 [2c Qd]
Mahu2021: folds 
kathlene73: raises 480 to 500 and is all-in
neratzokolos: folds 
Uncalled bet (480) returned to kathlene73
kathlene73 collected 40 from pot
*** SUMMARY ***
Total pot 40 | Rake 0 
Seat 1: Mahu2021 (button) folded before Flop (didn't bet)
Seat 2: kathlene73 (small blind) collected (40)
Seat 3: neratzokolos (big blind) folded before Flop



PokerStars Hand #243224794300: Tournament #3580575083, $0.92+$0.08 USD Hold'em No Limit - Level I (10/20) - 2023/04/21 13:35:40 CET [2023/04/21 7:35:40 ET]
Table '3580575083 1' 3-max Seat #2 is the button
Seat 1: Mahu2021 (500 in chips) 
Seat 2: kathlene73 (520 in chips) 
Seat 3: neratzokolos (480 in chips) 
neratzokolos: posts small blind 10
Mahu2021: posts big blind 20
*** HOLE CARDS ***
Dealt to Mahu2021 [8d 2s]
kathlene73: folds 
neratzokolos: calls 10
Mahu2021: checks 
*** FLOP *** [Ts 8h Qc]
neratzokolos: checks 
Mahu2021: checks 
*** TURN *** [Ts 8h Qc] [2h]
neratzokolos: checks 
Mahu2021: bets 40
neratzokolos: folds 
Uncalled bet (40) returned to Mahu2021
Mahu2021 collected 40 from pot
Mahu2021: doesn't show hand 
*** SUMMARY ***
Total pot 40 | Rake 0 
Board [Ts 8h Qc 2h]
Seat 1: Mahu2021 (big blind) collected (40)
Seat 2: kathlene73 (button) folded before Flop (didn't bet)
Seat 3: neratzokolos (small blind) folded on the Turn



PokerStars Hand #243224796867: Tournament #3580575083, $0.92+$0.08 USD Hold'em No Limit - Level I (10/20) - 2023/04/21 13:35:54 CET [2023/04/21 7:35:54 ET]
Table '3580575083 1' 3-max Seat #3 is the button
Seat 1: Mahu2021 (520 in chips) 
Seat 2: kathlene73 (520 in chips) 
Seat 3: neratzokolos (460 in chips) 
Mahu2021: posts small blind 10
kathlene73: posts big blind 20
*** HOLE CARDS ***
Dealt to Mahu2021 [3h 7d]
neratzokolos: raises 40 to 60
Mahu2021: folds 
kathlene73: raises 460 to 520 and is all-in
neratzokolos: calls 400 and is all-in
Uncalled bet (60) returned to kathlene73
*** FLOP *** [Td 7c 4c]
*** TURN *** [Td 7c 4c] [5c]
*** RIVER *** [Td 7c 4c 5c] [9c]
*** SHOW DOWN ***
kathlene73: shows [Tc Ah] (a flush, Ten high)
neratzokolos: shows [As Kd] (high card Ace)
kathlene73 collected 930 from pot
neratzokolos finished the tournament in 3rd place
*** SUMMARY ***
Total pot 930 | Rake 0 
Board [Td 7c 4c 5c 9c]
Seat 1: Mahu2021 (small blind) folded before Flop
Seat 2: kathlene73 (big blind) showed [Tc Ah] and won (930) with a flush, Ten high
Seat 3: neratzokolos (button) showed [As Kd] and lost with high card Ace



PokerStars Hand #243224800312: Tournament #3580575083, $0.92+$0.08 USD Hold'em No Limit - Level I (10/20) - 2023/04/21 13:36:13 CET [2023/04/21 7:36:13 ET]
Table '3580575083 1' 3-max Seat #2 is the button
Seat 1: Mahu2021 (510 in chips) 
Seat 2: kathlene73 (990 in chips) 
kathlene73: posts small blind 10
Mahu2021: posts big blind 20
*** HOLE CARDS ***
Dealt to Mahu2021 [As 4c]
kathlene73: calls 10
Mahu2021: checks 
*** FLOP *** [2c 7c 6c]
Mahu2021: checks 
kathlene73: checks 
*** TURN *** [2c 7c 6c] [7h]
Mahu2021: checks 
kathlene73: checks 
*** RIVER *** [2c 7c 6c 7h] [Qc]
Mahu2021: bets 20
kathlene73: calls 20
*** SHOW DOWN ***
Mahu2021: shows [As 4c] (a flush, Queen high)
kathlene73: mucks hand 
Mahu2021 collected 80 from pot
*** SUMMARY ***
Total pot 80 | Rake 0 
Board [2c 7c 6c 7h Qc]
Seat 1: Mahu2021 (big blind) showed [As 4c] and won (80) with a flush, Queen high
Seat 2: kathlene73 (button) (small blind) mucked [Qs 6s]



PokerStars Hand #243224803219: Tournament #3580575083, $0.92+$0.08 USD Hold'em No Limit - Level I (10/20) - 2023/04/21 13:36:30 CET [2023/04/21 7:36:30 ET]
Table '3580575083 1' 3-max Seat #1 is the button
Seat 1: Mahu2021 (550 in chips) 
Seat 2: kathlene73 (950 in chips) 
Mahu2021: posts small blind 10
kathlene73: posts big blind 20
*** HOLE CARDS ***
Dealt to Mahu2021 [7d Jc]
Mahu2021: calls 10
kathlene73: raises 930 to 950 and is all-in
Mahu2021: folds 
Uncalled bet (930) returned to kathlene73
kathlene73 collected 40 from pot
*** SUMMARY ***
Total pot 40 | Rake 0 
Seat 1: Mahu2021 (button) (small blind) folded before Flop
Seat 2: kathlene73 (big blind) collected (40)



PokerStars Hand #243224804915: Tournament #3580575083, $0.92+$0.08 USD Hold'em No Limit - Level I (10/20) - 2023/04/21 13:36:39 CET [2023/04/21 7:36:39 ET]
Table '3580575083 1' 3-max Seat #2 is the button
Seat 1: Mahu2021 (530 in chips) 
Seat 2: kathlene73 (970 in chips) 
kathlene73: posts small blind 10
Mahu2021: posts big blind 20
*** HOLE CARDS ***
Dealt to Mahu2021 [4c Tc]
kathlene73: calls 10
Mahu2021: checks 
*** FLOP *** [8c 2h Kd]
Mahu2021: checks 
kathlene73: checks 
*** TURN *** [8c 2h Kd] [5c]
Mahu2021: bets 20
kathlene73: folds 
Uncalled bet (20) returned to Mahu2021
Mahu2021 collected 40 from pot
Mahu2021: doesn't show hand 
*** SUMMARY ***
Total pot 40 | Rake 0 
Board [8c 2h Kd 5c]
Seat 1: Mahu2021 (big blind) collected (40)
Seat 2: kathlene73 (button) (small blind) folded on the Turn



PokerStars Hand #243224806963: Tournament #3580575083, $0.92+$0.08 USD Hold'em No Limit - Level I (10/20) - 2023/04/21 13:36:51 CET [2023/04/21 7:36:51 ET]
Table '3580575083 1' 3-max Seat #1 is the button
Seat 1: Mahu2021 (550 in chips) 
Seat 2: kathlene73 (950 in chips) 
Mahu2021: posts small blind 10
kathlene73: posts big blind 20
*** HOLE CARDS ***
Dealt to Mahu2021 [Js 2h]
Mahu2021: calls 10
kathlene73: checks 
*** FLOP *** [2c Ad 4s]
kathlene73: checks 
Mahu2021: bets 20
kathlene73: calls 20
*** TURN *** [2c Ad 4s] [Th]
kathlene73: checks 
Mahu2021: checks 
*** RIVER *** [2c Ad 4s Th] [6c]
kathlene73: bets 20
Mahu2021: calls 20
*** SHOW DOWN ***
kathlene73: shows [Ah 3c] (a pair of Aces)
Mahu2021: mucks hand 
kathlene73 collected 120 from pot
*** SUMMARY ***
Total pot 120 | Rake 0 
Board [2c Ad 4s Th 6c]
Seat 1: Mahu2021 (button) (small blind) mucked [Js 2h]
Seat 2: kathlene73 (big blind) showed [Ah 3c] and won (120) with a pair of Aces



PokerStars Hand #243224809738: Tournament #3580575083, $0.92+$0.08 USD Hold'em No Limit - Level I (10/20) - 2023/04/21 13:37:07 CET [2023/04/21 7:37:07 ET]
Table '3580575083 1' 3-max Seat #2 is the button
Seat 1: Mahu2021 (490 in chips) 
Seat 2: kathlene73 (1010 in chips) 
kathlene73: posts small blind 10
Mahu2021: posts big blind 20
*** HOLE CARDS ***
Dealt to Mahu2021 [Qc 4s]
kathlene73: calls 10
Mahu2021: checks 
*** FLOP *** [Qd Ks 7d]
Mahu2021: bets 20
kathlene73: calls 20
*** TURN *** [Qd Ks 7d] [9d]
Mahu2021: checks 
kathlene73: checks 
*** RIVER *** [Qd Ks 7d 9d] [9h]
Mahu2021: checks 
kathlene73: checks 
*** SHOW DOWN ***
Mahu2021: shows [Qc 4s] (two pair, Queens and Nines)
kathlene73: shows [Qs 6c] (two pair, Queens and Nines)
Mahu2021 collected 40 from pot
kathlene73 collected 40 from pot
*** SUMMARY ***
Total pot 80 | Rake 0 
Board [Qd Ks 7d 9d 9h]
Seat 1: Mahu2021 (big blind) showed [Qc 4s] and won (40) with two pair, Queens and Nines
Seat 2: kathlene73 (button) (small blind) showed [Qs 6c] and won (40) with two pair, Queens and Nines



PokerStars Hand #243224812360: Tournament #3580575083, $0.92+$0.08 USD Hold'em No Limit - Level I (10/20) - 2023/04/21 13:37:21 CET [2023/04/21 7:37:21 ET]
Table '3580575083 1' 3-max Seat #1 is the button
Seat 1: Mahu2021 (490 in chips) 
Seat 2: kathlene73 (1010 in chips) 
Mahu2021: posts small blind 10
kathlene73: posts big blind 20
*** HOLE CARDS ***
Dealt to Mahu2021 [4s Ac]
Mahu2021: raises 20 to 40
kathlene73: calls 20
*** FLOP *** [Qd Kh 4c]
kathlene73: checks 
Mahu2021: bets 40
kathlene73: folds 
Uncalled bet (40) returned to Mahu2021
Mahu2021 collected 80 from pot
Mahu2021: doesn't show hand 
*** SUMMARY ***
Total pot 80 | Rake 0 
Board [Qd Kh 4c]
Seat 1: Mahu2021 (button) (small blind) collected (80)
Seat 2: kathlene73 (big blind) folded on the Flop



PokerStars Hand #243224814500: Tournament #3580575083, $0.92+$0.08 USD Hold'em No Limit - Level I (10/20) - 2023/04/21 13:37:33 CET [2023/04/21 7:37:33 ET]
Table '3580575083 1' 3-max Seat #2 is the button
Seat 1: Mahu2021 (530 in chips) 
Seat 2: kathlene73 (970 in chips) 
kathlene73: posts small blind 10
Mahu2021: posts big blind 20
*** HOLE CARDS ***
Dealt to Mahu2021 [9s 7c]
kathlene73: calls 10
Mahu2021: checks 
*** FLOP *** [Ks 8c Qc]
Mahu2021: checks 
kathlene73: bets 20
Mahu2021: calls 20
*** TURN *** [Ks 8c Qc] [6h]
Mahu2021: checks 
kathlene73: bets 20
Mahu2021: calls 20
*** RIVER *** [Ks 8c Qc 6h] [Th]
Mahu2021: bets 120
kathlene73: calls 120
*** SHOW DOWN ***
Mahu2021: shows [9s 7c] (a straight, Six to Ten)
kathlene73: mucks hand 
Mahu2021 collected 360 from pot
*** SUMMARY ***
Total pot 360 | Rake 0 
Board [Ks 8c Qc 6h Th]
Seat 1: Mahu2021 (big blind) showed [9s 7c] and won (360) with a straight, Six to Ten
Seat 2: kathlene73 (button) (small blind) mucked [6c Kh]



PokerStars Hand #243224818362: Tournament #3580575083, $0.92+$0.08 USD Hold'em No Limit - Level I (10/20) - 2023/04/21 13:37:54 CET [2023/04/21 7:37:54 ET]
Table '3580575083 1' 3-max Seat #1 is the button
Seat 1: Mahu2021 (710 in chips) 
Seat 2: kathlene73 (790 in chips) 
Mahu2021: posts small blind 10
kathlene73: posts big blind 20
*** HOLE CARDS ***
Dealt to Mahu2021 [Tc Jh]
Mahu2021: calls 10
kathlene73: raises 770 to 790 and is all-in
Mahu2021: folds 
Uncalled bet (770) returned to kathlene73
kathlene73 collected 40 from pot
*** SUMMARY ***
Total pot 40 | Rake 0 
Seat 1: Mahu2021 (button) (small blind) folded before Flop
Seat 2: kathlene73 (big blind) collected (40)



PokerStars Hand #243224819801: Tournament #3580575083, $0.92+$0.08 USD Hold'em No Limit - Level I (10/20) - 2023/04/21 13:38:02 CET [2023/04/21 7:38:02 ET]
Table '3580575083 1' 3-max Seat #2 is the button
Seat 1: Mahu2021 (690 in chips) 
Seat 2: kathlene73 (810 in chips) 
kathlene73: posts small blind 10
Mahu2021: posts big blind 20
*** HOLE CARDS ***
Dealt to Mahu2021 [Tc 9d]
kathlene73: calls 10
Mahu2021: checks 
*** FLOP *** [Jd 5d 8c]
Mahu2021: checks 
kathlene73: checks 
*** TURN *** [Jd 5d 8c] [Kd]
Mahu2021: checks 
kathlene73: checks 
*** RIVER *** [Jd 5d 8c Kd] [Ts]
Mahu2021: bets 40
kathlene73: folds 
Uncalled bet (40) returned to Mahu2021
Mahu2021 collected 40 from pot
Mahu2021: doesn't show hand 
*** SUMMARY ***
Total pot 40 | Rake 0 
Board [Jd 5d 8c Kd Ts]
Seat 1: Mahu2021 (big blind) collected (40)
Seat 2: kathlene73 (button) (small blind) folded on the River



PokerStars Hand #243224822379: Tournament #3580575083, $0.92+$0.08 USD Hold'em No Limit - Level I (10/20) - 2023/04/21 13:38:17 CET [2023/04/21 7:38:17 ET]
Table '3580575083 1' 3-max Seat #1 is the button
Seat 1: Mahu2021 (710 in chips) 
Seat 2: kathlene73 (790 in chips) 
Mahu2021: posts small blind 10
kathlene73: posts big blind 20
*** HOLE CARDS ***
Dealt to Mahu2021 [2h 2d]
Mahu2021: raises 20 to 40
kathlene73: raises 750 to 790 and is all-in
Mahu2021: folds 
Uncalled bet (750) returned to kathlene73
kathlene73 collected 80 from pot
*** SUMMARY ***
Total pot 80 | Rake 0 
Seat 1: Mahu2021 (button) (small blind) folded before Flop
Seat 2: kathlene73 (big blind) collected (80)



PokerStars Hand #243224824610: Tournament #3580575083, $0.92+$0.08 USD Hold'em No Limit - Level I (10/20) - 2023/04/21 13:38:30 CET [2023/04/21 7:38:30 ET]
Table '3580575083 1' 3-max Seat #2 is the button
Seat 1: Mahu2021 (670 in chips) 
Seat 2: kathlene73 (830 in chips) 
kathlene73: posts small blind 10
Mahu2021: posts big blind 20
*** HOLE CARDS ***
Dealt to Mahu2021 [2c 5c]
kathlene73: calls 10
Mahu2021: checks 
*** FLOP *** [5s Jh As]
Mahu2021: checks 
kathlene73: bets 20
Mahu2021: calls 20
*** TURN *** [5s Jh As] [3d]
Mahu2021: checks 
kathlene73: bets 40
Mahu2021: calls 40
*** RIVER *** [5s Jh As 3d] [Qs]
Mahu2021: checks 
kathlene73: checks 
*** SHOW DOWN ***
Mahu2021: shows [2c 5c] (a pair of Fives)
kathlene73: shows [Js 9h] (a pair of Jacks)
kathlene73 collected 160 from pot
*** SUMMARY ***
Total pot 160 | Rake 0 
Board [5s Jh As 3d Qs]
Seat 1: Mahu2021 (big blind) showed [2c 5c] and lost with a pair of Fives
Seat 2: kathlene73 (button) (small blind) showed [Js 9h] and won (160) with a pair of Jacks



PokerStars Hand #243224829368: Tournament #3580575083, $0.92+$0.08 USD Hold'em No Limit - Level II (15/30) - 2023/04/21 13:38:56 CET [2023/04/21 7:38:56 ET]
Table '3580575083 1' 3-max Seat #1 is the button
Seat 1: Mahu2021 (590 in chips) 
Seat 2: kathlene73 (910 in chips) 
Mahu2021: posts small blind 15
kathlene73: posts big blind 30
*** HOLE CARDS ***
Dealt to Mahu2021 [Td 4c]
Mahu2021: folds 
Uncalled bet (15) returned to kathlene73
kathlene73 collected 30 from pot
*** SUMMARY ***
Total pot 30 | Rake 0 
Seat 1: Mahu2021 (button) (small blind) folded before Flop
Seat 2: kathlene73 (big blind) collected (30)



PokerStars Hand #243224830269: Tournament #3580575083, $0.92+$0.08 USD Hold'em No Limit - Level II (15/30) - 2023/04/21 13:39:01 CET [2023/04/21 7:39:01 ET]
Table '3580575083 1' 3-max Seat #2 is the button
Seat 1: Mahu2021 (575 in chips) 
Seat 2: kathlene73 (925 in chips) 
kathlene73: posts small blind 15
Mahu2021: posts big blind 30
*** HOLE CARDS ***
Dealt to Mahu2021 [Jd Qc]
kathlene73: calls 15
Mahu2021: checks 
*** FLOP *** [As Ac Qs]
Mahu2021: checks 
kathlene73: checks 
*** TURN *** [As Ac Qs] [Qd]
Mahu2021: bets 30
kathlene73: calls 30
*** RIVER *** [As Ac Qs Qd] [3h]
Mahu2021: bets 30
kathlene73: calls 30
*** SHOW DOWN ***
Mahu2021: shows [Jd Qc] (a full house, Queens full of Aces)
kathlene73: shows [Qh 4h] (a full house, Queens full of Aces)
Mahu2021 collected 90 from pot
kathlene73 collected 90 from pot
*** SUMMARY ***
Total pot 180 | Rake 0 
Board [As Ac Qs Qd 3h]
Seat 1: Mahu2021 (big blind) showed [Jd Qc] and won (90) with a full house, Queens full of Aces
Seat 2: kathlene73 (button) (small blind) showed [Qh 4h] and won (90) with a full house, Queens full of Aces



PokerStars Hand #243224835917: Tournament #3580575083, $0.92+$0.08 USD Hold'em No Limit - Level II (15/30) - 2023/04/21 13:39:33 CET [2023/04/21 7:39:33 ET]
Table '3580575083 1' 3-max Seat #1 is the button
Seat 1: Mahu2021 (575 in chips) 
Seat 2: kathlene73 (925 in chips) 
Mahu2021: posts small blind 15
kathlene73: posts big blind 30
*** HOLE CARDS ***
Dealt to Mahu2021 [Jh Qh]
Mahu2021: calls 15
kathlene73: raises 895 to 925 and is all-in
Mahu2021: folds 
Uncalled bet (895) returned to kathlene73
kathlene73 collected 60 from pot
*** SUMMARY ***
Total pot 60 | Rake 0 
Seat 1: Mahu2021 (button) (small blind) folded before Flop
Seat 2: kathlene73 (big blind) collected (60)



PokerStars Hand #243224837739: Tournament #3580575083, $0.92+$0.08 USD Hold'em No Limit - Level II (15/30) - 2023/04/21 13:39:43 CET [2023/04/21 7:39:43 ET]
Table '3580575083 1' 3-max Seat #2 is the button
Seat 1: Mahu2021 (545 in chips) 
Seat 2: kathlene73 (955 in chips) 
kathlene73: posts small blind 15
Mahu2021: posts big blind 30
*** HOLE CARDS ***
Dealt to Mahu2021 [Jd Qd]
kathlene73: calls 15
Mahu2021: checks 
*** FLOP *** [7h 5s 6h]
Mahu2021: checks 
kathlene73: checks 
*** TURN *** [7h 5s 6h] [5d]
Mahu2021: checks 
kathlene73: checks 
*** RIVER *** [7h 5s 6h 5d] [Ah]
Mahu2021: bets 60
kathlene73: folds 
Uncalled bet (60) returned to Mahu2021
Mahu2021 collected 60 from pot
Mahu2021: doesn't show hand 
*** SUMMARY ***
Total pot 60 | Rake 0 
Board [7h 5s 6h 5d Ah]
Seat 1: Mahu2021 (big blind) collected (60)
Seat 2: kathlene73 (button) (small blind) folded on the River



PokerStars Hand #243224840850: Tournament #3580575083, $0.92+$0.08 USD Hold'em No Limit - Level II (15/30) - 2023/04/21 13:40:01 CET [2023/04/21 7:40:01 ET]
Table '3580575083 1' 3-max Seat #1 is the button
Seat 1: Mahu2021 (575 in chips) 
Seat 2: kathlene73 (925 in chips) 
Mahu2021: posts small blind 15
kathlene73: posts big blind 30
*** HOLE CARDS ***
Dealt to Mahu2021 [2s Kd]
Mahu2021: folds 
Uncalled bet (15) returned to kathlene73
kathlene73 collected 30 from pot
*** SUMMARY ***
Total pot 30 | Rake 0 
Seat 1: Mahu2021 (button) (small blind) folded before Flop
Seat 2: kathlene73 (big blind) collected (30)



PokerStars Hand #243224841754: Tournament #3580575083, $0.92+$0.08 USD Hold'em No Limit - Level II (15/30) - 2023/04/21 13:40:06 CET [2023/04/21 7:40:06 ET]
Table '3580575083 1' 3-max Seat #2 is the button
Seat 1: Mahu2021 (560 in chips) 
Seat 2: kathlene73 (940 in chips) 
kathlene73: posts small blind 15
Mahu2021: posts big blind 30
*** HOLE CARDS ***
Dealt to Mahu2021 [3d Ac]
kathlene73: calls 15
Mahu2021: checks 
*** FLOP *** [Td 7d 6c]
Mahu2021: checks 
kathlene73: checks 
*** TURN *** [Td 7d 6c] [4d]
Mahu2021: checks 
kathlene73: bets 60
Mahu2021: calls 60
*** RIVER *** [Td 7d 6c 4d] [4s]
Mahu2021: checks 
kathlene73: bets 850 and is all-in
Mahu2021: folds 
Uncalled bet (850) returned to kathlene73
kathlene73 collected 180 from pot
*** SUMMARY ***
Total pot 180 | Rake 0 
Board [Td 7d 6c 4d 4s]
Seat 1: Mahu2021 (big blind) folded on the River
Seat 2: kathlene73 (button) (small blind) collected (180)



PokerStars Hand #243224845061: Tournament #3580575083, $0.92+$0.08 USD Hold'em No Limit - Level II (15/30) - 2023/04/21 13:40:24 CET [2023/04/21 7:40:24 ET]
Table '3580575083 1' 3-max Seat #1 is the button
Seat 1: Mahu2021 (470 in chips) 
Seat 2: kathlene73 (1030 in chips) 
Mahu2021: posts small blind 15
kathlene73: posts big blind 30
*** HOLE CARDS ***
Dealt to Mahu2021 [Qh Qd]
Mahu2021: raises 440 to 470 and is all-in
kathlene73: calls 440
*** FLOP *** [5d Ad 6c]
*** TURN *** [5d Ad 6c] [6s]
*** RIVER *** [5d Ad 6c 6s] [8c]
*** SHOW DOWN ***
kathlene73: shows [Jh 7c] (a pair of Sixes)
Mahu2021: shows [Qh Qd] (two pair, Queens and Sixes)
Mahu2021 collected 940 from pot
*** SUMMARY ***
Total pot 940 | Rake 0 
Board [5d Ad 6c 6s 8c]
Seat 1: Mahu2021 (button) (small blind) showed [Qh Qd] and won (940) with two pair, Queens and Sixes
Seat 2: kathlene73 (big blind) showed [Jh 7c] and lost with a pair of Sixes



PokerStars Hand #243224847499: Tournament #3580575083, $0.92+$0.08 USD Hold'em No Limit - Level II (15/30) - 2023/04/21 13:40:38 CET [2023/04/21 7:40:38 ET]
Table '3580575083 1' 3-max Seat #2 is the button
Seat 1: Mahu2021 (940 in chips) 
Seat 2: kathlene73 (560 in chips) 
kathlene73: posts small blind 15
Mahu2021: posts big blind 30
*** HOLE CARDS ***
Dealt to Mahu2021 [Qh 8d]
kathlene73: raises 530 to 560 and is all-in
Mahu2021: folds 
Uncalled bet (530) returned to kathlene73
kathlene73 collected 60 from pot
*** SUMMARY ***
Total pot 60 | Rake 0 
Seat 1: Mahu2021 (big blind) folded before Flop
Seat 2: kathlene73 (button) (small blind) collected (60)



PokerStars Hand #243224848638: Tournament #3580575083, $0.92+$0.08 USD Hold'em No Limit - Level II (15/30) - 2023/04/21 13:40:44 CET [2023/04/21 7:40:44 ET]
Table '3580575083 1' 3-max Seat #1 is the button
Seat 1: Mahu2021 (910 in chips) 
Seat 2: kathlene73 (590 in chips) 
Mahu2021: posts small blind 15
kathlene73: posts big blind 30
*** HOLE CARDS ***
Dealt to Mahu2021 [2c 7h]
Mahu2021: folds 
Uncalled bet (15) returned to kathlene73
kathlene73 collected 30 from pot
*** SUMMARY ***
Total pot 30 | Rake 0 
Seat 1: Mahu2021 (button) (small blind) folded before Flop
Seat 2: kathlene73 (big blind) collected (30)



PokerStars Hand #243224849453: Tournament #3580575083, $0.92+$0.08 USD Hold'em No Limit - Level II (15/30) - 2023/04/21 13:40:49 CET [2023/04/21 7:40:49 ET]
Table '3580575083 1' 3-max Seat #2 is the button
Seat 1: Mahu2021 (895 in chips) 
Seat 2: kathlene73 (605 in chips) 
kathlene73: posts small blind 15
Mahu2021: posts big blind 30
*** HOLE CARDS ***
Dealt to Mahu2021 [4c 2c]
kathlene73: raises 575 to 605 and is all-in
Mahu2021: folds 
Uncalled bet (575) returned to kathlene73
kathlene73 collected 60 from pot
*** SUMMARY ***
Total pot 60 | Rake 0 
Seat 1: Mahu2021 (big blind) folded before Flop
Seat 2: kathlene73 (button) (small blind) collected (60)



PokerStars Hand #243224850490: Tournament #3580575083, $0.92+$0.08 USD Hold'em No Limit - Level II (15/30) - 2023/04/21 13:40:55 CET [2023/04/21 7:40:55 ET]
Table '3580575083 1' 3-max Seat #1 is the button
Seat 1: Mahu2021 (865 in chips) 
Seat 2: kathlene73 (635 in chips) 
Mahu2021: posts small blind 15
kathlene73: posts big blind 30
*** HOLE CARDS ***
Dealt to Mahu2021 [Qh 4h]
Mahu2021: calls 15
kathlene73: checks 
*** FLOP *** [2d 9d Ts]
kathlene73: checks 
Mahu2021: bets 30
kathlene73: folds 
Uncalled bet (30) returned to Mahu2021
Mahu2021 collected 60 from pot
Mahu2021: doesn't show hand 
*** SUMMARY ***
Total pot 60 | Rake 0 
Board [2d 9d Ts]
Seat 1: Mahu2021 (button) (small blind) collected (60)
Seat 2: kathlene73 (big blind) folded on the Flop



PokerStars Hand #243224852358: Tournament #3580575083, $0.92+$0.08 USD Hold'em No Limit - Level II (15/30) - 2023/04/21 13:41:05 CET [2023/04/21 7:41:05 ET]
Table '3580575083 1' 3-max Seat #2 is the button
Seat 1: Mahu2021 (895 in chips) 
Seat 2: kathlene73 (605 in chips) 
kathlene73: posts small blind 15
Mahu2021: posts big blind 30
*** HOLE CARDS ***
Dealt to Mahu2021 [Td 5s]
kathlene73: folds 
Uncalled bet (15) returned to Mahu2021
Mahu2021 collected 30 from pot
Mahu2021: doesn't show hand 
*** SUMMARY ***
Total pot 30 | Rake 0 
Seat 1: Mahu2021 (big blind) collected (30)
Seat 2: kathlene73 (button) (small blind) folded before Flop



PokerStars Hand #243224852964: Tournament #3580575083, $0.92+$0.08 USD Hold'em No Limit - Level II (15/30) - 2023/04/21 13:41:08 CET [2023/04/21 7:41:08 ET]
Table '3580575083 1' 3-max Seat #1 is the button
Seat 1: Mahu2021 (910 in chips) 
Seat 2: kathlene73 (590 in chips) 
Mahu2021: posts small blind 15
kathlene73: posts big blind 30
*** HOLE CARDS ***
Dealt to Mahu2021 [Jc Ad]
Mahu2021: raises 30 to 60
kathlene73: calls 30
*** FLOP *** [6c 3h 2c]
kathlene73: checks 
Mahu2021: bets 60
kathlene73: folds 
Uncalled bet (60) returned to Mahu2021
Mahu2021 collected 120 from pot
Mahu2021: doesn't show hand 
*** SUMMARY ***
Total pot 120 | Rake 0 
Board [6c 3h 2c]
Seat 1: Mahu2021 (button) (small blind) collected (120)
Seat 2: kathlene73 (big blind) folded on the Flop



PokerStars Hand #243224855246: Tournament #3580575083, $0.92+$0.08 USD Hold'em No Limit - Level II (15/30) - 2023/04/21 13:41:21 CET [2023/04/21 7:41:21 ET]
Table '3580575083 1' 3-max Seat #2 is the button
Seat 1: Mahu2021 (970 in chips) 
Seat 2: kathlene73 (530 in chips) 
kathlene73: posts small blind 15
Mahu2021: posts big blind 30
*** HOLE CARDS ***
Dealt to Mahu2021 [3d 8c]
kathlene73: calls 15
Mahu2021: checks 
*** FLOP *** [4s As 7s]
Mahu2021: checks 
kathlene73: checks 
*** TURN *** [4s As 7s] [9s]
Mahu2021: checks 
kathlene73: checks 
*** RIVER *** [4s As 7s 9s] [Ts]
Mahu2021: checks 
kathlene73: checks 
*** SHOW DOWN ***
Mahu2021: shows [3d 8c] (a flush, Ace high)
kathlene73: shows [5h Jd] (a flush, Ace high)
Mahu2021 collected 30 from pot
kathlene73 collected 30 from pot
*** SUMMARY ***
Total pot 60 | Rake 0 
Board [4s As 7s 9s Ts]
Seat 1: Mahu2021 (big blind) showed [3d 8c] and won (30) with a flush, Ace high
Seat 2: kathlene73 (button) (small blind) showed [5h Jd] and won (30) with a flush, Ace high



PokerStars Hand #243224857437: Tournament #3580575083, $0.92+$0.08 USD Hold'em No Limit - Level II (15/30) - 2023/04/21 13:41:33 CET [2023/04/21 7:41:33 ET]
Table '3580575083 1' 3-max Seat #1 is the button
Seat 1: Mahu2021 (970 in chips) 
Seat 2: kathlene73 (530 in chips) 
Mahu2021: posts small blind 15
kathlene73: posts big blind 30
*** HOLE CARDS ***
Dealt to Mahu2021 [Jh Qh]
Mahu2021: raises 30 to 60
kathlene73: folds 
Uncalled bet (30) returned to Mahu2021
Mahu2021 collected 60 from pot
Mahu2021: doesn't show hand 
*** SUMMARY ***
Total pot 60 | Rake 0 
Seat 1: Mahu2021 (button) (small blind) collected (60)
Seat 2: kathlene73 (big blind) folded before Flop



PokerStars Hand #243224859043: Tournament #3580575083, $0.92+$0.08 USD Hold'em No Limit - Level III (20/40) - 2023/04/21 13:41:42 CET [2023/04/21 7:41:42 ET]
Table '3580575083 1' 3-max Seat #2 is the button
Seat 1: Mahu2021 (1000 in chips) 
Seat 2: kathlene73 (500 in chips) 
kathlene73: posts small blind 20
Mahu2021: posts big blind 40
*** HOLE CARDS ***
Dealt to Mahu2021 [9h 5d]
kathlene73: calls 20
Mahu2021: checks 
*** FLOP *** [6h 2h 2d]
Mahu2021: checks 
kathlene73: checks 
*** TURN *** [6h 2h 2d] [4c]
Mahu2021: bets 40
kathlene73: folds 
Uncalled bet (40) returned to Mahu2021
Mahu2021 collected 80 from pot
Mahu2021: doesn't show hand 
*** SUMMARY ***
Total pot 80 | Rake 0 
Board [6h 2h 2d 4c]
Seat 1: Mahu2021 (big blind) collected (80)
Seat 2: kathlene73 (button) (small blind) folded on the Turn



PokerStars Hand #243224861244: Tournament #3580575083, $0.92+$0.08 USD Hold'em No Limit - Level III (20/40) - 2023/04/21 13:41:53 CET [2023/04/21 7:41:53 ET]
Table '3580575083 1' 3-max Seat #1 is the button
Seat 1: Mahu2021 (1040 in chips) 
Seat 2: kathlene73 (460 in chips) 
Mahu2021: posts small blind 20
kathlene73: posts big blind 40
*** HOLE CARDS ***
Dealt to Mahu2021 [Td 9d]
Mahu2021: raises 40 to 80
kathlene73: raises 380 to 460 and is all-in
Mahu2021: folds 
Uncalled bet (380) returned to kathlene73
kathlene73 collected 160 from pot
*** SUMMARY ***
Total pot 160 | Rake 0 
Seat 1: Mahu2021 (button) (small blind) folded before Flop
Seat 2: kathlene73 (big blind) collected (160)



PokerStars Hand #243224862814: Tournament #3580575083, $0.92+$0.08 USD Hold'em No Limit - Level III (20/40) - 2023/04/21 13:42:02 CET [2023/04/21 7:42:02 ET]
Table '3580575083 1' 3-max Seat #2 is the button
Seat 1: Mahu2021 (960 in chips) 
Seat 2: kathlene73 (540 in chips) 
kathlene73: posts small blind 20
Mahu2021: posts big blind 40
*** HOLE CARDS ***
Dealt to Mahu2021 [Jh 4s]
kathlene73: calls 20
Mahu2021: checks 
*** FLOP *** [Jc 3c 5d]
Mahu2021: bets 40
kathlene73: folds 
Uncalled bet (40) returned to Mahu2021
Mahu2021 collected 80 from pot
Mahu2021: doesn't show hand 
*** SUMMARY ***
Total pot 80 | Rake 0 
Board [Jc 3c 5d]
Seat 1: Mahu2021 (big blind) collected (80)
Seat 2: kathlene73 (button) (small blind) folded on the Flop



PokerStars Hand #243224864362: Tournament #3580575083, $0.92+$0.08 USD Hold'em No Limit - Level III (20/40) - 2023/04/21 13:42:11 CET [2023/04/21 7:42:11 ET]
Table '3580575083 1' 3-max Seat #1 is the button
Seat 1: Mahu2021 (1000 in chips) 
Seat 2: kathlene73 (500 in chips) 
Mahu2021: posts small blind 20
kathlene73: posts big blind 40
*** HOLE CARDS ***
Dealt to Mahu2021 [Qs Js]
Mahu2021: raises 40 to 80
kathlene73: calls 40
*** FLOP *** [9s 3d 4s]
kathlene73: bets 420 and is all-in
Mahu2021: calls 420
*** TURN *** [9s 3d 4s] [Jh]
*** RIVER *** [9s 3d 4s Jh] [9h]
*** SHOW DOWN ***
kathlene73: shows [Qh 3s] (two pair, Nines and Threes)
Mahu2021: shows [Qs Js] (two pair, Jacks and Nines)
Mahu2021 collected 1000 from pot
kathlene73 finished the tournament in 2nd place
Mahu2021 wins the tournament and receives $3.00 - congratulations!
*** SUMMARY ***
Total pot 1000 | Rake 0 
Board [9s 3d 4s Jh 9h]
Seat 1: Mahu2021 (button) (small blind) showed [Qs Js] and won (1000) with two pair, Jacks and Nines
Seat 2: kathlene73 (big blind) showed [Qh 3s] and lost with two pair, Nines and Threes



