PokerStars Hand #249025240977: Tournament #3719636916, $1.84+$0.16 USD Hold'em No Limit - Level I (10/20) - 2024/02/22 14:22:21 CET [2024/02/22 8:22:21 ET]
Table '3719636916 1' 3-max Seat #1 is the button
Seat 1: Joshmaster2000 (500 in chips) 
Seat 2: Mahu2021 (500 in chips) 
Seat 3: KingKronk (500 in chips) 
Mahu2021: posts small blind 10
KingKronk: posts big blind 20
*** HOLE CARDS ***
Dealt to Mahu2021 [7s 2d]
Joshmaster2000: folds 
Mahu2021: folds 
Uncalled bet (10) returned to KingKronk
KingKronk collected 20 from pot
*** SUMMARY ***
Total pot 20 | Rake 0 
Seat 1: Joshmaster2000 (button) folded before Flop (didn't bet)
Seat 2: Mahu2021 (small blind) folded before Flop
Seat 3: KingKronk (big blind) collected (20)



PokerStars Hand #249025241769: Tournament #3719636916, $1.84+$0.16 USD Hold'em No Limit - Level I (10/20) - 2024/02/22 14:22:25 CET [2024/02/22 8:22:25 ET]
Table '3719636916 1' 3-max Seat #2 is the button
Seat 1: Joshmaster2000 (500 in chips) 
Seat 2: Mahu2021 (490 in chips) 
Seat 3: KingKronk (510 in chips) 
KingKronk: posts small blind 10
Joshmaster2000: posts big blind 20
*** HOLE CARDS ***
Dealt to Mahu2021 [9h 2s]
Mahu2021: folds 
KingKronk: folds 
Uncalled bet (10) returned to Joshmaster2000
Joshmaster2000 collected 20 from pot
*** SUMMARY ***
Total pot 20 | Rake 0 
Seat 1: Joshmaster2000 (big blind) collected (20)
Seat 2: Mahu2021 (button) folded before Flop (didn't bet)
Seat 3: KingKronk (small blind) folded before Flop



PokerStars Hand #249025242859: Tournament #3719636916, $1.84+$0.16 USD Hold'em No Limit - Level I (10/20) - 2024/02/22 14:22:31 CET [2024/02/22 8:22:31 ET]
Table '3719636916 1' 3-max Seat #3 is the button
Seat 1: Joshmaster2000 (510 in chips) 
Seat 2: Mahu2021 (490 in chips) 
Seat 3: KingKronk (500 in chips) 
Joshmaster2000: posts small blind 10
Mahu2021: posts big blind 20
*** HOLE CARDS ***
Dealt to Mahu2021 [Qd Js]
KingKronk: raises 20 to 40
Joshmaster2000: calls 30
Mahu2021: calls 20
*** FLOP *** [Tc 7h 5c]
Joshmaster2000: bets 40
Mahu2021: folds 
KingKronk: calls 40
*** TURN *** [Tc 7h 5c] [6s]
Joshmaster2000: bets 66
KingKronk: calls 66
*** RIVER *** [Tc 7h 5c 6s] [9c]
Joshmaster2000: checks 
KingKronk: checks 
*** SHOW DOWN ***
Joshmaster2000: shows [8c Td] (a straight, Six to Ten)
KingKronk: mucks hand 
Joshmaster2000 collected 332 from pot
*** SUMMARY ***
Total pot 332 | Rake 0 
Board [Tc 7h 5c 6s 9c]
Seat 1: Joshmaster2000 (small blind) showed [8c Td] and won (332) with a straight, Six to Ten
Seat 2: Mahu2021 (big blind) folded on the Flop
Seat 3: KingKronk (button) mucked [4c 5d]



PokerStars Hand #249025248559: Tournament #3719636916, $1.84+$0.16 USD Hold'em No Limit - Level I (10/20) - 2024/02/22 14:23:01 CET [2024/02/22 8:23:01 ET]
Table '3719636916 1' 3-max Seat #1 is the button
Seat 1: Joshmaster2000 (696 in chips) 
Seat 2: Mahu2021 (450 in chips) 
Seat 3: KingKronk (354 in chips) 
Mahu2021: posts small blind 10
KingKronk: posts big blind 20
*** HOLE CARDS ***
Dealt to Mahu2021 [4c 4h]
Joshmaster2000: raises 24 to 44
Mahu2021: calls 34
KingKronk: calls 24
*** FLOP *** [Kd Js 5d]
Mahu2021: checks 
KingKronk: bets 310 and is all-in
Joshmaster2000: raises 310 to 620
Mahu2021: folds 
Uncalled bet (310) returned to Joshmaster2000
*** TURN *** [Kd Js 5d] [7d]
*** RIVER *** [Kd Js 5d 7d] [6h]
*** SHOW DOWN ***
KingKronk: shows [Tc Jh] (a pair of Jacks)
Joshmaster2000: shows [Ks Qc] (a pair of Kings)
Joshmaster2000 collected 752 from pot
KingKronk finished the tournament in 3rd place
*** SUMMARY ***
Total pot 752 | Rake 0 
Board [Kd Js 5d 7d 6h]
Seat 1: Joshmaster2000 (button) showed [Ks Qc] and won (752) with a pair of Kings
Seat 2: Mahu2021 (small blind) folded on the Flop
Seat 3: KingKronk (big blind) showed [Tc Jh] and lost with a pair of Jacks



PokerStars Hand #249025253026: Tournament #3719636916, $1.84+$0.16 USD Hold'em No Limit - Level I (10/20) - 2024/02/22 14:23:24 CET [2024/02/22 8:23:24 ET]
Table '3719636916 1' 3-max Seat #2 is the button
Seat 1: Joshmaster2000 (1094 in chips) 
Seat 2: Mahu2021 (406 in chips) 
Mahu2021: posts small blind 10
Joshmaster2000: posts big blind 20
*** HOLE CARDS ***
Dealt to Mahu2021 [9d Ad]
Mahu2021: raises 20 to 40
Joshmaster2000: calls 20
*** FLOP *** [Jh 3d Kd]
Joshmaster2000: checks 
Mahu2021: bets 80
Joshmaster2000: folds 
Uncalled bet (80) returned to Mahu2021
Mahu2021 collected 80 from pot
Mahu2021: doesn't show hand 
*** SUMMARY ***
Total pot 80 | Rake 0 
Board [Jh 3d Kd]
Seat 1: Joshmaster2000 (big blind) folded on the Flop
Seat 2: Mahu2021 (button) (small blind) collected (80)



PokerStars Hand #249025255101: Tournament #3719636916, $1.84+$0.16 USD Hold'em No Limit - Level I (10/20) - 2024/02/22 14:23:35 CET [2024/02/22 8:23:35 ET]
Table '3719636916 1' 3-max Seat #1 is the button
Seat 1: Joshmaster2000 (1054 in chips) 
Seat 2: Mahu2021 (446 in chips) 
Joshmaster2000: posts small blind 10
Mahu2021: posts big blind 20
*** HOLE CARDS ***
Dealt to Mahu2021 [Qh Ks]
Joshmaster2000: raises 20 to 40
Mahu2021: calls 20
*** FLOP *** [2c 3h Ad]
Mahu2021: checks 
Joshmaster2000: bets 20
Mahu2021: folds 
Uncalled bet (20) returned to Joshmaster2000
Joshmaster2000 collected 80 from pot
*** SUMMARY ***
Total pot 80 | Rake 0 
Board [2c 3h Ad]
Seat 1: Joshmaster2000 (button) (small blind) collected (80)
Seat 2: Mahu2021 (big blind) folded on the Flop



PokerStars Hand #249025257227: Tournament #3719636916, $1.84+$0.16 USD Hold'em No Limit - Level I (10/20) - 2024/02/22 14:23:46 CET [2024/02/22 8:23:46 ET]
Table '3719636916 1' 3-max Seat #2 is the button
Seat 1: Joshmaster2000 (1094 in chips) 
Seat 2: Mahu2021 (406 in chips) 
Mahu2021: posts small blind 10
Joshmaster2000: posts big blind 20
*** HOLE CARDS ***
Dealt to Mahu2021 [Ah Qh]
Mahu2021: raises 40 to 60
Joshmaster2000: calls 40
*** FLOP *** [Ks 2s 9s]
Joshmaster2000: bets 68
Mahu2021: folds 
Uncalled bet (68) returned to Joshmaster2000
Joshmaster2000 collected 120 from pot
*** SUMMARY ***
Total pot 120 | Rake 0 
Board [Ks 2s 9s]
Seat 1: Joshmaster2000 (big blind) collected (120)
Seat 2: Mahu2021 (button) (small blind) folded on the Flop



PokerStars Hand #249025259445: Tournament #3719636916, $1.84+$0.16 USD Hold'em No Limit - Level I (10/20) - 2024/02/22 14:23:57 CET [2024/02/22 8:23:57 ET]
Table '3719636916 1' 3-max Seat #1 is the button
Seat 1: Joshmaster2000 (1154 in chips) 
Seat 2: Mahu2021 (346 in chips) 
Joshmaster2000: posts small blind 10
Mahu2021: posts big blind 20
*** HOLE CARDS ***
Dealt to Mahu2021 [4c Ac]
Joshmaster2000: calls 10
Mahu2021: raises 40 to 60
Joshmaster2000: calls 40
*** FLOP *** [Ts Qd 3s]
Mahu2021: checks 
Joshmaster2000: bets 40
Mahu2021: raises 246 to 286 and is all-in
Joshmaster2000: calls 246
*** TURN *** [Ts Qd 3s] [Js]
*** RIVER *** [Ts Qd 3s Js] [2d]
*** SHOW DOWN ***
Mahu2021: shows [4c Ac] (high card Ace)
Joshmaster2000: shows [Qc 9d] (a pair of Queens)
Joshmaster2000 collected 692 from pot
Mahu2021 finished the tournament in 2nd place
Joshmaster2000 wins the tournament and receives $6.00 - congratulations!
*** SUMMARY ***
Total pot 692 | Rake 0 
Board [Ts Qd 3s Js 2d]
Seat 1: Joshmaster2000 (button) (small blind) showed [Qc 9d] and won (692) with a pair of Queens
Seat 2: Mahu2021 (big blind) showed [4c Ac] and lost with high card Ace



