PokerStars Hand #248161498368: Tournament #3698360091, $1.84+$0.16 USD Hold'em No Limit - Level I (10/20) - 2024/01/09 12:42:26 CET [2024/01/09 6:42:26 ET]
Table '3698360091 1' 3-max Seat #1 is the button
Seat 1: Mahu2021 (500 in chips) 
Seat 2: Antans45 (500 in chips) 
Seat 3: m4express (500 in chips) 
Antans45: posts small blind 10
m4express: posts big blind 20
*** HOLE CARDS ***
Dealt to Mahu2021 [3c Qh]
Mahu2021: folds 
Antans45: raises 20 to 40
m4express: calls 20
*** FLOP *** [Jd Kc 4d]
Antans45: bets 20
m4express: folds 
Uncalled bet (20) returned to Antans45
Antans45 collected 80 from pot
*** SUMMARY ***
Total pot 80 | Rake 0 
Board [Jd Kc 4d]
Seat 1: Mahu2021 (button) folded before Flop (didn't bet)
Seat 2: Antans45 (small blind) collected (80)
Seat 3: m4express (big blind) folded on the Flop



PokerStars Hand #248161500137: Tournament #3698360091, $1.84+$0.16 USD Hold'em No Limit - Level I (10/20) - 2024/01/09 12:42:36 CET [2024/01/09 6:42:36 ET]
Table '3698360091 1' 3-max Seat #2 is the button
Seat 1: Mahu2021 (500 in chips) 
Seat 2: Antans45 (540 in chips) 
Seat 3: m4express (460 in chips) 
m4express: posts small blind 10
Mahu2021: posts big blind 20
*** HOLE CARDS ***
Dealt to Mahu2021 [Kd 5s]
Antans45: raises 20 to 40
m4express: raises 20 to 60
Mahu2021: folds 
Antans45: calls 20
*** FLOP *** [2h 9h Kc]
m4express: checks 
Antans45: checks 
*** TURN *** [2h 9h Kc] [Ks]
m4express: checks 
Antans45: checks 
*** RIVER *** [2h 9h Kc Ks] [3d]
m4express: bets 20
Antans45: calls 20
*** SHOW DOWN ***
m4express: shows [Qs Ah] (a pair of Kings)
Antans45: mucks hand 
m4express collected 180 from pot
*** SUMMARY ***
Total pot 180 | Rake 0 
Board [2h 9h Kc Ks 3d]
Seat 1: Mahu2021 (big blind) folded before Flop
Seat 2: Antans45 (button) mucked [Qh 5h]
Seat 3: m4express (small blind) showed [Qs Ah] and won (180) with a pair of Kings



PokerStars Hand #248161503216: Tournament #3698360091, $1.84+$0.16 USD Hold'em No Limit - Level I (10/20) - 2024/01/09 12:42:54 CET [2024/01/09 6:42:54 ET]
Table '3698360091 1' 3-max Seat #3 is the button
Seat 1: Mahu2021 (480 in chips) 
Seat 2: Antans45 (460 in chips) 
Seat 3: m4express (560 in chips) 
Mahu2021: posts small blind 10
Antans45: posts big blind 20
*** HOLE CARDS ***
Dealt to Mahu2021 [3c 5c]
m4express: raises 20 to 40
Mahu2021: calls 30
Antans45: calls 20
*** FLOP *** [2h 4d Qh]
Mahu2021: checks 
Antans45: bets 20
m4express: folds 
Mahu2021: calls 20
*** TURN *** [2h 4d Qh] [3h]
Mahu2021: checks 
Antans45: bets 20
Mahu2021: calls 20
*** RIVER *** [2h 4d Qh 3h] [8d]
Mahu2021: checks 
Antans45: checks 
*** SHOW DOWN ***
Mahu2021: shows [3c 5c] (a pair of Threes)
Antans45: shows [5s 6c] (a straight, Deuce to Six)
Antans45 collected 200 from pot
*** SUMMARY ***
Total pot 200 | Rake 0 
Board [2h 4d Qh 3h 8d]
Seat 1: Mahu2021 (small blind) showed [3c 5c] and lost with a pair of Threes
Seat 2: Antans45 (big blind) showed [5s 6c] and won (200) with a straight, Deuce to Six
Seat 3: m4express (button) folded on the Flop



PokerStars Hand #248161506431: Tournament #3698360091, $1.84+$0.16 USD Hold'em No Limit - Level I (10/20) - 2024/01/09 12:43:13 CET [2024/01/09 6:43:13 ET]
Table '3698360091 1' 3-max Seat #1 is the button
Seat 1: Mahu2021 (400 in chips) 
Seat 2: Antans45 (580 in chips) 
Seat 3: m4express (520 in chips) 
Antans45: posts small blind 10
m4express: posts big blind 20
*** HOLE CARDS ***
Dealt to Mahu2021 [7h 8s]
Mahu2021: calls 20
Antans45: raises 20 to 40
m4express: folds 
Mahu2021: calls 20
*** FLOP *** [Tc Jd 7c]
Antans45: bets 20
Mahu2021: calls 20
*** TURN *** [Tc Jd 7c] [5s]
Antans45: bets 20
Mahu2021: calls 20
*** RIVER *** [Tc Jd 7c 5s] [Jh]
Antans45: bets 20
Mahu2021: calls 20
*** SHOW DOWN ***
Antans45: shows [Kc Ac] (a pair of Jacks)
Mahu2021: shows [7h 8s] (two pair, Jacks and Sevens)
Mahu2021 collected 220 from pot
*** SUMMARY ***
Total pot 220 | Rake 0 
Board [Tc Jd 7c 5s Jh]
Seat 1: Mahu2021 (button) showed [7h 8s] and won (220) with two pair, Jacks and Sevens
Seat 2: Antans45 (small blind) showed [Kc Ac] and lost with a pair of Jacks
Seat 3: m4express (big blind) folded before Flop



PokerStars Hand #248161509577: Tournament #3698360091, $1.84+$0.16 USD Hold'em No Limit - Level I (10/20) - 2024/01/09 12:43:31 CET [2024/01/09 6:43:31 ET]
Table '3698360091 1' 3-max Seat #2 is the button
Seat 1: Mahu2021 (520 in chips) 
Seat 2: Antans45 (480 in chips) 
Seat 3: m4express (500 in chips) 
m4express: posts small blind 10
Mahu2021: posts big blind 20
*** HOLE CARDS ***
Dealt to Mahu2021 [6d 5c]
Antans45: folds 
m4express: raises 60 to 80
Mahu2021: calls 60
*** FLOP *** [2h 2s Jc]
m4express: bets 140
Mahu2021: folds 
Uncalled bet (140) returned to m4express
m4express collected 160 from pot
*** SUMMARY ***
Total pot 160 | Rake 0 
Board [2h 2s Jc]
Seat 1: Mahu2021 (big blind) folded on the Flop
Seat 2: Antans45 (button) folded before Flop (didn't bet)
Seat 3: m4express (small blind) collected (160)



PokerStars Hand #248161511978: Tournament #3698360091, $1.84+$0.16 USD Hold'em No Limit - Level I (10/20) - 2024/01/09 12:43:45 CET [2024/01/09 6:43:45 ET]
Table '3698360091 1' 3-max Seat #3 is the button
Seat 1: Mahu2021 (440 in chips) 
Seat 2: Antans45 (480 in chips) 
Seat 3: m4express (580 in chips) 
Mahu2021: posts small blind 10
Antans45: posts big blind 20
*** HOLE CARDS ***
Dealt to Mahu2021 [2c Tc]
m4express: raises 20 to 40
Mahu2021: folds 
Antans45: calls 20
*** FLOP *** [Td Ac Jc]
Antans45: bets 20
m4express: calls 20
*** TURN *** [Td Ac Jc] [Ad]
Antans45: bets 20
m4express: calls 20
*** RIVER *** [Td Ac Jc Ad] [9h]
Antans45: bets 20
m4express: calls 20
*** SHOW DOWN ***
Antans45: shows [7h Jd] (two pair, Aces and Jacks)
m4express: mucks hand 
Antans45 collected 210 from pot
*** SUMMARY ***
Total pot 210 | Rake 0 
Board [Td Ac Jc Ad 9h]
Seat 1: Mahu2021 (small blind) folded before Flop
Seat 2: Antans45 (big blind) showed [7h Jd] and won (210) with two pair, Aces and Jacks
Seat 3: m4express (button) mucked [3d Kd]



PokerStars Hand #248161515055: Tournament #3698360091, $1.84+$0.16 USD Hold'em No Limit - Level I (10/20) - 2024/01/09 12:44:03 CET [2024/01/09 6:44:03 ET]
Table '3698360091 1' 3-max Seat #1 is the button
Seat 1: Mahu2021 (430 in chips) 
Seat 2: Antans45 (590 in chips) 
Seat 3: m4express (480 in chips) 
Antans45: posts small blind 10
m4express: posts big blind 20
*** HOLE CARDS ***
Dealt to Mahu2021 [Jc 8s]
Mahu2021: calls 20
Antans45: folds 
m4express: checks 
*** FLOP *** [6d Ts 3s]
m4express: checks 
Mahu2021: checks 
*** TURN *** [6d Ts 3s] [6h]
m4express: checks 
Mahu2021: checks 
*** RIVER *** [6d Ts 3s 6h] [5d]
m4express: checks 
Mahu2021: bets 20
m4express: calls 20
*** SHOW DOWN ***
Mahu2021: shows [Jc 8s] (a pair of Sixes)
m4express: shows [5h 7s] (two pair, Sixes and Fives)
m4express collected 90 from pot
*** SUMMARY ***
Total pot 90 | Rake 0 
Board [6d Ts 3s 6h 5d]
Seat 1: Mahu2021 (button) showed [Jc 8s] and lost with a pair of Sixes
Seat 2: Antans45 (small blind) folded before Flop
Seat 3: m4express (big blind) showed [5h 7s] and won (90) with two pair, Sixes and Fives



PokerStars Hand #248161517725: Tournament #3698360091, $1.84+$0.16 USD Hold'em No Limit - Level I (10/20) - 2024/01/09 12:44:19 CET [2024/01/09 6:44:19 ET]
Table '3698360091 1' 3-max Seat #2 is the button
Seat 1: Mahu2021 (390 in chips) 
Seat 2: Antans45 (580 in chips) 
Seat 3: m4express (530 in chips) 
m4express: posts small blind 10
Mahu2021: posts big blind 20
*** HOLE CARDS ***
Dealt to Mahu2021 [2h 5h]
Antans45: calls 20
m4express: calls 10
Mahu2021: checks 
*** FLOP *** [6h 4s 2d]
m4express: checks 
Mahu2021: bets 20
Antans45: calls 20
m4express: folds 
*** TURN *** [6h 4s 2d] [Ts]
Mahu2021: bets 20
Antans45: calls 20
*** RIVER *** [6h 4s 2d Ts] [8h]
Mahu2021: checks 
Antans45: checks 
*** SHOW DOWN ***
Mahu2021: shows [2h 5h] (a pair of Deuces)
Antans45: mucks hand 
Mahu2021 collected 140 from pot
*** SUMMARY ***
Total pot 140 | Rake 0 
Board [6h 4s 2d Ts 8h]
Seat 1: Mahu2021 (big blind) showed [2h 5h] and won (140) with a pair of Deuces
Seat 2: Antans45 (button) mucked [Qc Jc]
Seat 3: m4express (small blind) folded on the Flop



PokerStars Hand #248161521581: Tournament #3698360091, $1.84+$0.16 USD Hold'em No Limit - Level I (10/20) - 2024/01/09 12:44:41 CET [2024/01/09 6:44:41 ET]
Table '3698360091 1' 3-max Seat #3 is the button
Seat 1: Mahu2021 (470 in chips) 
Seat 2: Antans45 (520 in chips) 
Seat 3: m4express (510 in chips) 
Mahu2021: posts small blind 10
Antans45: posts big blind 20
*** HOLE CARDS ***
Dealt to Mahu2021 [Jc 6h]
m4express: calls 20
Mahu2021: calls 10
Antans45: checks 
*** FLOP *** [6d Js 9c]
Mahu2021: checks 
Antans45: checks 
m4express: bets 40
Mahu2021: calls 40
Antans45: calls 40
*** TURN *** [6d Js 9c] [Ks]
Mahu2021: checks 
Antans45: bets 20
m4express: calls 20
Mahu2021: calls 20
*** RIVER *** [6d Js 9c Ks] [4h]
Mahu2021: checks 
Antans45: checks 
m4express: bets 60
Mahu2021: calls 60
Antans45: folds 
*** SHOW DOWN ***
m4express: shows [Th 9s] (a pair of Nines)
Mahu2021: shows [Jc 6h] (two pair, Jacks and Sixes)
Mahu2021 collected 360 from pot
*** SUMMARY ***
Total pot 360 | Rake 0 
Board [6d Js 9c Ks 4h]
Seat 1: Mahu2021 (small blind) showed [Jc 6h] and won (360) with two pair, Jacks and Sixes
Seat 2: Antans45 (big blind) folded on the River
Seat 3: m4express (button) showed [Th 9s] and lost with a pair of Nines



PokerStars Hand #248161526005: Tournament #3698360091, $1.84+$0.16 USD Hold'em No Limit - Level I (10/20) - 2024/01/09 12:45:08 CET [2024/01/09 6:45:08 ET]
Table '3698360091 1' 3-max Seat #1 is the button
Seat 1: Mahu2021 (690 in chips) 
Seat 2: Antans45 (440 in chips) 
Seat 3: m4express (370 in chips) 
Antans45: posts small blind 10
m4express: posts big blind 20
*** HOLE CARDS ***
Dealt to Mahu2021 [4s 9s]
Mahu2021: folds 
Antans45: calls 10
m4express: raises 20 to 40
Antans45: calls 20
*** FLOP *** [2h 7s Th]
Antans45: checks 
m4express: bets 40
Antans45: folds 
Uncalled bet (40) returned to m4express
m4express collected 80 from pot
*** SUMMARY ***
Total pot 80 | Rake 0 
Board [2h 7s Th]
Seat 1: Mahu2021 (button) folded before Flop (didn't bet)
Seat 2: Antans45 (small blind) folded on the Flop
Seat 3: m4express (big blind) collected (80)



PokerStars Hand #248161528252: Tournament #3698360091, $1.84+$0.16 USD Hold'em No Limit - Level I (10/20) - 2024/01/09 12:45:21 CET [2024/01/09 6:45:21 ET]
Table '3698360091 1' 3-max Seat #2 is the button
Seat 1: Mahu2021 (690 in chips) 
Seat 2: Antans45 (400 in chips) 
Seat 3: m4express (410 in chips) 
m4express: posts small blind 10
Mahu2021: posts big blind 20
*** HOLE CARDS ***
Dealt to Mahu2021 [Jc 9d]
Antans45: calls 20
m4express: calls 10
Mahu2021: checks 
*** FLOP *** [4h Ah Ks]
m4express: checks 
Mahu2021: checks 
Antans45: checks 
*** TURN *** [4h Ah Ks] [2h]
m4express: checks 
Mahu2021: checks 
Antans45: checks 
*** RIVER *** [4h Ah Ks 2h] [Jh]
m4express: checks 
Mahu2021: checks 
Antans45: checks 
*** SHOW DOWN ***
m4express: shows [5s Jd] (a pair of Jacks)
Mahu2021: shows [Jc 9d] (a pair of Jacks - Ace+King+Nine kicker)
Antans45: shows [7h 9s] (a flush, Ace high)
Antans45 collected 60 from pot
*** SUMMARY ***
Total pot 60 | Rake 0 
Board [4h Ah Ks 2h Jh]
Seat 1: Mahu2021 (big blind) showed [Jc 9d] and lost with a pair of Jacks
Seat 2: Antans45 (button) showed [7h 9s] and won (60) with a flush, Ace high
Seat 3: m4express (small blind) showed [5s Jd] and lost with a pair of Jacks



PokerStars Hand #248161531644: Tournament #3698360091, $1.84+$0.16 USD Hold'em No Limit - Level II (15/30) - 2024/01/09 12:45:40 CET [2024/01/09 6:45:40 ET]
Table '3698360091 1' 3-max Seat #3 is the button
Seat 1: Mahu2021 (670 in chips) 
Seat 2: Antans45 (440 in chips) 
Seat 3: m4express (390 in chips) 
Mahu2021: posts small blind 15
Antans45: posts big blind 30
*** HOLE CARDS ***
Dealt to Mahu2021 [Kd Jc]
m4express: folds 
Mahu2021: raises 30 to 60
Antans45: folds 
Uncalled bet (30) returned to Mahu2021
Mahu2021 collected 60 from pot
Mahu2021: doesn't show hand 
*** SUMMARY ***
Total pot 60 | Rake 0 
Seat 1: Mahu2021 (small blind) collected (60)
Seat 2: Antans45 (big blind) folded before Flop
Seat 3: m4express (button) folded before Flop (didn't bet)



PokerStars Hand #248161532935: Tournament #3698360091, $1.84+$0.16 USD Hold'em No Limit - Level II (15/30) - 2024/01/09 12:45:48 CET [2024/01/09 6:45:48 ET]
Table '3698360091 1' 3-max Seat #1 is the button
Seat 1: Mahu2021 (700 in chips) 
Seat 2: Antans45 (410 in chips) 
Seat 3: m4express (390 in chips) 
Antans45: posts small blind 15
m4express: posts big blind 30
*** HOLE CARDS ***
Dealt to Mahu2021 [9c Ks]
Mahu2021: raises 30 to 60
Antans45: calls 45
m4express: raises 30 to 90
Mahu2021: calls 30
Antans45: calls 30
*** FLOP *** [6s 7c Kd]
Antans45: bets 30
m4express: raises 90 to 120
Mahu2021: raises 490 to 610 and is all-in
Antans45: folds 
m4express: calls 180 and is all-in
Uncalled bet (310) returned to Mahu2021
*** TURN *** [6s 7c Kd] [7h]
*** RIVER *** [6s 7c Kd 7h] [3s]
*** SHOW DOWN ***
m4express: shows [Ad Ah] (two pair, Aces and Sevens)
Mahu2021: shows [9c Ks] (two pair, Kings and Sevens)
m4express collected 900 from pot
*** SUMMARY ***
Total pot 900 | Rake 0 
Board [6s 7c Kd 7h 3s]
Seat 1: Mahu2021 (button) showed [9c Ks] and lost with two pair, Kings and Sevens
Seat 2: Antans45 (small blind) folded on the Flop
Seat 3: m4express (big blind) showed [Ad Ah] and won (900) with two pair, Aces and Sevens



PokerStars Hand #248161537297: Tournament #3698360091, $1.84+$0.16 USD Hold'em No Limit - Level II (15/30) - 2024/01/09 12:46:13 CET [2024/01/09 6:46:13 ET]
Table '3698360091 1' 3-max Seat #2 is the button
Seat 1: Mahu2021 (310 in chips) 
Seat 2: Antans45 (290 in chips) 
Seat 3: m4express (900 in chips) 
m4express: posts small blind 15
Mahu2021: posts big blind 30
*** HOLE CARDS ***
Dealt to Mahu2021 [2d Qh]
Antans45: raises 30 to 60
m4express: calls 45
Mahu2021: folds 
*** FLOP *** [9h 4d Ac]
m4express: checks 
Antans45: bets 30
m4express: folds 
Uncalled bet (30) returned to Antans45
Antans45 collected 150 from pot
*** SUMMARY ***
Total pot 150 | Rake 0 
Board [9h 4d Ac]
Seat 1: Mahu2021 (big blind) folded before Flop
Seat 2: Antans45 (button) collected (150)
Seat 3: m4express (small blind) folded on the Flop



PokerStars Hand #248161539509: Tournament #3698360091, $1.84+$0.16 USD Hold'em No Limit - Level II (15/30) - 2024/01/09 12:46:26 CET [2024/01/09 6:46:26 ET]
Table '3698360091 1' 3-max Seat #3 is the button
Seat 1: Mahu2021 (280 in chips) 
Seat 2: Antans45 (380 in chips) 
Seat 3: m4express (840 in chips) 
Mahu2021: posts small blind 15
Antans45: posts big blind 30
*** HOLE CARDS ***
Dealt to Mahu2021 [8h 5s]
m4express: calls 30
Mahu2021: calls 15
Antans45: checks 
*** FLOP *** [Kd 9h Tc]
Mahu2021: checks 
Antans45: checks 
m4express: checks 
*** TURN *** [Kd 9h Tc] [6h]
Mahu2021: checks 
Antans45: checks 
m4express: checks 
*** RIVER *** [Kd 9h Tc 6h] [7d]
Mahu2021: bets 250 and is all-in
Antans45: folds 
m4express: folds 
Uncalled bet (250) returned to Mahu2021
Mahu2021 collected 90 from pot
Mahu2021: doesn't show hand 
*** SUMMARY ***
Total pot 90 | Rake 0 
Board [Kd 9h Tc 6h 7d]
Seat 1: Mahu2021 (small blind) collected (90)
Seat 2: Antans45 (big blind) folded on the River
Seat 3: m4express (button) folded on the River



PokerStars Hand #248161542669: Tournament #3698360091, $1.84+$0.16 USD Hold'em No Limit - Level II (15/30) - 2024/01/09 12:46:44 CET [2024/01/09 6:46:44 ET]
Table '3698360091 1' 3-max Seat #1 is the button
Seat 1: Mahu2021 (340 in chips) 
Seat 2: Antans45 (350 in chips) 
Seat 3: m4express (810 in chips) 
Antans45: posts small blind 15
m4express: posts big blind 30
*** HOLE CARDS ***
Dealt to Mahu2021 [3h Jh]
Mahu2021: calls 30
Antans45: calls 15
m4express: checks 
*** FLOP *** [8s 7h Ks]
Antans45: checks 
m4express: checks 
Mahu2021: checks 
*** TURN *** [8s 7h Ks] [Qd]
Antans45: checks 
m4express: checks 
Mahu2021: checks 
*** RIVER *** [8s 7h Ks Qd] [4d]
Antans45: checks 
m4express: checks 
Mahu2021: checks 
*** SHOW DOWN ***
Antans45: shows [Ad 7s] (a pair of Sevens)
m4express: mucks hand 
Mahu2021: mucks hand 
Antans45 collected 90 from pot
*** SUMMARY ***
Total pot 90 | Rake 0 
Board [8s 7h Ks Qd 4d]
Seat 1: Mahu2021 (button) mucked [3h Jh]
Seat 2: Antans45 (small blind) showed [Ad 7s] and won (90) with a pair of Sevens
Seat 3: m4express (big blind) mucked [6h 2s]



PokerStars Hand #248161545910: Tournament #3698360091, $1.84+$0.16 USD Hold'em No Limit - Level II (15/30) - 2024/01/09 12:47:02 CET [2024/01/09 6:47:02 ET]
Table '3698360091 1' 3-max Seat #2 is the button
Seat 1: Mahu2021 (310 in chips) 
Seat 2: Antans45 (410 in chips) 
Seat 3: m4express (780 in chips) 
m4express: posts small blind 15
Mahu2021: posts big blind 30
*** HOLE CARDS ***
Dealt to Mahu2021 [Kd 7c]
Antans45: folds 
m4express: calls 15
Mahu2021: checks 
*** FLOP *** [2h Kh 8s]
m4express: checks 
Mahu2021: bets 30
m4express: folds 
Uncalled bet (30) returned to Mahu2021
Mahu2021 collected 60 from pot
Mahu2021: doesn't show hand 
*** SUMMARY ***
Total pot 60 | Rake 0 
Board [2h Kh 8s]
Seat 1: Mahu2021 (big blind) collected (60)
Seat 2: Antans45 (button) folded before Flop (didn't bet)
Seat 3: m4express (small blind) folded on the Flop



PokerStars Hand #248161548198: Tournament #3698360091, $1.84+$0.16 USD Hold'em No Limit - Level II (15/30) - 2024/01/09 12:47:16 CET [2024/01/09 6:47:16 ET]
Table '3698360091 1' 3-max Seat #3 is the button
Seat 1: Mahu2021 (340 in chips) 
Seat 2: Antans45 (410 in chips) 
Seat 3: m4express (750 in chips) 
Mahu2021: posts small blind 15
Antans45: posts big blind 30
*** HOLE CARDS ***
Dealt to Mahu2021 [9c As]
m4express: raises 30 to 60
Mahu2021: calls 45
Antans45: folds 
*** FLOP *** [6h Jd 3c]
Mahu2021: checks 
m4express: bets 90
Mahu2021: folds 
Uncalled bet (90) returned to m4express
m4express collected 150 from pot
*** SUMMARY ***
Total pot 150 | Rake 0 
Board [6h Jd 3c]
Seat 1: Mahu2021 (small blind) folded on the Flop
Seat 2: Antans45 (big blind) folded before Flop
Seat 3: m4express (button) collected (150)



PokerStars Hand #248161550436: Tournament #3698360091, $1.84+$0.16 USD Hold'em No Limit - Level II (15/30) - 2024/01/09 12:47:28 CET [2024/01/09 6:47:28 ET]
Table '3698360091 1' 3-max Seat #1 is the button
Seat 1: Mahu2021 (280 in chips) 
Seat 2: Antans45 (380 in chips) 
Seat 3: m4express (840 in chips) 
Antans45: posts small blind 15
m4express: posts big blind 30
*** HOLE CARDS ***
Dealt to Mahu2021 [4h Ah]
Mahu2021: raises 30 to 60
Antans45: calls 45
m4express: folds 
*** FLOP *** [Tc 3d 5c]
Antans45: bets 30
Mahu2021: calls 30
*** TURN *** [Tc 3d 5c] [5s]
Antans45: bets 30
Mahu2021: calls 30
*** RIVER *** [Tc 3d 5c 5s] [Ac]
Antans45: checks 
Mahu2021: bets 160 and is all-in
Antans45: folds 
Uncalled bet (160) returned to Mahu2021
Mahu2021 collected 270 from pot
Mahu2021: doesn't show hand 
*** SUMMARY ***
Total pot 270 | Rake 0 
Board [Tc 3d 5c 5s Ac]
Seat 1: Mahu2021 (button) collected (270)
Seat 2: Antans45 (small blind) folded on the River
Seat 3: m4express (big blind) folded before Flop



PokerStars Hand #248161553790: Tournament #3698360091, $1.84+$0.16 USD Hold'em No Limit - Level II (15/30) - 2024/01/09 12:47:47 CET [2024/01/09 6:47:47 ET]
Table '3698360091 1' 3-max Seat #2 is the button
Seat 1: Mahu2021 (430 in chips) 
Seat 2: Antans45 (260 in chips) 
Seat 3: m4express (810 in chips) 
m4express: posts small blind 15
Mahu2021: posts big blind 30
*** HOLE CARDS ***
Dealt to Mahu2021 [7d Ks]
Antans45: raises 30 to 60
m4express: folds 
Mahu2021: calls 30
*** FLOP *** [Jd 8d Tc]
Mahu2021: checks 
Antans45: bets 30
Mahu2021: calls 30
*** TURN *** [Jd 8d Tc] [2s]
Mahu2021: checks 
Antans45: bets 170 and is all-in
Mahu2021: folds 
Uncalled bet (170) returned to Antans45
Antans45 collected 195 from pot
*** SUMMARY ***
Total pot 195 | Rake 0 
Board [Jd 8d Tc 2s]
Seat 1: Mahu2021 (big blind) folded on the Turn
Seat 2: Antans45 (button) collected (195)
Seat 3: m4express (small blind) folded before Flop



PokerStars Hand #248161556642: Tournament #3698360091, $1.84+$0.16 USD Hold'em No Limit - Level II (15/30) - 2024/01/09 12:48:04 CET [2024/01/09 6:48:04 ET]
Table '3698360091 1' 3-max Seat #3 is the button
Seat 1: Mahu2021 (340 in chips) 
Seat 2: Antans45 (365 in chips) 
Seat 3: m4express (795 in chips) 
Mahu2021: posts small blind 15
Antans45: posts big blind 30
*** HOLE CARDS ***
Dealt to Mahu2021 [6c Kc]
m4express: raises 30 to 60
Mahu2021: calls 45
Antans45: calls 30
*** FLOP *** [As 8d Jh]
Mahu2021: checks 
Antans45: checks 
m4express: bets 60
Mahu2021: folds 
Antans45: folds 
Uncalled bet (60) returned to m4express
m4express collected 180 from pot
*** SUMMARY ***
Total pot 180 | Rake 0 
Board [As 8d Jh]
Seat 1: Mahu2021 (small blind) folded on the Flop
Seat 2: Antans45 (big blind) folded on the Flop
Seat 3: m4express (button) collected (180)



PokerStars Hand #248161559094: Tournament #3698360091, $1.84+$0.16 USD Hold'em No Limit - Level II (15/30) - 2024/01/09 12:48:17 CET [2024/01/09 6:48:17 ET]
Table '3698360091 1' 3-max Seat #1 is the button
Seat 1: Mahu2021 (280 in chips) 
Seat 2: Antans45 (305 in chips) 
Seat 3: m4express (915 in chips) 
Antans45: posts small blind 15
m4express: posts big blind 30
*** HOLE CARDS ***
Dealt to Mahu2021 [2h 2s]
Mahu2021: raises 250 to 280 and is all-in
Antans45: folds 
m4express: calls 250
*** FLOP *** [5c 7d Kd]
*** TURN *** [5c 7d Kd] [2c]
*** RIVER *** [5c 7d Kd 2c] [Ah]
*** SHOW DOWN ***
m4express: shows [Ad 5d] (two pair, Aces and Fives)
Mahu2021: shows [2h 2s] (three of a kind, Deuces)
Mahu2021 collected 575 from pot
*** SUMMARY ***
Total pot 575 | Rake 0 
Board [5c 7d Kd 2c Ah]
Seat 1: Mahu2021 (button) showed [2h 2s] and won (575) with three of a kind, Deuces
Seat 2: Antans45 (small blind) folded before Flop
Seat 3: m4express (big blind) showed [Ad 5d] and lost with two pair, Aces and Fives



PokerStars Hand #248161562071: Tournament #3698360091, $1.84+$0.16 USD Hold'em No Limit - Level III (20/40) - 2024/01/09 12:48:34 CET [2024/01/09 6:48:34 ET]
Table '3698360091 1' 3-max Seat #2 is the button
Seat 1: Mahu2021 (575 in chips) 
Seat 2: Antans45 (290 in chips) 
Seat 3: m4express (635 in chips) 
m4express: posts small blind 20
Mahu2021: posts big blind 40
*** HOLE CARDS ***
Dealt to Mahu2021 [As Js]
Antans45: folds 
m4express: raises 40 to 80
Mahu2021: raises 120 to 200
m4express: raises 120 to 320
Mahu2021: raises 255 to 575 and is all-in
m4express: calls 255
*** FLOP *** [3c 7c 3s]
*** TURN *** [3c 7c 3s] [3d]
*** RIVER *** [3c 7c 3s 3d] [Kc]
*** SHOW DOWN ***
m4express: shows [4s Ac] (three of a kind, Threes)
Mahu2021: shows [As Js] (three of a kind, Threes)
m4express collected 575 from pot
Mahu2021 collected 575 from pot
*** SUMMARY ***
Total pot 1150 | Rake 0 
Board [3c 7c 3s 3d Kc]
Seat 1: Mahu2021 (big blind) showed [As Js] and won (575) with three of a kind, Threes
Seat 2: Antans45 (button) folded before Flop (didn't bet)
Seat 3: m4express (small blind) showed [4s Ac] and won (575) with three of a kind, Threes



PokerStars Hand #248161564990: Tournament #3698360091, $1.84+$0.16 USD Hold'em No Limit - Level III (20/40) - 2024/01/09 12:48:51 CET [2024/01/09 6:48:51 ET]
Table '3698360091 1' 3-max Seat #3 is the button
Seat 1: Mahu2021 (575 in chips) 
Seat 2: Antans45 (290 in chips) 
Seat 3: m4express (635 in chips) 
Mahu2021: posts small blind 20
Antans45: posts big blind 40
*** HOLE CARDS ***
Dealt to Mahu2021 [2c 2h]
m4express: raises 40 to 80
Mahu2021: folds 
Antans45: calls 40
*** FLOP *** [9c Qs Ah]
Antans45: checks 
m4express: bets 80
Antans45: folds 
Uncalled bet (80) returned to m4express
m4express collected 180 from pot
*** SUMMARY ***
Total pot 180 | Rake 0 
Board [9c Qs Ah]
Seat 1: Mahu2021 (small blind) folded before Flop
Seat 2: Antans45 (big blind) folded on the Flop
Seat 3: m4express (button) collected (180)



PokerStars Hand #248161567246: Tournament #3698360091, $1.84+$0.16 USD Hold'em No Limit - Level III (20/40) - 2024/01/09 12:49:04 CET [2024/01/09 6:49:04 ET]
Table '3698360091 1' 3-max Seat #1 is the button
Seat 1: Mahu2021 (555 in chips) 
Seat 2: Antans45 (210 in chips) 
Seat 3: m4express (735 in chips) 
Antans45: posts small blind 20
m4express: posts big blind 40
*** HOLE CARDS ***
Dealt to Mahu2021 [Th Qd]
Mahu2021: raises 40 to 80
Antans45: raises 130 to 210 and is all-in
m4express: raises 130 to 340
Mahu2021: folds 
Uncalled bet (130) returned to m4express
*** FLOP *** [6c Td 9s]
*** TURN *** [6c Td 9s] [5s]
*** RIVER *** [6c Td 9s 5s] [Ac]
*** SHOW DOWN ***
Antans45: shows [7h 7d] (a pair of Sevens)
m4express: shows [Qs Qc] (a pair of Queens)
m4express collected 500 from pot
Antans45 finished the tournament in 3rd place
*** SUMMARY ***
Total pot 500 | Rake 0 
Board [6c Td 9s 5s Ac]
Seat 1: Mahu2021 (button) folded before Flop
Seat 2: Antans45 (small blind) showed [7h 7d] and lost with a pair of Sevens
Seat 3: m4express (big blind) showed [Qs Qc] and won (500) with a pair of Queens



PokerStars Hand #248161571127: Tournament #3698360091, $1.84+$0.16 USD Hold'em No Limit - Level III (20/40) - 2024/01/09 12:49:26 CET [2024/01/09 6:49:26 ET]
Table '3698360091 1' 3-max Seat #3 is the button
Seat 1: Mahu2021 (475 in chips) 
Seat 3: m4express (1025 in chips) 
m4express: posts small blind 20
Mahu2021: posts big blind 40
*** HOLE CARDS ***
Dealt to Mahu2021 [8d Qh]
m4express: raises 40 to 80
Mahu2021: calls 40
*** FLOP *** [5h 9h Kc]
Mahu2021: checks 
m4express: bets 80
Mahu2021: folds 
Uncalled bet (80) returned to m4express
m4express collected 160 from pot
*** SUMMARY ***
Total pot 160 | Rake 0 
Board [5h 9h Kc]
Seat 1: Mahu2021 (big blind) folded on the Flop
Seat 3: m4express (button) (small blind) collected (160)



PokerStars Hand #248161573007: Tournament #3698360091, $1.84+$0.16 USD Hold'em No Limit - Level III (20/40) - 2024/01/09 12:49:37 CET [2024/01/09 6:49:37 ET]
Table '3698360091 1' 3-max Seat #1 is the button
Seat 1: Mahu2021 (395 in chips) 
Seat 3: m4express (1105 in chips) 
Mahu2021: posts small blind 20
m4express: posts big blind 40
*** HOLE CARDS ***
Dealt to Mahu2021 [4d Ks]
Mahu2021: folds 
Uncalled bet (20) returned to m4express
m4express collected 40 from pot
*** SUMMARY ***
Total pot 40 | Rake 0 
Seat 1: Mahu2021 (button) (small blind) folded before Flop
Seat 3: m4express (big blind) collected (40)



PokerStars Hand #248161573784: Tournament #3698360091, $1.84+$0.16 USD Hold'em No Limit - Level III (20/40) - 2024/01/09 12:49:41 CET [2024/01/09 6:49:41 ET]
Table '3698360091 1' 3-max Seat #3 is the button
Seat 1: Mahu2021 (375 in chips) 
Seat 3: m4express (1125 in chips) 
m4express: posts small blind 20
Mahu2021: posts big blind 40
*** HOLE CARDS ***
Dealt to Mahu2021 [Jd 3h]
m4express: raises 40 to 80
Mahu2021: folds 
Uncalled bet (40) returned to m4express
m4express collected 80 from pot
*** SUMMARY ***
Total pot 80 | Rake 0 
Seat 1: Mahu2021 (big blind) folded before Flop
Seat 3: m4express (button) (small blind) collected (80)



PokerStars Hand #248161574878: Tournament #3698360091, $1.84+$0.16 USD Hold'em No Limit - Level III (20/40) - 2024/01/09 12:49:47 CET [2024/01/09 6:49:47 ET]
Table '3698360091 1' 3-max Seat #1 is the button
Seat 1: Mahu2021 (335 in chips) 
Seat 3: m4express (1165 in chips) 
Mahu2021: posts small blind 20
m4express: posts big blind 40
*** HOLE CARDS ***
Dealt to Mahu2021 [4s 7s]
Mahu2021: raises 40 to 80
m4express: folds 
Uncalled bet (40) returned to Mahu2021
Mahu2021 collected 80 from pot
Mahu2021: doesn't show hand 
*** SUMMARY ***
Total pot 80 | Rake 0 
Seat 1: Mahu2021 (button) (small blind) collected (80)
Seat 3: m4express (big blind) folded before Flop



PokerStars Hand #248161576399: Tournament #3698360091, $1.84+$0.16 USD Hold'em No Limit - Level III (20/40) - 2024/01/09 12:49:56 CET [2024/01/09 6:49:56 ET]
Table '3698360091 1' 3-max Seat #3 is the button
Seat 1: Mahu2021 (375 in chips) 
Seat 3: m4express (1125 in chips) 
m4express: posts small blind 20
Mahu2021: posts big blind 40
*** HOLE CARDS ***
Dealt to Mahu2021 [8s Js]
m4express: calls 20
Mahu2021: checks 
*** FLOP *** [6h 2s Jc]
Mahu2021: bets 40
m4express: folds 
Uncalled bet (40) returned to Mahu2021
Mahu2021 collected 80 from pot
Mahu2021: doesn't show hand 
*** SUMMARY ***
Total pot 80 | Rake 0 
Board [6h 2s Jc]
Seat 1: Mahu2021 (big blind) collected (80)
Seat 3: m4express (button) (small blind) folded on the Flop



PokerStars Hand #248161578011: Tournament #3698360091, $1.84+$0.16 USD Hold'em No Limit - Level III (20/40) - 2024/01/09 12:50:05 CET [2024/01/09 6:50:05 ET]
Table '3698360091 1' 3-max Seat #1 is the button
Seat 1: Mahu2021 (415 in chips) 
Seat 3: m4express (1085 in chips) 
Mahu2021: posts small blind 20
m4express: posts big blind 40
*** HOLE CARDS ***
Dealt to Mahu2021 [7c 6d]
Mahu2021: calls 20
m4express: checks 
*** FLOP *** [Kh 4c As]
m4express: checks 
Mahu2021: bets 40
m4express: folds 
Uncalled bet (40) returned to Mahu2021
Mahu2021 collected 80 from pot
Mahu2021: doesn't show hand 
*** SUMMARY ***
Total pot 80 | Rake 0 
Board [Kh 4c As]
Seat 1: Mahu2021 (button) (small blind) collected (80)
Seat 3: m4express (big blind) folded on the Flop



PokerStars Hand #248161579948: Tournament #3698360091, $1.84+$0.16 USD Hold'em No Limit - Level III (20/40) - 2024/01/09 12:50:16 CET [2024/01/09 6:50:16 ET]
Table '3698360091 1' 3-max Seat #3 is the button
Seat 1: Mahu2021 (455 in chips) 
Seat 3: m4express (1045 in chips) 
m4express: posts small blind 20
Mahu2021: posts big blind 40
*** HOLE CARDS ***
Dealt to Mahu2021 [Qs 2h]
m4express: raises 40 to 80
Mahu2021: folds 
Uncalled bet (40) returned to m4express
m4express collected 80 from pot
*** SUMMARY ***
Total pot 80 | Rake 0 
Seat 1: Mahu2021 (big blind) folded before Flop
Seat 3: m4express (button) (small blind) collected (80)



PokerStars Hand #248161580972: Tournament #3698360091, $1.84+$0.16 USD Hold'em No Limit - Level III (20/40) - 2024/01/09 12:50:22 CET [2024/01/09 6:50:22 ET]
Table '3698360091 1' 3-max Seat #1 is the button
Seat 1: Mahu2021 (415 in chips) 
Seat 3: m4express (1085 in chips) 
Mahu2021: posts small blind 20
m4express: posts big blind 40
*** HOLE CARDS ***
Dealt to Mahu2021 [3d Ad]
Mahu2021: raises 40 to 80
m4express: calls 40
*** FLOP *** [4c Ts 3c]
m4express: checks 
Mahu2021: bets 80
m4express: folds 
Uncalled bet (80) returned to Mahu2021
Mahu2021 collected 160 from pot
Mahu2021: doesn't show hand 
*** SUMMARY ***
Total pot 160 | Rake 0 
Board [4c Ts 3c]
Seat 1: Mahu2021 (button) (small blind) collected (160)
Seat 3: m4express (big blind) folded on the Flop



PokerStars Hand #248161582835: Tournament #3698360091, $1.84+$0.16 USD Hold'em No Limit - Level III (20/40) - 2024/01/09 12:50:33 CET [2024/01/09 6:50:33 ET]
Table '3698360091 1' 3-max Seat #3 is the button
Seat 1: Mahu2021 (495 in chips) 
Seat 3: m4express (1005 in chips) 
m4express: posts small blind 20
Mahu2021: posts big blind 40
*** HOLE CARDS ***
Dealt to Mahu2021 [6h 4s]
m4express: raises 40 to 80
Mahu2021: calls 40
*** FLOP *** [3c Td 4d]
Mahu2021: checks 
m4express: bets 40
Mahu2021: calls 40
*** TURN *** [3c Td 4d] [Js]
Mahu2021: checks 
m4express: bets 40
Mahu2021: calls 40
*** RIVER *** [3c Td 4d Js] [Tc]
Mahu2021: checks 
m4express: bets 80
Mahu2021: calls 80
*** SHOW DOWN ***
m4express: shows [3d 3s] (a full house, Threes full of Tens)
Mahu2021: mucks hand 
m4express collected 480 from pot
*** SUMMARY ***
Total pot 480 | Rake 0 
Board [3c Td 4d Js Tc]
Seat 1: Mahu2021 (big blind) mucked [6h 4s]
Seat 3: m4express (button) (small blind) showed [3d 3s] and won (480) with a full house, Threes full of Tens



PokerStars Hand #248161586045: Tournament #3698360091, $1.84+$0.16 USD Hold'em No Limit - Level III (20/40) - 2024/01/09 12:50:51 CET [2024/01/09 6:50:51 ET]
Table '3698360091 1' 3-max Seat #1 is the button
Seat 1: Mahu2021 (255 in chips) 
Seat 3: m4express (1245 in chips) 
Mahu2021: posts small blind 20
m4express: posts big blind 40
*** HOLE CARDS ***
Dealt to Mahu2021 [Tc 3h]
Mahu2021: folds 
Uncalled bet (20) returned to m4express
m4express collected 40 from pot
*** SUMMARY ***
Total pot 40 | Rake 0 
Seat 1: Mahu2021 (button) (small blind) folded before Flop
Seat 3: m4express (big blind) collected (40)



PokerStars Hand #248161586846: Tournament #3698360091, $1.84+$0.16 USD Hold'em No Limit - Level III (20/40) - 2024/01/09 12:50:55 CET [2024/01/09 6:50:55 ET]
Table '3698360091 1' 3-max Seat #3 is the button
Seat 1: Mahu2021 (235 in chips) 
Seat 3: m4express (1265 in chips) 
m4express: posts small blind 20
Mahu2021: posts big blind 40
*** HOLE CARDS ***
Dealt to Mahu2021 [2d Qh]
m4express: raises 40 to 80
Mahu2021: folds 
Uncalled bet (40) returned to m4express
m4express collected 80 from pot
*** SUMMARY ***
Total pot 80 | Rake 0 
Seat 1: Mahu2021 (big blind) folded before Flop
Seat 3: m4express (button) (small blind) collected (80)



PokerStars Hand #248161587868: Tournament #3698360091, $1.84+$0.16 USD Hold'em No Limit - Level III (20/40) - 2024/01/09 12:51:01 CET [2024/01/09 6:51:01 ET]
Table '3698360091 1' 3-max Seat #1 is the button
Seat 1: Mahu2021 (195 in chips) 
Seat 3: m4express (1305 in chips) 
Mahu2021: posts small blind 20
m4express: posts big blind 40
*** HOLE CARDS ***
Dealt to Mahu2021 [9s Ah]
Mahu2021: raises 155 to 195 and is all-in
m4express: calls 155
*** FLOP *** [As Kc 3d]
*** TURN *** [As Kc 3d] [8h]
*** RIVER *** [As Kc 3d 8h] [3h]
*** SHOW DOWN ***
m4express: shows [Th Qh] (a pair of Threes)
Mahu2021: shows [9s Ah] (two pair, Aces and Threes)
Mahu2021 collected 390 from pot
*** SUMMARY ***
Total pot 390 | Rake 0 
Board [As Kc 3d 8h 3h]
Seat 1: Mahu2021 (button) (small blind) showed [9s Ah] and won (390) with two pair, Aces and Threes
Seat 3: m4express (big blind) showed [Th Qh] and lost with a pair of Threes



PokerStars Hand #248161589994: Tournament #3698360091, $1.84+$0.16 USD Hold'em No Limit - Level III (20/40) - 2024/01/09 12:51:14 CET [2024/01/09 6:51:14 ET]
Table '3698360091 1' 3-max Seat #3 is the button
Seat 1: Mahu2021 (390 in chips) 
Seat 3: m4express (1110 in chips) 
m4express: posts small blind 20
Mahu2021: posts big blind 40
*** HOLE CARDS ***
Dealt to Mahu2021 [8s 3d]
m4express: raises 40 to 80
Mahu2021: folds 
Uncalled bet (40) returned to m4express
m4express collected 80 from pot
*** SUMMARY ***
Total pot 80 | Rake 0 
Seat 1: Mahu2021 (big blind) folded before Flop
Seat 3: m4express (button) (small blind) collected (80)



PokerStars Hand #248161590881: Tournament #3698360091, $1.84+$0.16 USD Hold'em No Limit - Level III (20/40) - 2024/01/09 12:51:19 CET [2024/01/09 6:51:19 ET]
Table '3698360091 1' 3-max Seat #1 is the button
Seat 1: Mahu2021 (350 in chips) 
Seat 3: m4express (1150 in chips) 
Mahu2021: posts small blind 20
m4express: posts big blind 40
*** HOLE CARDS ***
Dealt to Mahu2021 [Kd 9c]
Mahu2021: raises 310 to 350 and is all-in
m4express: calls 310
*** FLOP *** [Kh Tc Kc]
*** TURN *** [Kh Tc Kc] [3s]
*** RIVER *** [Kh Tc Kc 3s] [9d]
*** SHOW DOWN ***
m4express: shows [2d 2h] (two pair, Kings and Deuces)
Mahu2021: shows [Kd 9c] (a full house, Kings full of Nines)
Mahu2021 collected 700 from pot
*** SUMMARY ***
Total pot 700 | Rake 0 
Board [Kh Tc Kc 3s 9d]
Seat 1: Mahu2021 (button) (small blind) showed [Kd 9c] and won (700) with a full house, Kings full of Nines
Seat 3: m4express (big blind) showed [2d 2h] and lost with two pair, Kings and Deuces



PokerStars Hand #248161594324: Tournament #3698360091, $1.84+$0.16 USD Hold'em No Limit - Level IV (30/60) - 2024/01/09 12:51:38 CET [2024/01/09 6:51:38 ET]
Table '3698360091 1' 3-max Seat #3 is the button
Seat 1: Mahu2021 (700 in chips) 
Seat 3: m4express (800 in chips) 
m4express: posts small blind 30
Mahu2021: posts big blind 60
*** HOLE CARDS ***
Dealt to Mahu2021 [6d Ks]
m4express: folds 
Uncalled bet (30) returned to Mahu2021
Mahu2021 collected 60 from pot
Mahu2021: doesn't show hand 
*** SUMMARY ***
Total pot 60 | Rake 0 
Seat 1: Mahu2021 (big blind) collected (60)
Seat 3: m4express (button) (small blind) folded before Flop



PokerStars Hand #248161595285: Tournament #3698360091, $1.84+$0.16 USD Hold'em No Limit - Level IV (30/60) - 2024/01/09 12:51:43 CET [2024/01/09 6:51:43 ET]
Table '3698360091 1' 3-max Seat #1 is the button
Seat 1: Mahu2021 (730 in chips) 
Seat 3: m4express (770 in chips) 
Mahu2021: posts small blind 30
m4express: posts big blind 60
*** HOLE CARDS ***
Dealt to Mahu2021 [Qh 2c]
Mahu2021: calls 30
m4express: checks 
*** FLOP *** [Qs 3c Ts]
m4express: bets 710 and is all-in
Mahu2021: calls 670 and is all-in
Uncalled bet (40) returned to m4express
*** TURN *** [Qs 3c Ts] [Ac]
*** RIVER *** [Qs 3c Ts Ac] [9d]
*** SHOW DOWN ***
m4express: shows [7s 3s] (a pair of Threes)
Mahu2021: shows [Qh 2c] (a pair of Queens)
Mahu2021 collected 1460 from pot
*** SUMMARY ***
Total pot 1460 | Rake 0 
Board [Qs 3c Ts Ac 9d]
Seat 1: Mahu2021 (button) (small blind) showed [Qh 2c] and won (1460) with a pair of Queens
Seat 3: m4express (big blind) showed [7s 3s] and lost with a pair of Threes



PokerStars Hand #248161597999: Tournament #3698360091, $1.84+$0.16 USD Hold'em No Limit - Level IV (30/60) - 2024/01/09 12:51:58 CET [2024/01/09 6:51:58 ET]
Table '3698360091 1' 3-max Seat #3 is the button
Seat 1: Mahu2021 (1460 in chips) 
Seat 3: m4express (40 in chips) 
m4express: posts small blind 30
Mahu2021: posts big blind 60
*** HOLE CARDS ***
Dealt to Mahu2021 [Ac 6h]
m4express: calls 10 and is all-in
Uncalled bet (20) returned to Mahu2021
*** FLOP *** [8h 6d 7c]
*** TURN *** [8h 6d 7c] [8d]
*** RIVER *** [8h 6d 7c 8d] [Th]
*** SHOW DOWN ***
Mahu2021: shows [Ac 6h] (two pair, Eights and Sixes)
m4express: shows [4h 9d] (a straight, Six to Ten)
m4express collected 80 from pot
*** SUMMARY ***
Total pot 80 | Rake 0 
Board [8h 6d 7c 8d Th]
Seat 1: Mahu2021 (big blind) showed [Ac 6h] and lost with two pair, Eights and Sixes
Seat 3: m4express (button) (small blind) showed [4h 9d] and won (80) with a straight, Six to Ten



PokerStars Hand #248161599863: Tournament #3698360091, $1.84+$0.16 USD Hold'em No Limit - Level IV (30/60) - 2024/01/09 12:52:09 CET [2024/01/09 6:52:09 ET]
Table '3698360091 1' 3-max Seat #1 is the button
Seat 1: Mahu2021 (1420 in chips) 
Seat 3: m4express (80 in chips) 
Mahu2021: posts small blind 30
m4express: posts big blind 60
*** HOLE CARDS ***
Dealt to Mahu2021 [5c Kc]
Mahu2021: raises 60 to 120
m4express: calls 20 and is all-in
Uncalled bet (40) returned to Mahu2021
*** FLOP *** [Ad 9c Qs]
*** TURN *** [Ad 9c Qs] [3s]
*** RIVER *** [Ad 9c Qs 3s] [2c]
*** SHOW DOWN ***
m4express: shows [8d 4h] (high card Ace)
Mahu2021: shows [5c Kc] (high card Ace - King kicker)
Mahu2021 collected 160 from pot
m4express finished the tournament in 2nd place
Mahu2021 wins the tournament and receives $6.00 - congratulations!
*** SUMMARY ***
Total pot 160 | Rake 0 
Board [Ad 9c Qs 3s 2c]
Seat 1: Mahu2021 (button) (small blind) showed [5c Kc] and won (160) with high card Ace
Seat 3: m4express (big blind) showed [8d 4h] and lost with high card Ace



