PokerStars Hand #242916267467: Tournament #3572951573, $0.92+$0.08 USD Hold'em No Limit - Level I (10/20) - 2023/04/06 10:11:02 CET [2023/04/06 4:11:02 ET]
Table '3572951573 1' 3-max Seat #1 is the button
Seat 1: Liamiras (500 in chips) 
Seat 2: doubych (500 in chips) 
Seat 3: Mahu2021 (500 in chips) 
doubych: posts small blind 10
Mahu2021: posts big blind 20
*** HOLE CARDS ***
Dealt to Mahu2021 [7s Kh]
Liamiras: folds 
doubych: calls 10
Mahu2021: checks 
*** FLOP *** [5h 7c 2d]
doubych: checks 
Mahu2021: bets 40
doubych: folds 
Uncalled bet (40) returned to Mahu2021
Mahu2021 collected 40 from pot
Mahu2021: doesn't show hand 
*** SUMMARY ***
Total pot 40 | Rake 0 
Board [5h 7c 2d]
Seat 1: Liamiras (button) folded before Flop (didn't bet)
Seat 2: doubych (small blind) folded on the Flop
Seat 3: Mahu2021 (big blind) collected (40)



PokerStars Hand #242916270242: Tournament #3572951573, $0.92+$0.08 USD Hold'em No Limit - Level I (10/20) - 2023/04/06 10:11:25 CET [2023/04/06 4:11:25 ET]
Table '3572951573 1' 3-max Seat #2 is the button
Seat 1: Liamiras (500 in chips) 
Seat 2: doubych (480 in chips) 
Seat 3: Mahu2021 (520 in chips) 
Mahu2021: posts small blind 10
Liamiras: posts big blind 20
*** HOLE CARDS ***
Dealt to Mahu2021 [4h 9h]
doubych: calls 20
Mahu2021: calls 10
Liamiras: checks 
*** FLOP *** [7c Js 9c]
Mahu2021: checks 
Liamiras: checks 
doubych: checks 
*** TURN *** [7c Js 9c] [3h]
Mahu2021: bets 20
Liamiras: calls 20
doubych: calls 20
*** RIVER *** [7c Js 9c 3h] [Ad]
Mahu2021: checks 
Liamiras: bets 100
doubych: folds 
Mahu2021: folds 
Uncalled bet (100) returned to Liamiras
Liamiras collected 120 from pot
*** SUMMARY ***
Total pot 120 | Rake 0 
Board [7c Js 9c 3h Ad]
Seat 1: Liamiras (big blind) collected (120)
Seat 2: doubych (button) folded on the River
Seat 3: Mahu2021 (small blind) folded on the River



PokerStars Hand #242916274296: Tournament #3572951573, $0.92+$0.08 USD Hold'em No Limit - Level I (10/20) - 2023/04/06 10:11:57 CET [2023/04/06 4:11:57 ET]
Table '3572951573 1' 3-max Seat #3 is the button
Seat 1: Liamiras (580 in chips) 
Seat 2: doubych (440 in chips) 
Seat 3: Mahu2021 (480 in chips) 
Liamiras: posts small blind 10
doubych: posts big blind 20
*** HOLE CARDS ***
Dealt to Mahu2021 [9c Kd]
Mahu2021: calls 20
Liamiras: folds 
doubych: checks 
*** FLOP *** [Kc 3s 2h]
doubych: bets 20
Mahu2021: calls 20
*** TURN *** [Kc 3s 2h] [Tc]
doubych: bets 20
Mahu2021: calls 20
*** RIVER *** [Kc 3s 2h Tc] [7d]
doubych: bets 20
Mahu2021: calls 20
*** SHOW DOWN ***
doubych: shows [Jc 3d] (a pair of Threes)
Mahu2021: shows [9c Kd] (a pair of Kings)
Mahu2021 collected 170 from pot
*** SUMMARY ***
Total pot 170 | Rake 0 
Board [Kc 3s 2h Tc 7d]
Seat 1: Liamiras (small blind) folded before Flop
Seat 2: doubych (big blind) showed [Jc 3d] and lost with a pair of Threes
Seat 3: Mahu2021 (button) showed [9c Kd] and won (170) with a pair of Kings



PokerStars Hand #242916276895: Tournament #3572951573, $0.92+$0.08 USD Hold'em No Limit - Level I (10/20) - 2023/04/06 10:12:18 CET [2023/04/06 4:12:18 ET]
Table '3572951573 1' 3-max Seat #1 is the button
Seat 1: Liamiras (570 in chips) 
Seat 2: doubych (360 in chips) 
Seat 3: Mahu2021 (570 in chips) 
doubych: posts small blind 10
Mahu2021: posts big blind 20
*** HOLE CARDS ***
Dealt to Mahu2021 [5c Jc]
Liamiras: raises 20 to 40
doubych: calls 30
Mahu2021: calls 20
*** FLOP *** [Th 3d 2c]
doubych: checks 
Mahu2021: checks 
Liamiras: checks 
*** TURN *** [Th 3d 2c] [Kd]
doubych: checks 
Mahu2021: checks 
Liamiras: checks 
*** RIVER *** [Th 3d 2c Kd] [4h]
doubych: checks 
Mahu2021: checks 
Liamiras: bets 38
doubych: folds 
Mahu2021: folds 
Uncalled bet (38) returned to Liamiras
Liamiras collected 120 from pot
*** SUMMARY ***
Total pot 120 | Rake 0 
Board [Th 3d 2c Kd 4h]
Seat 1: Liamiras (button) collected (120)
Seat 2: doubych (small blind) folded on the River
Seat 3: Mahu2021 (big blind) folded on the River



PokerStars Hand #242916282003: Tournament #3572951573, $0.92+$0.08 USD Hold'em No Limit - Level I (10/20) - 2023/04/06 10:12:58 CET [2023/04/06 4:12:58 ET]
Table '3572951573 1' 3-max Seat #2 is the button
Seat 1: Liamiras (650 in chips) 
Seat 2: doubych (320 in chips) 
Seat 3: Mahu2021 (530 in chips) 
Mahu2021: posts small blind 10
Liamiras: posts big blind 20
*** HOLE CARDS ***
Dealt to Mahu2021 [Ac 2h]
doubych: calls 20
Mahu2021: calls 10
Liamiras: checks 
*** FLOP *** [Qs 9s 2s]
Mahu2021: checks 
Liamiras: checks 
doubych: checks 
*** TURN *** [Qs 9s 2s] [5s]
Mahu2021: checks 
Liamiras: checks 
doubych: bets 40
Mahu2021: folds 
Liamiras: folds 
Uncalled bet (40) returned to doubych
doubych collected 60 from pot
*** SUMMARY ***
Total pot 60 | Rake 0 
Board [Qs 9s 2s 5s]
Seat 1: Liamiras (big blind) folded on the Turn
Seat 2: doubych (button) collected (60)
Seat 3: Mahu2021 (small blind) folded on the Turn



PokerStars Hand #242916284809: Tournament #3572951573, $0.92+$0.08 USD Hold'em No Limit - Level I (10/20) - 2023/04/06 10:13:20 CET [2023/04/06 4:13:20 ET]
Table '3572951573 1' 3-max Seat #3 is the button
Seat 1: Liamiras (630 in chips) 
Seat 2: doubych (360 in chips) 
Seat 3: Mahu2021 (510 in chips) 
Liamiras: posts small blind 10
doubych: posts big blind 20
*** HOLE CARDS ***
Dealt to Mahu2021 [3s Jh]
Mahu2021: folds 
Liamiras: folds 
Uncalled bet (10) returned to doubych
doubych collected 20 from pot
*** SUMMARY ***
Total pot 20 | Rake 0 
Seat 1: Liamiras (small blind) folded before Flop
Seat 2: doubych (big blind) collected (20)
Seat 3: Mahu2021 (button) folded before Flop (didn't bet)



PokerStars Hand #242916285540: Tournament #3572951573, $0.92+$0.08 USD Hold'em No Limit - Level I (10/20) - 2023/04/06 10:13:26 CET [2023/04/06 4:13:26 ET]
Table '3572951573 1' 3-max Seat #1 is the button
Seat 1: Liamiras (620 in chips) 
Seat 2: doubych (370 in chips) 
Seat 3: Mahu2021 (510 in chips) 
doubych: posts small blind 10
Mahu2021: posts big blind 20
*** HOLE CARDS ***
Dealt to Mahu2021 [5h 8c]
Liamiras: raises 20 to 40
doubych: calls 30
Mahu2021: calls 20
*** FLOP *** [Qs 2c 7d]
doubych: bets 120
Mahu2021: folds 
Liamiras: folds 
Uncalled bet (120) returned to doubych
doubych collected 120 from pot
*** SUMMARY ***
Total pot 120 | Rake 0 
Board [Qs 2c 7d]
Seat 1: Liamiras (button) folded on the Flop
Seat 2: doubych (small blind) collected (120)
Seat 3: Mahu2021 (big blind) folded on the Flop



PokerStars Hand #242916288463: Tournament #3572951573, $0.92+$0.08 USD Hold'em No Limit - Level I (10/20) - 2023/04/06 10:13:49 CET [2023/04/06 4:13:49 ET]
Table '3572951573 1' 3-max Seat #2 is the button
Seat 1: Liamiras (580 in chips) 
Seat 2: doubych (450 in chips) 
Seat 3: Mahu2021 (470 in chips) 
Mahu2021: posts small blind 10
Liamiras: posts big blind 20
*** HOLE CARDS ***
Dealt to Mahu2021 [6d 3d]
doubych: folds 
Mahu2021: calls 10
Liamiras: raises 20 to 40
Mahu2021: calls 20
*** FLOP *** [Kc Qh 4h]
Mahu2021: checks 
Liamiras: bets 26
Mahu2021: folds 
Uncalled bet (26) returned to Liamiras
Liamiras collected 80 from pot
*** SUMMARY ***
Total pot 80 | Rake 0 
Board [Kc Qh 4h]
Seat 1: Liamiras (big blind) collected (80)
Seat 2: doubych (button) folded before Flop (didn't bet)
Seat 3: Mahu2021 (small blind) folded on the Flop



PokerStars Hand #242916290987: Tournament #3572951573, $0.92+$0.08 USD Hold'em No Limit - Level II (15/30) - 2023/04/06 10:14:09 CET [2023/04/06 4:14:09 ET]
Table '3572951573 1' 3-max Seat #3 is the button
Seat 1: Liamiras (620 in chips) 
Seat 2: doubych (450 in chips) 
Seat 3: Mahu2021 (430 in chips) 
Liamiras: posts small blind 15
doubych: posts big blind 30
*** HOLE CARDS ***
Dealt to Mahu2021 [6d Kd]
Mahu2021: calls 30
Liamiras: calls 15
doubych: checks 
*** FLOP *** [4d 8d Td]
Liamiras: checks 
doubych: bets 60
Mahu2021: raises 120 to 180
Liamiras: folds 
doubych: folds [8c]
Uncalled bet (120) returned to Mahu2021
Mahu2021 collected 210 from pot
Mahu2021: doesn't show hand 
*** SUMMARY ***
Total pot 210 | Rake 0 
Board [4d 8d Td]
Seat 1: Liamiras (small blind) folded on the Flop
Seat 2: doubych (big blind) folded on the Flop
Seat 3: Mahu2021 (button) collected (210)



PokerStars Hand #242916296202: Tournament #3572951573, $0.92+$0.08 USD Hold'em No Limit - Level II (15/30) - 2023/04/06 10:14:51 CET [2023/04/06 4:14:51 ET]
Table '3572951573 1' 3-max Seat #1 is the button
Seat 1: Liamiras (590 in chips) 
Seat 2: doubych (360 in chips) 
Seat 3: Mahu2021 (550 in chips) 
doubych: posts small blind 15
Mahu2021: posts big blind 30
*** HOLE CARDS ***
Dealt to Mahu2021 [4s 7d]
Liamiras: folds 
doubych: calls 15
Mahu2021: checks 
*** FLOP *** [Td Qh 2h]
doubych: checks 
Mahu2021: checks 
*** TURN *** [Td Qh 2h] [3s]
doubych: bets 30
Mahu2021: folds 
Uncalled bet (30) returned to doubych
doubych collected 60 from pot
*** SUMMARY ***
Total pot 60 | Rake 0 
Board [Td Qh 2h 3s]
Seat 1: Liamiras (button) folded before Flop (didn't bet)
Seat 2: doubych (small blind) collected (60)
Seat 3: Mahu2021 (big blind) folded on the Turn



PokerStars Hand #242916299996: Tournament #3572951573, $0.92+$0.08 USD Hold'em No Limit - Level II (15/30) - 2023/04/06 10:15:21 CET [2023/04/06 4:15:21 ET]
Table '3572951573 1' 3-max Seat #2 is the button
Seat 1: Liamiras (590 in chips) 
Seat 2: doubych (390 in chips) 
Seat 3: Mahu2021 (520 in chips) 
Mahu2021: posts small blind 15
Liamiras: posts big blind 30
*** HOLE CARDS ***
Dealt to Mahu2021 [Jd 3d]
doubych: calls 30
Mahu2021: calls 15
Liamiras: checks 
*** FLOP *** [8s 2s 9s]
Mahu2021: checks 
Liamiras: checks 
doubych: checks 
*** TURN *** [8s 2s 9s] [Qd]
Mahu2021: checks 
Liamiras: bets 30
doubych: folds 
Mahu2021: calls 30
*** RIVER *** [8s 2s 9s Qd] [9h]
Mahu2021: checks 
Liamiras: checks 
*** SHOW DOWN ***
Mahu2021: shows [Jd 3d] (a pair of Nines)
Liamiras: shows [8h 6h] (two pair, Nines and Eights)
Liamiras collected 150 from pot
*** SUMMARY ***
Total pot 150 | Rake 0 
Board [8s 2s 9s Qd 9h]
Seat 1: Liamiras (big blind) showed [8h 6h] and won (150) with two pair, Nines and Eights
Seat 2: doubych (button) folded on the Turn
Seat 3: Mahu2021 (small blind) showed [Jd 3d] and lost with a pair of Nines



PokerStars Hand #242916303123: Tournament #3572951573, $0.92+$0.08 USD Hold'em No Limit - Level II (15/30) - 2023/04/06 10:15:47 CET [2023/04/06 4:15:47 ET]
Table '3572951573 1' 3-max Seat #3 is the button
Seat 1: Liamiras (680 in chips) 
Seat 2: doubych (360 in chips) 
Seat 3: Mahu2021 (460 in chips) 
Liamiras: posts small blind 15
doubych: posts big blind 30
*** HOLE CARDS ***
Dealt to Mahu2021 [2h 2s]
Mahu2021: raises 30 to 60
Liamiras: folds 
doubych: folds 
Uncalled bet (30) returned to Mahu2021
Mahu2021 collected 75 from pot
Mahu2021: doesn't show hand 
*** SUMMARY ***
Total pot 75 | Rake 0 
Seat 1: Liamiras (small blind) folded before Flop
Seat 2: doubych (big blind) folded before Flop
Seat 3: Mahu2021 (button) collected (75)



PokerStars Hand #242916304196: Tournament #3572951573, $0.92+$0.08 USD Hold'em No Limit - Level II (15/30) - 2023/04/06 10:15:55 CET [2023/04/06 4:15:55 ET]
Table '3572951573 1' 3-max Seat #1 is the button
Seat 1: Liamiras (665 in chips) 
Seat 2: doubych (330 in chips) 
Seat 3: Mahu2021 (505 in chips) 
doubych: posts small blind 15
Mahu2021: posts big blind 30
*** HOLE CARDS ***
Dealt to Mahu2021 [Kh Js]
Liamiras: folds 
doubych: calls 15
Mahu2021: checks 
*** FLOP *** [9h 8h 8d]
doubych: checks 
Mahu2021: checks 
*** TURN *** [9h 8h 8d] [Qc]
doubych: checks 
Mahu2021: checks 
*** RIVER *** [9h 8h 8d Qc] [8s]
doubych: checks 
Mahu2021: bets 30
doubych: folds 
Uncalled bet (30) returned to Mahu2021
Mahu2021 collected 60 from pot
Mahu2021: doesn't show hand 
*** SUMMARY ***
Total pot 60 | Rake 0 
Board [9h 8h 8d Qc 8s]
Seat 1: Liamiras (button) folded before Flop (didn't bet)
Seat 2: doubych (small blind) folded on the River
Seat 3: Mahu2021 (big blind) collected (60)



PokerStars Hand #242916306745: Tournament #3572951573, $0.92+$0.08 USD Hold'em No Limit - Level II (15/30) - 2023/04/06 10:16:16 CET [2023/04/06 4:16:16 ET]
Table '3572951573 1' 3-max Seat #2 is the button
Seat 1: Liamiras (665 in chips) 
Seat 2: doubych (300 in chips) 
Seat 3: Mahu2021 (535 in chips) 
Mahu2021: posts small blind 15
Liamiras: posts big blind 30
*** HOLE CARDS ***
Dealt to Mahu2021 [Ad 3c]
doubych: calls 30
Mahu2021: calls 15
Liamiras: checks 
*** FLOP *** [Ks 5d 7s]
Mahu2021: checks 
Liamiras: checks 
doubych: checks 
*** TURN *** [Ks 5d 7s] [As]
Mahu2021: checks 
Liamiras: checks 
doubych: bets 270 and is all-in
Mahu2021: folds 
Liamiras: folds 
Uncalled bet (270) returned to doubych
doubych collected 90 from pot
*** SUMMARY ***
Total pot 90 | Rake 0 
Board [Ks 5d 7s As]
Seat 1: Liamiras (big blind) folded on the Turn
Seat 2: doubych (button) collected (90)
Seat 3: Mahu2021 (small blind) folded on the Turn



PokerStars Hand #242916313468: Tournament #3572951573, $0.92+$0.08 USD Hold'em No Limit - Level III (20/40) - 2023/04/06 10:17:10 CET [2023/04/06 4:17:10 ET]
Table '3572951573 1' 3-max Seat #3 is the button
Seat 1: Liamiras (635 in chips) 
Seat 2: doubych (360 in chips) 
Seat 3: Mahu2021 (505 in chips) 
Liamiras: posts small blind 20
doubych: posts big blind 40
*** HOLE CARDS ***
Dealt to Mahu2021 [Kd Ks]
Mahu2021: raises 465 to 505 and is all-in
Liamiras: folds 
doubych: folds 
Uncalled bet (465) returned to Mahu2021
Mahu2021 collected 100 from pot
Mahu2021: doesn't show hand 
*** SUMMARY ***
Total pot 100 | Rake 0 
Seat 1: Liamiras (small blind) folded before Flop
Seat 2: doubych (big blind) folded before Flop
Seat 3: Mahu2021 (button) collected (100)



PokerStars Hand #242916314719: Tournament #3572951573, $0.92+$0.08 USD Hold'em No Limit - Level III (20/40) - 2023/04/06 10:17:19 CET [2023/04/06 4:17:19 ET]
Table '3572951573 1' 3-max Seat #1 is the button
Seat 1: Liamiras (615 in chips) 
Seat 2: doubych (320 in chips) 
Seat 3: Mahu2021 (565 in chips) 
doubych: posts small blind 20
Mahu2021: posts big blind 40
*** HOLE CARDS ***
Dealt to Mahu2021 [Kc 7h]
Liamiras: raises 40 to 80
doubych: folds 
Mahu2021: calls 40
*** FLOP *** [Ah 4c Jh]
Mahu2021: checks 
Liamiras: bets 80
Mahu2021: folds 
Uncalled bet (80) returned to Liamiras
Liamiras collected 180 from pot
*** SUMMARY ***
Total pot 180 | Rake 0 
Board [Ah 4c Jh]
Seat 1: Liamiras (button) collected (180)
Seat 2: doubych (small blind) folded before Flop
Seat 3: Mahu2021 (big blind) folded on the Flop



PokerStars Hand #242916316636: Tournament #3572951573, $0.92+$0.08 USD Hold'em No Limit - Level III (20/40) - 2023/04/06 10:17:35 CET [2023/04/06 4:17:35 ET]
Table '3572951573 1' 3-max Seat #2 is the button
Seat 1: Liamiras (715 in chips) 
Seat 2: doubych (300 in chips) 
Seat 3: Mahu2021 (485 in chips) 
Mahu2021: posts small blind 20
Liamiras: posts big blind 40
*** HOLE CARDS ***
Dealt to Mahu2021 [Qc 9s]
doubych: folds 
Mahu2021: raises 40 to 80
Liamiras: folds 
Uncalled bet (40) returned to Mahu2021
Mahu2021 collected 80 from pot
Mahu2021: doesn't show hand 
*** SUMMARY ***
Total pot 80 | Rake 0 
Seat 1: Liamiras (big blind) folded before Flop
Seat 2: doubych (button) folded before Flop (didn't bet)
Seat 3: Mahu2021 (small blind) collected (80)



PokerStars Hand #242916318522: Tournament #3572951573, $0.92+$0.08 USD Hold'em No Limit - Level III (20/40) - 2023/04/06 10:17:50 CET [2023/04/06 4:17:50 ET]
Table '3572951573 1' 3-max Seat #3 is the button
Seat 1: Liamiras (675 in chips) 
Seat 2: doubych (300 in chips) 
Seat 3: Mahu2021 (525 in chips) 
Liamiras: posts small blind 20
doubych: posts big blind 40
*** HOLE CARDS ***
Dealt to Mahu2021 [3c 8d]
Mahu2021: folds 
Liamiras: raises 635 to 675 and is all-in
doubych: folds 
Uncalled bet (635) returned to Liamiras
Liamiras collected 80 from pot
*** SUMMARY ***
Total pot 80 | Rake 0 
Seat 1: Liamiras (small blind) collected (80)
Seat 2: doubych (big blind) folded before Flop
Seat 3: Mahu2021 (button) folded before Flop (didn't bet)



PokerStars Hand #242916320191: Tournament #3572951573, $0.92+$0.08 USD Hold'em No Limit - Level III (20/40) - 2023/04/06 10:18:04 CET [2023/04/06 4:18:04 ET]
Table '3572951573 1' 3-max Seat #1 is the button
Seat 1: Liamiras (715 in chips) 
Seat 2: doubych (260 in chips) 
Seat 3: Mahu2021 (525 in chips) 
doubych: posts small blind 20
Mahu2021: posts big blind 40
*** HOLE CARDS ***
Dealt to Mahu2021 [Qc 2c]
Liamiras: folds 
doubych: calls 20
Mahu2021: checks 
*** FLOP *** [6d 3h 4s]
doubych: checks 
Mahu2021: checks 
*** TURN *** [6d 3h 4s] [7d]
doubych: bets 220 and is all-in
Mahu2021: folds 
Uncalled bet (220) returned to doubych
doubych collected 80 from pot
*** SUMMARY ***
Total pot 80 | Rake 0 
Board [6d 3h 4s 7d]
Seat 1: Liamiras (button) folded before Flop (didn't bet)
Seat 2: doubych (small blind) collected (80)
Seat 3: Mahu2021 (big blind) folded on the Turn



PokerStars Hand #242916323135: Tournament #3572951573, $0.92+$0.08 USD Hold'em No Limit - Level III (20/40) - 2023/04/06 10:18:27 CET [2023/04/06 4:18:27 ET]
Table '3572951573 1' 3-max Seat #2 is the button
Seat 1: Liamiras (715 in chips) 
Seat 2: doubych (300 in chips) 
Seat 3: Mahu2021 (485 in chips) 
Mahu2021: posts small blind 20
Liamiras: posts big blind 40
*** HOLE CARDS ***
Dealt to Mahu2021 [Th Ah]
doubych: calls 40
Mahu2021: raises 80 to 120
Liamiras: folds 
doubych: calls 80
*** FLOP *** [6h 6d Qc]
Mahu2021: checks 
doubych: checks 
*** TURN *** [6h 6d Qc] [Ks]
Mahu2021: bets 365 and is all-in
doubych: folds 
Uncalled bet (365) returned to Mahu2021
Mahu2021 collected 280 from pot
Mahu2021: doesn't show hand 
*** SUMMARY ***
Total pot 280 | Rake 0 
Board [6h 6d Qc Ks]
Seat 1: Liamiras (big blind) folded before Flop
Seat 2: doubych (button) folded on the Turn
Seat 3: Mahu2021 (small blind) collected (280)



PokerStars Hand #242916329969: Tournament #3572951573, $0.92+$0.08 USD Hold'em No Limit - Level III (20/40) - 2023/04/06 10:19:22 CET [2023/04/06 4:19:22 ET]
Table '3572951573 1' 3-max Seat #3 is the button
Seat 1: Liamiras (675 in chips) 
Seat 2: doubych (180 in chips) 
Seat 3: Mahu2021 (645 in chips) 
Liamiras: posts small blind 20
doubych: posts big blind 40
*** HOLE CARDS ***
Dealt to Mahu2021 [Jd 3c]
Mahu2021: folds 
Liamiras: raises 120 to 160
doubych: folds 
Uncalled bet (120) returned to Liamiras
Liamiras collected 80 from pot
*** SUMMARY ***
Total pot 80 | Rake 0 
Seat 1: Liamiras (small blind) collected (80)
Seat 2: doubych (big blind) folded before Flop
Seat 3: Mahu2021 (button) folded before Flop (didn't bet)



PokerStars Hand #242916331373: Tournament #3572951573, $0.92+$0.08 USD Hold'em No Limit - Level III (20/40) - 2023/04/06 10:19:33 CET [2023/04/06 4:19:33 ET]
Table '3572951573 1' 3-max Seat #1 is the button
Seat 1: Liamiras (715 in chips) 
Seat 2: doubych (140 in chips) 
Seat 3: Mahu2021 (645 in chips) 
doubych: posts small blind 20
Mahu2021: posts big blind 40
*** HOLE CARDS ***
Dealt to Mahu2021 [Kh 3s]
Liamiras: folds 
doubych: raises 100 to 140 and is all-in
Mahu2021: folds 
Uncalled bet (100) returned to doubych
doubych collected 80 from pot
*** SUMMARY ***
Total pot 80 | Rake 0 
Seat 1: Liamiras (button) folded before Flop (didn't bet)
Seat 2: doubych (small blind) collected (80)
Seat 3: Mahu2021 (big blind) folded before Flop



PokerStars Hand #242916333280: Tournament #3572951573, $0.92+$0.08 USD Hold'em No Limit - Level III (20/40) - 2023/04/06 10:19:48 CET [2023/04/06 4:19:48 ET]
Table '3572951573 1' 3-max Seat #2 is the button
Seat 1: Liamiras (715 in chips) 
Seat 2: doubych (180 in chips) 
Seat 3: Mahu2021 (605 in chips) 
Mahu2021: posts small blind 20
Liamiras: posts big blind 40
*** HOLE CARDS ***
Dealt to Mahu2021 [3s 5h]
doubych: calls 40
Mahu2021: calls 20
Liamiras: checks 
*** FLOP *** [4h 9c Jd]
Mahu2021: checks 
Liamiras: bets 52
doubych: folds 
Mahu2021: folds 
Uncalled bet (52) returned to Liamiras
Liamiras collected 120 from pot
*** SUMMARY ***
Total pot 120 | Rake 0 
Board [4h 9c Jd]
Seat 1: Liamiras (big blind) collected (120)
Seat 2: doubych (button) folded on the Flop
Seat 3: Mahu2021 (small blind) folded on the Flop



PokerStars Hand #242916336340: Tournament #3572951573, $0.92+$0.08 USD Hold'em No Limit - Level IV (30/60) - 2023/04/06 10:20:12 CET [2023/04/06 4:20:12 ET]
Table '3572951573 1' 3-max Seat #3 is the button
Seat 1: Liamiras (795 in chips) 
Seat 2: doubych (140 in chips) 
Seat 3: Mahu2021 (565 in chips) 
Liamiras: posts small blind 30
doubych: posts big blind 60
*** HOLE CARDS ***
Dealt to Mahu2021 [Qs 3c]
Mahu2021: folds 
Liamiras: raises 120 to 180
doubych: folds 
Uncalled bet (120) returned to Liamiras
Liamiras collected 120 from pot
*** SUMMARY ***
Total pot 120 | Rake 0 
Seat 1: Liamiras (small blind) collected (120)
Seat 2: doubych (big blind) folded before Flop
Seat 3: Mahu2021 (button) folded before Flop (didn't bet)



PokerStars Hand #242916338337: Tournament #3572951573, $0.92+$0.08 USD Hold'em No Limit - Level IV (30/60) - 2023/04/06 10:20:28 CET [2023/04/06 4:20:28 ET]
Table '3572951573 1' 3-max Seat #1 is the button
Seat 1: Liamiras (855 in chips) 
Seat 2: doubych (80 in chips) 
Seat 3: Mahu2021 (565 in chips) 
doubych: posts small blind 30
Mahu2021: posts big blind 60
*** HOLE CARDS ***
Dealt to Mahu2021 [Td 7s]
Liamiras: folds 
doubych: folds 
Uncalled bet (30) returned to Mahu2021
Mahu2021 collected 60 from pot
Mahu2021: doesn't show hand 
*** SUMMARY ***
Total pot 60 | Rake 0 
Seat 1: Liamiras (button) folded before Flop (didn't bet)
Seat 2: doubych (small blind) folded before Flop
Seat 3: Mahu2021 (big blind) collected (60)



PokerStars Hand #242916340276: Tournament #3572951573, $0.92+$0.08 USD Hold'em No Limit - Level IV (30/60) - 2023/04/06 10:20:43 CET [2023/04/06 4:20:43 ET]
Table '3572951573 1' 3-max Seat #2 is the button
Seat 1: Liamiras (855 in chips) 
Seat 2: doubych (50 in chips) 
Seat 3: Mahu2021 (595 in chips) 
Mahu2021: posts small blind 30
Liamiras: posts big blind 60
*** HOLE CARDS ***
Dealt to Mahu2021 [3c 4d]
doubych: calls 50 and is all-in
Mahu2021: calls 30
Liamiras: checks 
*** FLOP *** [4s 2s 9c]
Mahu2021: bets 60
Liamiras: folds 
Uncalled bet (60) returned to Mahu2021
*** TURN *** [4s 2s 9c] [Kh]
*** RIVER *** [4s 2s 9c Kh] [9d]
*** SHOW DOWN ***
Mahu2021: shows [3c 4d] (two pair, Nines and Fours)
Mahu2021 collected 20 from side pot
doubych: shows [8c Ks] (two pair, Kings and Nines)
doubych collected 150 from main pot
*** SUMMARY ***
Total pot 170 Main pot 150. Side pot 20. | Rake 0 
Board [4s 2s 9c Kh 9d]
Seat 1: Liamiras (big blind) folded on the Flop
Seat 2: doubych (button) showed [8c Ks] and won (150) with two pair, Kings and Nines
Seat 3: Mahu2021 (small blind) showed [3c 4d] and won (20) with two pair, Nines and Fours



PokerStars Hand #242916344256: Tournament #3572951573, $0.92+$0.08 USD Hold'em No Limit - Level IV (30/60) - 2023/04/06 10:21:14 CET [2023/04/06 4:21:14 ET]
Table '3572951573 1' 3-max Seat #3 is the button
Seat 1: Liamiras (795 in chips) 
Seat 2: doubych (150 in chips) 
Seat 3: Mahu2021 (555 in chips) 
Liamiras: posts small blind 30
doubych: posts big blind 60
*** HOLE CARDS ***
Dealt to Mahu2021 [Kh 9h]
Mahu2021: raises 120 to 180
Liamiras: folds 
doubych: calls 90 and is all-in
Uncalled bet (30) returned to Mahu2021
*** FLOP *** [6h 9c Jc]
*** TURN *** [6h 9c Jc] [2c]
*** RIVER *** [6h 9c Jc 2c] [7d]
*** SHOW DOWN ***
doubych: shows [5s Tc] (high card Jack)
Mahu2021: shows [Kh 9h] (a pair of Nines)
Mahu2021 collected 330 from pot
doubych finished the tournament in 3rd place
*** SUMMARY ***
Total pot 330 | Rake 0 
Board [6h 9c Jc 2c 7d]
Seat 1: Liamiras (small blind) folded before Flop
Seat 2: doubych (big blind) showed [5s Tc] and lost with high card Jack
Seat 3: Mahu2021 (button) showed [Kh 9h] and won (330) with a pair of Nines



PokerStars Hand #242916346607: Tournament #3572951573, $0.92+$0.08 USD Hold'em No Limit - Level IV (30/60) - 2023/04/06 10:21:32 CET [2023/04/06 4:21:32 ET]
Table '3572951573 1' 3-max Seat #1 is the button
Seat 1: Liamiras (765 in chips) 
Seat 3: Mahu2021 (735 in chips) 
Liamiras: posts small blind 30
Mahu2021: posts big blind 60
*** HOLE CARDS ***
Dealt to Mahu2021 [2h 6h]
Liamiras: raises 60 to 120
Mahu2021: calls 60
*** FLOP *** [Kd 8c 9c]
Mahu2021: checks 
Liamiras: bets 115
Mahu2021: folds 
Uncalled bet (115) returned to Liamiras
Liamiras collected 240 from pot
*** SUMMARY ***
Total pot 240 | Rake 0 
Board [Kd 8c 9c]
Seat 1: Liamiras (button) (small blind) collected (240)
Seat 3: Mahu2021 (big blind) folded on the Flop



PokerStars Hand #242916348316: Tournament #3572951573, $0.92+$0.08 USD Hold'em No Limit - Level IV (30/60) - 2023/04/06 10:21:45 CET [2023/04/06 4:21:45 ET]
Table '3572951573 1' 3-max Seat #3 is the button
Seat 1: Liamiras (885 in chips) 
Seat 3: Mahu2021 (615 in chips) 
Mahu2021: posts small blind 30
Liamiras: posts big blind 60
*** HOLE CARDS ***
Dealt to Mahu2021 [6h Jc]
Mahu2021: calls 30
Liamiras: raises 60 to 120
Mahu2021: folds 
Uncalled bet (60) returned to Liamiras
Liamiras collected 120 from pot
*** SUMMARY ***
Total pot 120 | Rake 0 
Seat 1: Liamiras (big blind) collected (120)
Seat 3: Mahu2021 (button) (small blind) folded before Flop



PokerStars Hand #242916349331: Tournament #3572951573, $0.92+$0.08 USD Hold'em No Limit - Level IV (30/60) - 2023/04/06 10:21:53 CET [2023/04/06 4:21:53 ET]
Table '3572951573 1' 3-max Seat #1 is the button
Seat 1: Liamiras (945 in chips) 
Seat 3: Mahu2021 (555 in chips) 
Liamiras: posts small blind 30
Mahu2021: posts big blind 60
*** HOLE CARDS ***
Dealt to Mahu2021 [Th Ts]
Liamiras: calls 30
Mahu2021: raises 495 to 555 and is all-in
Liamiras: calls 495
*** FLOP *** [9d Tc 4c]
*** TURN *** [9d Tc 4c] [Qc]
*** RIVER *** [9d Tc 4c Qc] [3h]
*** SHOW DOWN ***
Mahu2021: shows [Th Ts] (three of a kind, Tens)
Liamiras: shows [7d 7s] (a pair of Sevens)
Mahu2021 collected 1110 from pot
*** SUMMARY ***
Total pot 1110 | Rake 0 
Board [9d Tc 4c Qc 3h]
Seat 1: Liamiras (button) (small blind) showed [7d 7s] and lost with a pair of Sevens
Seat 3: Mahu2021 (big blind) showed [Th Ts] and won (1110) with three of a kind, Tens



PokerStars Hand #242916351160: Tournament #3572951573, $0.92+$0.08 USD Hold'em No Limit - Level IV (30/60) - 2023/04/06 10:22:08 CET [2023/04/06 4:22:08 ET]
Table '3572951573 1' 3-max Seat #3 is the button
Seat 1: Liamiras (390 in chips) 
Seat 3: Mahu2021 (1110 in chips) 
Mahu2021: posts small blind 30
Liamiras: posts big blind 60
*** HOLE CARDS ***
Dealt to Mahu2021 [8h Ks]
Mahu2021: raises 60 to 120
Liamiras: calls 60
*** FLOP *** [8c Kd 9c]
Liamiras: bets 270 and is all-in
Mahu2021: calls 270
*** TURN *** [8c Kd 9c] [4s]
*** RIVER *** [8c Kd 9c 4s] [4h]
*** SHOW DOWN ***
Liamiras: shows [9h Qd] (two pair, Nines and Fours)
Mahu2021: shows [8h Ks] (two pair, Kings and Eights)
Mahu2021 collected 780 from pot
Liamiras finished the tournament in 2nd place
Mahu2021 wins the tournament and receives $3.00 - congratulations!
*** SUMMARY ***
Total pot 780 | Rake 0 
Board [8c Kd 9c 4s 4h]
Seat 1: Liamiras (big blind) showed [9h Qd] and lost with two pair, Nines and Fours
Seat 3: Mahu2021 (button) (small blind) showed [8h Ks] and won (780) with two pair, Kings and Eights



