PokerStars Hand #252443929830: Tournament #3800416168, $1.84+$0.16 USD Hold'em No Limit - Level I (10/20) - 2024/09/14 16:12:45 CET [2024/09/14 10:12:45 ET]
Table '3800416168 1' 3-max Seat #1 is the button
Seat 1: Dire7or (500 in chips) 
Seat 2: SpiNprOg0 (500 in chips) 
Seat 3: Mahu2021 (500 in chips) 
SpiNprOg0: posts small blind 10
Mahu2021: posts big blind 20
*** HOLE CARDS ***
Dealt to Mahu2021 [Qs 4c]
Dire7or: raises 20 to 40
SpiNprOg0: folds 
Mahu2021: calls 20
*** FLOP *** [Tc Th 7h]
Mahu2021: checks 
Dire7or: bets 30
Mahu2021: folds 
Uncalled bet (30) returned to Dire7or
Dire7or collected 90 from pot
Dire7or: doesn't show hand 
*** SUMMARY ***
Total pot 90 | Rake 0 
Board [Tc Th 7h]
Seat 1: Dire7or (button) collected (90)
Seat 2: SpiNprOg0 (small blind) folded before Flop
Seat 3: Mahu2021 (big blind) folded on the Flop



PokerStars Hand #252443933318: Tournament #3800416168, $1.84+$0.16 USD Hold'em No Limit - Level I (10/20) - 2024/09/14 16:13:02 CET [2024/09/14 10:13:02 ET]
Table '3800416168 1' 3-max Seat #2 is the button
Seat 1: Dire7or (550 in chips) 
Seat 2: SpiNprOg0 (490 in chips) 
Seat 3: Mahu2021 (460 in chips) 
Mahu2021: posts small blind 10
Dire7or: posts big blind 20
*** HOLE CARDS ***
Dealt to Mahu2021 [Qh Qs]
SpiNprOg0: folds 
Mahu2021: raises 440 to 460 and is all-in
Dire7or: folds 
Uncalled bet (440) returned to Mahu2021
Mahu2021 collected 40 from pot
Mahu2021: doesn't show hand 
*** SUMMARY ***
Total pot 40 | Rake 0 
Seat 1: Dire7or (big blind) folded before Flop
Seat 2: SpiNprOg0 (button) folded before Flop (didn't bet)
Seat 3: Mahu2021 (small blind) collected (40)



PokerStars Hand #252443936364: Tournament #3800416168, $1.84+$0.16 USD Hold'em No Limit - Level I (10/20) - 2024/09/14 16:13:17 CET [2024/09/14 10:13:17 ET]
Table '3800416168 1' 3-max Seat #3 is the button
Seat 1: Dire7or (530 in chips) 
Seat 2: SpiNprOg0 (490 in chips) 
Seat 3: Mahu2021 (480 in chips) 
Dire7or: posts small blind 10
SpiNprOg0: posts big blind 20
*** HOLE CARDS ***
Dealt to Mahu2021 [Kh Th]
Mahu2021: raises 20 to 40
Dire7or: folds 
SpiNprOg0: calls 20
*** FLOP *** [5c Kc Tc]
SpiNprOg0: checks 
Mahu2021: bets 90
SpiNprOg0: folds 
Uncalled bet (90) returned to Mahu2021
Mahu2021 collected 90 from pot
Mahu2021: doesn't show hand 
*** SUMMARY ***
Total pot 90 | Rake 0 
Board [5c Kc Tc]
Seat 1: Dire7or (small blind) folded before Flop
Seat 2: SpiNprOg0 (big blind) folded on the Flop
Seat 3: Mahu2021 (button) collected (90)



PokerStars Hand #252443940887: Tournament #3800416168, $1.84+$0.16 USD Hold'em No Limit - Level I (10/20) - 2024/09/14 16:13:40 CET [2024/09/14 10:13:40 ET]
Table '3800416168 1' 3-max Seat #1 is the button
Seat 1: Dire7or (520 in chips) 
Seat 2: SpiNprOg0 (450 in chips) 
Seat 3: Mahu2021 (530 in chips) 
SpiNprOg0: posts small blind 10
Mahu2021: posts big blind 20
*** HOLE CARDS ***
Dealt to Mahu2021 [Tc 6d]
Dire7or: folds 
SpiNprOg0: folds 
Uncalled bet (10) returned to Mahu2021
Mahu2021 collected 20 from pot
Mahu2021: doesn't show hand 
*** SUMMARY ***
Total pot 20 | Rake 0 
Seat 1: Dire7or (button) folded before Flop (didn't bet)
Seat 2: SpiNprOg0 (small blind) folded before Flop
Seat 3: Mahu2021 (big blind) collected (20)



PokerStars Hand #252443942012: Tournament #3800416168, $1.84+$0.16 USD Hold'em No Limit - Level I (10/20) - 2024/09/14 16:13:45 CET [2024/09/14 10:13:45 ET]
Table '3800416168 1' 3-max Seat #2 is the button
Seat 1: Dire7or (520 in chips) 
Seat 2: SpiNprOg0 (440 in chips) 
Seat 3: Mahu2021 (540 in chips) 
Mahu2021: posts small blind 10
Dire7or: posts big blind 20
*** HOLE CARDS ***
Dealt to Mahu2021 [Qh 7d]
SpiNprOg0: raises 20 to 40
Mahu2021: folds 
Dire7or: calls 20
*** FLOP *** [3s Ks Qd]
Dire7or: checks 
SpiNprOg0: bets 40
Dire7or: calls 40
*** TURN *** [3s Ks Qd] [4c]
Dire7or: checks 
SpiNprOg0: bets 100
Dire7or: raises 340 to 440 and is all-in
SpiNprOg0: folds 
Uncalled bet (340) returned to Dire7or
Dire7or collected 370 from pot
Dire7or: doesn't show hand 
*** SUMMARY ***
Total pot 370 | Rake 0 
Board [3s Ks Qd 4c]
Seat 1: Dire7or (big blind) collected (370)
Seat 2: SpiNprOg0 (button) folded on the Turn
Seat 3: Mahu2021 (small blind) folded before Flop



PokerStars Hand #252443953421: Tournament #3800416168, $1.84+$0.16 USD Hold'em No Limit - Level I (10/20) - 2024/09/14 16:14:41 CET [2024/09/14 10:14:41 ET]
Table '3800416168 1' 3-max Seat #3 is the button
Seat 1: Dire7or (710 in chips) 
Seat 2: SpiNprOg0 (260 in chips) 
Seat 3: Mahu2021 (530 in chips) 
Dire7or: posts small blind 10
SpiNprOg0: posts big blind 20
*** HOLE CARDS ***
Dealt to Mahu2021 [5h Th]
Mahu2021: folds 
Dire7or: calls 10
SpiNprOg0: checks 
*** FLOP *** [Qc As Jd]
Dire7or: bets 20
SpiNprOg0: calls 20
*** TURN *** [Qc As Jd] [8h]
Dire7or: checks 
SpiNprOg0: checks 
*** RIVER *** [Qc As Jd 8h] [Ac]
Dire7or: bets 54
SpiNprOg0: folds 
Uncalled bet (54) returned to Dire7or
Dire7or collected 80 from pot
Dire7or: doesn't show hand 
*** SUMMARY ***
Total pot 80 | Rake 0 
Board [Qc As Jd 8h Ac]
Seat 1: Dire7or (small blind) collected (80)
Seat 2: SpiNprOg0 (big blind) folded on the River
Seat 3: Mahu2021 (button) folded before Flop (didn't bet)



PokerStars Hand #252443964682: Tournament #3800416168, $1.84+$0.16 USD Hold'em No Limit - Level II (15/30) - 2024/09/14 16:15:35 CET [2024/09/14 10:15:35 ET]
Table '3800416168 1' 3-max Seat #1 is the button
Seat 1: Dire7or (750 in chips) 
Seat 2: SpiNprOg0 (220 in chips) 
Seat 3: Mahu2021 (530 in chips) 
SpiNprOg0: posts small blind 15
Mahu2021: posts big blind 30
*** HOLE CARDS ***
Dealt to Mahu2021 [Qs Th]
Dire7or: folds 
SpiNprOg0: raises 190 to 220 and is all-in
Mahu2021: folds 
Uncalled bet (190) returned to SpiNprOg0
SpiNprOg0 collected 60 from pot
SpiNprOg0: doesn't show hand 
*** SUMMARY ***
Total pot 60 | Rake 0 
Seat 1: Dire7or (button) folded before Flop (didn't bet)
Seat 2: SpiNprOg0 (small blind) collected (60)
Seat 3: Mahu2021 (big blind) folded before Flop



PokerStars Hand #252443968289: Tournament #3800416168, $1.84+$0.16 USD Hold'em No Limit - Level II (15/30) - 2024/09/14 16:15:52 CET [2024/09/14 10:15:52 ET]
Table '3800416168 1' 3-max Seat #2 is the button
Seat 1: Dire7or (750 in chips) 
Seat 2: SpiNprOg0 (250 in chips) 
Seat 3: Mahu2021 (500 in chips) 
Mahu2021: posts small blind 15
Dire7or: posts big blind 30
*** HOLE CARDS ***
Dealt to Mahu2021 [Qh Ks]
SpiNprOg0: folds 
Mahu2021: calls 15
Dire7or: raises 720 to 750 and is all-in
Mahu2021: folds 
Uncalled bet (720) returned to Dire7or
Dire7or collected 60 from pot
Dire7or: doesn't show hand 
*** SUMMARY ***
Total pot 60 | Rake 0 
Seat 1: Dire7or (big blind) collected (60)
Seat 2: SpiNprOg0 (button) folded before Flop (didn't bet)
Seat 3: Mahu2021 (small blind) folded before Flop



PokerStars Hand #252443970311: Tournament #3800416168, $1.84+$0.16 USD Hold'em No Limit - Level II (15/30) - 2024/09/14 16:16:01 CET [2024/09/14 10:16:01 ET]
Table '3800416168 1' 3-max Seat #3 is the button
Seat 1: Dire7or (780 in chips) 
Seat 2: SpiNprOg0 (250 in chips) 
Seat 3: Mahu2021 (470 in chips) 
Dire7or: posts small blind 15
SpiNprOg0: posts big blind 30
*** HOLE CARDS ***
Dealt to Mahu2021 [6c 9h]
Mahu2021: folds 
Dire7or: calls 15
SpiNprOg0: raises 220 to 250 and is all-in
Dire7or: folds 
Uncalled bet (220) returned to SpiNprOg0
SpiNprOg0 collected 60 from pot
SpiNprOg0: doesn't show hand 
*** SUMMARY ***
Total pot 60 | Rake 0 
Seat 1: Dire7or (small blind) folded before Flop
Seat 2: SpiNprOg0 (big blind) collected (60)
Seat 3: Mahu2021 (button) folded before Flop (didn't bet)



PokerStars Hand #252443972770: Tournament #3800416168, $1.84+$0.16 USD Hold'em No Limit - Level II (15/30) - 2024/09/14 16:16:13 CET [2024/09/14 10:16:13 ET]
Table '3800416168 1' 3-max Seat #1 is the button
Seat 1: Dire7or (750 in chips) 
Seat 2: SpiNprOg0 (280 in chips) 
Seat 3: Mahu2021 (470 in chips) 
SpiNprOg0: posts small blind 15
Mahu2021: posts big blind 30
*** HOLE CARDS ***
Dealt to Mahu2021 [8d 5h]
Dire7or: folds 
SpiNprOg0: raises 250 to 280 and is all-in
Mahu2021: folds 
Uncalled bet (250) returned to SpiNprOg0
SpiNprOg0 collected 60 from pot
SpiNprOg0: doesn't show hand 
*** SUMMARY ***
Total pot 60 | Rake 0 
Seat 1: Dire7or (button) folded before Flop (didn't bet)
Seat 2: SpiNprOg0 (small blind) collected (60)
Seat 3: Mahu2021 (big blind) folded before Flop



PokerStars Hand #252443974622: Tournament #3800416168, $1.84+$0.16 USD Hold'em No Limit - Level II (15/30) - 2024/09/14 16:16:22 CET [2024/09/14 10:16:22 ET]
Table '3800416168 1' 3-max Seat #2 is the button
Seat 1: Dire7or (750 in chips) 
Seat 2: SpiNprOg0 (310 in chips) 
Seat 3: Mahu2021 (440 in chips) 
Mahu2021: posts small blind 15
Dire7or: posts big blind 30
*** HOLE CARDS ***
Dealt to Mahu2021 [2h Jc]
SpiNprOg0: folds 
Mahu2021: folds 
Uncalled bet (15) returned to Dire7or
Dire7or collected 30 from pot
Dire7or: doesn't show hand 
*** SUMMARY ***
Total pot 30 | Rake 0 
Seat 1: Dire7or (big blind) collected (30)
Seat 2: SpiNprOg0 (button) folded before Flop (didn't bet)
Seat 3: Mahu2021 (small blind) folded before Flop



PokerStars Hand #252443975615: Tournament #3800416168, $1.84+$0.16 USD Hold'em No Limit - Level II (15/30) - 2024/09/14 16:16:26 CET [2024/09/14 10:16:26 ET]
Table '3800416168 1' 3-max Seat #3 is the button
Seat 1: Dire7or (765 in chips) 
Seat 2: SpiNprOg0 (310 in chips) 
Seat 3: Mahu2021 (425 in chips) 
Dire7or: posts small blind 15
SpiNprOg0: posts big blind 30
*** HOLE CARDS ***
Dealt to Mahu2021 [Qd Tc]
Mahu2021: calls 30
Dire7or: folds 
SpiNprOg0: checks 
*** FLOP *** [7d 3h Ts]
SpiNprOg0: checks 
Mahu2021: bets 75
SpiNprOg0: folds 
Uncalled bet (75) returned to Mahu2021
Mahu2021 collected 75 from pot
Mahu2021: doesn't show hand 
*** SUMMARY ***
Total pot 75 | Rake 0 
Board [7d 3h Ts]
Seat 1: Dire7or (small blind) folded before Flop
Seat 2: SpiNprOg0 (big blind) folded on the Flop
Seat 3: Mahu2021 (button) collected (75)



PokerStars Hand #252443978815: Tournament #3800416168, $1.84+$0.16 USD Hold'em No Limit - Level II (15/30) - 2024/09/14 16:16:41 CET [2024/09/14 10:16:41 ET]
Table '3800416168 1' 3-max Seat #1 is the button
Seat 1: Dire7or (750 in chips) 
Seat 2: SpiNprOg0 (280 in chips) 
Seat 3: Mahu2021 (470 in chips) 
SpiNprOg0: posts small blind 15
Mahu2021: posts big blind 30
*** HOLE CARDS ***
Dealt to Mahu2021 [9h 5c]
Dire7or: raises 720 to 750 and is all-in
SpiNprOg0: folds 
Mahu2021: folds 
Uncalled bet (720) returned to Dire7or
Dire7or collected 75 from pot
Dire7or: doesn't show hand 
*** SUMMARY ***
Total pot 75 | Rake 0 
Seat 1: Dire7or (button) collected (75)
Seat 2: SpiNprOg0 (small blind) folded before Flop
Seat 3: Mahu2021 (big blind) folded before Flop



PokerStars Hand #252443981395: Tournament #3800416168, $1.84+$0.16 USD Hold'em No Limit - Level III (20/40) - 2024/09/14 16:16:53 CET [2024/09/14 10:16:53 ET]
Table '3800416168 1' 3-max Seat #2 is the button
Seat 1: Dire7or (795 in chips) 
Seat 2: SpiNprOg0 (265 in chips) 
Seat 3: Mahu2021 (440 in chips) 
Mahu2021: posts small blind 20
Dire7or: posts big blind 40
*** HOLE CARDS ***
Dealt to Mahu2021 [Kc 6h]
SpiNprOg0: folds 
Mahu2021: calls 20
Dire7or: checks 
*** FLOP *** [7s 4d 4s]
Mahu2021: checks 
Dire7or: checks 
*** TURN *** [7s 4d 4s] [Qh]
Mahu2021: checks 
Dire7or: bets 40
Mahu2021: folds 
Uncalled bet (40) returned to Dire7or
Dire7or collected 80 from pot
Dire7or: doesn't show hand 
*** SUMMARY ***
Total pot 80 | Rake 0 
Board [7s 4d 4s Qh]
Seat 1: Dire7or (big blind) collected (80)
Seat 2: SpiNprOg0 (button) folded before Flop (didn't bet)
Seat 3: Mahu2021 (small blind) folded on the Turn



PokerStars Hand #252443984646: Tournament #3800416168, $1.84+$0.16 USD Hold'em No Limit - Level III (20/40) - 2024/09/14 16:17:09 CET [2024/09/14 10:17:09 ET]
Table '3800416168 1' 3-max Seat #3 is the button
Seat 1: Dire7or (835 in chips) 
Seat 2: SpiNprOg0 (265 in chips) 
Seat 3: Mahu2021 (400 in chips) 
Dire7or: posts small blind 20
SpiNprOg0: posts big blind 40
*** HOLE CARDS ***
Dealt to Mahu2021 [4c Td]
Mahu2021: folds 
Dire7or: calls 20
SpiNprOg0: checks 
*** FLOP *** [6d 2h Qc]
Dire7or: bets 40
SpiNprOg0: raises 185 to 225 and is all-in
Dire7or: folds 
Uncalled bet (185) returned to SpiNprOg0
SpiNprOg0 collected 160 from pot
SpiNprOg0: doesn't show hand 
*** SUMMARY ***
Total pot 160 | Rake 0 
Board [6d 2h Qc]
Seat 1: Dire7or (small blind) folded on the Flop
Seat 2: SpiNprOg0 (big blind) collected (160)
Seat 3: Mahu2021 (button) folded before Flop (didn't bet)



PokerStars Hand #252443991398: Tournament #3800416168, $1.84+$0.16 USD Hold'em No Limit - Level III (20/40) - 2024/09/14 16:17:40 CET [2024/09/14 10:17:40 ET]
Table '3800416168 1' 3-max Seat #1 is the button
Seat 1: Dire7or (755 in chips) 
Seat 2: SpiNprOg0 (345 in chips) 
Seat 3: Mahu2021 (400 in chips) 
SpiNprOg0: posts small blind 20
Mahu2021: posts big blind 40
*** HOLE CARDS ***
Dealt to Mahu2021 [2h Ad]
Dire7or: folds 
SpiNprOg0: raises 305 to 345 and is all-in
Mahu2021: folds 
Uncalled bet (305) returned to SpiNprOg0
SpiNprOg0 collected 80 from pot
SpiNprOg0: doesn't show hand 
*** SUMMARY ***
Total pot 80 | Rake 0 
Seat 1: Dire7or (button) folded before Flop (didn't bet)
Seat 2: SpiNprOg0 (small blind) collected (80)
Seat 3: Mahu2021 (big blind) folded before Flop



PokerStars Hand #252443993915: Tournament #3800416168, $1.84+$0.16 USD Hold'em No Limit - Level III (20/40) - 2024/09/14 16:17:52 CET [2024/09/14 10:17:52 ET]
Table '3800416168 1' 3-max Seat #2 is the button
Seat 1: Dire7or (755 in chips) 
Seat 2: SpiNprOg0 (385 in chips) 
Seat 3: Mahu2021 (360 in chips) 
Mahu2021: posts small blind 20
Dire7or: posts big blind 40
*** HOLE CARDS ***
Dealt to Mahu2021 [4c 9h]
SpiNprOg0: folds 
Mahu2021: folds 
Uncalled bet (20) returned to Dire7or
Dire7or collected 40 from pot
Dire7or: doesn't show hand 
*** SUMMARY ***
Total pot 40 | Rake 0 
Seat 1: Dire7or (big blind) collected (40)
Seat 2: SpiNprOg0 (button) folded before Flop (didn't bet)
Seat 3: Mahu2021 (small blind) folded before Flop



PokerStars Hand #252443994880: Tournament #3800416168, $1.84+$0.16 USD Hold'em No Limit - Level III (20/40) - 2024/09/14 16:17:56 CET [2024/09/14 10:17:56 ET]
Table '3800416168 1' 3-max Seat #3 is the button
Seat 1: Dire7or (775 in chips) 
Seat 2: SpiNprOg0 (385 in chips) 
Seat 3: Mahu2021 (340 in chips) 
Dire7or: posts small blind 20
SpiNprOg0: posts big blind 40
*** HOLE CARDS ***
Dealt to Mahu2021 [6d 2c]
Mahu2021: folds 
Dire7or: calls 20
SpiNprOg0: raises 345 to 385 and is all-in
Dire7or: folds 
Uncalled bet (345) returned to SpiNprOg0
SpiNprOg0 collected 80 from pot
SpiNprOg0: doesn't show hand 
*** SUMMARY ***
Total pot 80 | Rake 0 
Seat 1: Dire7or (small blind) folded before Flop
Seat 2: SpiNprOg0 (big blind) collected (80)
Seat 3: Mahu2021 (button) folded before Flop (didn't bet)



PokerStars Hand #252443997265: Tournament #3800416168, $1.84+$0.16 USD Hold'em No Limit - Level III (20/40) - 2024/09/14 16:18:07 CET [2024/09/14 10:18:07 ET]
Table '3800416168 1' 3-max Seat #1 is the button
Seat 1: Dire7or (735 in chips) 
Seat 2: SpiNprOg0 (425 in chips) 
Seat 3: Mahu2021 (340 in chips) 
SpiNprOg0: posts small blind 20
Mahu2021: posts big blind 40
*** HOLE CARDS ***
Dealt to Mahu2021 [7h 9c]
Dire7or: folds 
SpiNprOg0: raises 385 to 425 and is all-in
Mahu2021: folds 
Uncalled bet (385) returned to SpiNprOg0
SpiNprOg0 collected 80 from pot
SpiNprOg0: doesn't show hand 
*** SUMMARY ***
Total pot 80 | Rake 0 
Seat 1: Dire7or (button) folded before Flop (didn't bet)
Seat 2: SpiNprOg0 (small blind) collected (80)
Seat 3: Mahu2021 (big blind) folded before Flop



PokerStars Hand #252443998563: Tournament #3800416168, $1.84+$0.16 USD Hold'em No Limit - Level III (20/40) - 2024/09/14 16:18:13 CET [2024/09/14 10:18:13 ET]
Table '3800416168 1' 3-max Seat #2 is the button
Seat 1: Dire7or (735 in chips) 
Seat 2: SpiNprOg0 (465 in chips) 
Seat 3: Mahu2021 (300 in chips) 
Mahu2021: posts small blind 20
Dire7or: posts big blind 40
*** HOLE CARDS ***
Dealt to Mahu2021 [6c 4c]
SpiNprOg0: raises 425 to 465 and is all-in
Mahu2021: folds 
Dire7or: folds 
Uncalled bet (425) returned to SpiNprOg0
SpiNprOg0 collected 100 from pot
SpiNprOg0: doesn't show hand 
*** SUMMARY ***
Total pot 100 | Rake 0 
Seat 1: Dire7or (big blind) folded before Flop
Seat 2: SpiNprOg0 (button) collected (100)
Seat 3: Mahu2021 (small blind) folded before Flop



PokerStars Hand #252444000125: Tournament #3800416168, $1.84+$0.16 USD Hold'em No Limit - Level III (20/40) - 2024/09/14 16:18:20 CET [2024/09/14 10:18:20 ET]
Table '3800416168 1' 3-max Seat #3 is the button
Seat 1: Dire7or (695 in chips) 
Seat 2: SpiNprOg0 (525 in chips) 
Seat 3: Mahu2021 (280 in chips) 
Dire7or: posts small blind 20
SpiNprOg0: posts big blind 40
*** HOLE CARDS ***
Dealt to Mahu2021 [Jd Th]
Mahu2021: raises 40 to 80
Dire7or: raises 615 to 695 and is all-in
SpiNprOg0: folds 
Mahu2021: folds 
Uncalled bet (615) returned to Dire7or
Dire7or collected 200 from pot
Dire7or: doesn't show hand 
*** SUMMARY ***
Total pot 200 | Rake 0 
Seat 1: Dire7or (small blind) collected (200)
Seat 2: SpiNprOg0 (big blind) folded before Flop
Seat 3: Mahu2021 (button) folded before Flop



PokerStars Hand #252444002537: Tournament #3800416168, $1.84+$0.16 USD Hold'em No Limit - Level III (20/40) - 2024/09/14 16:18:31 CET [2024/09/14 10:18:31 ET]
Table '3800416168 1' 3-max Seat #1 is the button
Seat 1: Dire7or (815 in chips) 
Seat 2: SpiNprOg0 (485 in chips) 
Seat 3: Mahu2021 (200 in chips) 
SpiNprOg0: posts small blind 20
Mahu2021: posts big blind 40
*** HOLE CARDS ***
Dealt to Mahu2021 [5c 5d]
Dire7or: folds 
SpiNprOg0: raises 445 to 485 and is all-in
Mahu2021: calls 160 and is all-in
Uncalled bet (285) returned to SpiNprOg0
*** FLOP *** [3c 9s 7d]
*** TURN *** [3c 9s 7d] [Th]
*** RIVER *** [3c 9s 7d Th] [As]
*** SHOW DOWN ***
SpiNprOg0: shows [Ks 2c] (high card Ace)
Mahu2021: shows [5c 5d] (a pair of Fives)
Mahu2021 collected 400 from pot
*** SUMMARY ***
Total pot 400 | Rake 0 
Board [3c 9s 7d Th As]
Seat 1: Dire7or (button) folded before Flop (didn't bet)
Seat 2: SpiNprOg0 (small blind) showed [Ks 2c] and lost with high card Ace
Seat 3: Mahu2021 (big blind) showed [5c 5d] and won (400) with a pair of Fives



PokerStars Hand #252444005332: Tournament #3800416168, $1.84+$0.16 USD Hold'em No Limit - Level III (20/40) - 2024/09/14 16:18:44 CET [2024/09/14 10:18:44 ET]
Table '3800416168 1' 3-max Seat #2 is the button
Seat 1: Dire7or (815 in chips) 
Seat 2: SpiNprOg0 (285 in chips) 
Seat 3: Mahu2021 (400 in chips) 
Mahu2021: posts small blind 20
Dire7or: posts big blind 40
*** HOLE CARDS ***
Dealt to Mahu2021 [Kd 4h]
SpiNprOg0: folds 
Mahu2021: calls 20
Dire7or: checks 
*** FLOP *** [8s 9d 6d]
Mahu2021: checks 
Dire7or: checks 
*** TURN *** [8s 9d 6d] [5d]
Mahu2021: checks 
Dire7or: bets 40
Mahu2021: calls 40
*** RIVER *** [8s 9d 6d 5d] [Jd]
Mahu2021: bets 320 and is all-in
Dire7or: calls 320
*** SHOW DOWN ***
Mahu2021: shows [Kd 4h] (a flush, King high)
Dire7or: shows [4d Qd] (a flush, Queen high)
Mahu2021 collected 800 from pot
*** SUMMARY ***
Total pot 800 | Rake 0 
Board [8s 9d 6d 5d Jd]
Seat 1: Dire7or (big blind) showed [4d Qd] and lost with a flush, Queen high
Seat 2: SpiNprOg0 (button) folded before Flop (didn't bet)
Seat 3: Mahu2021 (small blind) showed [Kd 4h] and won (800) with a flush, King high



PokerStars Hand #252444011625: Tournament #3800416168, $1.84+$0.16 USD Hold'em No Limit - Level IV (30/60) - 2024/09/14 16:19:13 CET [2024/09/14 10:19:13 ET]
Table '3800416168 1' 3-max Seat #3 is the button
Seat 1: Dire7or (415 in chips) 
Seat 2: SpiNprOg0 (285 in chips) 
Seat 3: Mahu2021 (800 in chips) 
Dire7or: posts small blind 30
SpiNprOg0: posts big blind 60
*** HOLE CARDS ***
Dealt to Mahu2021 [Qc 8d]
Mahu2021: folds 
Dire7or: raises 355 to 415 and is all-in
SpiNprOg0: calls 225 and is all-in
Uncalled bet (130) returned to Dire7or
*** FLOP *** [Kd 4s Ks]
*** TURN *** [Kd 4s Ks] [Jd]
*** RIVER *** [Kd 4s Ks Jd] [9h]
*** SHOW DOWN ***
Dire7or: shows [Qd 7c] (a pair of Kings)
SpiNprOg0: shows [8c 7h] (a pair of Kings - lower kicker)
Dire7or collected 570 from pot
SpiNprOg0 finished the tournament in 3rd place
*** SUMMARY ***
Total pot 570 | Rake 0 
Board [Kd 4s Ks Jd 9h]
Seat 1: Dire7or (small blind) showed [Qd 7c] and won (570) with a pair of Kings
Seat 2: SpiNprOg0 (big blind) showed [8c 7h] and lost with a pair of Kings
Seat 3: Mahu2021 (button) folded before Flop (didn't bet)



PokerStars Hand #252444015192: Tournament #3800416168, $1.84+$0.16 USD Hold'em No Limit - Level IV (30/60) - 2024/09/14 16:19:30 CET [2024/09/14 10:19:30 ET]
Table '3800416168 1' 3-max Seat #1 is the button
Seat 1: Dire7or (700 in chips) 
Seat 3: Mahu2021 (800 in chips) 
Dire7or: posts small blind 30
Mahu2021: posts big blind 60
*** HOLE CARDS ***
Dealt to Mahu2021 [Kc Th]
Dire7or: calls 30
Mahu2021: checks 
*** FLOP *** [3c 6c 7h]
Mahu2021: checks 
Dire7or: bets 60
Mahu2021: calls 60
*** TURN *** [3c 6c 7h] [4h]
Mahu2021: checks 
Dire7or: bets 120
Mahu2021: folds 
Uncalled bet (120) returned to Dire7or
Dire7or collected 240 from pot
Dire7or: doesn't show hand 
*** SUMMARY ***
Total pot 240 | Rake 0 
Board [3c 6c 7h 4h]
Seat 1: Dire7or (button) (small blind) collected (240)
Seat 3: Mahu2021 (big blind) folded on the Turn



PokerStars Hand #252444019143: Tournament #3800416168, $1.84+$0.16 USD Hold'em No Limit - Level IV (30/60) - 2024/09/14 16:19:49 CET [2024/09/14 10:19:49 ET]
Table '3800416168 1' 3-max Seat #3 is the button
Seat 1: Dire7or (820 in chips) 
Seat 3: Mahu2021 (680 in chips) 
Mahu2021: posts small blind 30
Dire7or: posts big blind 60
*** HOLE CARDS ***
Dealt to Mahu2021 [Qs Qh]
Mahu2021: raises 620 to 680 and is all-in
Dire7or: folds 
Uncalled bet (620) returned to Mahu2021
Mahu2021 collected 120 from pot
Mahu2021: doesn't show hand 
*** SUMMARY ***
Total pot 120 | Rake 0 
Seat 1: Dire7or (big blind) folded before Flop
Seat 3: Mahu2021 (button) (small blind) collected (120)



PokerStars Hand #252444021080: Tournament #3800416168, $1.84+$0.16 USD Hold'em No Limit - Level IV (30/60) - 2024/09/14 16:19:57 CET [2024/09/14 10:19:57 ET]
Table '3800416168 1' 3-max Seat #1 is the button
Seat 1: Dire7or (760 in chips) 
Seat 3: Mahu2021 (740 in chips) 
Dire7or: posts small blind 30
Mahu2021: posts big blind 60
*** HOLE CARDS ***
Dealt to Mahu2021 [2s 6c]
Dire7or: calls 30
Mahu2021: checks 
*** FLOP *** [4s Kd Td]
Mahu2021: checks 
Dire7or: bets 60
Mahu2021: folds 
Uncalled bet (60) returned to Dire7or
Dire7or collected 120 from pot
Dire7or: doesn't show hand 
*** SUMMARY ***
Total pot 120 | Rake 0 
Board [4s Kd Td]
Seat 1: Dire7or (button) (small blind) collected (120)
Seat 3: Mahu2021 (big blind) folded on the Flop



PokerStars Hand #252444023847: Tournament #3800416168, $1.84+$0.16 USD Hold'em No Limit - Level IV (30/60) - 2024/09/14 16:20:10 CET [2024/09/14 10:20:10 ET]
Table '3800416168 1' 3-max Seat #3 is the button
Seat 1: Dire7or (820 in chips) 
Seat 3: Mahu2021 (680 in chips) 
Mahu2021: posts small blind 30
Dire7or: posts big blind 60
*** HOLE CARDS ***
Dealt to Mahu2021 [3c 5c]
Mahu2021: calls 30
Dire7or: checks 
*** FLOP *** [2h 7h Kh]
Dire7or: checks 
Mahu2021: checks 
*** TURN *** [2h 7h Kh] [2c]
Dire7or: bets 60
Mahu2021: folds 
Uncalled bet (60) returned to Dire7or
Dire7or collected 120 from pot
Dire7or: doesn't show hand 
*** SUMMARY ***
Total pot 120 | Rake 0 
Board [2h 7h Kh 2c]
Seat 1: Dire7or (big blind) collected (120)
Seat 3: Mahu2021 (button) (small blind) folded on the Turn



PokerStars Hand #252444027502: Tournament #3800416168, $1.84+$0.16 USD Hold'em No Limit - Level IV (30/60) - 2024/09/14 16:20:27 CET [2024/09/14 10:20:27 ET]
Table '3800416168 1' 3-max Seat #1 is the button
Seat 1: Dire7or (880 in chips) 
Seat 3: Mahu2021 (620 in chips) 
Dire7or: posts small blind 30
Mahu2021: posts big blind 60
*** HOLE CARDS ***
Dealt to Mahu2021 [3h 6h]
Dire7or: calls 30
Mahu2021: checks 
*** FLOP *** [Ah 2h 3c]
Mahu2021: bets 120
Dire7or: folds 
Uncalled bet (120) returned to Mahu2021
Mahu2021 collected 120 from pot
Mahu2021: doesn't show hand 
*** SUMMARY ***
Total pot 120 | Rake 0 
Board [Ah 2h 3c]
Seat 1: Dire7or (button) (small blind) folded on the Flop
Seat 3: Mahu2021 (big blind) collected (120)



PokerStars Hand #252444030771: Tournament #3800416168, $1.84+$0.16 USD Hold'em No Limit - Level IV (30/60) - 2024/09/14 16:20:42 CET [2024/09/14 10:20:42 ET]
Table '3800416168 1' 3-max Seat #3 is the button
Seat 1: Dire7or (820 in chips) 
Seat 3: Mahu2021 (680 in chips) 
Mahu2021: posts small blind 30
Dire7or: posts big blind 60
*** HOLE CARDS ***
Dealt to Mahu2021 [3d 7c]
Mahu2021: folds 
Uncalled bet (30) returned to Dire7or
Dire7or collected 60 from pot
Dire7or: doesn't show hand 
*** SUMMARY ***
Total pot 60 | Rake 0 
Seat 1: Dire7or (big blind) collected (60)
Seat 3: Mahu2021 (button) (small blind) folded before Flop



PokerStars Hand #252444032359: Tournament #3800416168, $1.84+$0.16 USD Hold'em No Limit - Level V (40/80) - 2024/09/14 16:20:50 CET [2024/09/14 10:20:50 ET]
Table '3800416168 1' 3-max Seat #1 is the button
Seat 1: Dire7or (850 in chips) 
Seat 3: Mahu2021 (650 in chips) 
Dire7or: posts small blind 40
Mahu2021: posts big blind 80
*** HOLE CARDS ***
Dealt to Mahu2021 [4s Kd]
Dire7or: calls 40
Mahu2021: checks 
*** FLOP *** [7c 3c 9d]
Mahu2021: checks 
Dire7or: bets 80
Mahu2021: folds 
Uncalled bet (80) returned to Dire7or
Dire7or collected 160 from pot
Dire7or: doesn't show hand 
*** SUMMARY ***
Total pot 160 | Rake 0 
Board [7c 3c 9d]
Seat 1: Dire7or (button) (small blind) collected (160)
Seat 3: Mahu2021 (big blind) folded on the Flop



PokerStars Hand #252444035628: Tournament #3800416168, $1.84+$0.16 USD Hold'em No Limit - Level V (40/80) - 2024/09/14 16:21:05 CET [2024/09/14 10:21:05 ET]
Table '3800416168 1' 3-max Seat #3 is the button
Seat 1: Dire7or (930 in chips) 
Seat 3: Mahu2021 (570 in chips) 
Mahu2021: posts small blind 40
Dire7or: posts big blind 80
*** HOLE CARDS ***
Dealt to Mahu2021 [Kh 4s]
Mahu2021: raises 80 to 160
Dire7or: calls 80
*** FLOP *** [7c Th 5s]
Dire7or: checks 
Mahu2021: bets 80
Dire7or: folds 
Uncalled bet (80) returned to Mahu2021
Mahu2021 collected 320 from pot
Mahu2021: doesn't show hand 
*** SUMMARY ***
Total pot 320 | Rake 0 
Board [7c Th 5s]
Seat 1: Dire7or (big blind) folded on the Flop
Seat 3: Mahu2021 (button) (small blind) collected (320)



PokerStars Hand #252444039191: Tournament #3800416168, $1.84+$0.16 USD Hold'em No Limit - Level V (40/80) - 2024/09/14 16:21:21 CET [2024/09/14 10:21:21 ET]
Table '3800416168 1' 3-max Seat #1 is the button
Seat 1: Dire7or (770 in chips) 
Seat 3: Mahu2021 (730 in chips) 
Dire7or: posts small blind 40
Mahu2021: posts big blind 80
*** HOLE CARDS ***
Dealt to Mahu2021 [4h 5s]
Dire7or: calls 40
Mahu2021: checks 
*** FLOP *** [3h Jh 8s]
Mahu2021: checks 
Dire7or: bets 80
Mahu2021: folds 
Uncalled bet (80) returned to Dire7or
Dire7or collected 160 from pot
Dire7or: doesn't show hand 
*** SUMMARY ***
Total pot 160 | Rake 0 
Board [3h Jh 8s]
Seat 1: Dire7or (button) (small blind) collected (160)
Seat 3: Mahu2021 (big blind) folded on the Flop



PokerStars Hand #252444042532: Tournament #3800416168, $1.84+$0.16 USD Hold'em No Limit - Level V (40/80) - 2024/09/14 16:21:37 CET [2024/09/14 10:21:37 ET]
Table '3800416168 1' 3-max Seat #3 is the button
Seat 1: Dire7or (850 in chips) 
Seat 3: Mahu2021 (650 in chips) 
Mahu2021: posts small blind 40
Dire7or: posts big blind 80
*** HOLE CARDS ***
Dealt to Mahu2021 [9h Jh]
Mahu2021: raises 80 to 160
Dire7or: raises 690 to 850 and is all-in
Mahu2021: folds 
Uncalled bet (690) returned to Dire7or
Dire7or collected 320 from pot
Dire7or: doesn't show hand 
*** SUMMARY ***
Total pot 320 | Rake 0 
Seat 1: Dire7or (big blind) collected (320)
Seat 3: Mahu2021 (button) (small blind) folded before Flop



PokerStars Hand #252444044346: Tournament #3800416168, $1.84+$0.16 USD Hold'em No Limit - Level V (40/80) - 2024/09/14 16:21:46 CET [2024/09/14 10:21:46 ET]
Table '3800416168 1' 3-max Seat #1 is the button
Seat 1: Dire7or (1010 in chips) 
Seat 3: Mahu2021 (490 in chips) 
Dire7or: posts small blind 40
Mahu2021: posts big blind 80
*** HOLE CARDS ***
Dealt to Mahu2021 [8d 9d]
Dire7or: folds 
Uncalled bet (40) returned to Mahu2021
Mahu2021 collected 80 from pot
Mahu2021: doesn't show hand 
*** SUMMARY ***
Total pot 80 | Rake 0 
Seat 1: Dire7or (button) (small blind) folded before Flop
Seat 3: Mahu2021 (big blind) collected (80)



PokerStars Hand #252444046661: Tournament #3800416168, $1.84+$0.16 USD Hold'em No Limit - Level V (40/80) - 2024/09/14 16:21:57 CET [2024/09/14 10:21:57 ET]
Table '3800416168 1' 3-max Seat #3 is the button
Seat 1: Dire7or (970 in chips) 
Seat 3: Mahu2021 (530 in chips) 
Mahu2021: posts small blind 40
Dire7or: posts big blind 80
*** HOLE CARDS ***
Dealt to Mahu2021 [4d Kh]
Mahu2021: raises 450 to 530 and is all-in
Dire7or: folds 
Uncalled bet (450) returned to Mahu2021
Mahu2021 collected 160 from pot
Mahu2021: doesn't show hand 
*** SUMMARY ***
Total pot 160 | Rake 0 
Seat 1: Dire7or (big blind) folded before Flop
Seat 3: Mahu2021 (button) (small blind) collected (160)



PokerStars Hand #252444048237: Tournament #3800416168, $1.84+$0.16 USD Hold'em No Limit - Level V (40/80) - 2024/09/14 16:22:04 CET [2024/09/14 10:22:04 ET]
Table '3800416168 1' 3-max Seat #1 is the button
Seat 1: Dire7or (890 in chips) 
Seat 3: Mahu2021 (610 in chips) 
Dire7or: posts small blind 40
Mahu2021: posts big blind 80
*** HOLE CARDS ***
Dealt to Mahu2021 [4h 3h]
Dire7or: raises 810 to 890 and is all-in
Mahu2021: folds 
Uncalled bet (810) returned to Dire7or
Dire7or collected 160 from pot
Dire7or: doesn't show hand 
*** SUMMARY ***
Total pot 160 | Rake 0 
Seat 1: Dire7or (button) (small blind) collected (160)
Seat 3: Mahu2021 (big blind) folded before Flop



PokerStars Hand #252444050141: Tournament #3800416168, $1.84+$0.16 USD Hold'em No Limit - Level V (40/80) - 2024/09/14 16:22:13 CET [2024/09/14 10:22:13 ET]
Table '3800416168 1' 3-max Seat #3 is the button
Seat 1: Dire7or (970 in chips) 
Seat 3: Mahu2021 (530 in chips) 
Mahu2021: posts small blind 40
Dire7or: posts big blind 80
*** HOLE CARDS ***
Dealt to Mahu2021 [7s Ks]
Mahu2021: raises 450 to 530 and is all-in
Dire7or: folds 
Uncalled bet (450) returned to Mahu2021
Mahu2021 collected 160 from pot
Mahu2021: doesn't show hand 
*** SUMMARY ***
Total pot 160 | Rake 0 
Seat 1: Dire7or (big blind) folded before Flop
Seat 3: Mahu2021 (button) (small blind) collected (160)



PokerStars Hand #252444051845: Tournament #3800416168, $1.84+$0.16 USD Hold'em No Limit - Level V (40/80) - 2024/09/14 16:22:20 CET [2024/09/14 10:22:20 ET]
Table '3800416168 1' 3-max Seat #1 is the button
Seat 1: Dire7or (890 in chips) 
Seat 3: Mahu2021 (610 in chips) 
Dire7or: posts small blind 40
Mahu2021: posts big blind 80
*** HOLE CARDS ***
Dealt to Mahu2021 [Js 7c]
Dire7or: raises 810 to 890 and is all-in
Mahu2021: folds 
Uncalled bet (810) returned to Dire7or
Dire7or collected 160 from pot
Dire7or: doesn't show hand 
*** SUMMARY ***
Total pot 160 | Rake 0 
Seat 1: Dire7or (button) (small blind) collected (160)
Seat 3: Mahu2021 (big blind) folded before Flop



PokerStars Hand #252444053418: Tournament #3800416168, $1.84+$0.16 USD Hold'em No Limit - Level V (40/80) - 2024/09/14 16:22:28 CET [2024/09/14 10:22:28 ET]
Table '3800416168 1' 3-max Seat #3 is the button
Seat 1: Dire7or (970 in chips) 
Seat 3: Mahu2021 (530 in chips) 
Mahu2021: posts small blind 40
Dire7or: posts big blind 80
*** HOLE CARDS ***
Dealt to Mahu2021 [Qd Ac]
Mahu2021: raises 80 to 160
Dire7or: calls 80
*** FLOP *** [9h 9c 3d]
Dire7or: checks 
Mahu2021: bets 370 and is all-in
Dire7or: calls 370
*** TURN *** [9h 9c 3d] [7d]
*** RIVER *** [9h 9c 3d 7d] [4s]
*** SHOW DOWN ***
Dire7or: shows [Kd 3h] (two pair, Nines and Threes)
Mahu2021: shows [Qd Ac] (a pair of Nines)
Dire7or collected 1060 from pot
Mahu2021 finished the tournament in 2nd place
Dire7or wins the tournament and receives $4.00 - congratulations!
*** SUMMARY ***
Total pot 1060 | Rake 0 
Board [9h 9c 3d 7d 4s]
Seat 1: Dire7or (big blind) showed [Kd 3h] and won (1060) with two pair, Nines and Threes
Seat 3: Mahu2021 (button) (small blind) showed [Qd Ac] and lost with a pair of Nines



