PokerStars Hand #246546475542: Tournament #3657324672, $7.20+$7.50+$1.80 USD Hold'em No Limit - Level I (25/50) - 2023/10/15 15:34:31 CET [2023/10/15 9:34:31 ET]
Table '3657324672 14' 8-max Seat #8 is the button
Seat 1: naziknazar (5341 in chips, $7.50 bounty) 
Seat 2: jhepoke (4658 in chips, $7.50 bounty) 
Seat 3: Mahu2021 (5000 in chips, $7.50 bounty) 
Seat 4: D1man1982 (4827 in chips, $7.50 bounty) 
Seat 5: masthammer (5566 in chips, $7.50 bounty) 
Seat 6: Mightymo_89 (4992 in chips, $7.50 bounty) 
Seat 7: arharovec (4516 in chips, $7.50 bounty) 
Seat 8: zneelix12 (5058 in chips, $7.50 bounty) 
naziknazar: posts the ante 8
jhepoke: posts the ante 8
Mahu2021: posts the ante 8
D1man1982: posts the ante 8
masthammer: posts the ante 8
Mightymo_89: posts the ante 8
arharovec: posts the ante 8
zneelix12: posts the ante 8
naziknazar: posts small blind 25
jhepoke: posts big blind 50
*** HOLE CARDS ***
Dealt to Mahu2021 [5c Ah]
Mahu2021: folds 
D1man1982: folds 
masthammer: folds 
Mightymo_89: folds 
arharovec: raises 50 to 100
zneelix12: folds 
naziknazar: calls 75
jhepoke: folds 
*** FLOP *** [3c Jh As]
naziknazar: checks 
arharovec: bets 79
naziknazar: calls 79
*** TURN *** [3c Jh As] [Ad]
naziknazar: checks 
arharovec: bets 250
naziknazar: calls 250
*** RIVER *** [3c Jh As Ad] [9c]
naziknazar: checks 
arharovec: checks 
*** SHOW DOWN ***
naziknazar: shows [Jc 8c] (two pair, Aces and Jacks)
arharovec: mucks hand 
naziknazar collected 972 from pot
*** SUMMARY ***
Total pot 972 | Rake 0 
Board [3c Jh As Ad 9c]
Seat 1: naziknazar (small blind) showed [Jc 8c] and won (972) with two pair, Aces and Jacks
Seat 2: jhepoke (big blind) folded before Flop
Seat 3: Mahu2021 folded before Flop (didn't bet)
Seat 4: D1man1982 folded before Flop (didn't bet)
Seat 5: masthammer folded before Flop (didn't bet)
Seat 6: Mightymo_89 folded before Flop (didn't bet)
Seat 7: arharovec mucked [Qc 7c]
Seat 8: zneelix12 (button) folded before Flop (didn't bet)



PokerStars Hand #246546492334: Tournament #3657324672, $7.20+$7.50+$1.80 USD Hold'em No Limit - Level I (25/50) - 2023/10/15 15:35:42 CET [2023/10/15 9:35:42 ET]
Table '3657324672 14' 8-max Seat #1 is the button
Seat 1: naziknazar (5876 in chips, $7.50 bounty) 
Seat 2: jhepoke (4600 in chips, $7.50 bounty) 
Seat 3: Mahu2021 (4992 in chips, $7.50 bounty) 
Seat 4: D1man1982 (4819 in chips, $7.50 bounty) 
Seat 5: masthammer (5558 in chips, $7.50 bounty) 
Seat 6: Mightymo_89 (4984 in chips, $7.50 bounty) 
Seat 7: arharovec (4079 in chips, $7.50 bounty) 
Seat 8: zneelix12 (5050 in chips, $7.50 bounty) 
naziknazar: posts the ante 8
jhepoke: posts the ante 8
Mahu2021: posts the ante 8
D1man1982: posts the ante 8
masthammer: posts the ante 8
Mightymo_89: posts the ante 8
arharovec: posts the ante 8
zneelix12: posts the ante 8
jhepoke: posts small blind 25
Mahu2021: posts big blind 50
*** HOLE CARDS ***
Dealt to Mahu2021 [2h 6s]
D1man1982: raises 75 to 125
masthammer: calls 125
Mightymo_89: folds 
arharovec: folds 
zneelix12: folds 
naziknazar: folds 
jhepoke: folds 
Mahu2021: folds 
*** FLOP *** [Jh 8s As]
D1man1982: bets 195
masthammer: folds 
Uncalled bet (195) returned to D1man1982
D1man1982 collected 389 from pot
D1man1982: doesn't show hand 
*** SUMMARY ***
Total pot 389 | Rake 0 
Board [Jh 8s As]
Seat 1: naziknazar (button) folded before Flop (didn't bet)
Seat 2: jhepoke (small blind) folded before Flop
Seat 3: Mahu2021 (big blind) folded before Flop
Seat 4: D1man1982 collected (389)
Seat 5: masthammer folded on the Flop
Seat 6: Mightymo_89 folded before Flop (didn't bet)
Seat 7: arharovec folded before Flop (didn't bet)
Seat 8: zneelix12 folded before Flop (didn't bet)



PokerStars Hand #246546503820: Tournament #3657324672, $7.20+$7.50+$1.80 USD Hold'em No Limit - Level I (25/50) - 2023/10/15 15:36:29 CET [2023/10/15 9:36:29 ET]
Table '3657324672 14' 8-max Seat #2 is the button
Seat 1: naziknazar (5868 in chips, $7.50 bounty) 
Seat 2: jhepoke (4567 in chips, $7.50 bounty) 
Seat 3: Mahu2021 (4934 in chips, $7.50 bounty) 
Seat 4: D1man1982 (5075 in chips, $7.50 bounty) 
Seat 5: masthammer (5425 in chips, $7.50 bounty) 
Seat 6: Mightymo_89 (4976 in chips, $7.50 bounty) 
Seat 7: arharovec (4071 in chips, $7.50 bounty) 
Seat 8: zneelix12 (5042 in chips, $7.50 bounty) 
naziknazar: posts the ante 8
jhepoke: posts the ante 8
Mahu2021: posts the ante 8
D1man1982: posts the ante 8
masthammer: posts the ante 8
Mightymo_89: posts the ante 8
arharovec: posts the ante 8
zneelix12: posts the ante 8
Mahu2021: posts small blind 25
D1man1982: posts big blind 50
*** HOLE CARDS ***
Dealt to Mahu2021 [Th Qs]
masthammer: raises 50 to 100
Mightymo_89: folds 
arharovec: folds 
zneelix12: folds 
naziknazar: folds 
jhepoke: folds 
Mahu2021: folds 
D1man1982: folds 
Uncalled bet (50) returned to masthammer
masthammer collected 189 from pot
masthammer: doesn't show hand 
*** SUMMARY ***
Total pot 189 | Rake 0 
Seat 1: naziknazar folded before Flop (didn't bet)
Seat 2: jhepoke (button) folded before Flop (didn't bet)
Seat 3: Mahu2021 (small blind) folded before Flop
Seat 4: D1man1982 (big blind) folded before Flop
Seat 5: masthammer collected (189)
Seat 6: Mightymo_89 folded before Flop (didn't bet)
Seat 7: arharovec folded before Flop (didn't bet)
Seat 8: zneelix12 folded before Flop (didn't bet)



PokerStars Hand #246546508014: Tournament #3657324672, $7.20+$7.50+$1.80 USD Hold'em No Limit - Level I (25/50) - 2023/10/15 15:36:47 CET [2023/10/15 9:36:47 ET]
Table '3657324672 14' 8-max Seat #3 is the button
Seat 1: naziknazar (5860 in chips, $7.50 bounty) 
Seat 2: jhepoke (4559 in chips, $7.50 bounty) 
Seat 3: Mahu2021 (4901 in chips, $7.50 bounty) 
Seat 4: D1man1982 (5017 in chips, $7.50 bounty) 
Seat 5: masthammer (5556 in chips, $7.50 bounty) 
Seat 6: Mightymo_89 (4968 in chips, $7.50 bounty) 
Seat 7: arharovec (4063 in chips, $7.50 bounty) 
Seat 8: zneelix12 (5034 in chips, $7.50 bounty) 
naziknazar: posts the ante 8
jhepoke: posts the ante 8
Mahu2021: posts the ante 8
D1man1982: posts the ante 8
masthammer: posts the ante 8
Mightymo_89: posts the ante 8
arharovec: posts the ante 8
zneelix12: posts the ante 8
D1man1982: posts small blind 25
masthammer: posts big blind 50
*** HOLE CARDS ***
Dealt to Mahu2021 [9h 7c]
Mightymo_89: folds 
arharovec: folds 
zneelix12: folds 
naziknazar: raises 50 to 100
jhepoke: folds 
Mahu2021: calls 100
D1man1982: folds 
masthammer: folds 
*** FLOP *** [2h 8d 8h]
naziknazar: bets 127
Mahu2021: folds 
Uncalled bet (127) returned to naziknazar
naziknazar collected 339 from pot
naziknazar: doesn't show hand 
*** SUMMARY ***
Total pot 339 | Rake 0 
Board [2h 8d 8h]
Seat 1: naziknazar collected (339)
Seat 2: jhepoke folded before Flop (didn't bet)
Seat 3: Mahu2021 (button) folded on the Flop
Seat 4: D1man1982 (small blind) folded before Flop
Seat 5: masthammer (big blind) folded before Flop
Seat 6: Mightymo_89 folded before Flop (didn't bet)
Seat 7: arharovec folded before Flop (didn't bet)
Seat 8: zneelix12 folded before Flop (didn't bet)



PokerStars Hand #246546518808: Tournament #3657324672, $7.20+$7.50+$1.80 USD Hold'em No Limit - Level I (25/50) - 2023/10/15 15:37:32 CET [2023/10/15 9:37:32 ET]
Table '3657324672 14' 8-max Seat #4 is the button
Seat 1: naziknazar (6091 in chips, $7.50 bounty) 
Seat 2: jhepoke (4551 in chips, $7.50 bounty) 
Seat 3: Mahu2021 (4793 in chips, $7.50 bounty) 
Seat 4: D1man1982 (4984 in chips, $7.50 bounty) 
Seat 5: masthammer (5498 in chips, $7.50 bounty) 
Seat 6: Mightymo_89 (4960 in chips, $7.50 bounty) 
Seat 7: arharovec (4055 in chips, $7.50 bounty) 
Seat 8: zneelix12 (5026 in chips, $7.50 bounty) 
naziknazar: posts the ante 8
jhepoke: posts the ante 8
Mahu2021: posts the ante 8
D1man1982: posts the ante 8
masthammer: posts the ante 8
Mightymo_89: posts the ante 8
arharovec: posts the ante 8
zneelix12: posts the ante 8
masthammer: posts small blind 25
Mightymo_89: posts big blind 50
*** HOLE CARDS ***
Dealt to Mahu2021 [6h Kc]
arharovec: folds 
zneelix12: folds 
naziknazar: raises 50 to 100
jhepoke: folds 
Mahu2021: folds 
D1man1982: folds 
masthammer: folds 
Mightymo_89: calls 50
*** FLOP *** [Qd 4h 3c]
Mightymo_89: checks 
naziknazar: bets 75
Mightymo_89: calls 75
*** TURN *** [Qd 4h 3c] [5h]
Mightymo_89: checks 
naziknazar: bets 266
Mightymo_89: raises 536 to 802
naziknazar: folds 
Uncalled bet (536) returned to Mightymo_89
Mightymo_89 collected 971 from pot
Mightymo_89: doesn't show hand 
*** SUMMARY ***
Total pot 971 | Rake 0 
Board [Qd 4h 3c 5h]
Seat 1: naziknazar folded on the Turn
Seat 2: jhepoke folded before Flop (didn't bet)
Seat 3: Mahu2021 folded before Flop (didn't bet)
Seat 4: D1man1982 (button) folded before Flop (didn't bet)
Seat 5: masthammer (small blind) folded before Flop
Seat 6: Mightymo_89 (big blind) collected (971)
Seat 7: arharovec folded before Flop (didn't bet)
Seat 8: zneelix12 folded before Flop (didn't bet)



PokerStars Hand #246546537350: Tournament #3657324672, $7.20+$7.50+$1.80 USD Hold'em No Limit - Level II (30/60) - 2023/10/15 15:38:49 CET [2023/10/15 9:38:49 ET]
Table '3657324672 14' 8-max Seat #5 is the button
Seat 1: naziknazar (5642 in chips, $7.50 bounty) 
Seat 2: jhepoke (4543 in chips, $7.50 bounty) 
Seat 3: Mahu2021 (4785 in chips, $7.50 bounty) 
Seat 4: D1man1982 (4976 in chips, $7.50 bounty) 
Seat 5: masthammer (5465 in chips, $7.50 bounty) 
Seat 6: Mightymo_89 (5482 in chips, $7.50 bounty) 
Seat 7: arharovec (4047 in chips, $7.50 bounty) 
Seat 8: zneelix12 (5018 in chips, $7.50 bounty) 
naziknazar: posts the ante 9
jhepoke: posts the ante 9
Mahu2021: posts the ante 9
D1man1982: posts the ante 9
masthammer: posts the ante 9
Mightymo_89: posts the ante 9
arharovec: posts the ante 9
zneelix12: posts the ante 9
Mightymo_89: posts small blind 30
arharovec: posts big blind 60
*** HOLE CARDS ***
Dealt to Mahu2021 [9c Ac]
zneelix12: folds 
naziknazar: folds 
jhepoke: folds 
Mahu2021: raises 60 to 120
D1man1982: folds 
masthammer: folds 
Mightymo_89: folds 
arharovec: calls 60
*** FLOP *** [3c 5c Ks]
arharovec: checks 
Mahu2021: bets 342
arharovec: calls 342
*** TURN *** [3c 5c Ks] [8d]
arharovec: checks 
Mahu2021: bets 1026
arharovec: calls 1026
*** RIVER *** [3c 5c Ks 8d] [Kd]
arharovec: checks 
Mahu2021: checks 
*** SHOW DOWN ***
arharovec: shows [Kh Jh] (three of a kind, Kings)
Mahu2021: mucks hand 
arharovec collected 3078 from pot
*** SUMMARY ***
Total pot 3078 | Rake 0 
Board [3c 5c Ks 8d Kd]
Seat 1: naziknazar folded before Flop (didn't bet)
Seat 2: jhepoke folded before Flop (didn't bet)
Seat 3: Mahu2021 mucked [9c Ac]
Seat 4: D1man1982 folded before Flop (didn't bet)
Seat 5: masthammer (button) folded before Flop (didn't bet)
Seat 6: Mightymo_89 (small blind) folded before Flop
Seat 7: arharovec (big blind) showed [Kh Jh] and won (3078) with three of a kind, Kings
Seat 8: zneelix12 folded before Flop (didn't bet)



PokerStars Hand #246546549965: Tournament #3657324672, $7.20+$7.50+$1.80 USD Hold'em No Limit - Level II (30/60) - 2023/10/15 15:39:41 CET [2023/10/15 9:39:41 ET]
Table '3657324672 14' 8-max Seat #6 is the button
Seat 1: naziknazar (5633 in chips, $7.50 bounty) 
Seat 2: jhepoke (4534 in chips, $7.50 bounty) 
Seat 3: Mahu2021 (3288 in chips, $7.50 bounty) 
Seat 4: D1man1982 (4967 in chips, $7.50 bounty) 
Seat 5: masthammer (5456 in chips, $7.50 bounty) 
Seat 6: Mightymo_89 (5443 in chips, $7.50 bounty) 
Seat 7: arharovec (5628 in chips, $7.50 bounty) 
Seat 8: zneelix12 (5009 in chips, $7.50 bounty) 
naziknazar: posts the ante 9
jhepoke: posts the ante 9
Mahu2021: posts the ante 9
D1man1982: posts the ante 9
masthammer: posts the ante 9
Mightymo_89: posts the ante 9
arharovec: posts the ante 9
zneelix12: posts the ante 9
arharovec: posts small blind 30
zneelix12: posts big blind 60
*** HOLE CARDS ***
Dealt to Mahu2021 [6d Ks]
naziknazar: folds 
jhepoke: folds 
Mahu2021: folds 
D1man1982: folds 
masthammer: folds 
Mightymo_89: raises 72 to 132
arharovec: folds 
zneelix12: calls 72
*** FLOP *** [8d 3s Ah]
zneelix12: checks 
Mightymo_89: bets 303
zneelix12: folds 
Uncalled bet (303) returned to Mightymo_89
Mightymo_89 collected 366 from pot
Mightymo_89: doesn't show hand 
*** SUMMARY ***
Total pot 366 | Rake 0 
Board [8d 3s Ah]
Seat 1: naziknazar folded before Flop (didn't bet)
Seat 2: jhepoke folded before Flop (didn't bet)
Seat 3: Mahu2021 folded before Flop (didn't bet)
Seat 4: D1man1982 folded before Flop (didn't bet)
Seat 5: masthammer folded before Flop (didn't bet)
Seat 6: Mightymo_89 (button) collected (366)
Seat 7: arharovec (small blind) folded before Flop
Seat 8: zneelix12 (big blind) folded on the Flop



PokerStars Hand #246546560717: Tournament #3657324672, $7.20+$7.50+$1.80 USD Hold'em No Limit - Level II (30/60) - 2023/10/15 15:40:25 CET [2023/10/15 9:40:25 ET]
Table '3657324672 14' 8-max Seat #7 is the button
Seat 1: naziknazar (5624 in chips, $7.50 bounty) 
Seat 2: jhepoke (4525 in chips, $7.50 bounty) 
Seat 3: Mahu2021 (3279 in chips, $7.50 bounty) 
Seat 4: D1man1982 (4958 in chips, $7.50 bounty) 
Seat 5: masthammer (5447 in chips, $7.50 bounty) 
Seat 6: Mightymo_89 (5668 in chips, $7.50 bounty) 
Seat 7: arharovec (5589 in chips, $7.50 bounty) 
Seat 8: zneelix12 (4868 in chips, $7.50 bounty) 
naziknazar: posts the ante 9
jhepoke: posts the ante 9
Mahu2021: posts the ante 9
D1man1982: posts the ante 9
masthammer: posts the ante 9
Mightymo_89: posts the ante 9
arharovec: posts the ante 9
zneelix12: posts the ante 9
zneelix12: posts small blind 30
naziknazar: posts big blind 60
*** HOLE CARDS ***
Dealt to Mahu2021 [5d 2c]
jhepoke: folds 
Mahu2021: folds 
D1man1982: folds 
masthammer: folds 
Mightymo_89: raises 192 to 252
arharovec: folds 
zneelix12: folds 
naziknazar: calls 192
*** FLOP *** [9h 4h 8c]
naziknazar: checks 
Mightymo_89: checks 
*** TURN *** [9h 4h 8c] [2d]
naziknazar: bets 333
Mightymo_89: calls 333
*** RIVER *** [9h 4h 8c 2d] [Qd]
naziknazar: bets 954
Mightymo_89: folds 
Uncalled bet (954) returned to naziknazar
naziknazar collected 1272 from pot
naziknazar: doesn't show hand 
*** SUMMARY ***
Total pot 1272 | Rake 0 
Board [9h 4h 8c 2d Qd]
Seat 1: naziknazar (big blind) collected (1272)
Seat 2: jhepoke folded before Flop (didn't bet)
Seat 3: Mahu2021 folded before Flop (didn't bet)
Seat 4: D1man1982 folded before Flop (didn't bet)
Seat 5: masthammer folded before Flop (didn't bet)
Seat 6: Mightymo_89 folded on the River
Seat 7: arharovec (button) folded before Flop (didn't bet)
Seat 8: zneelix12 (small blind) folded before Flop



PokerStars Hand #246546577416: Tournament #3657324672, $7.20+$7.50+$1.80 USD Hold'em No Limit - Level II (30/60) - 2023/10/15 15:41:34 CET [2023/10/15 9:41:34 ET]
Table '3657324672 14' 8-max Seat #8 is the button
Seat 1: naziknazar (6302 in chips, $7.50 bounty) 
Seat 2: jhepoke (4516 in chips, $7.50 bounty) 
Seat 3: Mahu2021 (3270 in chips, $7.50 bounty) 
Seat 4: D1man1982 (4949 in chips, $7.50 bounty) 
Seat 5: masthammer (5438 in chips, $7.50 bounty) 
Seat 6: Mightymo_89 (5074 in chips, $7.50 bounty) 
Seat 7: arharovec (5580 in chips, $7.50 bounty) 
Seat 8: zneelix12 (4829 in chips, $7.50 bounty) 
naziknazar: posts the ante 9
jhepoke: posts the ante 9
Mahu2021: posts the ante 9
D1man1982: posts the ante 9
masthammer: posts the ante 9
Mightymo_89: posts the ante 9
arharovec: posts the ante 9
zneelix12: posts the ante 9
naziknazar: posts small blind 30
jhepoke: posts big blind 60
*** HOLE CARDS ***
Dealt to Mahu2021 [Tc 2c]
Mahu2021: folds 
D1man1982: folds 
masthammer: folds 
Mightymo_89: folds 
arharovec: raises 60 to 120
zneelix12: raises 240 to 360
naziknazar: folds 
jhepoke: folds 
arharovec: folds 
Uncalled bet (240) returned to zneelix12
zneelix12 collected 402 from pot
zneelix12: doesn't show hand 
*** SUMMARY ***
Total pot 402 | Rake 0 
Seat 1: naziknazar (small blind) folded before Flop
Seat 2: jhepoke (big blind) folded before Flop
Seat 3: Mahu2021 folded before Flop (didn't bet)
Seat 4: D1man1982 folded before Flop (didn't bet)
Seat 5: masthammer folded before Flop (didn't bet)
Seat 6: Mightymo_89 folded before Flop (didn't bet)
Seat 7: arharovec folded before Flop
Seat 8: zneelix12 (button) collected (402)



PokerStars Hand #246546591576: Tournament #3657324672, $7.20+$7.50+$1.80 USD Hold'em No Limit - Level II (30/60) - 2023/10/15 15:42:33 CET [2023/10/15 9:42:33 ET]
Table '3657324672 14' 8-max Seat #1 is the button
Seat 1: naziknazar (6263 in chips, $7.50 bounty) 
Seat 2: jhepoke (4447 in chips, $7.50 bounty) 
Seat 3: Mahu2021 (3261 in chips, $7.50 bounty) 
Seat 4: D1man1982 (4940 in chips, $7.50 bounty) 
Seat 5: masthammer (5429 in chips, $7.50 bounty) 
Seat 6: Mightymo_89 (5065 in chips, $7.50 bounty) 
Seat 7: arharovec (5451 in chips, $7.50 bounty) 
Seat 8: zneelix12 (5102 in chips, $7.50 bounty) 
naziknazar: posts the ante 9
jhepoke: posts the ante 9
Mahu2021: posts the ante 9
D1man1982: posts the ante 9
masthammer: posts the ante 9
Mightymo_89: posts the ante 9
arharovec: posts the ante 9
zneelix12: posts the ante 9
jhepoke: posts small blind 30
Mahu2021: posts big blind 60
*** HOLE CARDS ***
Dealt to Mahu2021 [5d 7h]
D1man1982: folds 
masthammer: folds 
Mightymo_89: raises 180 to 240
arharovec: folds 
zneelix12: folds 
naziknazar: calls 240
jhepoke: folds 
Mahu2021: folds 
*** FLOP *** [5s Th Ks]
Mightymo_89: bets 360
naziknazar: calls 360
*** TURN *** [5s Th Ks] [6c]
Mightymo_89: bets 741
naziknazar: folds 
Uncalled bet (741) returned to Mightymo_89
Mightymo_89 collected 1362 from pot
Mightymo_89: doesn't show hand 
*** SUMMARY ***
Total pot 1362 | Rake 0 
Board [5s Th Ks 6c]
Seat 1: naziknazar (button) folded on the Turn
Seat 2: jhepoke (small blind) folded before Flop
Seat 3: Mahu2021 (big blind) folded before Flop
Seat 4: D1man1982 folded before Flop (didn't bet)
Seat 5: masthammer folded before Flop (didn't bet)
Seat 6: Mightymo_89 collected (1362)
Seat 7: arharovec folded before Flop (didn't bet)
Seat 8: zneelix12 folded before Flop (didn't bet)



PokerStars Hand #246546605765: Tournament #3657324672, $7.20+$7.50+$1.80 USD Hold'em No Limit - Level II (30/60) - 2023/10/15 15:43:32 CET [2023/10/15 9:43:32 ET]
Table '3657324672 14' 8-max Seat #2 is the button
Seat 1: naziknazar (5654 in chips, $7.50 bounty) 
Seat 2: jhepoke (4408 in chips, $7.50 bounty) 
Seat 3: Mahu2021 (3192 in chips, $7.50 bounty) 
Seat 4: D1man1982 (4931 in chips, $7.50 bounty) 
Seat 5: masthammer (5420 in chips, $7.50 bounty) 
Seat 6: Mightymo_89 (5818 in chips, $7.50 bounty) 
Seat 7: arharovec (5442 in chips, $7.50 bounty) 
Seat 8: zneelix12 (5093 in chips, $7.50 bounty) 
naziknazar: posts the ante 9
jhepoke: posts the ante 9
Mahu2021: posts the ante 9
D1man1982: posts the ante 9
masthammer: posts the ante 9
Mightymo_89: posts the ante 9
arharovec: posts the ante 9
zneelix12: posts the ante 9
Mahu2021: posts small blind 30
D1man1982: posts big blind 60
*** HOLE CARDS ***
Dealt to Mahu2021 [Ad Jc]
masthammer: folds 
Mightymo_89: folds 
arharovec: folds 
zneelix12: folds 
naziknazar: folds 
jhepoke: folds 
Mahu2021: raises 120 to 180
D1man1982: folds 
Uncalled bet (120) returned to Mahu2021
Mahu2021 collected 192 from pot
Mahu2021: doesn't show hand 
*** SUMMARY ***
Total pot 192 | Rake 0 
Seat 1: naziknazar folded before Flop (didn't bet)
Seat 2: jhepoke (button) folded before Flop (didn't bet)
Seat 3: Mahu2021 (small blind) collected (192)
Seat 4: D1man1982 (big blind) folded before Flop
Seat 5: masthammer folded before Flop (didn't bet)
Seat 6: Mightymo_89 folded before Flop (didn't bet)
Seat 7: arharovec folded before Flop (didn't bet)
Seat 8: zneelix12 folded before Flop (didn't bet)



PokerStars Hand #246546612303: Tournament #3657324672, $7.20+$7.50+$1.80 USD Hold'em No Limit - Level II (30/60) - 2023/10/15 15:43:59 CET [2023/10/15 9:43:59 ET]
Table '3657324672 14' 8-max Seat #3 is the button
Seat 1: naziknazar (5645 in chips, $7.50 bounty) 
Seat 2: jhepoke (4399 in chips, $7.50 bounty) 
Seat 3: Mahu2021 (3315 in chips, $7.50 bounty) 
Seat 4: D1man1982 (4862 in chips, $7.50 bounty) 
Seat 5: masthammer (5411 in chips, $7.50 bounty) 
Seat 6: Mightymo_89 (5809 in chips, $7.50 bounty) 
Seat 7: arharovec (5433 in chips, $7.50 bounty) 
Seat 8: zneelix12 (5084 in chips, $7.50 bounty) 
naziknazar: posts the ante 9
jhepoke: posts the ante 9
Mahu2021: posts the ante 9
D1man1982: posts the ante 9
masthammer: posts the ante 9
Mightymo_89: posts the ante 9
arharovec: posts the ante 9
zneelix12: posts the ante 9
D1man1982: posts small blind 30
masthammer: posts big blind 60
*** HOLE CARDS ***
Dealt to Mahu2021 [6d 2d]
Mightymo_89: raises 192 to 252
arharovec: folds 
zneelix12: folds 
naziknazar: folds 
jhepoke: folds 
Mahu2021: folds 
D1man1982: folds 
masthammer: folds 
Uncalled bet (192) returned to Mightymo_89
Mightymo_89 collected 222 from pot
Mightymo_89: doesn't show hand 
*** SUMMARY ***
Total pot 222 | Rake 0 
Seat 1: naziknazar folded before Flop (didn't bet)
Seat 2: jhepoke folded before Flop (didn't bet)
Seat 3: Mahu2021 (button) folded before Flop (didn't bet)
Seat 4: D1man1982 (small blind) folded before Flop
Seat 5: masthammer (big blind) folded before Flop
Seat 6: Mightymo_89 collected (222)
Seat 7: arharovec folded before Flop (didn't bet)
Seat 8: zneelix12 folded before Flop (didn't bet)



PokerStars Hand #246546623805: Tournament #3657324672, $7.20+$7.50+$1.80 USD Hold'em No Limit - Level II (30/60) - 2023/10/15 15:44:46 CET [2023/10/15 9:44:46 ET]
Table '3657324672 14' 8-max Seat #4 is the button
Seat 1: naziknazar (5636 in chips, $7.50 bounty) 
Seat 2: jhepoke (4390 in chips, $7.50 bounty) 
Seat 3: Mahu2021 (3306 in chips, $7.50 bounty) 
Seat 4: D1man1982 (4823 in chips, $7.50 bounty) 
Seat 5: masthammer (5342 in chips, $7.50 bounty) 
Seat 6: Mightymo_89 (5962 in chips, $7.50 bounty) 
Seat 7: arharovec (5424 in chips, $7.50 bounty) 
Seat 8: zneelix12 (5075 in chips, $7.50 bounty) 
naziknazar: posts the ante 9
jhepoke: posts the ante 9
Mahu2021: posts the ante 9
D1man1982: posts the ante 9
masthammer: posts the ante 9
Mightymo_89: posts the ante 9
arharovec: posts the ante 9
zneelix12: posts the ante 9
masthammer: posts small blind 30
Mightymo_89: posts big blind 60
*** HOLE CARDS ***
Dealt to Mahu2021 [8s Kh]
arharovec: folds 
zneelix12: raises 60 to 120
naziknazar: folds 
jhepoke: folds 
Mahu2021: folds 
D1man1982: folds 
masthammer: folds 
Mightymo_89: calls 60
*** FLOP *** [3h Kc Jh]
Mightymo_89: checks 
zneelix12: bets 113
Mightymo_89: folds 
Uncalled bet (113) returned to zneelix12
zneelix12 collected 342 from pot
zneelix12: doesn't show hand 
*** SUMMARY ***
Total pot 342 | Rake 0 
Board [3h Kc Jh]
Seat 1: naziknazar folded before Flop (didn't bet)
Seat 2: jhepoke folded before Flop (didn't bet)
Seat 3: Mahu2021 folded before Flop (didn't bet)
Seat 4: D1man1982 (button) folded before Flop (didn't bet)
Seat 5: masthammer (small blind) folded before Flop
Seat 6: Mightymo_89 (big blind) folded on the Flop
Seat 7: arharovec folded before Flop (didn't bet)
Seat 8: zneelix12 collected (342)



PokerStars Hand #246546638899: Tournament #3657324672, $7.20+$7.50+$1.80 USD Hold'em No Limit - Level II (30/60) - 2023/10/15 15:45:48 CET [2023/10/15 9:45:48 ET]
Table '3657324672 14' 8-max Seat #5 is the button
Seat 1: naziknazar (5627 in chips, $7.50 bounty) 
Seat 2: jhepoke (4381 in chips, $7.50 bounty) 
Seat 3: Mahu2021 (3297 in chips, $7.50 bounty) 
Seat 4: D1man1982 (4814 in chips, $7.50 bounty) 
Seat 5: masthammer (5303 in chips, $7.50 bounty) 
Seat 6: Mightymo_89 (5833 in chips, $7.50 bounty) 
Seat 7: arharovec (5415 in chips, $7.50 bounty) 
Seat 8: zneelix12 (5288 in chips, $7.50 bounty) 
naziknazar: posts the ante 9
jhepoke: posts the ante 9
Mahu2021: posts the ante 9
D1man1982: posts the ante 9
masthammer: posts the ante 9
Mightymo_89: posts the ante 9
arharovec: posts the ante 9
zneelix12: posts the ante 9
Mightymo_89: posts small blind 30
arharovec: posts big blind 60
*** HOLE CARDS ***
Dealt to Mahu2021 [Ad 6s]
zneelix12: folds 
naziknazar: folds 
jhepoke: folds 
Mahu2021: raises 60 to 120
D1man1982: folds 
masthammer: folds 
Mightymo_89: calls 90
arharovec: folds 
*** FLOP *** [3d 9c 7h]
Mightymo_89: checks 
Mahu2021: checks 
*** TURN *** [3d 9c 7h] [3h]
Mightymo_89: checks 
Mahu2021: bets 120
Mightymo_89: calls 120
*** RIVER *** [3d 9c 7h 3h] [Tc]
Mightymo_89: checks 
Mahu2021: checks 
*** SHOW DOWN ***
Mightymo_89: shows [Kc Qs] (a pair of Threes)
Mahu2021: shows [Ad 6s] (a pair of Threes - Ace kicker)
Mahu2021 collected 612 from pot
*** SUMMARY ***
Total pot 612 | Rake 0 
Board [3d 9c 7h 3h Tc]
Seat 1: naziknazar folded before Flop (didn't bet)
Seat 2: jhepoke folded before Flop (didn't bet)
Seat 3: Mahu2021 showed [Ad 6s] and won (612) with a pair of Threes
Seat 4: D1man1982 folded before Flop (didn't bet)
Seat 5: masthammer (button) folded before Flop (didn't bet)
Seat 6: Mightymo_89 (small blind) showed [Kc Qs] and lost with a pair of Threes
Seat 7: arharovec (big blind) folded before Flop
Seat 8: zneelix12 folded before Flop (didn't bet)



PokerStars Hand #246546650698: Tournament #3657324672, $7.20+$7.50+$1.80 USD Hold'em No Limit - Level III (35/70) - 2023/10/15 15:46:36 CET [2023/10/15 9:46:36 ET]
Table '3657324672 14' 8-max Seat #6 is the button
Seat 1: naziknazar (5618 in chips, $7.50 bounty) 
Seat 2: jhepoke (4372 in chips, $7.50 bounty) 
Seat 3: Mahu2021 (3660 in chips, $7.50 bounty) 
Seat 4: D1man1982 (4805 in chips, $7.50 bounty) 
Seat 5: masthammer (5294 in chips, $7.50 bounty) 
Seat 6: Mightymo_89 (5584 in chips, $7.50 bounty) 
Seat 7: arharovec (5346 in chips, $7.50 bounty) 
Seat 8: zneelix12 (5279 in chips, $7.50 bounty) 
naziknazar: posts the ante 11
jhepoke: posts the ante 11
Mahu2021: posts the ante 11
D1man1982: posts the ante 11
masthammer: posts the ante 11
Mightymo_89: posts the ante 11
arharovec: posts the ante 11
zneelix12: posts the ante 11
arharovec: posts small blind 35
zneelix12: posts big blind 70
*** HOLE CARDS ***
Dealt to Mahu2021 [Ac Js]
naziknazar: folds 
jhepoke: folds 
Mahu2021: raises 70 to 140
D1man1982: folds 
masthammer: folds 
Mightymo_89: folds 
arharovec: folds 
zneelix12: folds 
Uncalled bet (70) returned to Mahu2021
Mahu2021 collected 263 from pot
Mahu2021: doesn't show hand 
*** SUMMARY ***
Total pot 263 | Rake 0 
Seat 1: naziknazar folded before Flop (didn't bet)
Seat 2: jhepoke folded before Flop (didn't bet)
Seat 3: Mahu2021 collected (263)
Seat 4: D1man1982 folded before Flop (didn't bet)
Seat 5: masthammer folded before Flop (didn't bet)
Seat 6: Mightymo_89 (button) folded before Flop (didn't bet)
Seat 7: arharovec (small blind) folded before Flop
Seat 8: zneelix12 (big blind) folded before Flop



PokerStars Hand #246546660570: Tournament #3657324672, $7.20+$7.50+$1.80 USD Hold'em No Limit - Level III (35/70) - 2023/10/15 15:47:16 CET [2023/10/15 9:47:16 ET]
Table '3657324672 14' 8-max Seat #7 is the button
Seat 1: naziknazar (5607 in chips, $7.50 bounty) 
Seat 2: jhepoke (4361 in chips, $7.50 bounty) 
Seat 3: Mahu2021 (3842 in chips, $7.50 bounty) 
Seat 4: D1man1982 (4794 in chips, $7.50 bounty) 
Seat 5: masthammer (5283 in chips, $7.50 bounty) 
Seat 6: Mightymo_89 (5573 in chips, $7.50 bounty) 
Seat 7: arharovec (5300 in chips, $7.50 bounty) 
Seat 8: zneelix12 (5198 in chips, $7.50 bounty) 
naziknazar: posts the ante 11
jhepoke: posts the ante 11
Mahu2021: posts the ante 11
D1man1982: posts the ante 11
masthammer: posts the ante 11
Mightymo_89: posts the ante 11
arharovec: posts the ante 11
zneelix12: posts the ante 11
zneelix12: posts small blind 35
naziknazar: posts big blind 70
*** HOLE CARDS ***
Dealt to Mahu2021 [8d As]
jhepoke: raises 84 to 154
Mahu2021: folds 
D1man1982: folds 
masthammer: folds 
Mightymo_89: calls 154
arharovec: folds 
zneelix12: folds 
naziknazar: calls 84
*** FLOP *** [7d Tc 4h]
naziknazar: checks 
jhepoke: bets 280
Mightymo_89: raises 573 to 853
naziknazar: folds 
jhepoke: calls 573
*** TURN *** [7d Tc 4h] [9c]
jhepoke: checks 
Mightymo_89: bets 1356
jhepoke: raises 1987 to 3343 and is all-in
Mightymo_89: calls 1987
*** RIVER *** [7d Tc 4h 9c] [4d]
*** SHOW DOWN ***
jhepoke: shows [Kd Kc] (two pair, Kings and Fours)
Mightymo_89: shows [Jd Ts] (two pair, Tens and Fours)
jhepoke collected 8977 from pot
*** SUMMARY ***
Total pot 8977 | Rake 0 
Board [7d Tc 4h 9c 4d]
Seat 1: naziknazar (big blind) folded on the Flop
Seat 2: jhepoke showed [Kd Kc] and won (8977) with two pair, Kings and Fours
Seat 3: Mahu2021 folded before Flop (didn't bet)
Seat 4: D1man1982 folded before Flop (didn't bet)
Seat 5: masthammer folded before Flop (didn't bet)
Seat 6: Mightymo_89 showed [Jd Ts] and lost with two pair, Tens and Fours
Seat 7: arharovec (button) folded before Flop (didn't bet)
Seat 8: zneelix12 (small blind) folded before Flop



PokerStars Hand #246546685454: Tournament #3657324672, $7.20+$7.50+$1.80 USD Hold'em No Limit - Level III (35/70) - 2023/10/15 15:48:57 CET [2023/10/15 9:48:57 ET]
Table '3657324672 14' 8-max Seat #8 is the button
Seat 1: naziknazar (5442 in chips, $7.50 bounty) 
Seat 3: Mahu2021 (3831 in chips, $7.50 bounty) 
Seat 4: D1man1982 (4783 in chips, $7.50 bounty) 
Seat 5: masthammer (5272 in chips, $7.50 bounty) 
Seat 6: Mightymo_89 (1212 in chips, $7.50 bounty) 
Seat 7: arharovec (5289 in chips, $7.50 bounty) 
Seat 8: zneelix12 (5152 in chips, $7.50 bounty) 
naziknazar: posts the ante 11
Mahu2021: posts the ante 11
D1man1982: posts the ante 11
masthammer: posts the ante 11
Mightymo_89: posts the ante 11
arharovec: posts the ante 11
zneelix12: posts the ante 11
naziknazar: posts small blind 35
Mahu2021: posts big blind 70
*** HOLE CARDS ***
Dealt to Mahu2021 [9c 9d]
D1man1982: folds 
masthammer: folds 
Mightymo_89: folds 
arharovec: folds 
zneelix12: raises 70 to 140
naziknazar: folds 
Mahu2021: calls 70
*** FLOP *** [Kh Ah Qc]
Mahu2021: checks 
zneelix12: bets 129
Mahu2021: folds 
Uncalled bet (129) returned to zneelix12
zneelix12 collected 392 from pot
zneelix12: doesn't show hand 
*** SUMMARY ***
Total pot 392 | Rake 0 
Board [Kh Ah Qc]
Seat 1: naziknazar (small blind) folded before Flop
Seat 3: Mahu2021 (big blind) folded on the Flop
Seat 4: D1man1982 folded before Flop (didn't bet)
Seat 5: masthammer folded before Flop (didn't bet)
Seat 6: Mightymo_89 folded before Flop (didn't bet)
Seat 7: arharovec folded before Flop (didn't bet)
Seat 8: zneelix12 (button) collected (392)



PokerStars Hand #246546696031: Tournament #3657324672, $7.20+$7.50+$1.80 USD Hold'em No Limit - Level III (35/70) - 2023/10/15 15:49:41 CET [2023/10/15 9:49:41 ET]
Table '3657324672 14' 8-max Seat #1 is the button
Seat 1: naziknazar (5396 in chips, $7.50 bounty) 
Seat 2: Fonsinn (5000 in chips) out of hand (moved from another table into small blind)
Seat 3: Mahu2021 (3680 in chips, $7.50 bounty) 
Seat 4: D1man1982 (4772 in chips, $7.50 bounty) 
Seat 5: masthammer (5261 in chips, $7.50 bounty) 
Seat 6: Mightymo_89 (1201 in chips, $7.50 bounty) 
Seat 7: arharovec (5278 in chips, $7.50 bounty) 
Seat 8: zneelix12 (5393 in chips, $7.50 bounty) 
Fonsinn will be allowed to play after the button
naziknazar: posts the ante 11
Mahu2021: posts the ante 11
D1man1982: posts the ante 11
masthammer: posts the ante 11
Mightymo_89: posts the ante 11
arharovec: posts the ante 11
zneelix12: posts the ante 11
Mahu2021: posts small blind 35
D1man1982: posts big blind 70
*** HOLE CARDS ***
Dealt to Mahu2021 [Qd 7h]
masthammer: folds 
Mightymo_89: folds 
arharovec: folds 
zneelix12: folds 
naziknazar: folds 
Mahu2021: folds 
Uncalled bet (35) returned to D1man1982
D1man1982 collected 147 from pot
D1man1982: doesn't show hand 
*** SUMMARY ***
Total pot 147 | Rake 0 
Seat 1: naziknazar (button) folded before Flop (didn't bet)
Seat 3: Mahu2021 (small blind) folded before Flop
Seat 4: D1man1982 (big blind) collected (147)
Seat 5: masthammer folded before Flop (didn't bet)
Seat 6: Mightymo_89 folded before Flop (didn't bet)
Seat 7: arharovec folded before Flop (didn't bet)
Seat 8: zneelix12 folded before Flop (didn't bet)



PokerStars Hand #246546700307: Tournament #3657324672, $7.20+$7.50+$1.80 USD Hold'em No Limit - Level III (35/70) - 2023/10/15 15:49:59 CET [2023/10/15 9:49:59 ET]
Table '3657324672 14' 8-max Seat #3 is the button
Seat 1: naziknazar (5385 in chips, $7.50 bounty) 
Seat 2: Fonsinn (5000 in chips, $7.50 bounty) 
Seat 3: Mahu2021 (3634 in chips, $7.50 bounty) 
Seat 4: D1man1982 (4873 in chips, $7.50 bounty) 
Seat 5: masthammer (5250 in chips, $7.50 bounty) 
Seat 6: Mightymo_89 (1190 in chips, $7.50 bounty) 
Seat 7: arharovec (5267 in chips, $7.50 bounty) 
Seat 8: zneelix12 (5382 in chips, $7.50 bounty) 
naziknazar: posts the ante 11
Fonsinn: posts the ante 11
Mahu2021: posts the ante 11
D1man1982: posts the ante 11
masthammer: posts the ante 11
Mightymo_89: posts the ante 11
arharovec: posts the ante 11
zneelix12: posts the ante 11
D1man1982: posts small blind 35
masthammer: posts big blind 70
*** HOLE CARDS ***
Dealt to Mahu2021 [6h 2h]
Mightymo_89: folds 
arharovec: raises 70 to 140
zneelix12: folds 
naziknazar: folds 
Fonsinn: folds 
Mahu2021: calls 140
D1man1982: folds 
masthammer: calls 70
*** FLOP *** [Ac Tc 2d]
masthammer: checks 
arharovec: bets 350
Mahu2021: folds 
masthammer: folds 
Uncalled bet (350) returned to arharovec
arharovec collected 543 from pot
arharovec: doesn't show hand 
*** SUMMARY ***
Total pot 543 | Rake 0 
Board [Ac Tc 2d]
Seat 1: naziknazar folded before Flop (didn't bet)
Seat 2: Fonsinn folded before Flop (didn't bet)
Seat 3: Mahu2021 (button) folded on the Flop
Seat 4: D1man1982 (small blind) folded before Flop
Seat 5: masthammer (big blind) folded on the Flop
Seat 6: Mightymo_89 folded before Flop (didn't bet)
Seat 7: arharovec collected (543)
Seat 8: zneelix12 folded before Flop (didn't bet)



PokerStars Hand #246546717258: Tournament #3657324672, $7.20+$7.50+$1.80 USD Hold'em No Limit - Level III (35/70) - 2023/10/15 15:51:07 CET [2023/10/15 9:51:07 ET]
Table '3657324672 14' 8-max Seat #4 is the button
Seat 1: naziknazar (5374 in chips, $7.50 bounty) 
Seat 2: Fonsinn (4989 in chips, $7.50 bounty) 
Seat 3: Mahu2021 (3483 in chips, $7.50 bounty) 
Seat 4: D1man1982 (4827 in chips, $7.50 bounty) 
Seat 5: masthammer (5099 in chips, $7.50 bounty) 
Seat 6: Mightymo_89 (1179 in chips, $7.50 bounty) 
Seat 7: arharovec (5659 in chips, $7.50 bounty) 
Seat 8: zneelix12 (5371 in chips, $7.50 bounty) 
naziknazar: posts the ante 11
Fonsinn: posts the ante 11
Mahu2021: posts the ante 11
D1man1982: posts the ante 11
masthammer: posts the ante 11
Mightymo_89: posts the ante 11
arharovec: posts the ante 11
zneelix12: posts the ante 11
masthammer: posts small blind 35
Mightymo_89: posts big blind 70
*** HOLE CARDS ***
Dealt to Mahu2021 [Th 6d]
arharovec: folds 
zneelix12: raises 70 to 140
naziknazar: folds 
Fonsinn: folds 
Mahu2021: folds 
D1man1982: folds 
masthammer: folds 
Mightymo_89: calls 70
*** FLOP *** [5c 3s 7d]
Mightymo_89: checks 
zneelix12: bets 266
Mightymo_89: calls 266
*** TURN *** [5c 3s 7d] [8c]
Mightymo_89: bets 762 and is all-in
zneelix12: folds 
Uncalled bet (762) returned to Mightymo_89
Mightymo_89 collected 935 from pot
Mightymo_89: doesn't show hand 
*** SUMMARY ***
Total pot 935 | Rake 0 
Board [5c 3s 7d 8c]
Seat 1: naziknazar folded before Flop (didn't bet)
Seat 2: Fonsinn folded before Flop (didn't bet)
Seat 3: Mahu2021 folded before Flop (didn't bet)
Seat 4: D1man1982 (button) folded before Flop (didn't bet)
Seat 5: masthammer (small blind) folded before Flop
Seat 6: Mightymo_89 (big blind) collected (935)
Seat 7: arharovec folded before Flop (didn't bet)
Seat 8: zneelix12 folded on the Turn



PokerStars Hand #246546737169: Tournament #3657324672, $7.20+$7.50+$1.80 USD Hold'em No Limit - Level III (35/70) - 2023/10/15 15:52:29 CET [2023/10/15 9:52:29 ET]
Table '3657324672 14' 8-max Seat #5 is the button
Seat 1: naziknazar (5363 in chips, $7.50 bounty) 
Seat 2: Fonsinn (4978 in chips, $7.50 bounty) 
Seat 3: Mahu2021 (3472 in chips, $7.50 bounty) 
Seat 4: D1man1982 (4816 in chips, $7.50 bounty) 
Seat 5: masthammer (5053 in chips, $7.50 bounty) 
Seat 6: Mightymo_89 (1697 in chips, $7.50 bounty) 
Seat 7: arharovec (5648 in chips, $7.50 bounty) 
Seat 8: zneelix12 (4954 in chips, $7.50 bounty) 
naziknazar: posts the ante 11
Fonsinn: posts the ante 11
Mahu2021: posts the ante 11
D1man1982: posts the ante 11
masthammer: posts the ante 11
Mightymo_89: posts the ante 11
arharovec: posts the ante 11
zneelix12: posts the ante 11
Mightymo_89: posts small blind 35
arharovec: posts big blind 70
*** HOLE CARDS ***
Dealt to Mahu2021 [Qd 2h]
zneelix12: folds 
naziknazar: folds 
Fonsinn: folds 
Mahu2021: folds 
D1man1982: folds 
masthammer: raises 105 to 175
Mightymo_89: folds 
arharovec: raises 385 to 560
masthammer: calls 385
*** FLOP *** [Jd Ts 5s]
arharovec: checks 
masthammer: checks 
*** TURN *** [Jd Ts 5s] [2c]
arharovec: bets 770
masthammer: calls 770
*** RIVER *** [Jd Ts 5s 2c] [Th]
arharovec: bets 1670
masthammer: folds 
Uncalled bet (1670) returned to arharovec
arharovec collected 2783 from pot
arharovec: doesn't show hand 
*** SUMMARY ***
Total pot 2783 | Rake 0 
Board [Jd Ts 5s 2c Th]
Seat 1: naziknazar folded before Flop (didn't bet)
Seat 2: Fonsinn folded before Flop (didn't bet)
Seat 3: Mahu2021 folded before Flop (didn't bet)
Seat 4: D1man1982 folded before Flop (didn't bet)
Seat 5: masthammer (button) folded on the River
Seat 6: Mightymo_89 (small blind) folded before Flop
Seat 7: arharovec (big blind) collected (2783)
Seat 8: zneelix12 folded before Flop (didn't bet)



PokerStars Hand #246546752993: Tournament #3657324672, $7.20+$7.50+$1.80 USD Hold'em No Limit - Level III (35/70) - 2023/10/15 15:53:34 CET [2023/10/15 9:53:34 ET]
Table '3657324672 14' 8-max Seat #6 is the button
Seat 1: naziknazar (5352 in chips, $7.50 bounty) 
Seat 2: Fonsinn (4967 in chips, $7.50 bounty) 
Seat 3: Mahu2021 (3461 in chips, $7.50 bounty) 
Seat 4: D1man1982 (4805 in chips, $7.50 bounty) 
Seat 5: masthammer (3712 in chips, $7.50 bounty) 
Seat 6: Mightymo_89 (1651 in chips, $7.50 bounty) 
Seat 7: arharovec (7090 in chips, $7.50 bounty) 
Seat 8: zneelix12 (4943 in chips, $7.50 bounty) 
naziknazar: posts the ante 11
Fonsinn: posts the ante 11
Mahu2021: posts the ante 11
D1man1982: posts the ante 11
masthammer: posts the ante 11
Mightymo_89: posts the ante 11
arharovec: posts the ante 11
zneelix12: posts the ante 11
arharovec: posts small blind 35
zneelix12: posts big blind 70
*** HOLE CARDS ***
Dealt to Mahu2021 [Kc 9s]
naziknazar: folds 
Fonsinn: folds 
Mahu2021: raises 70 to 140
D1man1982: folds 
masthammer: folds 
Mightymo_89: folds 
arharovec: folds 
zneelix12: calls 70
*** FLOP *** [5c 5s 9h]
zneelix12: checks 
Mahu2021: bets 403
zneelix12: folds 
Uncalled bet (403) returned to Mahu2021
Mahu2021 collected 403 from pot
Mahu2021: doesn't show hand 
*** SUMMARY ***
Total pot 403 | Rake 0 
Board [5c 5s 9h]
Seat 1: naziknazar folded before Flop (didn't bet)
Seat 2: Fonsinn folded before Flop (didn't bet)
Seat 3: Mahu2021 collected (403)
Seat 4: D1man1982 folded before Flop (didn't bet)
Seat 5: masthammer folded before Flop (didn't bet)
Seat 6: Mightymo_89 (button) folded before Flop (didn't bet)
Seat 7: arharovec (small blind) folded before Flop
Seat 8: zneelix12 (big blind) folded on the Flop



PokerStars Hand #246546765629: Tournament #3657324672, $7.20+$7.50+$1.80 USD Hold'em No Limit - Level IV (40/80) - 2023/10/15 15:54:25 CET [2023/10/15 9:54:25 ET]
Table '3657324672 14' 8-max Seat #7 is the button
Seat 1: naziknazar (5341 in chips, $7.50 bounty) 
Seat 2: Fonsinn (4956 in chips, $7.50 bounty) 
Seat 3: Mahu2021 (3713 in chips, $7.50 bounty) 
Seat 4: D1man1982 (4794 in chips, $7.50 bounty) 
Seat 5: masthammer (3701 in chips, $7.50 bounty) 
Seat 6: Mightymo_89 (1640 in chips, $7.50 bounty) 
Seat 7: arharovec (7044 in chips, $7.50 bounty) 
Seat 8: zneelix12 (4792 in chips, $7.50 bounty) 
naziknazar: posts the ante 12
Fonsinn: posts the ante 12
Mahu2021: posts the ante 12
D1man1982: posts the ante 12
masthammer: posts the ante 12
Mightymo_89: posts the ante 12
arharovec: posts the ante 12
zneelix12: posts the ante 12
zneelix12: posts small blind 40
naziknazar: posts big blind 80
*** HOLE CARDS ***
Dealt to Mahu2021 [9c Kc]
Fonsinn: folds 
Mahu2021: raises 80 to 160
D1man1982: folds 
masthammer: calls 160
Mightymo_89: folds 
arharovec: folds 
zneelix12: calls 120
naziknazar: calls 80
*** FLOP *** [5c 8s Kd]
zneelix12: checks 
naziknazar: checks 
Mahu2021: checks 
masthammer: checks 
*** TURN *** [5c 8s Kd] [6d]
zneelix12: checks 
zneelix12 is disconnected 
naziknazar: bets 405
Mahu2021: calls 405
masthammer: folds 
zneelix12: calls 405
*** RIVER *** [5c 8s Kd 6d] [4h]
zneelix12: checks 
naziknazar: checks 
Mahu2021: checks 
*** SHOW DOWN ***
zneelix12: shows [Td 9d] (high card King)
naziknazar: shows [Qs 8d] (a pair of Eights)
Mahu2021: shows [9c Kc] (a pair of Kings)
Mahu2021 collected 1951 from pot
*** SUMMARY ***
Total pot 1951 | Rake 0 
Board [5c 8s Kd 6d 4h]
Seat 1: naziknazar (big blind) showed [Qs 8d] and lost with a pair of Eights
Seat 2: Fonsinn folded before Flop (didn't bet)
Seat 3: Mahu2021 showed [9c Kc] and won (1951) with a pair of Kings
Seat 4: D1man1982 folded before Flop (didn't bet)
Seat 5: masthammer folded on the Turn
Seat 6: Mightymo_89 folded before Flop (didn't bet)
Seat 7: arharovec (button) folded before Flop (didn't bet)
Seat 8: zneelix12 (small blind) showed [Td 9d] and lost with high card King



PokerStars Hand #246546868431: Tournament #3657324672, $7.20+$7.50+$1.80 USD Hold'em No Limit - Level IV (40/80) - 2023/10/15 16:02:41 CET [2023/10/15 10:02:41 ET]
Table '3657324672 14' 8-max Seat #8 is the button
Seat 1: naziknazar (4764 in chips, $7.50 bounty) 
Seat 2: Fonsinn (4944 in chips, $7.50 bounty) 
Seat 3: Mahu2021 (5087 in chips, $7.50 bounty) 
Seat 4: D1man1982 (4782 in chips, $7.50 bounty) 
Seat 5: masthammer (3529 in chips, $7.50 bounty) 
Seat 6: Mightymo_89 (1628 in chips, $7.50 bounty) 
Seat 7: arharovec (7032 in chips, $7.50 bounty) 
Seat 8: zneelix12 (4215 in chips, $7.50 bounty) 
naziknazar: posts the ante 12
Fonsinn: posts the ante 12
Mahu2021: posts the ante 12
D1man1982: posts the ante 12
masthammer: posts the ante 12
Mightymo_89: posts the ante 12
arharovec: posts the ante 12
zneelix12: posts the ante 12
naziknazar: posts small blind 40
Fonsinn: posts big blind 80
*** HOLE CARDS ***
Dealt to Mahu2021 [9h Ah]
Mahu2021: calls 80
D1man1982: folds 
masthammer: folds 
Mightymo_89: calls 80
arharovec: folds 
zneelix12: folds 
naziknazar: calls 40
Fonsinn: raises 320 to 400
Mahu2021: calls 320
Mightymo_89: calls 320
naziknazar: folds 
*** FLOP *** [8s 3s 3h]
Fonsinn: bets 165
Mahu2021: calls 165
Mightymo_89: calls 165
*** TURN *** [8s 3s 3h] [5c]
Fonsinn: checks 
Mahu2021: checks 
Mightymo_89: checks 
*** RIVER *** [8s 3s 3h 5c] [6s]
Fonsinn: checks 
Mahu2021: checks 
Mightymo_89: checks 
*** SHOW DOWN ***
Fonsinn: shows [Ks Qh] (a pair of Threes)
Mahu2021: shows [9h Ah] (a pair of Threes - Ace kicker)
Mightymo_89: mucks hand 
Mahu2021 collected 1871 from pot
*** SUMMARY ***
Total pot 1871 | Rake 0 
Board [8s 3s 3h 5c 6s]
Seat 1: naziknazar (small blind) folded before Flop
Seat 2: Fonsinn (big blind) showed [Ks Qh] and lost with a pair of Threes
Seat 3: Mahu2021 showed [9h Ah] and won (1871) with a pair of Threes
Seat 4: D1man1982 folded before Flop (didn't bet)
Seat 5: masthammer folded before Flop (didn't bet)
Seat 6: Mightymo_89 mucked [4c Ac]
Seat 7: arharovec folded before Flop (didn't bet)
Seat 8: zneelix12 (button) folded before Flop (didn't bet)



PokerStars Hand #246546893943: Tournament #3657324672, $7.20+$7.50+$1.80 USD Hold'em No Limit - Level IV (40/80) - 2023/10/15 16:04:21 CET [2023/10/15 10:04:21 ET]
Table '3657324672 14' 8-max Seat #1 is the button
Seat 1: naziknazar (4672 in chips, $7.50 bounty) 
Seat 2: Fonsinn (4367 in chips, $7.50 bounty) 
Seat 3: Mahu2021 (6381 in chips, $7.50 bounty) 
Seat 4: D1man1982 (4770 in chips, $7.50 bounty) 
Seat 5: masthammer (3517 in chips, $7.50 bounty) 
Seat 6: Mightymo_89 (1051 in chips, $7.50 bounty) 
Seat 7: arharovec (7020 in chips, $7.50 bounty) 
Seat 8: zneelix12 (4203 in chips, $7.50 bounty) 
naziknazar: posts the ante 12
Fonsinn: posts the ante 12
Mahu2021: posts the ante 12
D1man1982: posts the ante 12
masthammer: posts the ante 12
Mightymo_89: posts the ante 12
arharovec: posts the ante 12
zneelix12: posts the ante 12
Fonsinn: posts small blind 40
Mahu2021: posts big blind 80
*** HOLE CARDS ***
Dealt to Mahu2021 [5s 6d]
D1man1982: folds 
masthammer: folds 
Mightymo_89: raises 959 to 1039 and is all-in
arharovec: calls 1039
zneelix12: folds 
naziknazar: folds 
Fonsinn: folds 
Mahu2021: folds 
*** FLOP *** [4d Th 5d]
*** TURN *** [4d Th 5d] [Td]
*** RIVER *** [4d Th 5d Td] [Qd]
*** SHOW DOWN ***
Mightymo_89: shows [3d As] (a flush, Queen high)
arharovec: shows [Ah Jh] (a pair of Tens)
Mightymo_89 collected 2294 from pot
*** SUMMARY ***
Total pot 2294 | Rake 0 
Board [4d Th 5d Td Qd]
Seat 1: naziknazar (button) folded before Flop (didn't bet)
Seat 2: Fonsinn (small blind) folded before Flop
Seat 3: Mahu2021 (big blind) folded before Flop
Seat 4: D1man1982 folded before Flop (didn't bet)
Seat 5: masthammer folded before Flop (didn't bet)
Seat 6: Mightymo_89 showed [3d As] and won (2294) with a flush, Queen high
Seat 7: arharovec showed [Ah Jh] and lost with a pair of Tens
Seat 8: zneelix12 folded before Flop (didn't bet)



PokerStars Hand #246546901534: Tournament #3657324672, $7.20+$7.50+$1.80 USD Hold'em No Limit - Level IV (40/80) - 2023/10/15 16:04:50 CET [2023/10/15 10:04:50 ET]
Table '3657324672 14' 8-max Seat #2 is the button
Seat 1: naziknazar (4660 in chips, $7.50 bounty) 
Seat 2: Fonsinn (4315 in chips, $7.50 bounty) 
Seat 3: Mahu2021 (6289 in chips, $7.50 bounty) 
Seat 4: D1man1982 (4758 in chips, $7.50 bounty) 
Seat 5: masthammer (3505 in chips, $7.50 bounty) 
Seat 6: Mightymo_89 (2294 in chips, $7.50 bounty) 
Seat 7: arharovec (5969 in chips, $7.50 bounty) 
Seat 8: zneelix12 (4191 in chips, $7.50 bounty) 
naziknazar: posts the ante 12
Fonsinn: posts the ante 12
Mahu2021: posts the ante 12
D1man1982: posts the ante 12
masthammer: posts the ante 12
Mightymo_89: posts the ante 12
arharovec: posts the ante 12
zneelix12: posts the ante 12
Mahu2021: posts small blind 40
D1man1982: posts big blind 80
*** HOLE CARDS ***
Dealt to Mahu2021 [4d Ah]
masthammer: folds 
Mightymo_89: folds 
arharovec: folds 
zneelix12: raises 80 to 160
naziknazar: folds 
Fonsinn: folds 
Mahu2021: folds 
D1man1982: folds 
Uncalled bet (80) returned to zneelix12
zneelix12 collected 296 from pot
zneelix12: doesn't show hand 
*** SUMMARY ***
Total pot 296 | Rake 0 
Seat 1: naziknazar folded before Flop (didn't bet)
Seat 2: Fonsinn (button) folded before Flop (didn't bet)
Seat 3: Mahu2021 (small blind) folded before Flop
Seat 4: D1man1982 (big blind) folded before Flop
Seat 5: masthammer folded before Flop (didn't bet)
Seat 6: Mightymo_89 folded before Flop (didn't bet)
Seat 7: arharovec folded before Flop (didn't bet)
Seat 8: zneelix12 collected (296)



PokerStars Hand #246546908083: Tournament #3657324672, $7.20+$7.50+$1.80 USD Hold'em No Limit - Level IV (40/80) - 2023/10/15 16:05:14 CET [2023/10/15 10:05:14 ET]
Table '3657324672 14' 8-max Seat #3 is the button
Seat 1: naziknazar (4648 in chips, $7.50 bounty) 
Seat 2: Fonsinn (4303 in chips, $7.50 bounty) 
Seat 3: Mahu2021 (6237 in chips, $7.50 bounty) 
Seat 4: D1man1982 (4666 in chips, $7.50 bounty) 
Seat 5: masthammer (3493 in chips, $7.50 bounty) 
Seat 6: Mightymo_89 (2282 in chips, $7.50 bounty) 
Seat 7: arharovec (5957 in chips, $7.50 bounty) 
Seat 8: zneelix12 (4395 in chips, $7.50 bounty) 
naziknazar: posts the ante 12
Fonsinn: posts the ante 12
Mahu2021: posts the ante 12
D1man1982: posts the ante 12
masthammer: posts the ante 12
Mightymo_89: posts the ante 12
arharovec: posts the ante 12
zneelix12: posts the ante 12
D1man1982: posts small blind 40
masthammer: posts big blind 80
*** HOLE CARDS ***
Dealt to Mahu2021 [Qd Kd]
Mightymo_89: raises 96 to 176
arharovec: folds 
zneelix12: folds 
naziknazar: folds 
Fonsinn: folds 
Mahu2021: calls 176
D1man1982: raises 704 to 880
masthammer: folds 
Mightymo_89: folds 
Mahu2021: folds 
Uncalled bet (704) returned to D1man1982
D1man1982 collected 704 from pot
D1man1982: doesn't show hand 
*** SUMMARY ***
Total pot 704 | Rake 0 
Seat 1: naziknazar folded before Flop (didn't bet)
Seat 2: Fonsinn folded before Flop (didn't bet)
Seat 3: Mahu2021 (button) folded before Flop
Seat 4: D1man1982 (small blind) collected (704)
Seat 5: masthammer (big blind) folded before Flop
Seat 6: Mightymo_89 folded before Flop
Seat 7: arharovec folded before Flop (didn't bet)
Seat 8: zneelix12 folded before Flop (didn't bet)



PokerStars Hand #246546917571: Tournament #3657324672, $7.20+$7.50+$1.80 USD Hold'em No Limit - Level IV (40/80) - 2023/10/15 16:05:50 CET [2023/10/15 10:05:50 ET]
Table '3657324672 14' 8-max Seat #4 is the button
Seat 1: naziknazar (4636 in chips, $7.50 bounty) 
Seat 2: Fonsinn (4291 in chips, $7.50 bounty) 
Seat 3: Mahu2021 (6049 in chips, $7.50 bounty) 
Seat 4: D1man1982 (5182 in chips, $7.50 bounty) 
Seat 5: masthammer (3401 in chips, $7.50 bounty) 
Seat 6: Mightymo_89 (2094 in chips, $7.50 bounty) 
Seat 7: arharovec (5945 in chips, $7.50 bounty) 
Seat 8: zneelix12 (4383 in chips, $7.50 bounty) 
naziknazar: posts the ante 12
Fonsinn: posts the ante 12
Mahu2021: posts the ante 12
D1man1982: posts the ante 12
masthammer: posts the ante 12
Mightymo_89: posts the ante 12
arharovec: posts the ante 12
zneelix12: posts the ante 12
masthammer: posts small blind 40
Mightymo_89: posts big blind 80
*** HOLE CARDS ***
Dealt to Mahu2021 [Qh 9c]
arharovec: folds 
zneelix12: folds 
naziknazar: raises 80 to 160
Fonsinn: raises 320 to 480
Mahu2021: folds 
D1man1982: folds 
masthammer: folds 
Mightymo_89: folds 
naziknazar: calls 320
*** FLOP *** [9s 4d 5d]
naziknazar: checks 
Fonsinn: bets 353
naziknazar: calls 353
*** TURN *** [9s 4d 5d] [3s]
naziknazar: checks 
Fonsinn: checks 
*** RIVER *** [9s 4d 5d 3s] [Jd]
naziknazar: bets 1412
Fonsinn: folds 
Uncalled bet (1412) returned to naziknazar
naziknazar collected 1882 from pot
naziknazar: doesn't show hand 
*** SUMMARY ***
Total pot 1882 | Rake 0 
Board [9s 4d 5d 3s Jd]
Seat 1: naziknazar collected (1882)
Seat 2: Fonsinn folded on the River
Seat 3: Mahu2021 folded before Flop (didn't bet)
Seat 4: D1man1982 (button) folded before Flop (didn't bet)
Seat 5: masthammer (small blind) folded before Flop
Seat 6: Mightymo_89 (big blind) folded before Flop
Seat 7: arharovec folded before Flop (didn't bet)
Seat 8: zneelix12 folded before Flop (didn't bet)



PokerStars Hand #246546939231: Tournament #3657324672, $7.20+$7.50+$1.80 USD Hold'em No Limit - Level IV (40/80) - 2023/10/15 16:07:12 CET [2023/10/15 10:07:12 ET]
Table '3657324672 14' 8-max Seat #5 is the button
Seat 1: naziknazar (5673 in chips, $7.50 bounty) 
Seat 2: Fonsinn (3446 in chips, $7.50 bounty) 
Seat 3: Mahu2021 (6037 in chips, $7.50 bounty) 
Seat 4: D1man1982 (5170 in chips, $7.50 bounty) 
Seat 5: masthammer (3349 in chips, $7.50 bounty) 
Seat 6: Mightymo_89 (2002 in chips, $7.50 bounty) 
Seat 7: arharovec (5933 in chips, $7.50 bounty) 
Seat 8: zneelix12 (4371 in chips, $7.50 bounty) 
naziknazar: posts the ante 12
Fonsinn: posts the ante 12
Mahu2021: posts the ante 12
D1man1982: posts the ante 12
masthammer: posts the ante 12
Mightymo_89: posts the ante 12
arharovec: posts the ante 12
zneelix12: posts the ante 12
Mightymo_89: posts small blind 40
arharovec: posts big blind 80
*** HOLE CARDS ***
Dealt to Mahu2021 [5c 4c]
zneelix12: folds 
naziknazar: raises 80 to 160
Fonsinn: folds 
Mahu2021: calls 160
D1man1982: calls 160
masthammer: folds 
Mightymo_89: folds 
arharovec: folds 
*** FLOP *** [8d 9d 8s]
naziknazar: checks 
Mahu2021: checks 
D1man1982: bets 240
naziknazar: calls 240
Mahu2021: folds 
*** TURN *** [8d 9d 8s] [Jh]
naziknazar: bets 388
D1man1982: calls 388
*** RIVER *** [8d 9d 8s Jh] [As]
naziknazar: checks 
D1man1982: checks 
*** SHOW DOWN ***
naziknazar: shows [Ac Qs] (two pair, Aces and Eights)
D1man1982: mucks hand 
naziknazar collected 1952 from pot
*** SUMMARY ***
Total pot 1952 | Rake 0 
Board [8d 9d 8s Jh As]
Seat 1: naziknazar showed [Ac Qs] and won (1952) with two pair, Aces and Eights
Seat 2: Fonsinn folded before Flop (didn't bet)
Seat 3: Mahu2021 folded on the Flop
Seat 4: D1man1982 mucked [Tc Ts]
Seat 5: masthammer (button) folded before Flop (didn't bet)
Seat 6: Mightymo_89 (small blind) folded before Flop
Seat 7: arharovec (big blind) folded before Flop
Seat 8: zneelix12 folded before Flop (didn't bet)



PokerStars Hand #246546954111: Tournament #3657324672, $7.20+$7.50+$1.80 USD Hold'em No Limit - Level IV (40/80) - 2023/10/15 16:08:09 CET [2023/10/15 10:08:09 ET]
Table '3657324672 14' 8-max Seat #6 is the button
Seat 1: naziknazar (6825 in chips, $7.50 bounty) 
Seat 2: Fonsinn (3434 in chips, $7.50 bounty) 
Seat 3: Mahu2021 (5865 in chips, $7.50 bounty) 
Seat 4: D1man1982 (4370 in chips, $7.50 bounty) 
Seat 5: masthammer (3337 in chips, $7.50 bounty) 
Seat 6: Mightymo_89 (1950 in chips, $7.50 bounty) 
Seat 7: arharovec (5841 in chips, $7.50 bounty) 
Seat 8: zneelix12 (4359 in chips, $7.50 bounty) 
naziknazar: posts the ante 12
Fonsinn: posts the ante 12
Mahu2021: posts the ante 12
D1man1982: posts the ante 12
masthammer: posts the ante 12
Mightymo_89: posts the ante 12
arharovec: posts the ante 12
zneelix12: posts the ante 12
arharovec: posts small blind 40
zneelix12: posts big blind 80
*** HOLE CARDS ***
Dealt to Mahu2021 [Td 2s]
naziknazar: folds 
Fonsinn: folds 
Mahu2021: folds 
D1man1982: folds 
masthammer: folds 
Mightymo_89: folds 
arharovec: raises 200 to 280
zneelix12: folds 
Uncalled bet (200) returned to arharovec
arharovec collected 256 from pot
arharovec: doesn't show hand 
*** SUMMARY ***
Total pot 256 | Rake 0 
Seat 1: naziknazar folded before Flop (didn't bet)
Seat 2: Fonsinn folded before Flop (didn't bet)
Seat 3: Mahu2021 folded before Flop (didn't bet)
Seat 4: D1man1982 folded before Flop (didn't bet)
Seat 5: masthammer folded before Flop (didn't bet)
Seat 6: Mightymo_89 (button) folded before Flop (didn't bet)
Seat 7: arharovec (small blind) collected (256)
Seat 8: zneelix12 (big blind) folded before Flop



PokerStars Hand #246546966789: Tournament #3657324672, $7.20+$7.50+$1.80 USD Hold'em No Limit - Level IV (40/80) - 2023/10/15 16:08:57 CET [2023/10/15 10:08:57 ET]
Table '3657324672 14' 8-max Seat #7 is the button
Seat 1: naziknazar (6813 in chips, $7.50 bounty) 
Seat 2: Fonsinn (3422 in chips, $7.50 bounty) 
Seat 3: Mahu2021 (5853 in chips, $7.50 bounty) 
Seat 4: D1man1982 (4358 in chips, $7.50 bounty) 
Seat 5: masthammer (3325 in chips, $7.50 bounty) 
Seat 6: Mightymo_89 (1938 in chips, $7.50 bounty) 
Seat 7: arharovec (6005 in chips, $7.50 bounty) 
Seat 8: zneelix12 (4267 in chips, $7.50 bounty) 
naziknazar: posts the ante 12
Fonsinn: posts the ante 12
Mahu2021: posts the ante 12
D1man1982: posts the ante 12
masthammer: posts the ante 12
Mightymo_89: posts the ante 12
arharovec: posts the ante 12
zneelix12: posts the ante 12
zneelix12: posts small blind 40
naziknazar: posts big blind 80
*** HOLE CARDS ***
Dealt to Mahu2021 [Js 6d]
Fonsinn: folds 
Mahu2021: folds 
D1man1982: folds 
masthammer: raises 80 to 160
Mightymo_89: raises 240 to 400
arharovec: folds 
zneelix12: folds 
naziknazar: folds 
masthammer: raises 2913 to 3313 and is all-in
Mightymo_89: calls 1526 and is all-in
Uncalled bet (1387) returned to masthammer
*** FLOP *** [Ks 9d Jh]
*** TURN *** [Ks 9d Jh] [6h]
*** RIVER *** [Ks 9d Jh 6h] [2c]
*** SHOW DOWN ***
masthammer: shows [7c 7s] (a pair of Sevens)
Mightymo_89: shows [8s Ad] (high card Ace)
masthammer collected 4068 from pot
masthammer wins $3.75 for eliminating Mightymo_89 and their own bounty increases by $3.75 to $11.25
Mightymo_89 finished the tournament
*** SUMMARY ***
Total pot 4068 | Rake 0 
Board [Ks 9d Jh 6h 2c]
Seat 1: naziknazar (big blind) folded before Flop
Seat 2: Fonsinn folded before Flop (didn't bet)
Seat 3: Mahu2021 folded before Flop (didn't bet)
Seat 4: D1man1982 folded before Flop (didn't bet)
Seat 5: masthammer showed [7c 7s] and won (4068) with a pair of Sevens
Seat 6: Mightymo_89 showed [8s Ad] and lost with high card Ace
Seat 7: arharovec (button) folded before Flop (didn't bet)
Seat 8: zneelix12 (small blind) folded before Flop



PokerStars Hand #246546978069: Tournament #3657324672, $7.20+$7.50+$1.80 USD Hold'em No Limit - Level V (45/90) - 2023/10/15 16:09:40 CET [2023/10/15 10:09:40 ET]
Table '3657324672 14' 8-max Seat #8 is the button
Seat 1: naziknazar (6721 in chips, $7.50 bounty) 
Seat 2: Fonsinn (3410 in chips, $7.50 bounty) 
Seat 3: Mahu2021 (5841 in chips, $7.50 bounty) 
Seat 4: D1man1982 (4346 in chips, $7.50 bounty) 
Seat 5: masthammer (5455 in chips, $11.25 bounty) 
Seat 7: arharovec (5993 in chips, $7.50 bounty) 
Seat 8: zneelix12 (4215 in chips, $7.50 bounty) 
naziknazar: posts the ante 14
Fonsinn: posts the ante 14
Mahu2021: posts the ante 14
D1man1982: posts the ante 14
masthammer: posts the ante 14
arharovec: posts the ante 14
zneelix12: posts the ante 14
naziknazar: posts small blind 45
Fonsinn: posts big blind 90
*** HOLE CARDS ***
Dealt to Mahu2021 [Td Ts]
Mahu2021: calls 90
D1man1982: folds 
masthammer: folds 
arharovec: raises 225 to 315
zneelix12: folds 
naziknazar: folds 
Fonsinn: folds 
Mahu2021: calls 225
*** FLOP *** [9c 5c 5d]
Mahu2021: checks 
arharovec: bets 216
Mahu2021: calls 216
*** TURN *** [9c 5c 5d] [Qs]
Mahu2021: checks 
arharovec: bets 720
Mahu2021: calls 720
*** RIVER *** [9c 5c 5d Qs] [Ad]
Mahu2021: checks 
arharovec: checks 
*** SHOW DOWN ***
Mahu2021: shows [Td Ts] (two pair, Tens and Fives)
arharovec: mucks hand 
Mahu2021 collected 2735 from pot
*** SUMMARY ***
Total pot 2735 | Rake 0 
Board [9c 5c 5d Qs Ad]
Seat 1: naziknazar (small blind) folded before Flop
Seat 2: Fonsinn (big blind) folded before Flop
Seat 3: Mahu2021 showed [Td Ts] and won (2735) with two pair, Tens and Fives
Seat 4: D1man1982 folded before Flop (didn't bet)
Seat 5: masthammer folded before Flop (didn't bet)
Seat 7: arharovec mucked [4s 4h]
Seat 8: zneelix12 (button) folded before Flop (didn't bet)



PokerStars Hand #246546993898: Tournament #3657324672, $7.20+$7.50+$1.80 USD Hold'em No Limit - Level V (45/90) - 2023/10/15 16:10:40 CET [2023/10/15 10:10:40 ET]
Table '3657324672 14' 8-max Seat #1 is the button
Seat 1: naziknazar (6662 in chips, $7.50 bounty) 
Seat 2: Fonsinn (3306 in chips, $7.50 bounty) 
Seat 3: Mahu2021 (7311 in chips, $7.50 bounty) 
Seat 4: D1man1982 (4332 in chips, $7.50 bounty) 
Seat 5: masthammer (5441 in chips, $11.25 bounty) 
Seat 6: voktv (5000 in chips, $7.50 bounty) 
Seat 7: arharovec (4728 in chips, $7.50 bounty) 
Seat 8: zneelix12 (4201 in chips, $7.50 bounty) 
naziknazar: posts the ante 14
Fonsinn: posts the ante 14
Mahu2021: posts the ante 14
D1man1982: posts the ante 14
masthammer: posts the ante 14
voktv: posts the ante 14
arharovec: posts the ante 14
zneelix12: posts the ante 14
Fonsinn: posts small blind 45
Mahu2021: posts big blind 90
*** HOLE CARDS ***
Dealt to Mahu2021 [2h Ah]
D1man1982: folds 
masthammer: folds 
voktv: folds 
arharovec: raises 90 to 180
zneelix12: folds 
naziknazar: folds 
Fonsinn: folds 
Mahu2021: calls 90
*** FLOP *** [3c Qd Ac]
Mahu2021: checks 
arharovec: checks 
*** TURN *** [3c Qd Ac] [Qh]
Mahu2021: checks 
arharovec: bets 155
Mahu2021: calls 155
*** RIVER *** [3c Qd Ac Qh] [Qc]
Mahu2021: bets 827
arharovec: raises 3552 to 4379 and is all-in
Mahu2021: calls 3552
*** SHOW DOWN ***
arharovec: shows [Ad 4d] (a full house, Queens full of Aces)
Mahu2021: shows [2h Ah] (a full house, Queens full of Aces)
Mahu2021 collected 4793 from pot
arharovec collected 4792 from pot
*** SUMMARY ***
Total pot 9585 | Rake 0 
Board [3c Qd Ac Qh Qc]
Seat 1: naziknazar (button) folded before Flop (didn't bet)
Seat 2: Fonsinn (small blind) folded before Flop
Seat 3: Mahu2021 (big blind) showed [2h Ah] and won (4793) with a full house, Queens full of Aces
Seat 4: D1man1982 folded before Flop (didn't bet)
Seat 5: masthammer folded before Flop (didn't bet)
Seat 6: voktv folded before Flop (didn't bet)
Seat 7: arharovec showed [Ad 4d] and won (4792) with a full house, Queens full of Aces
Seat 8: zneelix12 folded before Flop (didn't bet)



PokerStars Hand #246547012219: Tournament #3657324672, $7.20+$7.50+$1.80 USD Hold'em No Limit - Level V (45/90) - 2023/10/15 16:11:51 CET [2023/10/15 10:11:51 ET]
Table '3657324672 14' 8-max Seat #2 is the button
Seat 1: naziknazar (6648 in chips, $7.50 bounty) 
Seat 2: Fonsinn (3247 in chips, $7.50 bounty) 
Seat 3: Mahu2021 (7376 in chips, $7.50 bounty) 
Seat 4: D1man1982 (4318 in chips, $7.50 bounty) 
Seat 5: masthammer (5427 in chips, $11.25 bounty) 
Seat 6: voktv (4986 in chips, $7.50 bounty) 
Seat 7: arharovec (4792 in chips, $7.50 bounty) 
Seat 8: zneelix12 (4187 in chips, $7.50 bounty) 
naziknazar: posts the ante 14
Fonsinn: posts the ante 14
Mahu2021: posts the ante 14
D1man1982: posts the ante 14
masthammer: posts the ante 14
voktv: posts the ante 14
arharovec: posts the ante 14
zneelix12: posts the ante 14
Mahu2021: posts small blind 45
D1man1982: posts big blind 90
*** HOLE CARDS ***
Dealt to Mahu2021 [2h 3s]
masthammer: folds 
voktv: folds 
arharovec: folds 
zneelix12: folds 
naziknazar: folds 
Fonsinn: folds 
Mahu2021: folds 
Uncalled bet (45) returned to D1man1982
D1man1982 collected 202 from pot
D1man1982: doesn't show hand 
*** SUMMARY ***
Total pot 202 | Rake 0 
Seat 1: naziknazar folded before Flop (didn't bet)
Seat 2: Fonsinn (button) folded before Flop (didn't bet)
Seat 3: Mahu2021 (small blind) folded before Flop
Seat 4: D1man1982 (big blind) collected (202)
Seat 5: masthammer folded before Flop (didn't bet)
Seat 6: voktv folded before Flop (didn't bet)
Seat 7: arharovec folded before Flop (didn't bet)
Seat 8: zneelix12 folded before Flop (didn't bet)



PokerStars Hand #246547016296: Tournament #3657324672, $7.20+$7.50+$1.80 USD Hold'em No Limit - Level V (45/90) - 2023/10/15 16:12:07 CET [2023/10/15 10:12:07 ET]
Table '3657324672 14' 8-max Seat #3 is the button
Seat 1: naziknazar (6634 in chips, $7.50 bounty) 
Seat 2: Fonsinn (3233 in chips, $7.50 bounty) 
Seat 3: Mahu2021 (7317 in chips, $7.50 bounty) 
Seat 4: D1man1982 (4461 in chips, $7.50 bounty) 
Seat 5: masthammer (5413 in chips, $11.25 bounty) 
Seat 6: voktv (4972 in chips, $7.50 bounty) 
Seat 7: arharovec (4778 in chips, $7.50 bounty) 
Seat 8: zneelix12 (4173 in chips, $7.50 bounty) 
naziknazar: posts the ante 14
Fonsinn: posts the ante 14
Mahu2021: posts the ante 14
D1man1982: posts the ante 14
masthammer: posts the ante 14
voktv: posts the ante 14
arharovec: posts the ante 14
zneelix12: posts the ante 14
D1man1982: posts small blind 45
masthammer: posts big blind 90
*** HOLE CARDS ***
Dealt to Mahu2021 [6h 6s]
voktv: folds 
arharovec: folds 
zneelix12: folds 
naziknazar: folds 
Fonsinn: raises 90 to 180
Mahu2021: calls 180
D1man1982: folds 
masthammer: calls 90
*** FLOP *** [Qd 7s 2s]
masthammer: bets 270
Fonsinn: calls 270
Mahu2021: folds 
*** TURN *** [Qd 7s 2s] [4s]
masthammer: checks 
Fonsinn: checks 
*** RIVER *** [Qd 7s 2s 4s] [Kh]
masthammer: bets 680
Fonsinn: calls 680
*** SHOW DOWN ***
masthammer: shows [Ad 2d] (a pair of Deuces)
Fonsinn: shows [8h Qh] (a pair of Queens)
Fonsinn collected 2597 from pot
*** SUMMARY ***
Total pot 2597 | Rake 0 
Board [Qd 7s 2s 4s Kh]
Seat 1: naziknazar folded before Flop (didn't bet)
Seat 2: Fonsinn showed [8h Qh] and won (2597) with a pair of Queens
Seat 3: Mahu2021 (button) folded on the Flop
Seat 4: D1man1982 (small blind) folded before Flop
Seat 5: masthammer (big blind) showed [Ad 2d] and lost with a pair of Deuces
Seat 6: voktv folded before Flop (didn't bet)
Seat 7: arharovec folded before Flop (didn't bet)
Seat 8: zneelix12 folded before Flop (didn't bet)



PokerStars Hand #246547032655: Tournament #3657324672, $7.20+$7.50+$1.80 USD Hold'em No Limit - Level V (45/90) - 2023/10/15 16:13:08 CET [2023/10/15 10:13:08 ET]
Table '3657324672 14' 8-max Seat #4 is the button
Seat 1: naziknazar (6620 in chips, $7.50 bounty) 
Seat 2: Fonsinn (4686 in chips, $7.50 bounty) 
Seat 3: Mahu2021 (7123 in chips, $7.50 bounty) 
Seat 4: D1man1982 (4402 in chips, $7.50 bounty) 
Seat 5: masthammer (4269 in chips, $11.25 bounty) 
Seat 6: voktv (4958 in chips, $7.50 bounty) 
Seat 7: arharovec (4764 in chips, $7.50 bounty) 
Seat 8: zneelix12 (4159 in chips, $7.50 bounty) 
naziknazar: posts the ante 14
Fonsinn: posts the ante 14
Mahu2021: posts the ante 14
D1man1982: posts the ante 14
masthammer: posts the ante 14
voktv: posts the ante 14
arharovec: posts the ante 14
zneelix12: posts the ante 14
masthammer: posts small blind 45
voktv: posts big blind 90
*** HOLE CARDS ***
Dealt to Mahu2021 [8d 2s]
arharovec: folds 
zneelix12: raises 90 to 180
naziknazar: folds 
Fonsinn: folds 
Mahu2021: folds 
D1man1982: folds 
masthammer: folds 
voktv: calls 90
*** FLOP *** [5h 6d 2d]
voktv: checks 
zneelix12: bets 341
voktv: folds 
Uncalled bet (341) returned to zneelix12
zneelix12 collected 517 from pot
zneelix12: doesn't show hand 
*** SUMMARY ***
Total pot 517 | Rake 0 
Board [5h 6d 2d]
Seat 1: naziknazar folded before Flop (didn't bet)
Seat 2: Fonsinn folded before Flop (didn't bet)
Seat 3: Mahu2021 folded before Flop (didn't bet)
Seat 4: D1man1982 (button) folded before Flop (didn't bet)
Seat 5: masthammer (small blind) folded before Flop
Seat 6: voktv (big blind) folded on the Flop
Seat 7: arharovec folded before Flop (didn't bet)
Seat 8: zneelix12 collected (517)



PokerStars Hand #246547050986: Tournament #3657324672, $7.20+$7.50+$1.80 USD Hold'em No Limit - Level V (45/90) - 2023/10/15 16:14:17 CET [2023/10/15 10:14:17 ET]
Table '3657324672 14' 8-max Seat #5 is the button
Seat 1: naziknazar (6606 in chips, $7.50 bounty) 
Seat 2: Fonsinn (4672 in chips, $7.50 bounty) 
Seat 3: Mahu2021 (7109 in chips, $7.50 bounty) 
Seat 4: D1man1982 (4388 in chips, $7.50 bounty) 
Seat 5: masthammer (4210 in chips, $11.25 bounty) 
Seat 6: voktv (4764 in chips, $7.50 bounty) 
Seat 7: arharovec (4750 in chips, $7.50 bounty) 
Seat 8: zneelix12 (4482 in chips, $7.50 bounty) 
naziknazar: posts the ante 14
Fonsinn: posts the ante 14
Mahu2021: posts the ante 14
D1man1982: posts the ante 14
masthammer: posts the ante 14
voktv: posts the ante 14
arharovec: posts the ante 14
zneelix12: posts the ante 14
voktv: posts small blind 45
arharovec: posts big blind 90
*** HOLE CARDS ***
Dealt to Mahu2021 [4s 7d]
zneelix12: folds 
naziknazar: folds 
Fonsinn: folds 
Mahu2021: folds 
D1man1982: folds 
masthammer: folds 
voktv: calls 45
arharovec: raises 225 to 315
voktv: calls 225
*** FLOP *** [Jc 9h Ts]
voktv: checks 
arharovec: bets 223
voktv: calls 223
*** TURN *** [Jc 9h Ts] [4h]
voktv: checks 
arharovec: bets 713
voktv: calls 713
*** RIVER *** [Jc 9h Ts 4h] [6h]
voktv: checks 
arharovec: checks 
*** SHOW DOWN ***
voktv: shows [Kd 8h] (high card King)
arharovec: shows [Ac Js] (a pair of Jacks)
arharovec collected 2614 from pot
*** SUMMARY ***
Total pot 2614 | Rake 0 
Board [Jc 9h Ts 4h 6h]
Seat 1: naziknazar folded before Flop (didn't bet)
Seat 2: Fonsinn folded before Flop (didn't bet)
Seat 3: Mahu2021 folded before Flop (didn't bet)
Seat 4: D1man1982 folded before Flop (didn't bet)
Seat 5: masthammer (button) folded before Flop (didn't bet)
Seat 6: voktv (small blind) showed [Kd 8h] and lost with high card King
Seat 7: arharovec (big blind) showed [Ac Js] and won (2614) with a pair of Jacks
Seat 8: zneelix12 folded before Flop (didn't bet)



PokerStars Hand #246547076556: Tournament #3657324672, $7.20+$7.50+$1.80 USD Hold'em No Limit - Level V (45/90) - 2023/10/15 16:15:51 CET [2023/10/15 10:15:51 ET]
Table '3657324672 14' 8-max Seat #6 is the button
Seat 1: naziknazar (6592 in chips, $7.50 bounty) 
Seat 2: Fonsinn (4658 in chips, $7.50 bounty) 
Seat 3: Mahu2021 (7095 in chips, $7.50 bounty) 
Seat 4: D1man1982 (4374 in chips, $7.50 bounty) 
Seat 5: masthammer (4196 in chips, $11.25 bounty) 
Seat 6: voktv (3499 in chips, $7.50 bounty) 
Seat 7: arharovec (6099 in chips, $7.50 bounty) 
Seat 8: zneelix12 (4468 in chips, $7.50 bounty) 
naziknazar: posts the ante 14
Fonsinn: posts the ante 14
Mahu2021: posts the ante 14
D1man1982: posts the ante 14
masthammer: posts the ante 14
voktv: posts the ante 14
arharovec: posts the ante 14
zneelix12: posts the ante 14
arharovec: posts small blind 45
zneelix12: posts big blind 90
*** HOLE CARDS ***
Dealt to Mahu2021 [6c Qd]
naziknazar: folds 
Fonsinn: folds 
Mahu2021: folds 
D1man1982: raises 90 to 180
masthammer: folds 
voktv: calls 180
arharovec: folds 
zneelix12: calls 90
*** FLOP *** [Kh Kd 7s]
zneelix12: checks 
D1man1982: checks 
voktv: checks 
*** TURN *** [Kh Kd 7s] [Ac]
zneelix12: checks 
D1man1982: checks 
voktv: bets 346
zneelix12: calls 346
D1man1982: folds 
*** RIVER *** [Kh Kd 7s Ac] [6d]
zneelix12: checks 
voktv: bets 1260
zneelix12: folds 
Uncalled bet (1260) returned to voktv
voktv collected 1389 from pot
voktv: doesn't show hand 
*** SUMMARY ***
Total pot 1389 | Rake 0 
Board [Kh Kd 7s Ac 6d]
Seat 1: naziknazar folded before Flop (didn't bet)
Seat 2: Fonsinn folded before Flop (didn't bet)
Seat 3: Mahu2021 folded before Flop (didn't bet)
Seat 4: D1man1982 folded on the Turn
Seat 5: masthammer folded before Flop (didn't bet)
Seat 6: voktv (button) collected (1389)
Seat 7: arharovec (small blind) folded before Flop
Seat 8: zneelix12 (big blind) folded on the River



PokerStars Hand #246547127325: Tournament #3657324672, $7.20+$7.50+$1.80 USD Hold'em No Limit - Level VI (50/100) - 2023/10/15 16:18:53 CET [2023/10/15 10:18:53 ET]
Table '3657324672 14' 8-max Seat #7 is the button
Seat 1: naziknazar (6578 in chips, $7.50 bounty) 
Seat 2: Fonsinn (4644 in chips, $7.50 bounty) 
Seat 3: Mahu2021 (7081 in chips, $7.50 bounty) 
Seat 4: D1man1982 (4180 in chips, $7.50 bounty) 
Seat 5: masthammer (4182 in chips, $11.25 bounty) 
Seat 6: voktv (4348 in chips, $7.50 bounty) 
Seat 7: arharovec (6040 in chips, $7.50 bounty) 
Seat 8: zneelix12 (3928 in chips, $7.50 bounty) 
naziknazar: posts the ante 15
Fonsinn: posts the ante 15
Mahu2021: posts the ante 15
D1man1982: posts the ante 15
masthammer: posts the ante 15
voktv: posts the ante 15
arharovec: posts the ante 15
zneelix12: posts the ante 15
zneelix12: posts small blind 50
naziknazar: posts big blind 100
*** HOLE CARDS ***
Dealt to Mahu2021 [8d 7h]
Fonsinn: raises 100 to 200
Mahu2021: folds 
D1man1982: folds 
masthammer: folds 
voktv: folds 
arharovec: folds 
zneelix12: raises 600 to 800
naziknazar: folds 
Fonsinn: calls 600
*** FLOP *** [3c 6d As]
zneelix12: bets 601
Fonsinn: calls 601
*** TURN *** [3c 6d As] [5d]
zneelix12: bets 2512 and is all-in
Fonsinn: calls 2512
*** RIVER *** [3c 6d As 5d] [Td]
*** SHOW DOWN ***
zneelix12: shows [Ah Qs] (a pair of Aces)
Fonsinn: shows [Ad 9d] (a flush, Ace high)
Fonsinn collected 8046 from pot
Fonsinn wins $3.75 for eliminating zneelix12 and their own bounty increases by $3.75 to $11.25
zneelix12 finished the tournament
*** SUMMARY ***
Total pot 8046 | Rake 0 
Board [3c 6d As 5d Td]
Seat 1: naziknazar (big blind) folded before Flop
Seat 2: Fonsinn showed [Ad 9d] and won (8046) with a flush, Ace high
Seat 3: Mahu2021 folded before Flop (didn't bet)
Seat 4: D1man1982 folded before Flop (didn't bet)
Seat 5: masthammer folded before Flop (didn't bet)
Seat 6: voktv folded before Flop (didn't bet)
Seat 7: arharovec (button) folded before Flop (didn't bet)
Seat 8: zneelix12 (small blind) showed [Ah Qs] and lost with a pair of Aces



PokerStars Hand #246547151245: Tournament #3657324672, $7.20+$7.50+$1.80 USD Hold'em No Limit - Level VI (50/100) - 2023/10/15 16:20:19 CET [2023/10/15 10:20:19 ET]
Table '3657324672 14' 8-max Seat #1 is the button
Seat 1: naziknazar (6463 in chips, $7.50 bounty) 
Seat 2: Fonsinn (8762 in chips, $11.25 bounty) 
Seat 3: Mahu2021 (7066 in chips, $7.50 bounty) 
Seat 4: D1man1982 (4165 in chips, $7.50 bounty) 
Seat 5: masthammer (4167 in chips, $11.25 bounty) 
Seat 6: voktv (4333 in chips, $7.50 bounty) 
Seat 7: arharovec (6025 in chips, $7.50 bounty) 
naziknazar: posts the ante 15
Fonsinn: posts the ante 15
Mahu2021: posts the ante 15
D1man1982: posts the ante 15
masthammer: posts the ante 15
voktv: posts the ante 15
arharovec: posts the ante 15
Fonsinn: posts small blind 50
Mahu2021: posts big blind 100
*** HOLE CARDS ***
Dealt to Mahu2021 [Kc As]
Karlit0w is disconnected 
D1man1982: folds 
masthammer: folds 
voktv: folds 
arharovec: raises 100 to 200
naziknazar: folds 
Fonsinn: folds 
Mahu2021: calls 100
*** FLOP *** [9d 7c 3c]
Mahu2021: checks 
arharovec: checks 
*** TURN *** [9d 7c 3c] [6h]
Mahu2021: checks 
arharovec: bets 167
Mahu2021: calls 167
*** RIVER *** [9d 7c 3c 6h] [Ts]
Mahu2021: checks 
arharovec: bets 1000
Mahu2021: folds 
Uncalled bet (1000) returned to arharovec
arharovec collected 889 from pot
arharovec: doesn't show hand 
*** SUMMARY ***
Total pot 889 | Rake 0 
Board [9d 7c 3c 6h Ts]
Seat 1: naziknazar (button) folded before Flop (didn't bet)
Seat 2: Fonsinn (small blind) folded before Flop
Seat 3: Mahu2021 (big blind) folded on the River
Seat 4: D1man1982 folded before Flop (didn't bet)
Seat 5: masthammer folded before Flop (didn't bet)
Seat 6: voktv folded before Flop (didn't bet)
Seat 7: arharovec collected (889)



PokerStars Hand #246547166672: Tournament #3657324672, $7.20+$7.50+$1.80 USD Hold'em No Limit - Level VI (50/100) - 2023/10/15 16:21:14 CET [2023/10/15 10:21:14 ET]
Table '3657324672 14' 8-max Seat #2 is the button
Seat 1: naziknazar (6448 in chips, $7.50 bounty) 
Seat 2: Fonsinn (8697 in chips, $11.25 bounty) 
Seat 3: Mahu2021 (6684 in chips, $7.50 bounty) 
Seat 4: D1man1982 (4150 in chips, $7.50 bounty) 
Seat 5: masthammer (4152 in chips, $11.25 bounty) 
Seat 6: voktv (4318 in chips, $7.50 bounty) 
Seat 7: arharovec (6532 in chips, $7.50 bounty) 
Seat 8: Karlit0w (5000 in chips, $7.50 bounty) 
naziknazar: posts the ante 15
Fonsinn: posts the ante 15
Mahu2021: posts the ante 15
D1man1982: posts the ante 15
masthammer: posts the ante 15
voktv: posts the ante 15
arharovec: posts the ante 15
Karlit0w: posts the ante 15
Mahu2021: posts small blind 50
D1man1982: posts big blind 100
*** HOLE CARDS ***
Dealt to Mahu2021 [7s 3h]
masthammer: raises 100 to 200
voktv: folds 
arharovec: folds 
Karlit0w: folds 
naziknazar: folds 
Fonsinn: folds 
Mahu2021: folds 
D1man1982: folds 
Uncalled bet (100) returned to masthammer
masthammer collected 370 from pot
masthammer: doesn't show hand 
*** SUMMARY ***
Total pot 370 | Rake 0 
Seat 1: naziknazar folded before Flop (didn't bet)
Seat 2: Fonsinn (button) folded before Flop (didn't bet)
Seat 3: Mahu2021 (small blind) folded before Flop
Seat 4: D1man1982 (big blind) folded before Flop
Seat 5: masthammer collected (370)
Seat 6: voktv folded before Flop (didn't bet)
Seat 7: arharovec folded before Flop (didn't bet)
Seat 8: Karlit0w folded before Flop (didn't bet)



PokerStars Hand #246547175644: Tournament #3657324672, $7.20+$7.50+$1.80 USD Hold'em No Limit - Level VI (50/100) - 2023/10/15 16:21:45 CET [2023/10/15 10:21:45 ET]
Table '3657324672 14' 8-max Seat #3 is the button
Seat 1: naziknazar (6433 in chips, $7.50 bounty) 
Seat 2: Fonsinn (8682 in chips, $11.25 bounty) 
Seat 3: Mahu2021 (6619 in chips, $7.50 bounty) 
Seat 4: D1man1982 (4035 in chips, $7.50 bounty) 
Seat 5: masthammer (4407 in chips, $11.25 bounty) 
Seat 6: voktv (4303 in chips, $7.50 bounty) 
Seat 7: arharovec (6517 in chips, $7.50 bounty) 
Seat 8: Karlit0w (4985 in chips, $7.50 bounty) 
naziknazar: posts the ante 15
Fonsinn: posts the ante 15
Mahu2021: posts the ante 15
D1man1982: posts the ante 15
masthammer: posts the ante 15
voktv: posts the ante 15
arharovec: posts the ante 15
Karlit0w: posts the ante 15
D1man1982: posts small blind 50
masthammer: posts big blind 100
*** HOLE CARDS ***
Dealt to Mahu2021 [Kd 8c]
voktv: folds 
arharovec: raises 100 to 200
Karlit0w: folds 
naziknazar: folds 
Fonsinn: folds 
Mahu2021: folds 
D1man1982: folds 
masthammer: calls 100
*** FLOP *** [Ad Qh Kc]
masthammer: checks 
arharovec: bets 171
masthammer: calls 171
*** TURN *** [Ad Qh Kc] [8h]
masthammer: checks 
arharovec: bets 1000
masthammer: calls 1000
*** RIVER *** [Ad Qh Kc 8h] [5h]
masthammer: checks 
arharovec: checks 
*** SHOW DOWN ***
masthammer: shows [6h Jh] (a flush, Queen high)
arharovec: mucks hand 
masthammer collected 2912 from pot
*** SUMMARY ***
Total pot 2912 | Rake 0 
Board [Ad Qh Kc 8h 5h]
Seat 1: naziknazar folded before Flop (didn't bet)
Seat 2: Fonsinn folded before Flop (didn't bet)
Seat 3: Mahu2021 (button) folded before Flop (didn't bet)
Seat 4: D1man1982 (small blind) folded before Flop
Seat 5: masthammer (big blind) showed [6h Jh] and won (2912) with a flush, Queen high
Seat 6: voktv folded before Flop (didn't bet)
Seat 7: arharovec mucked [9c 9h]
Seat 8: Karlit0w folded before Flop (didn't bet)



PokerStars Hand #246547198135: Tournament #3657324672, $7.20+$7.50+$1.80 USD Hold'em No Limit - Level VI (50/100) - 2023/10/15 16:23:05 CET [2023/10/15 10:23:05 ET]
Table '3657324672 14' 8-max Seat #4 is the button
Seat 1: naziknazar (6418 in chips, $7.50 bounty) 
Seat 2: Fonsinn (8667 in chips, $11.25 bounty) 
Seat 3: Mahu2021 (6604 in chips, $7.50 bounty) 
Seat 4: D1man1982 (3970 in chips, $7.50 bounty) 
Seat 5: masthammer (5933 in chips, $11.25 bounty) 
Seat 6: voktv (4288 in chips, $7.50 bounty) 
Seat 7: arharovec (5131 in chips, $7.50 bounty) 
Seat 8: Karlit0w (4970 in chips, $7.50 bounty) 
naziknazar: posts the ante 15
Fonsinn: posts the ante 15
Mahu2021: posts the ante 15
D1man1982: posts the ante 15
masthammer: posts the ante 15
voktv: posts the ante 15
arharovec: posts the ante 15
Karlit0w: posts the ante 15
masthammer: posts small blind 50
voktv: posts big blind 100
*** HOLE CARDS ***
Dealt to Mahu2021 [3d 3c]
arharovec: raises 100 to 200
Karlit0w: calls 200
naziknazar: calls 200
Fonsinn: folds 
Mahu2021: calls 200
D1man1982: raises 1300 to 1500
masthammer: folds 
voktv: folds 
arharovec: folds 
Karlit0w: calls 1300
naziknazar: folds 
Mahu2021: folds 
*** FLOP *** [Ah 7c Ad]
Karlit0w: checks 
D1man1982: bets 2455 and is all-in
Karlit0w: calls 2455
*** TURN *** [Ah 7c Ad] [2s]
*** RIVER *** [Ah 7c Ad 2s] [8c]
*** SHOW DOWN ***
Karlit0w: shows [As Th] (three of a kind, Aces)
D1man1982: shows [Jd Jc] (two pair, Aces and Jacks)
Karlit0w collected 8780 from pot
Karlit0w wins $3.75 for eliminating D1man1982 and their own bounty increases by $3.75 to $11.25
D1man1982 finished the tournament
*** SUMMARY ***
Total pot 8780 | Rake 0 
Board [Ah 7c Ad 2s 8c]
Seat 1: naziknazar folded before Flop
Seat 2: Fonsinn folded before Flop (didn't bet)
Seat 3: Mahu2021 folded before Flop
Seat 4: D1man1982 (button) showed [Jd Jc] and lost with two pair, Aces and Jacks
Seat 5: masthammer (small blind) folded before Flop
Seat 6: voktv (big blind) folded before Flop
Seat 7: arharovec folded before Flop
Seat 8: Karlit0w showed [As Th] and won (8780) with three of a kind, Aces



PokerStars Hand #246547216572: Tournament #3657324672, $7.20+$7.50+$1.80 USD Hold'em No Limit - Level VI (50/100) - 2023/10/15 16:24:10 CET [2023/10/15 10:24:10 ET]
Table '3657324672 14' 8-max Seat #5 is the button
Seat 1: naziknazar (6203 in chips, $7.50 bounty) 
Seat 2: Fonsinn (8652 in chips, $11.25 bounty) 
Seat 3: Mahu2021 (6389 in chips, $7.50 bounty) 
Seat 5: masthammer (5868 in chips, $11.25 bounty) 
Seat 6: voktv (4173 in chips, $7.50 bounty) 
Seat 7: arharovec (4916 in chips, $7.50 bounty) 
Seat 8: Karlit0w (9780 in chips, $11.25 bounty) 
naziknazar: posts the ante 15
Fonsinn: posts the ante 15
Mahu2021: posts the ante 15
masthammer: posts the ante 15
voktv: posts the ante 15
arharovec: posts the ante 15
Karlit0w: posts the ante 15
voktv: posts small blind 50
arharovec: posts big blind 100
*** HOLE CARDS ***
Dealt to Mahu2021 [7d 2c]
Karlit0w: raises 150 to 250
naziknazar: folds 
Fonsinn: folds 
Mahu2021: folds 
masthammer: folds 
voktv: folds 
arharovec: calls 150
*** FLOP *** [2s 4c Tc]
arharovec: checks 
Karlit0w: bets 328
arharovec: calls 328
*** TURN *** [2s 4c Tc] [3c]
arharovec: bets 400
Karlit0w: calls 400
*** RIVER *** [2s 4c Tc 3c] [Ad]
arharovec: bets 1267
Karlit0w: calls 1267
*** SHOW DOWN ***
arharovec: shows [As 3s] (two pair, Aces and Threes)
Karlit0w: shows [8d 5d] (a straight, Ace to Five)
Karlit0w collected 4645 from pot
*** SUMMARY ***
Total pot 4645 | Rake 0 
Board [2s 4c Tc 3c Ad]
Seat 1: naziknazar folded before Flop (didn't bet)
Seat 2: Fonsinn folded before Flop (didn't bet)
Seat 3: Mahu2021 folded before Flop (didn't bet)
Seat 5: masthammer (button) folded before Flop (didn't bet)
Seat 6: voktv (small blind) folded before Flop
Seat 7: arharovec (big blind) showed [As 3s] and lost with two pair, Aces and Threes
Seat 8: Karlit0w showed [8d 5d] and won (4645) with a straight, Ace to Five



PokerStars Hand #246547232144: Tournament #3657324672, $7.20+$7.50+$1.80 USD Hold'em No Limit - Level VI (50/100) - 2023/10/15 16:25:05 CET [2023/10/15 10:25:05 ET]
Table '3657324672 14' 8-max Seat #6 is the button
Seat 1: naziknazar (6188 in chips, $7.50 bounty) 
Seat 2: Fonsinn (8637 in chips, $11.25 bounty) 
Seat 3: Mahu2021 (6374 in chips, $7.50 bounty) 
Seat 4: Abdalinha26 (5000 in chips, $7.50 bounty) 
Seat 5: masthammer (5853 in chips, $11.25 bounty) 
Seat 6: voktv (4108 in chips, $7.50 bounty) 
Seat 7: arharovec (2656 in chips, $7.50 bounty) 
Seat 8: Karlit0w (12165 in chips, $11.25 bounty) 
naziknazar: posts the ante 15
Fonsinn: posts the ante 15
Mahu2021: posts the ante 15
Abdalinha26: posts the ante 15
masthammer: posts the ante 15
voktv: posts the ante 15
arharovec: posts the ante 15
Karlit0w: posts the ante 15
arharovec: posts small blind 50
Karlit0w: posts big blind 100
*** HOLE CARDS ***
Dealt to Mahu2021 [6c 6h]
naziknazar: raises 100 to 200
Fonsinn: folds 
Mahu2021: calls 200
Abdalinha26: folds 
masthammer: folds 
voktv: folds 
arharovec: folds 
Karlit0w: raises 800 to 1000
naziknazar: folds 
Mahu2021: folds 
Uncalled bet (800) returned to Karlit0w
Karlit0w collected 770 from pot
Karlit0w: doesn't show hand 
*** SUMMARY ***
Total pot 770 | Rake 0 
Seat 1: naziknazar folded before Flop
Seat 2: Fonsinn folded before Flop (didn't bet)
Seat 3: Mahu2021 folded before Flop
Seat 4: Abdalinha26 folded before Flop (didn't bet)
Seat 5: masthammer folded before Flop (didn't bet)
Seat 6: voktv (button) folded before Flop (didn't bet)
Seat 7: arharovec (small blind) folded before Flop
Seat 8: Karlit0w (big blind) collected (770)



PokerStars Hand #246547246728: Tournament #3657324672, $7.20+$7.50+$1.80 USD Hold'em No Limit - Level VII (60/120) - 2023/10/15 16:25:57 CET [2023/10/15 10:25:57 ET]
Table '3657324672 14' 8-max Seat #7 is the button
Seat 1: naziknazar (5973 in chips, $7.50 bounty) 
Seat 2: Fonsinn (8622 in chips, $11.25 bounty) 
Seat 3: Mahu2021 (6159 in chips, $7.50 bounty) 
Seat 4: Abdalinha26 (4985 in chips, $7.50 bounty) 
Seat 5: masthammer (5838 in chips, $11.25 bounty) 
Seat 6: voktv (4093 in chips, $7.50 bounty) 
Seat 7: arharovec (2591 in chips, $7.50 bounty) 
Seat 8: Karlit0w (12720 in chips, $11.25 bounty) 
naziknazar: posts the ante 18
Fonsinn: posts the ante 18
Mahu2021: posts the ante 18
Abdalinha26: posts the ante 18
masthammer: posts the ante 18
voktv: posts the ante 18
arharovec: posts the ante 18
Karlit0w: posts the ante 18
Karlit0w: posts small blind 60
naziknazar: posts big blind 120
*** HOLE CARDS ***
Dealt to Mahu2021 [5s 2h]
Fonsinn: folds 
Mahu2021: folds 
Abdalinha26: raises 240 to 360
masthammer: folds 
voktv: folds 
arharovec: folds 
Karlit0w: calls 300
naziknazar: calls 240
*** FLOP *** [Js 8h Kh]
Karlit0w: checks 
naziknazar: checks 
Abdalinha26: bets 480
Karlit0w: calls 480
naziknazar: calls 480
*** TURN *** [Js 8h Kh] [6d]
Karlit0w: checks 
naziknazar: checks 
Abdalinha26: checks 
*** RIVER *** [Js 8h Kh 6d] [2c]
Karlit0w: checks 
naziknazar: checks 
Abdalinha26: checks 
*** SHOW DOWN ***
Karlit0w: shows [Jh 5h] (a pair of Jacks)
naziknazar: shows [9s Jd] (a pair of Jacks - King+Nine kicker)
Abdalinha26: mucks hand 
naziknazar collected 2664 from pot
*** SUMMARY ***
Total pot 2664 | Rake 0 
Board [Js 8h Kh 6d 2c]
Seat 1: naziknazar (big blind) showed [9s Jd] and won (2664) with a pair of Jacks
Seat 2: Fonsinn folded before Flop (didn't bet)
Seat 3: Mahu2021 folded before Flop (didn't bet)
Seat 4: Abdalinha26 mucked [As Qh]
Seat 5: masthammer folded before Flop (didn't bet)
Seat 6: voktv folded before Flop (didn't bet)
Seat 7: arharovec (button) folded before Flop (didn't bet)
Seat 8: Karlit0w (small blind) showed [Jh 5h] and lost with a pair of Jacks



PokerStars Hand #246547273419: Tournament #3657324672, $7.20+$7.50+$1.80 USD Hold'em No Limit - Level VII (60/120) - 2023/10/15 16:27:31 CET [2023/10/15 10:27:31 ET]
Table '3657324672 14' 8-max Seat #8 is the button
Seat 1: naziknazar (7779 in chips, $7.50 bounty) 
Seat 2: Fonsinn (8604 in chips, $11.25 bounty) 
Seat 3: Mahu2021 (6141 in chips, $7.50 bounty) 
Seat 4: Abdalinha26 (4127 in chips, $7.50 bounty) 
Seat 5: masthammer (5820 in chips, $11.25 bounty) 
Seat 6: voktv (4075 in chips, $7.50 bounty) 
Seat 7: arharovec (2573 in chips, $7.50 bounty) 
Seat 8: Karlit0w (11862 in chips, $11.25 bounty) 
naziknazar: posts the ante 18
Fonsinn: posts the ante 18
Mahu2021: posts the ante 18
Abdalinha26: posts the ante 18
masthammer: posts the ante 18
voktv: posts the ante 18
arharovec: posts the ante 18
Karlit0w: posts the ante 18
naziknazar: posts small blind 60
Fonsinn: posts big blind 120
*** HOLE CARDS ***
Dealt to Mahu2021 [9h 3h]
Mahu2021: folds 
Abdalinha26: raises 120 to 240
masthammer: raises 420 to 660
voktv: folds 
arharovec: folds 
Karlit0w: folds 
naziknazar: folds 
Fonsinn: folds 
Abdalinha26: folds 
Uncalled bet (420) returned to masthammer
masthammer collected 804 from pot
masthammer: doesn't show hand 
*** SUMMARY ***
Total pot 804 | Rake 0 
Seat 1: naziknazar (small blind) folded before Flop
Seat 2: Fonsinn (big blind) folded before Flop
Seat 3: Mahu2021 folded before Flop (didn't bet)
Seat 4: Abdalinha26 folded before Flop
Seat 5: masthammer collected (804)
Seat 6: voktv folded before Flop (didn't bet)
Seat 7: arharovec folded before Flop (didn't bet)
Seat 8: Karlit0w (button) folded before Flop (didn't bet)



PokerStars Hand #246547283854: Tournament #3657324672, $7.20+$7.50+$1.80 USD Hold'em No Limit - Level VII (60/120) - 2023/10/15 16:28:08 CET [2023/10/15 10:28:08 ET]
Table '3657324672 14' 8-max Seat #1 is the button
Seat 1: naziknazar (7701 in chips, $7.50 bounty) 
Seat 2: Fonsinn (8466 in chips, $11.25 bounty) 
Seat 3: Mahu2021 (6123 in chips, $7.50 bounty) 
Seat 4: Abdalinha26 (3869 in chips, $7.50 bounty) 
Seat 5: masthammer (6366 in chips, $11.25 bounty) 
Seat 6: voktv (4057 in chips, $7.50 bounty) 
Seat 7: arharovec (2555 in chips, $7.50 bounty) 
Seat 8: Karlit0w (11844 in chips, $11.25 bounty) 
naziknazar: posts the ante 18
Fonsinn: posts the ante 18
Mahu2021: posts the ante 18
Abdalinha26: posts the ante 18
masthammer: posts the ante 18
voktv: posts the ante 18
arharovec: posts the ante 18
Karlit0w: posts the ante 18
Fonsinn: posts small blind 60
Mahu2021: posts big blind 120
*** HOLE CARDS ***
Dealt to Mahu2021 [7d 3s]
Abdalinha26: folds 
masthammer: folds 
voktv: folds 
arharovec: folds 
Karlit0w: folds 
naziknazar: raises 120 to 240
Fonsinn: folds 
Mahu2021: folds 
Uncalled bet (120) returned to naziknazar
naziknazar collected 444 from pot
naziknazar: doesn't show hand 
*** SUMMARY ***
Total pot 444 | Rake 0 
Seat 1: naziknazar (button) collected (444)
Seat 2: Fonsinn (small blind) folded before Flop
Seat 3: Mahu2021 (big blind) folded before Flop
Seat 4: Abdalinha26 folded before Flop (didn't bet)
Seat 5: masthammer folded before Flop (didn't bet)
Seat 6: voktv folded before Flop (didn't bet)
Seat 7: arharovec folded before Flop (didn't bet)
Seat 8: Karlit0w folded before Flop (didn't bet)



PokerStars Hand #246547291188: Tournament #3657324672, $7.20+$7.50+$1.80 USD Hold'em No Limit - Level VII (60/120) - 2023/10/15 16:28:34 CET [2023/10/15 10:28:34 ET]
Table '3657324672 14' 8-max Seat #2 is the button
Seat 1: naziknazar (8007 in chips, $7.50 bounty) 
Seat 2: Fonsinn (8388 in chips, $11.25 bounty) 
Seat 3: Mahu2021 (5985 in chips, $7.50 bounty) 
Seat 4: Abdalinha26 (3851 in chips, $7.50 bounty) 
Seat 5: masthammer (6348 in chips, $11.25 bounty) 
Seat 6: voktv (4039 in chips, $7.50 bounty) 
Seat 7: arharovec (2537 in chips, $7.50 bounty) 
Seat 8: Karlit0w (11826 in chips, $11.25 bounty) 
naziknazar: posts the ante 18
Fonsinn: posts the ante 18
Mahu2021: posts the ante 18
Abdalinha26: posts the ante 18
masthammer: posts the ante 18
voktv: posts the ante 18
arharovec: posts the ante 18
Karlit0w: posts the ante 18
Mahu2021: posts small blind 60
Abdalinha26: posts big blind 120
*** HOLE CARDS ***
Dealt to Mahu2021 [Jd 9s]
masthammer: folds 
voktv: folds 
arharovec: folds 
Karlit0w: raises 180 to 300
naziknazar: folds 
Fonsinn: folds 
Mahu2021: folds 
Abdalinha26: folds 
Uncalled bet (180) returned to Karlit0w
Karlit0w collected 444 from pot
Karlit0w: doesn't show hand 
*** SUMMARY ***
Total pot 444 | Rake 0 
Seat 1: naziknazar folded before Flop (didn't bet)
Seat 2: Fonsinn (button) folded before Flop (didn't bet)
Seat 3: Mahu2021 (small blind) folded before Flop
Seat 4: Abdalinha26 (big blind) folded before Flop
Seat 5: masthammer folded before Flop (didn't bet)
Seat 6: voktv folded before Flop (didn't bet)
Seat 7: arharovec folded before Flop (didn't bet)
Seat 8: Karlit0w collected (444)



PokerStars Hand #246547301786: Tournament #3657324672, $7.20+$7.50+$1.80 USD Hold'em No Limit - Level VII (60/120) - 2023/10/15 16:29:12 CET [2023/10/15 10:29:12 ET]
Table '3657324672 14' 8-max Seat #3 is the button
Seat 1: naziknazar (7989 in chips, $7.50 bounty) 
Seat 2: Fonsinn (8370 in chips, $11.25 bounty) 
Seat 3: Mahu2021 (5907 in chips, $7.50 bounty) 
Seat 4: Abdalinha26 (3713 in chips, $7.50 bounty) 
Seat 5: masthammer (6330 in chips, $11.25 bounty) 
Seat 6: voktv (4021 in chips, $7.50 bounty) 
Seat 7: arharovec (2519 in chips, $7.50 bounty) 
Seat 8: Karlit0w (12132 in chips, $11.25 bounty) 
naziknazar: posts the ante 18
Fonsinn: posts the ante 18
Mahu2021: posts the ante 18
Abdalinha26: posts the ante 18
masthammer: posts the ante 18
voktv: posts the ante 18
arharovec: posts the ante 18
Karlit0w: posts the ante 18
Abdalinha26: posts small blind 60
masthammer: posts big blind 120
*** HOLE CARDS ***
Dealt to Mahu2021 [6d 2s]
voktv: folds 
arharovec: folds 
Karlit0w: raises 180 to 300
naziknazar: folds 
Fonsinn: calls 300
Mahu2021: folds 
Abdalinha26: calls 240
masthammer: folds 
*** FLOP *** [2h Kh 8h]
Abdalinha26: checks 
Karlit0w: bets 582
Fonsinn: calls 582
Abdalinha26: folds 
*** TURN *** [2h Kh 8h] [5h]
Karlit0w: checks 
Fonsinn: checks 
*** RIVER *** [2h Kh 8h 5h] [Jh]
Karlit0w: bets 960
Fonsinn: calls 960
*** SHOW DOWN ***
Karlit0w: shows [8s 8c] (a flush, King high)
Fonsinn: shows [7d 7h] (a flush, King high - Seven higher)
Fonsinn collected 4248 from pot
*** SUMMARY ***
Total pot 4248 | Rake 0 
Board [2h Kh 8h 5h Jh]
Seat 1: naziknazar folded before Flop (didn't bet)
Seat 2: Fonsinn showed [7d 7h] and won (4248) with a flush, King high
Seat 3: Mahu2021 (button) folded before Flop (didn't bet)
Seat 4: Abdalinha26 (small blind) folded on the Flop
Seat 5: masthammer (big blind) folded before Flop
Seat 6: voktv folded before Flop (didn't bet)
Seat 7: arharovec folded before Flop (didn't bet)
Seat 8: Karlit0w showed [8s 8c] and lost with a flush, King high



PokerStars Hand #246547319903: Tournament #3657324672, $7.20+$7.50+$1.80 USD Hold'em No Limit - Level VII (60/120) - 2023/10/15 16:30:17 CET [2023/10/15 10:30:17 ET]
Table '3657324672 14' 8-max Seat #4 is the button
Seat 1: naziknazar (7971 in chips, $7.50 bounty) 
Seat 2: Fonsinn (10758 in chips, $11.25 bounty) 
Seat 3: Mahu2021 (5889 in chips, $7.50 bounty) 
Seat 4: Abdalinha26 (3395 in chips, $7.50 bounty) 
Seat 5: masthammer (6192 in chips, $11.25 bounty) 
Seat 6: voktv (4003 in chips, $7.50 bounty) 
Seat 7: arharovec (2501 in chips, $7.50 bounty) 
Seat 8: Karlit0w (10272 in chips, $11.25 bounty) 
naziknazar: posts the ante 18
Fonsinn: posts the ante 18
Mahu2021: posts the ante 18
Abdalinha26: posts the ante 18
masthammer: posts the ante 18
voktv: posts the ante 18
arharovec: posts the ante 18
Karlit0w: posts the ante 18
masthammer: posts small blind 60
voktv: posts big blind 120
*** HOLE CARDS ***
Dealt to Mahu2021 [6s Ah]
arharovec: raises 120 to 240
Karlit0w: calls 240
naziknazar: folds 
Fonsinn: folds 
Mahu2021: folds 
Abdalinha26: folds 
masthammer: folds 
voktv: calls 120
*** FLOP *** [Kh 2h Kc]
voktv: checks 
arharovec: bets 120
Karlit0w: calls 120
voktv: raises 480 to 600
arharovec: folds 
Karlit0w: calls 480
*** TURN *** [Kh 2h Kc] [Js]
voktv: bets 1122
Karlit0w: folds 
Uncalled bet (1122) returned to voktv
voktv collected 2244 from pot
voktv: doesn't show hand 
*** SUMMARY ***
Total pot 2244 | Rake 0 
Board [Kh 2h Kc Js]
Seat 1: naziknazar folded before Flop (didn't bet)
Seat 2: Fonsinn folded before Flop (didn't bet)
Seat 3: Mahu2021 folded before Flop (didn't bet)
Seat 4: Abdalinha26 (button) folded before Flop (didn't bet)
Seat 5: masthammer (small blind) folded before Flop
Seat 6: voktv (big blind) collected (2244)
Seat 7: arharovec folded on the Flop
Seat 8: Karlit0w folded on the Turn



PokerStars Hand #246547342692: Tournament #3657324672, $7.20+$7.50+$1.80 USD Hold'em No Limit - Level VII (60/120) - 2023/10/15 16:31:37 CET [2023/10/15 10:31:37 ET]
Table '3657324672 14' 8-max Seat #5 is the button
Seat 1: naziknazar (7953 in chips, $7.50 bounty) 
Seat 2: Fonsinn (10740 in chips, $11.25 bounty) 
Seat 3: Mahu2021 (5871 in chips, $7.50 bounty) 
Seat 4: Abdalinha26 (3377 in chips, $7.50 bounty) 
Seat 5: masthammer (6114 in chips, $11.25 bounty) 
Seat 6: voktv (5389 in chips, $7.50 bounty) 
Seat 7: arharovec (2123 in chips, $7.50 bounty) 
Seat 8: Karlit0w (9414 in chips, $11.25 bounty) 
naziknazar: posts the ante 18
Fonsinn: posts the ante 18
Mahu2021: posts the ante 18
Abdalinha26: posts the ante 18
masthammer: posts the ante 18
voktv: posts the ante 18
arharovec: posts the ante 18
Karlit0w: posts the ante 18
voktv: posts small blind 60
arharovec: posts big blind 120
*** HOLE CARDS ***
Dealt to Mahu2021 [5d Qd]
Karlit0w: folds 
naziknazar: folds 
Fonsinn: folds 
Mahu2021: raises 120 to 240
Abdalinha26: folds 
masthammer: folds 
voktv: folds 
arharovec: folds 
Uncalled bet (120) returned to Mahu2021
Mahu2021 collected 444 from pot
Mahu2021: doesn't show hand 
*** SUMMARY ***
Total pot 444 | Rake 0 
Seat 1: naziknazar folded before Flop (didn't bet)
Seat 2: Fonsinn folded before Flop (didn't bet)
Seat 3: Mahu2021 collected (444)
Seat 4: Abdalinha26 folded before Flop (didn't bet)
Seat 5: masthammer (button) folded before Flop (didn't bet)
Seat 6: voktv (small blind) folded before Flop
Seat 7: arharovec (big blind) folded before Flop
Seat 8: Karlit0w folded before Flop (didn't bet)



PokerStars Hand #246547352172: Tournament #3657324672, $7.20+$7.50+$1.80 USD Hold'em No Limit - Level VII (60/120) - 2023/10/15 16:32:11 CET [2023/10/15 10:32:11 ET]
Table '3657324672 14' 8-max Seat #6 is the button
Seat 1: naziknazar (7935 in chips, $7.50 bounty) 
Seat 2: Fonsinn (10722 in chips, $11.25 bounty) 
Seat 3: Mahu2021 (6177 in chips, $7.50 bounty) 
Seat 4: Abdalinha26 (3359 in chips, $7.50 bounty) 
Seat 5: masthammer (6096 in chips, $11.25 bounty) 
Seat 6: voktv (5311 in chips, $7.50 bounty) 
Seat 7: arharovec (1985 in chips, $7.50 bounty) 
Seat 8: Karlit0w (9396 in chips, $11.25 bounty) 
naziknazar: posts the ante 18
Fonsinn: posts the ante 18
Mahu2021: posts the ante 18
Abdalinha26: posts the ante 18
masthammer: posts the ante 18
voktv: posts the ante 18
arharovec: posts the ante 18
Karlit0w: posts the ante 18
arharovec: posts small blind 60
Karlit0w: posts big blind 120
*** HOLE CARDS ***
Dealt to Mahu2021 [Ks 3s]
naziknazar: folds 
Fonsinn: folds 
Mahu2021: raises 120 to 240
Abdalinha26: folds 
masthammer: folds 
voktv: folds 
arharovec: folds 
Karlit0w: folds 
Uncalled bet (120) returned to Mahu2021
Mahu2021 collected 444 from pot
Mahu2021: doesn't show hand 
*** SUMMARY ***
Total pot 444 | Rake 0 
Seat 1: naziknazar folded before Flop (didn't bet)
Seat 2: Fonsinn folded before Flop (didn't bet)
Seat 3: Mahu2021 collected (444)
Seat 4: Abdalinha26 folded before Flop (didn't bet)
Seat 5: masthammer folded before Flop (didn't bet)
Seat 6: voktv (button) folded before Flop (didn't bet)
Seat 7: arharovec (small blind) folded before Flop
Seat 8: Karlit0w (big blind) folded before Flop



PokerStars Hand #246547361537: Tournament #3657324672, $7.20+$7.50+$1.80 USD Hold'em No Limit - Level VII (60/120) - 2023/10/15 16:32:44 CET [2023/10/15 10:32:44 ET]
Table '3657324672 14' 8-max Seat #7 is the button
Seat 1: naziknazar (7917 in chips, $7.50 bounty) 
Seat 2: Fonsinn (10704 in chips, $11.25 bounty) 
Seat 3: Mahu2021 (6483 in chips, $7.50 bounty) 
Seat 4: Abdalinha26 (3341 in chips, $7.50 bounty) 
Seat 5: masthammer (6078 in chips, $11.25 bounty) 
Seat 6: voktv (5293 in chips, $7.50 bounty) 
Seat 7: arharovec (1907 in chips, $7.50 bounty) 
Seat 8: Karlit0w (9258 in chips, $11.25 bounty) 
naziknazar: posts the ante 18
Fonsinn: posts the ante 18
Mahu2021: posts the ante 18
Abdalinha26: posts the ante 18
masthammer: posts the ante 18
voktv: posts the ante 18
arharovec: posts the ante 18
Karlit0w: posts the ante 18
Karlit0w: posts small blind 60
naziknazar: posts big blind 120
*** HOLE CARDS ***
Dealt to Mahu2021 [Ts Td]
Fonsinn: folds 
Mahu2021: raises 120 to 240
Abdalinha26: folds 
masthammer: folds 
voktv: folds 
arharovec: folds 
Karlit0w: folds 
naziknazar: raises 684 to 924
Mahu2021: calls 684
*** FLOP *** [8d 7d 9s]
naziknazar: bets 1539
Mahu2021: raises 4002 to 5541 and is all-in
naziknazar: calls 4002
*** TURN *** [8d 7d 9s] [5c]
*** RIVER *** [8d 7d 9s 5c] [Ac]
*** SHOW DOWN ***
naziknazar: shows [Kc Kd] (a pair of Kings)
Mahu2021: shows [Ts Td] (a pair of Tens)
naziknazar collected 13134 from pot
naziknazar wins $3.75 for eliminating Mahu2021 and their own bounty increases by $3.75 to $11.25
Mahu2021 finished the tournament
*** SUMMARY ***
Total pot 13134 | Rake 0 
Board [8d 7d 9s 5c Ac]
Seat 1: naziknazar (big blind) showed [Kc Kd] and won (13134) with a pair of Kings
Seat 2: Fonsinn folded before Flop (didn't bet)
Seat 3: Mahu2021 showed [Ts Td] and lost with a pair of Tens
Seat 4: Abdalinha26 folded before Flop (didn't bet)
Seat 5: masthammer folded before Flop (didn't bet)
Seat 6: voktv folded before Flop (didn't bet)
Seat 7: arharovec (button) folded before Flop (didn't bet)
Seat 8: Karlit0w (small blind) folded before Flop



