PokerStars Hand #245425289611: Tournament #3632180540, $0.92+$0.08 USD Hold'em No Limit - Level I (10/20) - 2023/08/16 19:49:36 CET [2023/08/16 13:49:36 ET]
Table '3632180540 1' 3-max Seat #1 is the button
Seat 1: Mahu2021 (500 in chips) 
Seat 2: Imbastrol (500 in chips) 
Seat 3: elledee125 (500 in chips) is sitting out
Imbastrol: posts small blind 10
elledee125: posts big blind 20
*** HOLE CARDS ***
Dealt to Mahu2021 [Qc 9d]
Mahu2021: folds 
Imbastrol: raises 20 to 40
elledee125: folds 
Uncalled bet (20) returned to Imbastrol
Imbastrol collected 40 from pot
Imbastrol: doesn't show hand 
*** SUMMARY ***
Total pot 40 | Rake 0 
Seat 1: Mahu2021 (button) folded before Flop (didn't bet)
Seat 2: Imbastrol (small blind) collected (40)
Seat 3: elledee125 (big blind) folded before Flop



PokerStars Hand #245425291923: Tournament #3632180540, $0.92+$0.08 USD Hold'em No Limit - Level I (10/20) - 2023/08/16 19:49:44 CET [2023/08/16 13:49:44 ET]
Table '3632180540 1' 3-max Seat #2 is the button
Seat 1: Mahu2021 (500 in chips) 
Seat 2: Imbastrol (520 in chips) 
Seat 3: elledee125 (480 in chips) is sitting out
elledee125: posts small blind 10
Mahu2021: posts big blind 20
*** HOLE CARDS ***
Dealt to Mahu2021 [9s 5c]
Imbastrol: folds 
elledee125: folds 
Uncalled bet (10) returned to Mahu2021
Mahu2021 collected 20 from pot
Mahu2021: doesn't show hand 
*** SUMMARY ***
Total pot 20 | Rake 0 
Seat 1: Mahu2021 (big blind) collected (20)
Seat 2: Imbastrol (button) folded before Flop (didn't bet)
Seat 3: elledee125 (small blind) folded before Flop



PokerStars Hand #245425292750: Tournament #3632180540, $0.92+$0.08 USD Hold'em No Limit - Level I (10/20) - 2023/08/16 19:49:47 CET [2023/08/16 13:49:47 ET]
Table '3632180540 1' 3-max Seat #3 is the button
Seat 1: Mahu2021 (510 in chips) 
Seat 2: Imbastrol (520 in chips) 
Seat 3: elledee125 (470 in chips) is sitting out
Mahu2021: posts small blind 10
Imbastrol: posts big blind 20
*** HOLE CARDS ***
Dealt to Mahu2021 [Tc Qd]
elledee125: folds 
Mahu2021: calls 10
Imbastrol: raises 40 to 60
Mahu2021: calls 40
*** FLOP *** [Ks Kh Td]
Mahu2021: checks 
Imbastrol: bets 40
Mahu2021: calls 40
*** TURN *** [Ks Kh Td] [Qc]
Mahu2021: checks 
Imbastrol: bets 150
Mahu2021: calls 150
*** RIVER *** [Ks Kh Td Qc] [7d]
Mahu2021: checks 
Imbastrol: bets 270 and is all-in
Mahu2021: calls 260 and is all-in
Uncalled bet (10) returned to Imbastrol
*** SHOW DOWN ***
Imbastrol: shows [9s Jc] (a straight, Nine to King)
Mahu2021: shows [Tc Qd] (two pair, Kings and Queens)
Imbastrol collected 1020 from pot
Mahu2021 finished the tournament in 3rd place
*** SUMMARY ***
Total pot 1020 | Rake 0 
Board [Ks Kh Td Qc 7d]
Seat 1: Mahu2021 (small blind) showed [Tc Qd] and lost with two pair, Kings and Queens
Seat 2: Imbastrol (big blind) showed [9s Jc] and won (1020) with a straight, Nine to King
Seat 3: elledee125 (button) folded before Flop (didn't bet)



