PokerStars Hand #243424465140: Tournament #3585099718, $0.92+$0.08 USD Hold'em No Limit - Level I (10/20) - 2023/05/01 13:01:12 CET [2023/05/01 7:01:12 ET]
Table '3585099718 1' 3-max Seat #1 is the button
Seat 1: Mahu2021 (500 in chips) 
Seat 2: i4ch (500 in chips) 
Seat 3: tolsak1973 (500 in chips) 
i4ch: posts small blind 10
tolsak1973: posts big blind 20
*** HOLE CARDS ***
Dealt to Mahu2021 [3s Ah]
Mahu2021: folds 
i4ch: calls 10
tolsak1973: checks 
*** FLOP *** [3d Td Ad]
i4ch: bets 20
tolsak1973: folds 
Uncalled bet (20) returned to i4ch
i4ch collected 40 from pot
i4ch: doesn't show hand 
*** SUMMARY ***
Total pot 40 | Rake 0 
Board [3d Td Ad]
Seat 1: Mahu2021 (button) folded before Flop (didn't bet)
Seat 2: i4ch (small blind) collected (40)
Seat 3: tolsak1973 (big blind) folded on the Flop



PokerStars Hand #243424467523: Tournament #3585099718, $0.92+$0.08 USD Hold'em No Limit - Level I (10/20) - 2023/05/01 13:01:26 CET [2023/05/01 7:01:26 ET]
Table '3585099718 1' 3-max Seat #2 is the button
Seat 1: Mahu2021 (500 in chips) 
Seat 2: i4ch (520 in chips) 
Seat 3: tolsak1973 (480 in chips) 
tolsak1973: posts small blind 10
Mahu2021: posts big blind 20
*** HOLE CARDS ***
Dealt to Mahu2021 [9h Qc]
i4ch: folds 
tolsak1973: raises 40 to 60
Mahu2021: folds 
Uncalled bet (40) returned to tolsak1973
tolsak1973 collected 40 from pot
tolsak1973: doesn't show hand 
*** SUMMARY ***
Total pot 40 | Rake 0 
Seat 1: Mahu2021 (big blind) folded before Flop
Seat 2: i4ch (button) folded before Flop (didn't bet)
Seat 3: tolsak1973 (small blind) collected (40)



PokerStars Hand #243424470084: Tournament #3585099718, $0.92+$0.08 USD Hold'em No Limit - Level I (10/20) - 2023/05/01 13:01:40 CET [2023/05/01 7:01:40 ET]
Table '3585099718 1' 3-max Seat #3 is the button
Seat 1: Mahu2021 (480 in chips) 
Seat 2: i4ch (520 in chips) 
Seat 3: tolsak1973 (500 in chips) 
Mahu2021: posts small blind 10
i4ch: posts big blind 20
*** HOLE CARDS ***
Dealt to Mahu2021 [2d 4h]
tolsak1973: folds 
Mahu2021: folds 
Uncalled bet (10) returned to i4ch
i4ch collected 20 from pot
i4ch: doesn't show hand 
*** SUMMARY ***
Total pot 20 | Rake 0 
Seat 1: Mahu2021 (small blind) folded before Flop
Seat 2: i4ch (big blind) collected (20)
Seat 3: tolsak1973 (button) folded before Flop (didn't bet)



PokerStars Hand #243424471773: Tournament #3585099718, $0.92+$0.08 USD Hold'em No Limit - Level I (10/20) - 2023/05/01 13:01:50 CET [2023/05/01 7:01:50 ET]
Table '3585099718 1' 3-max Seat #1 is the button
Seat 1: Mahu2021 (470 in chips) 
Seat 2: i4ch (530 in chips) 
Seat 3: tolsak1973 (500 in chips) 
i4ch: posts small blind 10
tolsak1973: posts big blind 20
*** HOLE CARDS ***
Dealt to Mahu2021 [Ts 4d]
Mahu2021: folds 
i4ch: raises 60 to 80
tolsak1973: folds 
Uncalled bet (60) returned to i4ch
i4ch collected 40 from pot
i4ch: doesn't show hand 
*** SUMMARY ***
Total pot 40 | Rake 0 
Seat 1: Mahu2021 (button) folded before Flop (didn't bet)
Seat 2: i4ch (small blind) collected (40)
Seat 3: tolsak1973 (big blind) folded before Flop



PokerStars Hand #243424474380: Tournament #3585099718, $0.92+$0.08 USD Hold'em No Limit - Level I (10/20) - 2023/05/01 13:02:04 CET [2023/05/01 7:02:04 ET]
Table '3585099718 1' 3-max Seat #2 is the button
Seat 1: Mahu2021 (470 in chips) 
Seat 2: i4ch (550 in chips) 
Seat 3: tolsak1973 (480 in chips) 
tolsak1973: posts small blind 10
Mahu2021: posts big blind 20
*** HOLE CARDS ***
Dealt to Mahu2021 [9d Th]
i4ch: calls 20
tolsak1973: folds 
Mahu2021: checks 
*** FLOP *** [5s Ad 2d]
Mahu2021: checks 
i4ch: checks 
*** TURN *** [5s Ad 2d] [Ac]
Mahu2021: checks 
i4ch: checks 
*** RIVER *** [5s Ad 2d Ac] [Js]
Mahu2021: checks 
i4ch: checks 
*** SHOW DOWN ***
Mahu2021: shows [9d Th] (a pair of Aces)
i4ch: shows [Qh 8s] (a pair of Aces - Queen kicker)
i4ch collected 50 from pot
*** SUMMARY ***
Total pot 50 | Rake 0 
Board [5s Ad 2d Ac Js]
Seat 1: Mahu2021 (big blind) showed [9d Th] and lost with a pair of Aces
Seat 2: i4ch (button) showed [Qh 8s] and won (50) with a pair of Aces
Seat 3: tolsak1973 (small blind) folded before Flop



PokerStars Hand #243424477816: Tournament #3585099718, $0.92+$0.08 USD Hold'em No Limit - Level I (10/20) - 2023/05/01 13:02:24 CET [2023/05/01 7:02:24 ET]
Table '3585099718 1' 3-max Seat #3 is the button
Seat 1: Mahu2021 (450 in chips) 
Seat 2: i4ch (580 in chips) 
Seat 3: tolsak1973 (470 in chips) 
Mahu2021: posts small blind 10
i4ch: posts big blind 20
*** HOLE CARDS ***
Dealt to Mahu2021 [Ah 6s]
tolsak1973: folds 
Mahu2021: raises 20 to 40
i4ch: raises 20 to 60
Mahu2021: calls 20
*** FLOP *** [Ks Jc 8c]
Mahu2021: checks 
i4ch: bets 40
Mahu2021: folds 
Uncalled bet (40) returned to i4ch
i4ch collected 120 from pot
i4ch: doesn't show hand 
*** SUMMARY ***
Total pot 120 | Rake 0 
Board [Ks Jc 8c]
Seat 1: Mahu2021 (small blind) folded on the Flop
Seat 2: i4ch (big blind) collected (120)
Seat 3: tolsak1973 (button) folded before Flop (didn't bet)



PokerStars Hand #243424481274: Tournament #3585099718, $0.92+$0.08 USD Hold'em No Limit - Level I (10/20) - 2023/05/01 13:02:44 CET [2023/05/01 7:02:44 ET]
Table '3585099718 1' 3-max Seat #1 is the button
Seat 1: Mahu2021 (390 in chips) 
Seat 2: i4ch (640 in chips) 
Seat 3: tolsak1973 (470 in chips) 
i4ch: posts small blind 10
tolsak1973: posts big blind 20
*** HOLE CARDS ***
Dealt to Mahu2021 [Qh 4c]
Mahu2021: folds 
i4ch: calls 10
tolsak1973: checks 
*** FLOP *** [Ks 2h 4d]
i4ch: bets 20
tolsak1973: folds 
Uncalled bet (20) returned to i4ch
i4ch collected 40 from pot
i4ch: doesn't show hand 
*** SUMMARY ***
Total pot 40 | Rake 0 
Board [Ks 2h 4d]
Seat 1: Mahu2021 (button) folded before Flop (didn't bet)
Seat 2: i4ch (small blind) collected (40)
Seat 3: tolsak1973 (big blind) folded on the Flop



PokerStars Hand #243424483984: Tournament #3585099718, $0.92+$0.08 USD Hold'em No Limit - Level I (10/20) - 2023/05/01 13:02:59 CET [2023/05/01 7:02:59 ET]
Table '3585099718 1' 3-max Seat #2 is the button
Seat 1: Mahu2021 (390 in chips) 
Seat 2: i4ch (660 in chips) 
Seat 3: tolsak1973 (450 in chips) 
tolsak1973: posts small blind 10
Mahu2021: posts big blind 20
*** HOLE CARDS ***
Dealt to Mahu2021 [Js 8h]
i4ch: raises 40 to 60
tolsak1973: raises 390 to 450 and is all-in
Mahu2021: folds 
i4ch: folds 
Uncalled bet (390) returned to tolsak1973
tolsak1973 collected 140 from pot
tolsak1973: doesn't show hand 
*** SUMMARY ***
Total pot 140 | Rake 0 
Seat 1: Mahu2021 (big blind) folded before Flop
Seat 2: i4ch (button) folded before Flop
Seat 3: tolsak1973 (small blind) collected (140)



PokerStars Hand #243424487555: Tournament #3585099718, $0.92+$0.08 USD Hold'em No Limit - Level II (15/30) - 2023/05/01 13:03:19 CET [2023/05/01 7:03:19 ET]
Table '3585099718 1' 3-max Seat #3 is the button
Seat 1: Mahu2021 (370 in chips) 
Seat 2: i4ch (600 in chips) 
Seat 3: tolsak1973 (530 in chips) 
Mahu2021: posts small blind 15
i4ch: posts big blind 30
*** HOLE CARDS ***
Dealt to Mahu2021 [8c 3c]
tolsak1973: folds 
Mahu2021: folds 
Uncalled bet (15) returned to i4ch
i4ch collected 30 from pot
i4ch: doesn't show hand 
*** SUMMARY ***
Total pot 30 | Rake 0 
Seat 1: Mahu2021 (small blind) folded before Flop
Seat 2: i4ch (big blind) collected (30)
Seat 3: tolsak1973 (button) folded before Flop (didn't bet)



PokerStars Hand #243424489124: Tournament #3585099718, $0.92+$0.08 USD Hold'em No Limit - Level II (15/30) - 2023/05/01 13:03:28 CET [2023/05/01 7:03:28 ET]
Table '3585099718 1' 3-max Seat #1 is the button
Seat 1: Mahu2021 (355 in chips) 
Seat 2: i4ch (615 in chips) 
Seat 3: tolsak1973 (530 in chips) 
i4ch: posts small blind 15
tolsak1973: posts big blind 30
*** HOLE CARDS ***
Dealt to Mahu2021 [Tc 9s]
Mahu2021: calls 30
i4ch: folds 
tolsak1973: checks 
*** FLOP *** [5s 7h Th]
tolsak1973: checks 
Mahu2021: bets 75
tolsak1973: folds 
Uncalled bet (75) returned to Mahu2021
Mahu2021 collected 75 from pot
Mahu2021: doesn't show hand 
*** SUMMARY ***
Total pot 75 | Rake 0 
Board [5s 7h Th]
Seat 1: Mahu2021 (button) collected (75)
Seat 2: i4ch (small blind) folded before Flop
Seat 3: tolsak1973 (big blind) folded on the Flop



PokerStars Hand #243424492140: Tournament #3585099718, $0.92+$0.08 USD Hold'em No Limit - Level II (15/30) - 2023/05/01 13:03:45 CET [2023/05/01 7:03:45 ET]
Table '3585099718 1' 3-max Seat #2 is the button
Seat 1: Mahu2021 (400 in chips) 
Seat 2: i4ch (600 in chips) 
Seat 3: tolsak1973 (500 in chips) 
tolsak1973: posts small blind 15
Mahu2021: posts big blind 30
*** HOLE CARDS ***
Dealt to Mahu2021 [2c 8c]
i4ch: calls 30
tolsak1973: raises 470 to 500 and is all-in
Mahu2021: folds 
i4ch: folds 
Uncalled bet (470) returned to tolsak1973
tolsak1973 collected 90 from pot
tolsak1973: doesn't show hand 
*** SUMMARY ***
Total pot 90 | Rake 0 
Seat 1: Mahu2021 (big blind) folded before Flop
Seat 2: i4ch (button) folded before Flop
Seat 3: tolsak1973 (small blind) collected (90)



PokerStars Hand #243424493996: Tournament #3585099718, $0.92+$0.08 USD Hold'em No Limit - Level II (15/30) - 2023/05/01 13:03:56 CET [2023/05/01 7:03:56 ET]
Table '3585099718 1' 3-max Seat #3 is the button
Seat 1: Mahu2021 (370 in chips) 
Seat 2: i4ch (570 in chips) 
Seat 3: tolsak1973 (560 in chips) 
Mahu2021: posts small blind 15
i4ch: posts big blind 30
*** HOLE CARDS ***
Dealt to Mahu2021 [9h 4h]
tolsak1973: folds 
Mahu2021: calls 15
i4ch: raises 30 to 60
Mahu2021: folds 
Uncalled bet (30) returned to i4ch
i4ch collected 60 from pot
i4ch: doesn't show hand 
*** SUMMARY ***
Total pot 60 | Rake 0 
Seat 1: Mahu2021 (small blind) folded before Flop
Seat 2: i4ch (big blind) collected (60)
Seat 3: tolsak1973 (button) folded before Flop (didn't bet)



PokerStars Hand #243424496259: Tournament #3585099718, $0.92+$0.08 USD Hold'em No Limit - Level II (15/30) - 2023/05/01 13:04:08 CET [2023/05/01 7:04:08 ET]
Table '3585099718 1' 3-max Seat #1 is the button
Seat 1: Mahu2021 (340 in chips) 
Seat 2: i4ch (600 in chips) 
Seat 3: tolsak1973 (560 in chips) 
i4ch: posts small blind 15
tolsak1973: posts big blind 30
*** HOLE CARDS ***
Dealt to Mahu2021 [Jc 4c]
Mahu2021: calls 30
i4ch: raises 30 to 60
tolsak1973: calls 30
Mahu2021: calls 30
*** FLOP *** [6h 2s 5h]
i4ch: bets 90
tolsak1973: folds 
Mahu2021: folds 
Uncalled bet (90) returned to i4ch
i4ch collected 180 from pot
i4ch: doesn't show hand 
*** SUMMARY ***
Total pot 180 | Rake 0 
Board [6h 2s 5h]
Seat 1: Mahu2021 (button) folded on the Flop
Seat 2: i4ch (small blind) collected (180)
Seat 3: tolsak1973 (big blind) folded on the Flop



PokerStars Hand #243424500055: Tournament #3585099718, $0.92+$0.08 USD Hold'em No Limit - Level II (15/30) - 2023/05/01 13:04:30 CET [2023/05/01 7:04:30 ET]
Table '3585099718 1' 3-max Seat #2 is the button
Seat 1: Mahu2021 (280 in chips) 
Seat 2: i4ch (720 in chips) 
Seat 3: tolsak1973 (500 in chips) 
tolsak1973: posts small blind 15
Mahu2021: posts big blind 30
*** HOLE CARDS ***
Dealt to Mahu2021 [Td 3c]
i4ch: folds 
tolsak1973: folds 
Uncalled bet (15) returned to Mahu2021
Mahu2021 collected 30 from pot
Mahu2021: doesn't show hand 
*** SUMMARY ***
Total pot 30 | Rake 0 
Seat 1: Mahu2021 (big blind) collected (30)
Seat 2: i4ch (button) folded before Flop (didn't bet)
Seat 3: tolsak1973 (small blind) folded before Flop



PokerStars Hand #243424501643: Tournament #3585099718, $0.92+$0.08 USD Hold'em No Limit - Level II (15/30) - 2023/05/01 13:04:39 CET [2023/05/01 7:04:39 ET]
Table '3585099718 1' 3-max Seat #3 is the button
Seat 1: Mahu2021 (295 in chips) 
Seat 2: i4ch (720 in chips) 
Seat 3: tolsak1973 (485 in chips) 
Mahu2021: posts small blind 15
i4ch: posts big blind 30
*** HOLE CARDS ***
Dealt to Mahu2021 [8s Qh]
tolsak1973: folds 
Mahu2021: folds 
Uncalled bet (15) returned to i4ch
i4ch collected 30 from pot
i4ch: doesn't show hand 
*** SUMMARY ***
Total pot 30 | Rake 0 
Seat 1: Mahu2021 (small blind) folded before Flop
Seat 2: i4ch (big blind) collected (30)
Seat 3: tolsak1973 (button) folded before Flop (didn't bet)



PokerStars Hand #243424502634: Tournament #3585099718, $0.92+$0.08 USD Hold'em No Limit - Level II (15/30) - 2023/05/01 13:04:44 CET [2023/05/01 7:04:44 ET]
Table '3585099718 1' 3-max Seat #1 is the button
Seat 1: Mahu2021 (280 in chips) 
Seat 2: i4ch (735 in chips) 
Seat 3: tolsak1973 (485 in chips) 
i4ch: posts small blind 15
tolsak1973: posts big blind 30
*** HOLE CARDS ***
Dealt to Mahu2021 [Js 8h]
Mahu2021: folds 
i4ch: calls 15
tolsak1973: checks 
*** FLOP *** [Tc Qc 8d]
i4ch: checks 
tolsak1973: checks 
*** TURN *** [Tc Qc 8d] [9c]
i4ch: bets 30
tolsak1973: calls 30
*** RIVER *** [Tc Qc 8d 9c] [3s]
i4ch: bets 30
tolsak1973: folds 
Uncalled bet (30) returned to i4ch
i4ch collected 120 from pot
i4ch: doesn't show hand 
*** SUMMARY ***
Total pot 120 | Rake 0 
Board [Tc Qc 8d 9c 3s]
Seat 1: Mahu2021 (button) folded before Flop (didn't bet)
Seat 2: i4ch (small blind) collected (120)
Seat 3: tolsak1973 (big blind) folded on the River



PokerStars Hand #243424507500: Tournament #3585099718, $0.92+$0.08 USD Hold'em No Limit - Level II (15/30) - 2023/05/01 13:05:12 CET [2023/05/01 7:05:12 ET]
Table '3585099718 1' 3-max Seat #2 is the button
Seat 1: Mahu2021 (280 in chips) 
Seat 2: i4ch (795 in chips) 
Seat 3: tolsak1973 (425 in chips) 
tolsak1973: posts small blind 15
Mahu2021: posts big blind 30
*** HOLE CARDS ***
Dealt to Mahu2021 [4h Qs]
i4ch: folds 
tolsak1973: raises 30 to 60
Mahu2021: folds 
Uncalled bet (30) returned to tolsak1973
tolsak1973 collected 60 from pot
tolsak1973: doesn't show hand 
*** SUMMARY ***
Total pot 60 | Rake 0 
Seat 1: Mahu2021 (big blind) folded before Flop
Seat 2: i4ch (button) folded before Flop (didn't bet)
Seat 3: tolsak1973 (small blind) collected (60)



PokerStars Hand #243424510841: Tournament #3585099718, $0.92+$0.08 USD Hold'em No Limit - Level III (20/40) - 2023/05/01 13:05:31 CET [2023/05/01 7:05:31 ET]
Table '3585099718 1' 3-max Seat #3 is the button
Seat 1: Mahu2021 (250 in chips) 
Seat 2: i4ch (795 in chips) 
Seat 3: tolsak1973 (455 in chips) 
Mahu2021: posts small blind 20
i4ch: posts big blind 40
*** HOLE CARDS ***
Dealt to Mahu2021 [3h Td]
tolsak1973: folds 
Mahu2021: folds 
Uncalled bet (20) returned to i4ch
i4ch collected 40 from pot
i4ch: doesn't show hand 
*** SUMMARY ***
Total pot 40 | Rake 0 
Seat 1: Mahu2021 (small blind) folded before Flop
Seat 2: i4ch (big blind) collected (40)
Seat 3: tolsak1973 (button) folded before Flop (didn't bet)



PokerStars Hand #243424511993: Tournament #3585099718, $0.92+$0.08 USD Hold'em No Limit - Level III (20/40) - 2023/05/01 13:05:38 CET [2023/05/01 7:05:38 ET]
Table '3585099718 1' 3-max Seat #1 is the button
Seat 1: Mahu2021 (230 in chips) 
Seat 2: i4ch (815 in chips) 
Seat 3: tolsak1973 (455 in chips) 
i4ch: posts small blind 20
tolsak1973: posts big blind 40
*** HOLE CARDS ***
Dealt to Mahu2021 [Jh 6h]
Mahu2021: folds 
i4ch: calls 20
tolsak1973: raises 415 to 455 and is all-in
i4ch: folds 
Uncalled bet (415) returned to tolsak1973
tolsak1973 collected 80 from pot
tolsak1973: doesn't show hand 
*** SUMMARY ***
Total pot 80 | Rake 0 
Seat 1: Mahu2021 (button) folded before Flop (didn't bet)
Seat 2: i4ch (small blind) folded before Flop
Seat 3: tolsak1973 (big blind) collected (80)



PokerStars Hand #243424514409: Tournament #3585099718, $0.92+$0.08 USD Hold'em No Limit - Level III (20/40) - 2023/05/01 13:05:51 CET [2023/05/01 7:05:51 ET]
Table '3585099718 1' 3-max Seat #2 is the button
Seat 1: Mahu2021 (230 in chips) 
Seat 2: i4ch (775 in chips) 
Seat 3: tolsak1973 (495 in chips) 
tolsak1973: posts small blind 20
Mahu2021: posts big blind 40
*** HOLE CARDS ***
Dealt to Mahu2021 [9s 6s]
i4ch: raises 200 to 240
tolsak1973: folds 
Mahu2021: folds 
Uncalled bet (200) returned to i4ch
i4ch collected 100 from pot
i4ch: doesn't show hand 
*** SUMMARY ***
Total pot 100 | Rake 0 
Seat 1: Mahu2021 (big blind) folded before Flop
Seat 2: i4ch (button) collected (100)
Seat 3: tolsak1973 (small blind) folded before Flop



PokerStars Hand #243424516482: Tournament #3585099718, $0.92+$0.08 USD Hold'em No Limit - Level III (20/40) - 2023/05/01 13:06:02 CET [2023/05/01 7:06:02 ET]
Table '3585099718 1' 3-max Seat #3 is the button
Seat 1: Mahu2021 (190 in chips) 
Seat 2: i4ch (835 in chips) 
Seat 3: tolsak1973 (475 in chips) 
Mahu2021: posts small blind 20
i4ch: posts big blind 40
*** HOLE CARDS ***
Dealt to Mahu2021 [3c 7s]
tolsak1973: folds 
Mahu2021: folds 
Uncalled bet (20) returned to i4ch
i4ch collected 40 from pot
i4ch: doesn't show hand 
*** SUMMARY ***
Total pot 40 | Rake 0 
Seat 1: Mahu2021 (small blind) folded before Flop
Seat 2: i4ch (big blind) collected (40)
Seat 3: tolsak1973 (button) folded before Flop (didn't bet)



PokerStars Hand #243424517313: Tournament #3585099718, $0.92+$0.08 USD Hold'em No Limit - Level III (20/40) - 2023/05/01 13:06:08 CET [2023/05/01 7:06:08 ET]
Table '3585099718 1' 3-max Seat #1 is the button
Seat 1: Mahu2021 (170 in chips) 
Seat 2: i4ch (855 in chips) 
Seat 3: tolsak1973 (475 in chips) 
i4ch: posts small blind 20
tolsak1973: posts big blind 40
*** HOLE CARDS ***
Dealt to Mahu2021 [Qh 5s]
Mahu2021: folds 
i4ch: calls 20
tolsak1973: checks 
*** FLOP *** [9s 7h Jd]
i4ch: checks 
tolsak1973: bets 40
i4ch: calls 40
*** TURN *** [9s 7h Jd] [7s]
i4ch: checks 
tolsak1973: checks 
*** RIVER *** [9s 7h Jd 7s] [9h]
i4ch: checks 
tolsak1973: checks 
*** SHOW DOWN ***
i4ch: shows [Ts 6s] (two pair, Nines and Sevens)
tolsak1973: shows [Js 4h] (two pair, Jacks and Nines)
tolsak1973 collected 160 from pot
*** SUMMARY ***
Total pot 160 | Rake 0 
Board [9s 7h Jd 7s 9h]
Seat 1: Mahu2021 (button) folded before Flop (didn't bet)
Seat 2: i4ch (small blind) showed [Ts 6s] and lost with two pair, Nines and Sevens
Seat 3: tolsak1973 (big blind) showed [Js 4h] and won (160) with two pair, Jacks and Nines



PokerStars Hand #243424522956: Tournament #3585099718, $0.92+$0.08 USD Hold'em No Limit - Level III (20/40) - 2023/05/01 13:06:39 CET [2023/05/01 7:06:39 ET]
Table '3585099718 1' 3-max Seat #2 is the button
Seat 1: Mahu2021 (170 in chips) 
Seat 2: i4ch (775 in chips) 
Seat 3: tolsak1973 (555 in chips) 
tolsak1973: posts small blind 20
Mahu2021: posts big blind 40
*** HOLE CARDS ***
Dealt to Mahu2021 [2c 4h]
i4ch: folds 
tolsak1973: folds 
Uncalled bet (20) returned to Mahu2021
Mahu2021 collected 40 from pot
Mahu2021: doesn't show hand 
*** SUMMARY ***
Total pot 40 | Rake 0 
Seat 1: Mahu2021 (big blind) collected (40)
Seat 2: i4ch (button) folded before Flop (didn't bet)
Seat 3: tolsak1973 (small blind) folded before Flop



PokerStars Hand #243424524668: Tournament #3585099718, $0.92+$0.08 USD Hold'em No Limit - Level III (20/40) - 2023/05/01 13:06:48 CET [2023/05/01 7:06:48 ET]
Table '3585099718 1' 3-max Seat #3 is the button
Seat 1: Mahu2021 (190 in chips) 
Seat 2: i4ch (775 in chips) 
Seat 3: tolsak1973 (535 in chips) 
Mahu2021: posts small blind 20
i4ch: posts big blind 40
*** HOLE CARDS ***
Dealt to Mahu2021 [Th 3c]
tolsak1973: raises 495 to 535 and is all-in
Mahu2021: folds 
i4ch: folds 
Uncalled bet (495) returned to tolsak1973
tolsak1973 collected 100 from pot
tolsak1973: doesn't show hand 
*** SUMMARY ***
Total pot 100 | Rake 0 
Seat 1: Mahu2021 (small blind) folded before Flop
Seat 2: i4ch (big blind) folded before Flop
Seat 3: tolsak1973 (button) collected (100)



PokerStars Hand #243424526690: Tournament #3585099718, $0.92+$0.08 USD Hold'em No Limit - Level III (20/40) - 2023/05/01 13:07:00 CET [2023/05/01 7:07:00 ET]
Table '3585099718 1' 3-max Seat #1 is the button
Seat 1: Mahu2021 (170 in chips) 
Seat 2: i4ch (735 in chips) 
Seat 3: tolsak1973 (595 in chips) 
i4ch: posts small blind 20
tolsak1973: posts big blind 40
*** HOLE CARDS ***
Dealt to Mahu2021 [Kd 6c]
Mahu2021: folds 
i4ch: folds 
Uncalled bet (20) returned to tolsak1973
tolsak1973 collected 40 from pot
tolsak1973: doesn't show hand 
*** SUMMARY ***
Total pot 40 | Rake 0 
Seat 1: Mahu2021 (button) folded before Flop (didn't bet)
Seat 2: i4ch (small blind) folded before Flop
Seat 3: tolsak1973 (big blind) collected (40)



PokerStars Hand #243424527664: Tournament #3585099718, $0.92+$0.08 USD Hold'em No Limit - Level III (20/40) - 2023/05/01 13:07:05 CET [2023/05/01 7:07:05 ET]
Table '3585099718 1' 3-max Seat #2 is the button
Seat 1: Mahu2021 (170 in chips) 
Seat 2: i4ch (715 in chips) 
Seat 3: tolsak1973 (615 in chips) 
tolsak1973: posts small blind 20
Mahu2021: posts big blind 40
*** HOLE CARDS ***
Dealt to Mahu2021 [3d 9s]
i4ch: calls 40
tolsak1973: folds 
Mahu2021: checks 
*** FLOP *** [Qc Qs Qd]
Mahu2021: checks 
i4ch: checks 
*** TURN *** [Qc Qs Qd] [7h]
Mahu2021: checks 
i4ch: checks 
*** RIVER *** [Qc Qs Qd 7h] [7c]
Mahu2021: bets 130 and is all-in
i4ch: calls 130
*** SHOW DOWN ***
Mahu2021: shows [3d 9s] (a full house, Queens full of Sevens)
i4ch: shows [5h 4h] (a full house, Queens full of Sevens)
Mahu2021 collected 180 from pot
i4ch collected 180 from pot
*** SUMMARY ***
Total pot 360 | Rake 0 
Board [Qc Qs Qd 7h 7c]
Seat 1: Mahu2021 (big blind) showed [3d 9s] and won (180) with a full house, Queens full of Sevens
Seat 2: i4ch (button) showed [5h 4h] and won (180) with a full house, Queens full of Sevens
Seat 3: tolsak1973 (small blind) folded before Flop



PokerStars Hand #243424532281: Tournament #3585099718, $0.92+$0.08 USD Hold'em No Limit - Level IV (30/60) - 2023/05/01 13:07:31 CET [2023/05/01 7:07:31 ET]
Table '3585099718 1' 3-max Seat #3 is the button
Seat 1: Mahu2021 (180 in chips) 
Seat 2: i4ch (725 in chips) 
Seat 3: tolsak1973 (595 in chips) 
Mahu2021: posts small blind 30
i4ch: posts big blind 60
*** HOLE CARDS ***
Dealt to Mahu2021 [2h Ks]
tolsak1973: folds 
Mahu2021: raises 120 to 180 and is all-in
i4ch: folds 
Uncalled bet (120) returned to Mahu2021
Mahu2021 collected 120 from pot
Mahu2021: doesn't show hand 
*** SUMMARY ***
Total pot 120 | Rake 0 
Seat 1: Mahu2021 (small blind) collected (120)
Seat 2: i4ch (big blind) folded before Flop
Seat 3: tolsak1973 (button) folded before Flop (didn't bet)



PokerStars Hand #243424533752: Tournament #3585099718, $0.92+$0.08 USD Hold'em No Limit - Level IV (30/60) - 2023/05/01 13:07:40 CET [2023/05/01 7:07:40 ET]
Table '3585099718 1' 3-max Seat #1 is the button
Seat 1: Mahu2021 (240 in chips) 
Seat 2: i4ch (665 in chips) 
Seat 3: tolsak1973 (595 in chips) 
i4ch: posts small blind 30
tolsak1973: posts big blind 60
*** HOLE CARDS ***
Dealt to Mahu2021 [9s 9h]
Mahu2021: raises 180 to 240 and is all-in
i4ch: folds 
tolsak1973: folds 
Uncalled bet (180) returned to Mahu2021
Mahu2021 collected 150 from pot
Mahu2021: doesn't show hand 
*** SUMMARY ***
Total pot 150 | Rake 0 
Seat 1: Mahu2021 (button) collected (150)
Seat 2: i4ch (small blind) folded before Flop
Seat 3: tolsak1973 (big blind) folded before Flop



PokerStars Hand #243424534896: Tournament #3585099718, $0.92+$0.08 USD Hold'em No Limit - Level IV (30/60) - 2023/05/01 13:07:46 CET [2023/05/01 7:07:46 ET]
Table '3585099718 1' 3-max Seat #2 is the button
Seat 1: Mahu2021 (330 in chips) 
Seat 2: i4ch (635 in chips) 
Seat 3: tolsak1973 (535 in chips) 
tolsak1973: posts small blind 30
Mahu2021: posts big blind 60
*** HOLE CARDS ***
Dealt to Mahu2021 [Tc 8h]
i4ch: folds 
tolsak1973: folds 
Uncalled bet (30) returned to Mahu2021
Mahu2021 collected 60 from pot
Mahu2021: doesn't show hand 
*** SUMMARY ***
Total pot 60 | Rake 0 
Seat 1: Mahu2021 (big blind) collected (60)
Seat 2: i4ch (button) folded before Flop (didn't bet)
Seat 3: tolsak1973 (small blind) folded before Flop



PokerStars Hand #243424536192: Tournament #3585099718, $0.92+$0.08 USD Hold'em No Limit - Level IV (30/60) - 2023/05/01 13:07:54 CET [2023/05/01 7:07:54 ET]
Table '3585099718 1' 3-max Seat #3 is the button
Seat 1: Mahu2021 (360 in chips) 
Seat 2: i4ch (635 in chips) 
Seat 3: tolsak1973 (505 in chips) 
Mahu2021: posts small blind 30
i4ch: posts big blind 60
*** HOLE CARDS ***
Dealt to Mahu2021 [Ts Js]
tolsak1973: raises 445 to 505 and is all-in
Mahu2021: folds 
i4ch: folds 
Uncalled bet (445) returned to tolsak1973
tolsak1973 collected 150 from pot
tolsak1973: doesn't show hand 
*** SUMMARY ***
Total pot 150 | Rake 0 
Seat 1: Mahu2021 (small blind) folded before Flop
Seat 2: i4ch (big blind) folded before Flop
Seat 3: tolsak1973 (button) collected (150)



PokerStars Hand #243424537988: Tournament #3585099718, $0.92+$0.08 USD Hold'em No Limit - Level IV (30/60) - 2023/05/01 13:08:03 CET [2023/05/01 7:08:03 ET]
Table '3585099718 1' 3-max Seat #1 is the button
Seat 1: Mahu2021 (330 in chips) 
Seat 2: i4ch (575 in chips) 
Seat 3: tolsak1973 (595 in chips) 
i4ch: posts small blind 30
tolsak1973: posts big blind 60
*** HOLE CARDS ***
Dealt to Mahu2021 [8c 2h]
Mahu2021: folds 
i4ch: folds 
Uncalled bet (30) returned to tolsak1973
tolsak1973 collected 60 from pot
tolsak1973: doesn't show hand 
*** SUMMARY ***
Total pot 60 | Rake 0 
Seat 1: Mahu2021 (button) folded before Flop (didn't bet)
Seat 2: i4ch (small blind) folded before Flop
Seat 3: tolsak1973 (big blind) collected (60)



PokerStars Hand #243424538786: Tournament #3585099718, $0.92+$0.08 USD Hold'em No Limit - Level IV (30/60) - 2023/05/01 13:08:08 CET [2023/05/01 7:08:08 ET]
Table '3585099718 1' 3-max Seat #2 is the button
Seat 1: Mahu2021 (330 in chips) 
Seat 2: i4ch (545 in chips) 
Seat 3: tolsak1973 (625 in chips) 
tolsak1973: posts small blind 30
Mahu2021: posts big blind 60
*** HOLE CARDS ***
Dealt to Mahu2021 [4d Kh]
i4ch: calls 60
tolsak1973: calls 30
Mahu2021: checks 
*** FLOP *** [Qs 2h Th]
tolsak1973: checks 
Mahu2021: checks 
i4ch: checks 
*** TURN *** [Qs 2h Th] [4s]
tolsak1973: checks 
Mahu2021: bets 60
i4ch: folds 
tolsak1973: calls 60
*** RIVER *** [Qs 2h Th 4s] [3c]
tolsak1973: checks 
Mahu2021: checks 
*** SHOW DOWN ***
tolsak1973: shows [3s Ah] (a pair of Threes)
Mahu2021: shows [4d Kh] (a pair of Fours)
Mahu2021 collected 300 from pot
*** SUMMARY ***
Total pot 300 | Rake 0 
Board [Qs 2h Th 4s 3c]
Seat 1: Mahu2021 (big blind) showed [4d Kh] and won (300) with a pair of Fours
Seat 2: i4ch (button) folded on the Turn
Seat 3: tolsak1973 (small blind) showed [3s Ah] and lost with a pair of Threes



PokerStars Hand #243424543888: Tournament #3585099718, $0.92+$0.08 USD Hold'em No Limit - Level IV (30/60) - 2023/05/01 13:08:37 CET [2023/05/01 7:08:37 ET]
Table '3585099718 1' 3-max Seat #3 is the button
Seat 1: Mahu2021 (510 in chips) 
Seat 2: i4ch (485 in chips) 
Seat 3: tolsak1973 (505 in chips) 
Mahu2021: posts small blind 30
i4ch: posts big blind 60
*** HOLE CARDS ***
Dealt to Mahu2021 [Qc 8d]
tolsak1973: folds 
Mahu2021: calls 30
i4ch: checks 
*** FLOP *** [Qd 6d 6s]
Mahu2021: bets 60
i4ch: calls 60
*** TURN *** [Qd 6d 6s] [Th]
Mahu2021: bets 60
i4ch: calls 60
*** RIVER *** [Qd 6d 6s Th] [2d]
Mahu2021: checks 
i4ch: bets 305 and is all-in
Mahu2021: folds 
Uncalled bet (305) returned to i4ch
i4ch collected 360 from pot
i4ch: doesn't show hand 
*** SUMMARY ***
Total pot 360 | Rake 0 
Board [Qd 6d 6s Th 2d]
Seat 1: Mahu2021 (small blind) folded on the River
Seat 2: i4ch (big blind) collected (360)
Seat 3: tolsak1973 (button) folded before Flop (didn't bet)



PokerStars Hand #243424547537: Tournament #3585099718, $0.92+$0.08 USD Hold'em No Limit - Level IV (30/60) - 2023/05/01 13:08:58 CET [2023/05/01 7:08:58 ET]
Table '3585099718 1' 3-max Seat #1 is the button
Seat 1: Mahu2021 (330 in chips) 
Seat 2: i4ch (665 in chips) 
Seat 3: tolsak1973 (505 in chips) 
i4ch: posts small blind 30
tolsak1973: posts big blind 60
*** HOLE CARDS ***
Dealt to Mahu2021 [8s 4h]
Mahu2021: folds 
i4ch: raises 60 to 120
tolsak1973: folds 
Uncalled bet (60) returned to i4ch
i4ch collected 120 from pot
i4ch: doesn't show hand 
*** SUMMARY ***
Total pot 120 | Rake 0 
Seat 1: Mahu2021 (button) folded before Flop (didn't bet)
Seat 2: i4ch (small blind) collected (120)
Seat 3: tolsak1973 (big blind) folded before Flop



PokerStars Hand #243424549173: Tournament #3585099718, $0.92+$0.08 USD Hold'em No Limit - Level IV (30/60) - 2023/05/01 13:09:07 CET [2023/05/01 7:09:07 ET]
Table '3585099718 1' 3-max Seat #2 is the button
Seat 1: Mahu2021 (330 in chips) 
Seat 2: i4ch (725 in chips) 
Seat 3: tolsak1973 (445 in chips) 
tolsak1973: posts small blind 30
Mahu2021: posts big blind 60
*** HOLE CARDS ***
Dealt to Mahu2021 [Qh 3c]
i4ch: folds 
tolsak1973: raises 385 to 445 and is all-in
Mahu2021: folds 
Uncalled bet (385) returned to tolsak1973
tolsak1973 collected 120 from pot
tolsak1973: doesn't show hand 
*** SUMMARY ***
Total pot 120 | Rake 0 
Seat 1: Mahu2021 (big blind) folded before Flop
Seat 2: i4ch (button) folded before Flop (didn't bet)
Seat 3: tolsak1973 (small blind) collected (120)



PokerStars Hand #243424551596: Tournament #3585099718, $0.92+$0.08 USD Hold'em No Limit - Level V (40/80) - 2023/05/01 13:09:20 CET [2023/05/01 7:09:20 ET]
Table '3585099718 1' 3-max Seat #3 is the button
Seat 1: Mahu2021 (270 in chips) 
Seat 2: i4ch (725 in chips) 
Seat 3: tolsak1973 (505 in chips) 
Mahu2021: posts small blind 40
i4ch: posts big blind 80
*** HOLE CARDS ***
Dealt to Mahu2021 [7h Jd]
tolsak1973: calls 80
Mahu2021: calls 40
i4ch: checks 
*** FLOP *** [6d 9h 8c]
Mahu2021: bets 190 and is all-in
i4ch: folds 
tolsak1973: calls 190
*** TURN *** [6d 9h 8c] [8d]
*** RIVER *** [6d 9h 8c 8d] [6s]
*** SHOW DOWN ***
Mahu2021: shows [7h Jd] (two pair, Eights and Sixes)
tolsak1973: shows [Kd 8s] (a full house, Eights full of Sixes)
tolsak1973 collected 620 from pot
Mahu2021 finished the tournament in 3rd place
*** SUMMARY ***
Total pot 620 | Rake 0 
Board [6d 9h 8c 8d 6s]
Seat 1: Mahu2021 (small blind) showed [7h Jd] and lost with two pair, Eights and Sixes
Seat 2: i4ch (big blind) folded on the Flop
Seat 3: tolsak1973 (button) showed [Kd 8s] and won (620) with a full house, Eights full of Sixes



