PokerStars Hand #249886195381: Tournament #3739769334, $1.84+$0.16 USD Hold'em No Limit - Level I (10/20) - 2024/04/09 20:46:52 CET [2024/04/09 14:46:52 ET]
Table '3739769334 1' 3-max Seat #1 is the button
Seat 1: Amgaa3358 (500 in chips) 
Seat 2: drosan (500 in chips) 
Seat 3: Mahu2021 (500 in chips) 
drosan: posts small blind 10
Mahu2021: posts big blind 20
*** HOLE CARDS ***
Dealt to Mahu2021 [Jd Td]
Amgaa3358: raises 40 to 60
drosan: folds 
Mahu2021: calls 40
*** FLOP *** [Qd 9d Jh]
Mahu2021: checks 
Amgaa3358: checks 
*** TURN *** [Qd 9d Jh] [3h]
Mahu2021: bets 40
Amgaa3358: calls 40
*** RIVER *** [Qd 9d Jh 3h] [Ks]
Mahu2021: bets 210
Amgaa3358: raises 190 to 400 and is all-in
Mahu2021: calls 190 and is all-in
*** SHOW DOWN ***
Amgaa3358: shows [Ts Th] (a straight, Nine to King)
Mahu2021: shows [Jd Td] (a straight, Nine to King)
Mahu2021 collected 505 from pot
Amgaa3358 collected 505 from pot
*** SUMMARY ***
Total pot 1010 | Rake 0 
Board [Qd 9d Jh 3h Ks]
Seat 1: Amgaa3358 (button) showed [Ts Th] and won (505) with a straight, Nine to King
Seat 2: drosan (small blind) folded before Flop
Seat 3: Mahu2021 (big blind) showed [Jd Td] and won (505) with a straight, Nine to King



PokerStars Hand #249886202282: Tournament #3739769334, $1.84+$0.16 USD Hold'em No Limit - Level I (10/20) - 2024/04/09 20:47:15 CET [2024/04/09 14:47:15 ET]
Table '3739769334 1' 3-max Seat #2 is the button
Seat 1: Amgaa3358 (505 in chips) 
Seat 2: drosan (490 in chips) 
Seat 3: Mahu2021 (505 in chips) 
Mahu2021: posts small blind 10
Amgaa3358: posts big blind 20
*** HOLE CARDS ***
Dealt to Mahu2021 [Ah 5d]
drosan: folds 
Mahu2021: calls 10
Amgaa3358: raises 60 to 80
Mahu2021: folds 
Uncalled bet (60) returned to Amgaa3358
Amgaa3358 collected 40 from pot
Amgaa3358: doesn't show hand 
*** SUMMARY ***
Total pot 40 | Rake 0 
Seat 1: Amgaa3358 (big blind) collected (40)
Seat 2: drosan (button) folded before Flop (didn't bet)
Seat 3: Mahu2021 (small blind) folded before Flop



PokerStars Hand #249886204917: Tournament #3739769334, $1.84+$0.16 USD Hold'em No Limit - Level I (10/20) - 2024/04/09 20:47:23 CET [2024/04/09 14:47:23 ET]
Table '3739769334 1' 3-max Seat #3 is the button
Seat 1: Amgaa3358 (525 in chips) 
Seat 2: drosan (490 in chips) 
Seat 3: Mahu2021 (485 in chips) 
Amgaa3358: posts small blind 10
drosan: posts big blind 20
*** HOLE CARDS ***
Dealt to Mahu2021 [7d 5c]
Mahu2021: folds 
Amgaa3358: raises 505 to 525 and is all-in
drosan: folds 
Uncalled bet (505) returned to Amgaa3358
Amgaa3358 collected 40 from pot
Amgaa3358: doesn't show hand 
*** SUMMARY ***
Total pot 40 | Rake 0 
Seat 1: Amgaa3358 (small blind) collected (40)
Seat 2: drosan (big blind) folded before Flop
Seat 3: Mahu2021 (button) folded before Flop (didn't bet)



PokerStars Hand #249886207007: Tournament #3739769334, $1.84+$0.16 USD Hold'em No Limit - Level I (10/20) - 2024/04/09 20:47:30 CET [2024/04/09 14:47:30 ET]
Table '3739769334 1' 3-max Seat #1 is the button
Seat 1: Amgaa3358 (545 in chips) 
Seat 2: drosan (470 in chips) 
Seat 3: Mahu2021 (485 in chips) 
drosan: posts small blind 10
Mahu2021: posts big blind 20
*** HOLE CARDS ***
Dealt to Mahu2021 [8h Td]
Amgaa3358: calls 20
drosan: calls 10
Mahu2021: checks 
*** FLOP *** [Ad 6s Ac]
drosan: checks 
Mahu2021: checks 
Amgaa3358: bets 525 and is all-in
drosan: folds 
Mahu2021: folds 
Uncalled bet (525) returned to Amgaa3358
Amgaa3358 collected 60 from pot
Amgaa3358: doesn't show hand 
*** SUMMARY ***
Total pot 60 | Rake 0 
Board [Ad 6s Ac]
Seat 1: Amgaa3358 (button) collected (60)
Seat 2: drosan (small blind) folded on the Flop
Seat 3: Mahu2021 (big blind) folded on the Flop



PokerStars Hand #249886211881: Tournament #3739769334, $1.84+$0.16 USD Hold'em No Limit - Level I (10/20) - 2024/04/09 20:47:46 CET [2024/04/09 14:47:46 ET]
Table '3739769334 1' 3-max Seat #2 is the button
Seat 1: Amgaa3358 (585 in chips) 
Seat 2: drosan (450 in chips) 
Seat 3: Mahu2021 (465 in chips) 
Mahu2021: posts small blind 10
Amgaa3358: posts big blind 20
*** HOLE CARDS ***
Dealt to Mahu2021 [Kh 7h]
drosan: folds 
Mahu2021: raises 40 to 60
Amgaa3358: calls 40
*** FLOP *** [2c 6s Qh]
Mahu2021: checks 
Amgaa3358: checks 
*** TURN *** [2c 6s Qh] [5s]
Mahu2021: checks 
Amgaa3358: checks 
*** RIVER *** [2c 6s Qh 5s] [Qc]
Mahu2021: checks 
Amgaa3358: checks 
*** SHOW DOWN ***
Mahu2021: shows [Kh 7h] (a pair of Queens)
Amgaa3358: mucks hand 
Mahu2021 collected 120 from pot
*** SUMMARY ***
Total pot 120 | Rake 0 
Board [2c 6s Qh 5s Qc]
Seat 1: Amgaa3358 (big blind) mucked [Js 8d]
Seat 2: drosan (button) folded before Flop (didn't bet)
Seat 3: Mahu2021 (small blind) showed [Kh 7h] and won (120) with a pair of Queens



PokerStars Hand #249886217161: Tournament #3739769334, $1.84+$0.16 USD Hold'em No Limit - Level I (10/20) - 2024/04/09 20:48:03 CET [2024/04/09 14:48:03 ET]
Table '3739769334 1' 3-max Seat #3 is the button
Seat 1: Amgaa3358 (525 in chips) 
Seat 2: drosan (450 in chips) 
Seat 3: Mahu2021 (525 in chips) 
Amgaa3358: posts small blind 10
drosan: posts big blind 20
*** HOLE CARDS ***
Dealt to Mahu2021 [Ts Ac]
Mahu2021: calls 20
Amgaa3358: calls 10
drosan: checks 
*** FLOP *** [5c 4c 5s]
Amgaa3358: checks 
drosan: checks 
Mahu2021: bets 60
Amgaa3358: calls 60
drosan: folds 
*** TURN *** [5c 4c 5s] [7h]
Amgaa3358: checks 
Mahu2021: bets 180
Amgaa3358: raises 265 to 445 and is all-in
Mahu2021: calls 265 and is all-in
*** RIVER *** [5c 4c 5s 7h] [9d]
*** SHOW DOWN ***
Amgaa3358: shows [6h 3s] (a straight, Three to Seven)
Mahu2021: shows [Ts Ac] (a pair of Fives)
Amgaa3358 collected 1070 from pot
Mahu2021 finished the tournament in 3rd place
*** SUMMARY ***
Total pot 1070 | Rake 0 
Board [5c 4c 5s 7h 9d]
Seat 1: Amgaa3358 (small blind) showed [6h 3s] and won (1070) with a straight, Three to Seven
Seat 2: drosan (big blind) folded on the Flop
Seat 3: Mahu2021 (button) showed [Ts Ac] and lost with a pair of Fives



