PokerStars Hand #254889492040: Tournament #3859538507, $0.46+$0.04 USD Hold'em No Limit - Level I (10/20) - 2025/02/16 9:12:24 CET [2025/02/16 3:12:24 ET]
Table '3859538507 1' 3-max Seat #1 is the button
Seat 1: Mahu2021 (500 in chips) 
Seat 2: IsoAna (500 in chips) 
Seat 3: GULIT.46 (500 in chips) 
IsoAna: posts small blind 10
GULIT.46: posts big blind 20
*** HOLE CARDS ***
Dealt to Mahu2021 [7c 6s]
Mahu2021: raises 40 to 60
IsoAna: raises 440 to 500 and is all-in
GULIT.46: folds 
Mahu2021: folds 
Uncalled bet (440) returned to IsoAna
IsoAna collected 140 from pot
*** SUMMARY ***
Total pot 140 | Rake 0 
Seat 1: Mahu2021 (button) folded before Flop
Seat 2: IsoAna (small blind) collected (140)
Seat 3: GULIT.46 (big blind) folded before Flop



PokerStars Hand #254889492935: Tournament #3859538507, $0.46+$0.04 USD Hold'em No Limit - Level I (10/20) - 2025/02/16 9:12:35 CET [2025/02/16 3:12:35 ET]
Table '3859538507 1' 3-max Seat #2 is the button
Seat 1: Mahu2021 (440 in chips) 
Seat 2: IsoAna (580 in chips) 
Seat 3: GULIT.46 (480 in chips) 
GULIT.46: posts small blind 10
Mahu2021: posts big blind 20
*** HOLE CARDS ***
Dealt to Mahu2021 [Ac 5d]
IsoAna: folds 
GULIT.46: raises 20 to 40
Mahu2021: calls 20
*** FLOP *** [Ad Ks 8c]
GULIT.46: checks 
Mahu2021: bets 60
GULIT.46: calls 60
*** TURN *** [Ad Ks 8c] [Td]
GULIT.46: bets 60
Mahu2021: calls 60
*** RIVER *** [Ad Ks 8c Td] [4d]
GULIT.46: bets 160
Mahu2021: calls 160
*** SHOW DOWN ***
GULIT.46: shows [Jc Qc] (a straight, Ten to Ace)
Mahu2021: mucks hand 
GULIT.46 collected 640 from pot
*** SUMMARY ***
Total pot 640 | Rake 0 
Board [Ad Ks 8c Td 4d]
Seat 1: Mahu2021 (big blind) mucked [Ac 5d]
Seat 2: IsoAna (button) folded before Flop (didn't bet)
Seat 3: GULIT.46 (small blind) showed [Jc Qc] and won (640) with a straight, Ten to Ace



PokerStars Hand #254889495661: Tournament #3859538507, $0.46+$0.04 USD Hold'em No Limit - Level I (10/20) - 2025/02/16 9:13:09 CET [2025/02/16 3:13:09 ET]
Table '3859538507 1' 3-max Seat #3 is the button
Seat 1: Mahu2021 (120 in chips) 
Seat 2: IsoAna (580 in chips) 
Seat 3: GULIT.46 (800 in chips) 
Mahu2021: posts small blind 10
IsoAna: posts big blind 20
*** HOLE CARDS ***
Dealt to Mahu2021 [Tc Qh]
GULIT.46: folds 
Mahu2021: raises 100 to 120 and is all-in
IsoAna: folds 
Uncalled bet (100) returned to Mahu2021
Mahu2021 collected 40 from pot
Mahu2021: doesn't show hand 
*** SUMMARY ***
Total pot 40 | Rake 0 
Seat 1: Mahu2021 (small blind) collected (40)
Seat 2: IsoAna (big blind) folded before Flop
Seat 3: GULIT.46 (button) folded before Flop (didn't bet)



PokerStars Hand #254889496325: Tournament #3859538507, $0.46+$0.04 USD Hold'em No Limit - Level I (10/20) - 2025/02/16 9:13:18 CET [2025/02/16 3:13:18 ET]
Table '3859538507 1' 3-max Seat #1 is the button
Seat 1: Mahu2021 (140 in chips) 
Seat 2: IsoAna (560 in chips) 
Seat 3: GULIT.46 (800 in chips) 
IsoAna: posts small blind 10
GULIT.46: posts big blind 20
*** HOLE CARDS ***
Dealt to Mahu2021 [5c Ks]
Mahu2021: folds 
IsoAna: calls 10
GULIT.46: checks 
*** FLOP *** [Td 2s Ac]
IsoAna: checks 
GULIT.46: bets 20
IsoAna: folds 
Uncalled bet (20) returned to GULIT.46
GULIT.46 collected 40 from pot
*** SUMMARY ***
Total pot 40 | Rake 0 
Board [Td 2s Ac]
Seat 1: Mahu2021 (button) folded before Flop (didn't bet)
Seat 2: IsoAna (small blind) folded on the Flop
Seat 3: GULIT.46 (big blind) collected (40)



PokerStars Hand #254889497345: Tournament #3859538507, $0.46+$0.04 USD Hold'em No Limit - Level I (10/20) - 2025/02/16 9:13:30 CET [2025/02/16 3:13:30 ET]
Table '3859538507 1' 3-max Seat #2 is the button
Seat 1: Mahu2021 (140 in chips) 
Seat 2: IsoAna (540 in chips) 
Seat 3: GULIT.46 (820 in chips) 
GULIT.46: posts small blind 10
Mahu2021: posts big blind 20
*** HOLE CARDS ***
Dealt to Mahu2021 [4d Qh]
IsoAna: calls 20
GULIT.46: raises 20 to 40
Mahu2021: calls 20
IsoAna: calls 20
*** FLOP *** [2s Kc Js]
GULIT.46: checks 
Mahu2021: checks 
IsoAna: checks 
*** TURN *** [2s Kc Js] [Td]
GULIT.46: bets 40
Mahu2021: calls 40
IsoAna: folds 
*** RIVER *** [2s Kc Js Td] [Qc]
GULIT.46: checks 
Mahu2021: bets 60 and is all-in
GULIT.46: calls 60
*** SHOW DOWN ***
Mahu2021: shows [4d Qh] (a pair of Queens)
GULIT.46: shows [Ts Jh] (two pair, Jacks and Tens)
GULIT.46 collected 320 from pot
Mahu2021 finished the tournament in 3rd place
*** SUMMARY ***
Total pot 320 | Rake 0 
Board [2s Kc Js Td Qc]
Seat 1: Mahu2021 (big blind) showed [4d Qh] and lost with a pair of Queens
Seat 2: IsoAna (button) folded on the Turn
Seat 3: GULIT.46 (small blind) showed [Ts Jh] and won (320) with two pair, Jacks and Tens



