PokerStars Hand #242979171266: Tournament #3574936637, $0.92+$0.08 USD Hold'em No Limit - Level I (10/20) - 2023/04/09 9:15:56 CET [2023/04/09 3:15:56 ET]
Table '3574936637 1' 3-max Seat #1 is the button
Seat 1: BsoccerS08 (500 in chips) 
Seat 2: Mahu2021 (500 in chips) 
Seat 3: riverpeugeot (500 in chips) 
Mahu2021: posts small blind 10
riverpeugeot: posts big blind 20
*** HOLE CARDS ***
Dealt to Mahu2021 [Ts As]
BsoccerS08: folds 
Mahu2021: calls 10
riverpeugeot: checks 
*** FLOP *** [6s Ah Jc]
Mahu2021: bets 20
riverpeugeot: folds 
Uncalled bet (20) returned to Mahu2021
Mahu2021 collected 40 from pot
Mahu2021: doesn't show hand 
*** SUMMARY ***
Total pot 40 | Rake 0 
Board [6s Ah Jc]
Seat 1: BsoccerS08 (button) folded before Flop (didn't bet)
Seat 2: Mahu2021 (small blind) collected (40)
Seat 3: riverpeugeot (big blind) folded on the Flop



PokerStars Hand #242979174695: Tournament #3574936637, $0.92+$0.08 USD Hold'em No Limit - Level I (10/20) - 2023/04/09 9:16:24 CET [2023/04/09 3:16:24 ET]
Table '3574936637 1' 3-max Seat #2 is the button
Seat 1: BsoccerS08 (500 in chips) 
Seat 2: Mahu2021 (520 in chips) 
Seat 3: riverpeugeot (480 in chips) 
riverpeugeot: posts small blind 10
BsoccerS08: posts big blind 20
*** HOLE CARDS ***
Dealt to Mahu2021 [Jc 6d]
Mahu2021: folds 
riverpeugeot: raises 80 to 100
BsoccerS08: folds 
Uncalled bet (80) returned to riverpeugeot
riverpeugeot collected 40 from pot
riverpeugeot: doesn't show hand 
*** SUMMARY ***
Total pot 40 | Rake 0 
Seat 1: BsoccerS08 (big blind) folded before Flop
Seat 2: Mahu2021 (button) folded before Flop (didn't bet)
Seat 3: riverpeugeot (small blind) collected (40)



PokerStars Hand #242979176887: Tournament #3574936637, $0.92+$0.08 USD Hold'em No Limit - Level I (10/20) - 2023/04/09 9:16:42 CET [2023/04/09 3:16:42 ET]
Table '3574936637 1' 3-max Seat #3 is the button
Seat 1: BsoccerS08 (480 in chips) 
Seat 2: Mahu2021 (520 in chips) 
Seat 3: riverpeugeot (500 in chips) 
BsoccerS08: posts small blind 10
Mahu2021: posts big blind 20
*** HOLE CARDS ***
Dealt to Mahu2021 [4h 8c]
riverpeugeot has timed out
riverpeugeot: folds 
riverpeugeot is sitting out
riverpeugeot has returned
BsoccerS08: folds 
Uncalled bet (10) returned to Mahu2021
Mahu2021 collected 20 from pot
Mahu2021: doesn't show hand 
*** SUMMARY ***
Total pot 20 | Rake 0 
Seat 1: BsoccerS08 (small blind) folded before Flop
Seat 2: Mahu2021 (big blind) collected (20)
Seat 3: riverpeugeot (button) folded before Flop (didn't bet)



PokerStars Hand #242979179014: Tournament #3574936637, $0.92+$0.08 USD Hold'em No Limit - Level I (10/20) - 2023/04/09 9:16:59 CET [2023/04/09 3:16:59 ET]
Table '3574936637 1' 3-max Seat #1 is the button
Seat 1: BsoccerS08 (470 in chips) 
Seat 2: Mahu2021 (530 in chips) 
Seat 3: riverpeugeot (500 in chips) 
Mahu2021: posts small blind 10
riverpeugeot: posts big blind 20
*** HOLE CARDS ***
Dealt to Mahu2021 [6s 6c]
BsoccerS08: raises 20 to 40
Mahu2021: raises 490 to 530 and is all-in
riverpeugeot: calls 480 and is all-in
BsoccerS08: folds 
Uncalled bet (30) returned to Mahu2021
*** FLOP *** [7s 3d Kh]
*** TURN *** [7s 3d Kh] [5d]
*** RIVER *** [7s 3d Kh 5d] [Qh]
*** SHOW DOWN ***
Mahu2021: shows [6s 6c] (a pair of Sixes)
riverpeugeot: shows [Td Js] (high card King)
Mahu2021 collected 1040 from pot
riverpeugeot finished the tournament in 3rd place
*** SUMMARY ***
Total pot 1040 | Rake 0 
Board [7s 3d Kh 5d Qh]
Seat 1: BsoccerS08 (button) folded before Flop
Seat 2: Mahu2021 (small blind) showed [6s 6c] and won (1040) with a pair of Sixes
Seat 3: riverpeugeot (big blind) showed [Td Js] and lost with high card King



PokerStars Hand #242979182828: Tournament #3574936637, $0.92+$0.08 USD Hold'em No Limit - Level I (10/20) - 2023/04/09 9:17:30 CET [2023/04/09 3:17:30 ET]
Table '3574936637 1' 3-max Seat #2 is the button
Seat 1: BsoccerS08 (430 in chips) 
Seat 2: Mahu2021 (1070 in chips) 
Mahu2021: posts small blind 10
BsoccerS08: posts big blind 20
*** HOLE CARDS ***
Dealt to Mahu2021 [8s 2d]
Mahu2021: folds 
Uncalled bet (10) returned to BsoccerS08
BsoccerS08 collected 20 from pot
BsoccerS08: doesn't show hand 
*** SUMMARY ***
Total pot 20 | Rake 0 
Seat 1: BsoccerS08 (big blind) collected (20)
Seat 2: Mahu2021 (button) (small blind) folded before Flop



PokerStars Hand #242979183470: Tournament #3574936637, $0.92+$0.08 USD Hold'em No Limit - Level I (10/20) - 2023/04/09 9:17:35 CET [2023/04/09 3:17:35 ET]
Table '3574936637 1' 3-max Seat #1 is the button
Seat 1: BsoccerS08 (440 in chips) 
Seat 2: Mahu2021 (1060 in chips) 
BsoccerS08: posts small blind 10
Mahu2021: posts big blind 20
*** HOLE CARDS ***
Dealt to Mahu2021 [7c 5s]
BsoccerS08: raises 420 to 440 and is all-in
Mahu2021: folds 
Uncalled bet (420) returned to BsoccerS08
BsoccerS08 collected 40 from pot
BsoccerS08: doesn't show hand 
*** SUMMARY ***
Total pot 40 | Rake 0 
Seat 1: BsoccerS08 (button) (small blind) collected (40)
Seat 2: Mahu2021 (big blind) folded before Flop



PokerStars Hand #242979184478: Tournament #3574936637, $0.92+$0.08 USD Hold'em No Limit - Level I (10/20) - 2023/04/09 9:17:43 CET [2023/04/09 3:17:43 ET]
Table '3574936637 1' 3-max Seat #2 is the button
Seat 1: BsoccerS08 (460 in chips) 
Seat 2: Mahu2021 (1040 in chips) 
Mahu2021: posts small blind 10
BsoccerS08: posts big blind 20
*** HOLE CARDS ***
Dealt to Mahu2021 [7s 4s]
Mahu2021: calls 10
BsoccerS08: checks 
*** FLOP *** [6h 9s As]
BsoccerS08: checks 
Mahu2021: bets 20
BsoccerS08: folds 
Uncalled bet (20) returned to Mahu2021
Mahu2021 collected 40 from pot
Mahu2021: doesn't show hand 
*** SUMMARY ***
Total pot 40 | Rake 0 
Board [6h 9s As]
Seat 1: BsoccerS08 (big blind) folded on the Flop
Seat 2: Mahu2021 (button) (small blind) collected (40)



PokerStars Hand #242979186108: Tournament #3574936637, $0.92+$0.08 USD Hold'em No Limit - Level I (10/20) - 2023/04/09 9:17:56 CET [2023/04/09 3:17:56 ET]
Table '3574936637 1' 3-max Seat #1 is the button
Seat 1: BsoccerS08 (440 in chips) 
Seat 2: Mahu2021 (1060 in chips) 
BsoccerS08: posts small blind 10
Mahu2021: posts big blind 20
*** HOLE CARDS ***
Dealt to Mahu2021 [9s 6s]
BsoccerS08: folds 
Uncalled bet (10) returned to Mahu2021
Mahu2021 collected 20 from pot
Mahu2021: doesn't show hand 
*** SUMMARY ***
Total pot 20 | Rake 0 
Seat 1: BsoccerS08 (button) (small blind) folded before Flop
Seat 2: Mahu2021 (big blind) collected (20)



PokerStars Hand #242979186703: Tournament #3574936637, $0.92+$0.08 USD Hold'em No Limit - Level I (10/20) - 2023/04/09 9:18:01 CET [2023/04/09 3:18:01 ET]
Table '3574936637 1' 3-max Seat #2 is the button
Seat 1: BsoccerS08 (430 in chips) 
Seat 2: Mahu2021 (1070 in chips) 
Mahu2021: posts small blind 10
BsoccerS08: posts big blind 20
*** HOLE CARDS ***
Dealt to Mahu2021 [Kh Kc]
Mahu2021: raises 20 to 40
BsoccerS08: calls 20
*** FLOP *** [Kd 6c 2c]
BsoccerS08: checks 
Mahu2021: checks 
*** TURN *** [Kd 6c 2c] [Ts]
BsoccerS08: bets 20
Mahu2021: raises 20 to 40
BsoccerS08: calls 20
*** RIVER *** [Kd 6c 2c Ts] [3c]
BsoccerS08: checks 
Mahu2021: bets 40
BsoccerS08: folds 
Uncalled bet (40) returned to Mahu2021
Mahu2021 collected 160 from pot
Mahu2021: doesn't show hand 
*** SUMMARY ***
Total pot 160 | Rake 0 
Board [Kd 6c 2c Ts 3c]
Seat 1: BsoccerS08 (big blind) folded on the River
Seat 2: Mahu2021 (button) (small blind) collected (160)



PokerStars Hand #242979189739: Tournament #3574936637, $0.92+$0.08 USD Hold'em No Limit - Level I (10/20) - 2023/04/09 9:18:26 CET [2023/04/09 3:18:26 ET]
Table '3574936637 1' 3-max Seat #1 is the button
Seat 1: BsoccerS08 (350 in chips) 
Seat 2: Mahu2021 (1150 in chips) 
BsoccerS08: posts small blind 10
Mahu2021: posts big blind 20
*** HOLE CARDS ***
Dealt to Mahu2021 [9d 3s]
BsoccerS08: raises 40 to 60
Mahu2021: folds 
Uncalled bet (40) returned to BsoccerS08
BsoccerS08 collected 40 from pot
BsoccerS08: doesn't show hand 
*** SUMMARY ***
Total pot 40 | Rake 0 
Seat 1: BsoccerS08 (button) (small blind) collected (40)
Seat 2: Mahu2021 (big blind) folded before Flop



PokerStars Hand #242979190795: Tournament #3574936637, $0.92+$0.08 USD Hold'em No Limit - Level I (10/20) - 2023/04/09 9:18:34 CET [2023/04/09 3:18:34 ET]
Table '3574936637 1' 3-max Seat #2 is the button
Seat 1: BsoccerS08 (370 in chips) 
Seat 2: Mahu2021 (1130 in chips) 
Mahu2021: posts small blind 10
BsoccerS08: posts big blind 20
*** HOLE CARDS ***
Dealt to Mahu2021 [Jc 9h]
Mahu2021: calls 10
BsoccerS08: raises 40 to 60
Mahu2021: calls 40
*** FLOP *** [3h 5c 4d]
BsoccerS08: bets 310 and is all-in
Mahu2021: folds 
Uncalled bet (310) returned to BsoccerS08
BsoccerS08 collected 120 from pot
BsoccerS08: doesn't show hand 
*** SUMMARY ***
Total pot 120 | Rake 0 
Board [3h 5c 4d]
Seat 1: BsoccerS08 (big blind) collected (120)
Seat 2: Mahu2021 (button) (small blind) folded on the Flop



PokerStars Hand #242979194301: Tournament #3574936637, $0.92+$0.08 USD Hold'em No Limit - Level II (15/30) - 2023/04/09 9:19:03 CET [2023/04/09 3:19:03 ET]
Table '3574936637 1' 3-max Seat #1 is the button
Seat 1: BsoccerS08 (430 in chips) 
Seat 2: Mahu2021 (1070 in chips) 
BsoccerS08: posts small blind 15
Mahu2021: posts big blind 30
*** HOLE CARDS ***
Dealt to Mahu2021 [4h Js]
BsoccerS08: folds 
Uncalled bet (15) returned to Mahu2021
Mahu2021 collected 30 from pot
Mahu2021: doesn't show hand 
*** SUMMARY ***
Total pot 30 | Rake 0 
Seat 1: BsoccerS08 (button) (small blind) folded before Flop
Seat 2: Mahu2021 (big blind) collected (30)



PokerStars Hand #242979195003: Tournament #3574936637, $0.92+$0.08 USD Hold'em No Limit - Level II (15/30) - 2023/04/09 9:19:08 CET [2023/04/09 3:19:08 ET]
Table '3574936637 1' 3-max Seat #2 is the button
Seat 1: BsoccerS08 (415 in chips) 
Seat 2: Mahu2021 (1085 in chips) 
Mahu2021: posts small blind 15
BsoccerS08: posts big blind 30
*** HOLE CARDS ***
Dealt to Mahu2021 [7s 5c]
Mahu2021: calls 15
BsoccerS08: checks 
*** FLOP *** [6h As 9s]
BsoccerS08: checks 
Mahu2021: bets 30
BsoccerS08: folds 
Uncalled bet (30) returned to Mahu2021
Mahu2021 collected 60 from pot
Mahu2021: doesn't show hand 
*** SUMMARY ***
Total pot 60 | Rake 0 
Board [6h As 9s]
Seat 1: BsoccerS08 (big blind) folded on the Flop
Seat 2: Mahu2021 (button) (small blind) collected (60)



PokerStars Hand #242979196843: Tournament #3574936637, $0.92+$0.08 USD Hold'em No Limit - Level II (15/30) - 2023/04/09 9:19:23 CET [2023/04/09 3:19:23 ET]
Table '3574936637 1' 3-max Seat #1 is the button
Seat 1: BsoccerS08 (385 in chips) 
Seat 2: Mahu2021 (1115 in chips) 
BsoccerS08: posts small blind 15
Mahu2021: posts big blind 30
*** HOLE CARDS ***
Dealt to Mahu2021 [Kd 4d]
BsoccerS08: raises 30 to 60
Mahu2021: calls 30
*** FLOP *** [3s 8c Qh]
Mahu2021: checks 
BsoccerS08: checks 
*** TURN *** [3s 8c Qh] [7d]
Mahu2021: checks 
BsoccerS08: checks 
*** RIVER *** [3s 8c Qh 7d] [9d]
Mahu2021: checks 
BsoccerS08: bets 30
Mahu2021: folds 
Uncalled bet (30) returned to BsoccerS08
BsoccerS08 collected 120 from pot
BsoccerS08: doesn't show hand 
*** SUMMARY ***
Total pot 120 | Rake 0 
Board [3s 8c Qh 7d 9d]
Seat 1: BsoccerS08 (button) (small blind) collected (120)
Seat 2: Mahu2021 (big blind) folded on the River



PokerStars Hand #242979199299: Tournament #3574936637, $0.92+$0.08 USD Hold'em No Limit - Level II (15/30) - 2023/04/09 9:19:43 CET [2023/04/09 3:19:43 ET]
Table '3574936637 1' 3-max Seat #2 is the button
Seat 1: BsoccerS08 (445 in chips) 
Seat 2: Mahu2021 (1055 in chips) 
Mahu2021: posts small blind 15
BsoccerS08: posts big blind 30
*** HOLE CARDS ***
Dealt to Mahu2021 [6c 9d]
Mahu2021: calls 15
BsoccerS08: raises 415 to 445 and is all-in
Mahu2021: folds 
Uncalled bet (415) returned to BsoccerS08
BsoccerS08 collected 60 from pot
BsoccerS08: doesn't show hand 
*** SUMMARY ***
Total pot 60 | Rake 0 
Seat 1: BsoccerS08 (big blind) collected (60)
Seat 2: Mahu2021 (button) (small blind) folded before Flop



PokerStars Hand #242979200434: Tournament #3574936637, $0.92+$0.08 USD Hold'em No Limit - Level II (15/30) - 2023/04/09 9:19:52 CET [2023/04/09 3:19:52 ET]
Table '3574936637 1' 3-max Seat #1 is the button
Seat 1: BsoccerS08 (475 in chips) 
Seat 2: Mahu2021 (1025 in chips) 
BsoccerS08: posts small blind 15
Mahu2021: posts big blind 30
*** HOLE CARDS ***
Dealt to Mahu2021 [Kh 8h]
BsoccerS08: folds 
Uncalled bet (15) returned to Mahu2021
Mahu2021 collected 30 from pot
Mahu2021: doesn't show hand 
*** SUMMARY ***
Total pot 30 | Rake 0 
Seat 1: BsoccerS08 (button) (small blind) folded before Flop
Seat 2: Mahu2021 (big blind) collected (30)



PokerStars Hand #242979201034: Tournament #3574936637, $0.92+$0.08 USD Hold'em No Limit - Level II (15/30) - 2023/04/09 9:19:57 CET [2023/04/09 3:19:57 ET]
Table '3574936637 1' 3-max Seat #2 is the button
Seat 1: BsoccerS08 (460 in chips) 
Seat 2: Mahu2021 (1040 in chips) 
Mahu2021: posts small blind 15
BsoccerS08: posts big blind 30
*** HOLE CARDS ***
Dealt to Mahu2021 [4h 5d]
Mahu2021: calls 15
BsoccerS08: raises 60 to 90
Mahu2021: calls 60
*** FLOP *** [Kd Ac 7s]
BsoccerS08: checks 
Mahu2021: checks 
*** TURN *** [Kd Ac 7s] [5c]
BsoccerS08: bets 370 and is all-in
Mahu2021: folds 
Uncalled bet (370) returned to BsoccerS08
BsoccerS08 collected 180 from pot
BsoccerS08: doesn't show hand 
*** SUMMARY ***
Total pot 180 | Rake 0 
Board [Kd Ac 7s 5c]
Seat 1: BsoccerS08 (big blind) collected (180)
Seat 2: Mahu2021 (button) (small blind) folded on the Turn



PokerStars Hand #242979203684: Tournament #3574936637, $0.92+$0.08 USD Hold'em No Limit - Level II (15/30) - 2023/04/09 9:20:19 CET [2023/04/09 3:20:19 ET]
Table '3574936637 1' 3-max Seat #1 is the button
Seat 1: BsoccerS08 (550 in chips) 
Seat 2: Mahu2021 (950 in chips) 
BsoccerS08: posts small blind 15
Mahu2021: posts big blind 30
*** HOLE CARDS ***
Dealt to Mahu2021 [Kc 6s]
BsoccerS08: raises 520 to 550 and is all-in
Mahu2021: folds 
Uncalled bet (520) returned to BsoccerS08
BsoccerS08 collected 60 from pot
BsoccerS08: doesn't show hand 
*** SUMMARY ***
Total pot 60 | Rake 0 
Seat 1: BsoccerS08 (button) (small blind) collected (60)
Seat 2: Mahu2021 (big blind) folded before Flop



PokerStars Hand #242979204875: Tournament #3574936637, $0.92+$0.08 USD Hold'em No Limit - Level II (15/30) - 2023/04/09 9:20:28 CET [2023/04/09 3:20:28 ET]
Table '3574936637 1' 3-max Seat #2 is the button
Seat 1: BsoccerS08 (580 in chips) 
Seat 2: Mahu2021 (920 in chips) 
Mahu2021: posts small blind 15
BsoccerS08: posts big blind 30
*** HOLE CARDS ***
Dealt to Mahu2021 [Ad 8h]
Mahu2021: calls 15
BsoccerS08: checks 
*** FLOP *** [6c 5d 4d]
BsoccerS08: bets 60
Mahu2021: raises 830 to 890 and is all-in
BsoccerS08: calls 490 and is all-in
Uncalled bet (340) returned to Mahu2021
*** TURN *** [6c 5d 4d] [9s]
*** RIVER *** [6c 5d 4d 9s] [Ah]
*** SHOW DOWN ***
BsoccerS08: shows [3h 2s] (a straight, Deuce to Six)
Mahu2021: shows [Ad 8h] (a pair of Aces)
BsoccerS08 collected 1160 from pot
*** SUMMARY ***
Total pot 1160 | Rake 0 
Board [6c 5d 4d 9s Ah]
Seat 1: BsoccerS08 (big blind) showed [3h 2s] and won (1160) with a straight, Deuce to Six
Seat 2: Mahu2021 (button) (small blind) showed [Ad 8h] and lost with a pair of Aces



PokerStars Hand #242979208329: Tournament #3574936637, $0.92+$0.08 USD Hold'em No Limit - Level II (15/30) - 2023/04/09 9:20:57 CET [2023/04/09 3:20:57 ET]
Table '3574936637 1' 3-max Seat #1 is the button
Seat 1: BsoccerS08 (1160 in chips) 
Seat 2: Mahu2021 (340 in chips) 
BsoccerS08: posts small blind 15
Mahu2021: posts big blind 30
*** HOLE CARDS ***
Dealt to Mahu2021 [Qd Jh]
BsoccerS08: folds 
Uncalled bet (15) returned to Mahu2021
Mahu2021 collected 30 from pot
Mahu2021: doesn't show hand 
*** SUMMARY ***
Total pot 30 | Rake 0 
Seat 1: BsoccerS08 (button) (small blind) folded before Flop
Seat 2: Mahu2021 (big blind) collected (30)



PokerStars Hand #242979209228: Tournament #3574936637, $0.92+$0.08 USD Hold'em No Limit - Level II (15/30) - 2023/04/09 9:21:05 CET [2023/04/09 3:21:05 ET]
Table '3574936637 1' 3-max Seat #2 is the button
Seat 1: BsoccerS08 (1145 in chips) 
Seat 2: Mahu2021 (355 in chips) 
Mahu2021: posts small blind 15
BsoccerS08: posts big blind 30
*** HOLE CARDS ***
Dealt to Mahu2021 [8s 6s]
Mahu2021: raises 325 to 355 and is all-in
BsoccerS08: folds 
Uncalled bet (325) returned to Mahu2021
Mahu2021 collected 60 from pot
Mahu2021: doesn't show hand 
*** SUMMARY ***
Total pot 60 | Rake 0 
Seat 1: BsoccerS08 (big blind) folded before Flop
Seat 2: Mahu2021 (button) (small blind) collected (60)



PokerStars Hand #242979210187: Tournament #3574936637, $0.92+$0.08 USD Hold'em No Limit - Level II (15/30) - 2023/04/09 9:21:13 CET [2023/04/09 3:21:13 ET]
Table '3574936637 1' 3-max Seat #1 is the button
Seat 1: BsoccerS08 (1115 in chips) 
Seat 2: Mahu2021 (385 in chips) 
BsoccerS08: posts small blind 15
Mahu2021: posts big blind 30
*** HOLE CARDS ***
Dealt to Mahu2021 [Tc 6c]
BsoccerS08: folds 
Uncalled bet (15) returned to Mahu2021
Mahu2021 collected 30 from pot
Mahu2021: doesn't show hand 
*** SUMMARY ***
Total pot 30 | Rake 0 
Seat 1: BsoccerS08 (button) (small blind) folded before Flop
Seat 2: Mahu2021 (big blind) collected (30)



PokerStars Hand #242979210900: Tournament #3574936637, $0.92+$0.08 USD Hold'em No Limit - Level II (15/30) - 2023/04/09 9:21:19 CET [2023/04/09 3:21:19 ET]
Table '3574936637 1' 3-max Seat #2 is the button
Seat 1: BsoccerS08 (1100 in chips) 
Seat 2: Mahu2021 (400 in chips) 
Mahu2021: posts small blind 15
BsoccerS08: posts big blind 30
*** HOLE CARDS ***
Dealt to Mahu2021 [3s 5s]
Mahu2021: folds 
Uncalled bet (15) returned to BsoccerS08
BsoccerS08 collected 30 from pot
BsoccerS08: doesn't show hand 
*** SUMMARY ***
Total pot 30 | Rake 0 
Seat 1: BsoccerS08 (big blind) collected (30)
Seat 2: Mahu2021 (button) (small blind) folded before Flop



PokerStars Hand #242979211674: Tournament #3574936637, $0.92+$0.08 USD Hold'em No Limit - Level II (15/30) - 2023/04/09 9:21:25 CET [2023/04/09 3:21:25 ET]
Table '3574936637 1' 3-max Seat #1 is the button
Seat 1: BsoccerS08 (1115 in chips) 
Seat 2: Mahu2021 (385 in chips) 
BsoccerS08: posts small blind 15
Mahu2021: posts big blind 30
*** HOLE CARDS ***
Dealt to Mahu2021 [6d Qs]
BsoccerS08: calls 15
Mahu2021: checks 
*** FLOP *** [Qd 8s 8h]
Mahu2021: checks 
BsoccerS08: bets 30
Mahu2021: calls 30
*** TURN *** [Qd 8s 8h] [Th]
Mahu2021: checks 
BsoccerS08: bets 1055 and is all-in
Mahu2021: calls 325 and is all-in
Uncalled bet (730) returned to BsoccerS08
*** RIVER *** [Qd 8s 8h Th] [3c]
*** SHOW DOWN ***
Mahu2021: shows [6d Qs] (two pair, Queens and Eights)
BsoccerS08: shows [7c 8c] (three of a kind, Eights)
BsoccerS08 collected 770 from pot
Mahu2021 finished the tournament in 2nd place
BsoccerS08 wins the tournament and receives $3.00 - congratulations!
*** SUMMARY ***
Total pot 770 | Rake 0 
Board [Qd 8s 8h Th 3c]
Seat 1: BsoccerS08 (button) (small blind) showed [7c 8c] and won (770) with three of a kind, Eights
Seat 2: Mahu2021 (big blind) showed [6d Qs] and lost with two pair, Queens and Eights



