PokerStars Hand #252904956029: Tournament #3811435185, $1.84+$0.16 USD Hold'em No Limit - Level I (10/20) - 2024/10/13 12:49:27 CET [2024/10/13 6:49:27 ET]
Table '3811435185 1' 3-max Seat #1 is the button
Seat 1: C.Mannerheim (500 in chips) 
Seat 2: Mahu2021 (500 in chips) 
Seat 3: GoorSanyy (500 in chips) 
Mahu2021: posts small blind 10
GoorSanyy: posts big blind 20
*** HOLE CARDS ***
Dealt to Mahu2021 [Ad Jh]
C.Mannerheim: folds 
Mahu2021: raises 60 to 80
GoorSanyy: folds 
Uncalled bet (60) returned to Mahu2021
Mahu2021 collected 40 from pot
Mahu2021: doesn't show hand 
*** SUMMARY ***
Total pot 40 | Rake 0 
Seat 1: C.Mannerheim (button) folded before Flop (didn't bet)
Seat 2: Mahu2021 (small blind) collected (40)
Seat 3: GoorSanyy (big blind) folded before Flop



PokerStars Hand #252904957363: Tournament #3811435185, $1.84+$0.16 USD Hold'em No Limit - Level I (10/20) - 2024/10/13 12:49:36 CET [2024/10/13 6:49:36 ET]
Table '3811435185 1' 3-max Seat #2 is the button
Seat 1: C.Mannerheim (500 in chips) 
Seat 2: Mahu2021 (520 in chips) 
Seat 3: GoorSanyy (480 in chips) 
GoorSanyy: posts small blind 10
C.Mannerheim: posts big blind 20
*** HOLE CARDS ***
Dealt to Mahu2021 [Kc Ac]
Mahu2021: raises 20 to 40
GoorSanyy: raises 100 to 140
C.Mannerheim: folds 
Mahu2021: calls 100
*** FLOP *** [9c 3s 3h]
GoorSanyy: bets 300
Mahu2021: folds 
Uncalled bet (300) returned to GoorSanyy
GoorSanyy collected 300 from pot
*** SUMMARY ***
Total pot 300 | Rake 0 
Board [9c 3s 3h]
Seat 1: C.Mannerheim (big blind) folded before Flop
Seat 2: Mahu2021 (button) folded on the Flop
Seat 3: GoorSanyy (small blind) collected (300)



PokerStars Hand #252904959646: Tournament #3811435185, $1.84+$0.16 USD Hold'em No Limit - Level I (10/20) - 2024/10/13 12:49:51 CET [2024/10/13 6:49:51 ET]
Table '3811435185 1' 3-max Seat #3 is the button
Seat 1: C.Mannerheim (480 in chips) 
Seat 2: Mahu2021 (380 in chips) 
Seat 3: GoorSanyy (640 in chips) 
C.Mannerheim: posts small blind 10
Mahu2021: posts big blind 20
*** HOLE CARDS ***
Dealt to Mahu2021 [6d 9s]
GoorSanyy: folds 
C.Mannerheim: calls 10
Mahu2021: checks 
*** FLOP *** [Qh Th 5c]
C.Mannerheim: checks 
Mahu2021: checks 
*** TURN *** [Qh Th 5c] [5h]
C.Mannerheim: checks 
Mahu2021: checks 
*** RIVER *** [Qh Th 5c 5h] [8s]
C.Mannerheim: checks 
Mahu2021: checks 
*** SHOW DOWN ***
C.Mannerheim: shows [7h 7c] (two pair, Sevens and Fives)
Mahu2021: mucks hand 
C.Mannerheim collected 40 from pot
*** SUMMARY ***
Total pot 40 | Rake 0 
Board [Qh Th 5c 5h 8s]
Seat 1: C.Mannerheim (small blind) showed [7h 7c] and won (40) with two pair, Sevens and Fives
Seat 2: Mahu2021 (big blind) mucked [6d 9s]
Seat 3: GoorSanyy (button) folded before Flop (didn't bet)



PokerStars Hand #252904962095: Tournament #3811435185, $1.84+$0.16 USD Hold'em No Limit - Level I (10/20) - 2024/10/13 12:50:08 CET [2024/10/13 6:50:08 ET]
Table '3811435185 1' 3-max Seat #1 is the button
Seat 1: C.Mannerheim (500 in chips) 
Seat 2: Mahu2021 (360 in chips) 
Seat 3: GoorSanyy (640 in chips) 
Mahu2021: posts small blind 10
GoorSanyy: posts big blind 20
*** HOLE CARDS ***
Dealt to Mahu2021 [6h Th]
C.Mannerheim: raises 40 to 60
Mahu2021: folds 
GoorSanyy: calls 40
*** FLOP *** [5h 2h Ks]
GoorSanyy: bets 580 and is all-in
C.Mannerheim: folds 
Uncalled bet (580) returned to GoorSanyy
GoorSanyy collected 130 from pot
*** SUMMARY ***
Total pot 130 | Rake 0 
Board [5h 2h Ks]
Seat 1: C.Mannerheim (button) folded on the Flop
Seat 2: Mahu2021 (small blind) folded before Flop
Seat 3: GoorSanyy (big blind) collected (130)



PokerStars Hand #252904963826: Tournament #3811435185, $1.84+$0.16 USD Hold'em No Limit - Level I (10/20) - 2024/10/13 12:50:20 CET [2024/10/13 6:50:20 ET]
Table '3811435185 1' 3-max Seat #2 is the button
Seat 1: C.Mannerheim (440 in chips) 
Seat 2: Mahu2021 (350 in chips) 
Seat 3: GoorSanyy (710 in chips) 
GoorSanyy: posts small blind 10
C.Mannerheim: posts big blind 20
*** HOLE CARDS ***
Dealt to Mahu2021 [3c Jc]
Mahu2021: calls 20
GoorSanyy: folds 
C.Mannerheim: checks 
*** FLOP *** [Jd 9d 8s]
C.Mannerheim: bets 20
Mahu2021: calls 20
*** TURN *** [Jd 9d 8s] [As]
C.Mannerheim: bets 40
Mahu2021: calls 40
*** RIVER *** [Jd 9d 8s As] [Qh]
C.Mannerheim: checks 
Mahu2021: checks 
*** SHOW DOWN ***
C.Mannerheim: shows [Qs 9s] (two pair, Queens and Nines)
Mahu2021: mucks hand 
C.Mannerheim collected 170 from pot
*** SUMMARY ***
Total pot 170 | Rake 0 
Board [Jd 9d 8s As Qh]
Seat 1: C.Mannerheim (big blind) showed [Qs 9s] and won (170) with two pair, Queens and Nines
Seat 2: Mahu2021 (button) mucked [3c Jc]
Seat 3: GoorSanyy (small blind) folded before Flop



PokerStars Hand #252904967899: Tournament #3811435185, $1.84+$0.16 USD Hold'em No Limit - Level I (10/20) - 2024/10/13 12:50:48 CET [2024/10/13 6:50:48 ET]
Table '3811435185 1' 3-max Seat #3 is the button
Seat 1: C.Mannerheim (530 in chips) 
Seat 2: Mahu2021 (270 in chips) 
Seat 3: GoorSanyy (700 in chips) 
C.Mannerheim: posts small blind 10
Mahu2021: posts big blind 20
*** HOLE CARDS ***
Dealt to Mahu2021 [9s Th]
GoorSanyy: raises 50 to 70
C.Mannerheim: folds 
Mahu2021: calls 50
*** FLOP *** [Td 2h 5s]
Mahu2021: bets 200 and is all-in
GoorSanyy: calls 200
*** TURN *** [Td 2h 5s] [3s]
*** RIVER *** [Td 2h 5s 3s] [Js]
*** SHOW DOWN ***
Mahu2021: shows [9s Th] (a pair of Tens)
GoorSanyy: shows [7s Qd] (high card Queen)
Mahu2021 collected 550 from pot
*** SUMMARY ***
Total pot 550 | Rake 0 
Board [Td 2h 5s 3s Js]
Seat 1: C.Mannerheim (small blind) folded before Flop
Seat 2: Mahu2021 (big blind) showed [9s Th] and won (550) with a pair of Tens
Seat 3: GoorSanyy (button) showed [7s Qd] and lost with high card Queen



PokerStars Hand #252904969979: Tournament #3811435185, $1.84+$0.16 USD Hold'em No Limit - Level I (10/20) - 2024/10/13 12:51:02 CET [2024/10/13 6:51:02 ET]
Table '3811435185 1' 3-max Seat #1 is the button
Seat 1: C.Mannerheim (520 in chips) 
Seat 2: Mahu2021 (550 in chips) 
Seat 3: GoorSanyy (430 in chips) 
Mahu2021: posts small blind 10
GoorSanyy: posts big blind 20
*** HOLE CARDS ***
Dealt to Mahu2021 [6s Jh]
C.Mannerheim: raises 20 to 40
Mahu2021: folds 
GoorSanyy: raises 90 to 130
C.Mannerheim: calls 90
*** FLOP *** [7s 3d 9c]
GoorSanyy: bets 270
C.Mannerheim: folds 
Uncalled bet (270) returned to GoorSanyy
GoorSanyy collected 270 from pot
*** SUMMARY ***
Total pot 270 | Rake 0 
Board [7s 3d 9c]
Seat 1: C.Mannerheim (button) folded on the Flop
Seat 2: Mahu2021 (small blind) folded before Flop
Seat 3: GoorSanyy (big blind) collected (270)



PokerStars Hand #252904972521: Tournament #3811435185, $1.84+$0.16 USD Hold'em No Limit - Level I (10/20) - 2024/10/13 12:51:19 CET [2024/10/13 6:51:19 ET]
Table '3811435185 1' 3-max Seat #2 is the button
Seat 1: C.Mannerheim (390 in chips) 
Seat 2: Mahu2021 (540 in chips) 
Seat 3: GoorSanyy (570 in chips) 
GoorSanyy: posts small blind 10
C.Mannerheim: posts big blind 20
*** HOLE CARDS ***
Dealt to Mahu2021 [7d Jd]
Mahu2021: calls 20
GoorSanyy: raises 550 to 570 and is all-in
C.Mannerheim: folds 
Mahu2021: folds 
Uncalled bet (550) returned to GoorSanyy
GoorSanyy collected 60 from pot
*** SUMMARY ***
Total pot 60 | Rake 0 
Seat 1: C.Mannerheim (big blind) folded before Flop
Seat 2: Mahu2021 (button) folded before Flop
Seat 3: GoorSanyy (small blind) collected (60)



PokerStars Hand #252904973643: Tournament #3811435185, $1.84+$0.16 USD Hold'em No Limit - Level I (10/20) - 2024/10/13 12:51:26 CET [2024/10/13 6:51:26 ET]
Table '3811435185 1' 3-max Seat #3 is the button
Seat 1: C.Mannerheim (370 in chips) 
Seat 2: Mahu2021 (520 in chips) 
Seat 3: GoorSanyy (610 in chips) 
C.Mannerheim: posts small blind 10
Mahu2021: posts big blind 20
*** HOLE CARDS ***
Dealt to Mahu2021 [2c Ac]
GoorSanyy: raises 50 to 70
C.Mannerheim: folds 
Mahu2021: folds 
Uncalled bet (50) returned to GoorSanyy
GoorSanyy collected 50 from pot
*** SUMMARY ***
Total pot 50 | Rake 0 
Seat 1: C.Mannerheim (small blind) folded before Flop
Seat 2: Mahu2021 (big blind) folded before Flop
Seat 3: GoorSanyy (button) collected (50)



PokerStars Hand #252904974995: Tournament #3811435185, $1.84+$0.16 USD Hold'em No Limit - Level II (15/30) - 2024/10/13 12:51:36 CET [2024/10/13 6:51:36 ET]
Table '3811435185 1' 3-max Seat #1 is the button
Seat 1: C.Mannerheim (360 in chips) 
Seat 2: Mahu2021 (500 in chips) 
Seat 3: GoorSanyy (640 in chips) 
Mahu2021: posts small blind 15
GoorSanyy: posts big blind 30
*** HOLE CARDS ***
Dealt to Mahu2021 [9c 4s]
C.Mannerheim: folds 
Mahu2021: folds 
Uncalled bet (15) returned to GoorSanyy
GoorSanyy collected 30 from pot
*** SUMMARY ***
Total pot 30 | Rake 0 
Seat 1: C.Mannerheim (button) folded before Flop (didn't bet)
Seat 2: Mahu2021 (small blind) folded before Flop
Seat 3: GoorSanyy (big blind) collected (30)



PokerStars Hand #252904976718: Tournament #3811435185, $1.84+$0.16 USD Hold'em No Limit - Level II (15/30) - 2024/10/13 12:51:47 CET [2024/10/13 6:51:47 ET]
Table '3811435185 1' 3-max Seat #2 is the button
Seat 1: C.Mannerheim (360 in chips) 
Seat 2: Mahu2021 (485 in chips) 
Seat 3: GoorSanyy (655 in chips) 
GoorSanyy: posts small blind 15
C.Mannerheim: posts big blind 30
*** HOLE CARDS ***
Dealt to Mahu2021 [Jd 8d]
Mahu2021: calls 30
GoorSanyy: raises 90 to 120
C.Mannerheim: folds 
Mahu2021: folds 
Uncalled bet (90) returned to GoorSanyy
GoorSanyy collected 90 from pot
*** SUMMARY ***
Total pot 90 | Rake 0 
Seat 1: C.Mannerheim (big blind) folded before Flop
Seat 2: Mahu2021 (button) folded before Flop
Seat 3: GoorSanyy (small blind) collected (90)



PokerStars Hand #252904978465: Tournament #3811435185, $1.84+$0.16 USD Hold'em No Limit - Level II (15/30) - 2024/10/13 12:51:59 CET [2024/10/13 6:51:59 ET]
Table '3811435185 1' 3-max Seat #3 is the button
Seat 1: C.Mannerheim (330 in chips) 
Seat 2: Mahu2021 (455 in chips) 
Seat 3: GoorSanyy (715 in chips) 
C.Mannerheim: posts small blind 15
Mahu2021: posts big blind 30
*** HOLE CARDS ***
Dealt to Mahu2021 [6c Jc]
GoorSanyy: folds 
C.Mannerheim: folds 
Uncalled bet (15) returned to Mahu2021
Mahu2021 collected 30 from pot
Mahu2021: doesn't show hand 
*** SUMMARY ***
Total pot 30 | Rake 0 
Seat 1: C.Mannerheim (small blind) folded before Flop
Seat 2: Mahu2021 (big blind) collected (30)
Seat 3: GoorSanyy (button) folded before Flop (didn't bet)



PokerStars Hand #252904979322: Tournament #3811435185, $1.84+$0.16 USD Hold'em No Limit - Level II (15/30) - 2024/10/13 12:52:05 CET [2024/10/13 6:52:05 ET]
Table '3811435185 1' 3-max Seat #1 is the button
Seat 1: C.Mannerheim (315 in chips) 
Seat 2: Mahu2021 (470 in chips) 
Seat 3: GoorSanyy (715 in chips) 
Mahu2021: posts small blind 15
GoorSanyy: posts big blind 30
*** HOLE CARDS ***
Dealt to Mahu2021 [5h Td]
C.Mannerheim: folds 
Mahu2021: folds 
Uncalled bet (15) returned to GoorSanyy
GoorSanyy collected 30 from pot
*** SUMMARY ***
Total pot 30 | Rake 0 
Seat 1: C.Mannerheim (button) folded before Flop (didn't bet)
Seat 2: Mahu2021 (small blind) folded before Flop
Seat 3: GoorSanyy (big blind) collected (30)



PokerStars Hand #252904980075: Tournament #3811435185, $1.84+$0.16 USD Hold'em No Limit - Level II (15/30) - 2024/10/13 12:52:10 CET [2024/10/13 6:52:10 ET]
Table '3811435185 1' 3-max Seat #2 is the button
Seat 1: C.Mannerheim (315 in chips) 
Seat 2: Mahu2021 (455 in chips) 
Seat 3: GoorSanyy (730 in chips) 
GoorSanyy: posts small blind 15
C.Mannerheim: posts big blind 30
*** HOLE CARDS ***
Dealt to Mahu2021 [Ac 7h]
Mahu2021: calls 30
GoorSanyy: raises 90 to 120
C.Mannerheim: folds 
Mahu2021: raises 335 to 455 and is all-in
GoorSanyy: calls 335
*** FLOP *** [8s Js 3h]
*** TURN *** [8s Js 3h] [Jh]
*** RIVER *** [8s Js 3h Jh] [Jc]
*** SHOW DOWN ***
GoorSanyy: shows [Tc 7c] (three of a kind, Jacks)
Mahu2021: shows [Ac 7h] (three of a kind, Jacks - Ace kicker)
Mahu2021 collected 940 from pot
*** SUMMARY ***
Total pot 940 | Rake 0 
Board [8s Js 3h Jh Jc]
Seat 1: C.Mannerheim (big blind) folded before Flop
Seat 2: Mahu2021 (button) showed [Ac 7h] and won (940) with three of a kind, Jacks
Seat 3: GoorSanyy (small blind) showed [Tc 7c] and lost with three of a kind, Jacks



PokerStars Hand #252904983128: Tournament #3811435185, $1.84+$0.16 USD Hold'em No Limit - Level II (15/30) - 2024/10/13 12:52:31 CET [2024/10/13 6:52:31 ET]
Table '3811435185 1' 3-max Seat #3 is the button
Seat 1: C.Mannerheim (285 in chips) 
Seat 2: Mahu2021 (940 in chips) 
Seat 3: GoorSanyy (275 in chips) 
C.Mannerheim: posts small blind 15
Mahu2021: posts big blind 30
*** HOLE CARDS ***
Dealt to Mahu2021 [9d 6h]
GoorSanyy: raises 245 to 275 and is all-in
C.Mannerheim: raises 10 to 285 and is all-in
Mahu2021: folds 
Uncalled bet (10) returned to C.Mannerheim
*** FLOP *** [3h 2d 4h]
*** TURN *** [3h 2d 4h] [Ks]
*** RIVER *** [3h 2d 4h Ks] [6d]
*** SHOW DOWN ***
C.Mannerheim: shows [Td As] (high card Ace)
GoorSanyy: shows [Ad 3d] (a pair of Threes)
GoorSanyy collected 580 from pot
*** SUMMARY ***
Total pot 580 | Rake 0 
Board [3h 2d 4h Ks 6d]
Seat 1: C.Mannerheim (small blind) showed [Td As] and lost with high card Ace
Seat 2: Mahu2021 (big blind) folded before Flop
Seat 3: GoorSanyy (button) showed [Ad 3d] and won (580) with a pair of Threes



PokerStars Hand #252904985130: Tournament #3811435185, $1.84+$0.16 USD Hold'em No Limit - Level II (15/30) - 2024/10/13 12:52:44 CET [2024/10/13 6:52:44 ET]
Table '3811435185 1' 3-max Seat #1 is the button
Seat 1: C.Mannerheim (10 in chips) 
Seat 2: Mahu2021 (910 in chips) 
Seat 3: GoorSanyy (580 in chips) 
Mahu2021: posts small blind 15
GoorSanyy: posts big blind 30
*** HOLE CARDS ***
Dealt to Mahu2021 [6d 4c]
C.Mannerheim: calls 10 and is all-in
Mahu2021: folds 
Uncalled bet (15) returned to GoorSanyy
*** FLOP *** [Jd 5c 6s]
*** TURN *** [Jd 5c 6s] [Tc]
*** RIVER *** [Jd 5c 6s Tc] [9s]
*** SHOW DOWN ***
GoorSanyy: shows [Qs Ac] (high card Ace)
GoorSanyy collected 10 from side pot
C.Mannerheim: shows [Ad 4s] (high card Ace - lower kicker)
GoorSanyy collected 30 from main pot
C.Mannerheim finished the tournament in 3rd place
*** SUMMARY ***
Total pot 40 Main pot 30. Side pot 10. | Rake 0 
Board [Jd 5c 6s Tc 9s]
Seat 1: C.Mannerheim (button) showed [Ad 4s] and lost with high card Ace
Seat 2: Mahu2021 (small blind) folded before Flop
Seat 3: GoorSanyy (big blind) showed [Qs Ac] and won (40) with high card Ace



PokerStars Hand #252904987186: Tournament #3811435185, $1.84+$0.16 USD Hold'em No Limit - Level II (15/30) - 2024/10/13 12:52:58 CET [2024/10/13 6:52:58 ET]
Table '3811435185 1' 3-max Seat #3 is the button
Seat 2: Mahu2021 (895 in chips) 
Seat 3: GoorSanyy (605 in chips) 
GoorSanyy: posts small blind 15
Mahu2021: posts big blind 30
*** HOLE CARDS ***
Dealt to Mahu2021 [7c 9s]
GoorSanyy: raises 575 to 605 and is all-in
Mahu2021: folds 
Uncalled bet (575) returned to GoorSanyy
GoorSanyy collected 60 from pot
*** SUMMARY ***
Total pot 60 | Rake 0 
Seat 2: Mahu2021 (big blind) folded before Flop
Seat 3: GoorSanyy (button) (small blind) collected (60)



PokerStars Hand #252904987971: Tournament #3811435185, $1.84+$0.16 USD Hold'em No Limit - Level II (15/30) - 2024/10/13 12:53:04 CET [2024/10/13 6:53:04 ET]
Table '3811435185 1' 3-max Seat #2 is the button
Seat 2: Mahu2021 (865 in chips) 
Seat 3: GoorSanyy (635 in chips) 
Mahu2021: posts small blind 15
GoorSanyy: posts big blind 30
*** HOLE CARDS ***
Dealt to Mahu2021 [Js Ad]
Mahu2021: calls 15
GoorSanyy: raises 60 to 90
Mahu2021: raises 775 to 865 and is all-in
GoorSanyy: folds 
Uncalled bet (775) returned to Mahu2021
Mahu2021 collected 180 from pot
Mahu2021: doesn't show hand 
*** SUMMARY ***
Total pot 180 | Rake 0 
Seat 2: Mahu2021 (button) (small blind) collected (180)
Seat 3: GoorSanyy (big blind) folded before Flop



PokerStars Hand #252904989148: Tournament #3811435185, $1.84+$0.16 USD Hold'em No Limit - Level II (15/30) - 2024/10/13 12:53:12 CET [2024/10/13 6:53:12 ET]
Table '3811435185 1' 3-max Seat #3 is the button
Seat 2: Mahu2021 (955 in chips) 
Seat 3: GoorSanyy (545 in chips) 
GoorSanyy: posts small blind 15
Mahu2021: posts big blind 30
*** HOLE CARDS ***
Dealt to Mahu2021 [3d 5c]
GoorSanyy: folds 
Uncalled bet (15) returned to Mahu2021
Mahu2021 collected 30 from pot
Mahu2021: doesn't show hand 
*** SUMMARY ***
Total pot 30 | Rake 0 
Seat 2: Mahu2021 (big blind) collected (30)
Seat 3: GoorSanyy (button) (small blind) folded before Flop



PokerStars Hand #252904989683: Tournament #3811435185, $1.84+$0.16 USD Hold'em No Limit - Level II (15/30) - 2024/10/13 12:53:15 CET [2024/10/13 6:53:15 ET]
Table '3811435185 1' 3-max Seat #2 is the button
Seat 2: Mahu2021 (970 in chips) 
Seat 3: GoorSanyy (530 in chips) 
Mahu2021: posts small blind 15
GoorSanyy: posts big blind 30
*** HOLE CARDS ***
Dealt to Mahu2021 [7h Th]
Mahu2021: calls 15
GoorSanyy: raises 500 to 530 and is all-in
Mahu2021: folds 
Uncalled bet (500) returned to GoorSanyy
GoorSanyy collected 60 from pot
*** SUMMARY ***
Total pot 60 | Rake 0 
Seat 2: Mahu2021 (button) (small blind) folded before Flop
Seat 3: GoorSanyy (big blind) collected (60)



PokerStars Hand #252904990714: Tournament #3811435185, $1.84+$0.16 USD Hold'em No Limit - Level II (15/30) - 2024/10/13 12:53:22 CET [2024/10/13 6:53:22 ET]
Table '3811435185 1' 3-max Seat #3 is the button
Seat 2: Mahu2021 (940 in chips) 
Seat 3: GoorSanyy (560 in chips) 
GoorSanyy: posts small blind 15
Mahu2021: posts big blind 30
*** HOLE CARDS ***
Dealt to Mahu2021 [7d 6s]
GoorSanyy: raises 530 to 560 and is all-in
Mahu2021: folds 
Uncalled bet (530) returned to GoorSanyy
GoorSanyy collected 60 from pot
*** SUMMARY ***
Total pot 60 | Rake 0 
Seat 2: Mahu2021 (big blind) folded before Flop
Seat 3: GoorSanyy (button) (small blind) collected (60)



PokerStars Hand #252904991416: Tournament #3811435185, $1.84+$0.16 USD Hold'em No Limit - Level II (15/30) - 2024/10/13 12:53:27 CET [2024/10/13 6:53:27 ET]
Table '3811435185 1' 3-max Seat #2 is the button
Seat 2: Mahu2021 (910 in chips) 
Seat 3: GoorSanyy (590 in chips) 
Mahu2021: posts small blind 15
GoorSanyy: posts big blind 30
*** HOLE CARDS ***
Dealt to Mahu2021 [9d Qs]
Mahu2021: calls 15
GoorSanyy: raises 560 to 590 and is all-in
Mahu2021: folds 
Uncalled bet (560) returned to GoorSanyy
GoorSanyy collected 60 from pot
*** SUMMARY ***
Total pot 60 | Rake 0 
Seat 2: Mahu2021 (button) (small blind) folded before Flop
Seat 3: GoorSanyy (big blind) collected (60)



PokerStars Hand #252904992977: Tournament #3811435185, $1.84+$0.16 USD Hold'em No Limit - Level III (20/40) - 2024/10/13 12:53:38 CET [2024/10/13 6:53:38 ET]
Table '3811435185 1' 3-max Seat #3 is the button
Seat 2: Mahu2021 (880 in chips) 
Seat 3: GoorSanyy (620 in chips) 
GoorSanyy: posts small blind 20
Mahu2021: posts big blind 40
*** HOLE CARDS ***
Dealt to Mahu2021 [Qc 7h]
GoorSanyy: raises 580 to 620 and is all-in
Mahu2021: folds 
Uncalled bet (580) returned to GoorSanyy
GoorSanyy collected 80 from pot
*** SUMMARY ***
Total pot 80 | Rake 0 
Seat 2: Mahu2021 (big blind) folded before Flop
Seat 3: GoorSanyy (button) (small blind) collected (80)



PokerStars Hand #252904993672: Tournament #3811435185, $1.84+$0.16 USD Hold'em No Limit - Level III (20/40) - 2024/10/13 12:53:43 CET [2024/10/13 6:53:43 ET]
Table '3811435185 1' 3-max Seat #2 is the button
Seat 2: Mahu2021 (840 in chips) 
Seat 3: GoorSanyy (660 in chips) 
Mahu2021: posts small blind 20
GoorSanyy: posts big blind 40
*** HOLE CARDS ***
Dealt to Mahu2021 [7h 3c]
Mahu2021: folds 
Uncalled bet (20) returned to GoorSanyy
GoorSanyy collected 40 from pot
*** SUMMARY ***
Total pot 40 | Rake 0 
Seat 2: Mahu2021 (button) (small blind) folded before Flop
Seat 3: GoorSanyy (big blind) collected (40)



PokerStars Hand #252904994314: Tournament #3811435185, $1.84+$0.16 USD Hold'em No Limit - Level III (20/40) - 2024/10/13 12:53:47 CET [2024/10/13 6:53:47 ET]
Table '3811435185 1' 3-max Seat #3 is the button
Seat 2: Mahu2021 (820 in chips) 
Seat 3: GoorSanyy (680 in chips) 
GoorSanyy: posts small blind 20
Mahu2021: posts big blind 40
*** HOLE CARDS ***
Dealt to Mahu2021 [4c 6s]
GoorSanyy: raises 640 to 680 and is all-in
Mahu2021: folds 
Uncalled bet (640) returned to GoorSanyy
GoorSanyy collected 80 from pot
*** SUMMARY ***
Total pot 80 | Rake 0 
Seat 2: Mahu2021 (big blind) folded before Flop
Seat 3: GoorSanyy (button) (small blind) collected (80)



PokerStars Hand #252904994983: Tournament #3811435185, $1.84+$0.16 USD Hold'em No Limit - Level III (20/40) - 2024/10/13 12:53:51 CET [2024/10/13 6:53:51 ET]
Table '3811435185 1' 3-max Seat #2 is the button
Seat 2: Mahu2021 (780 in chips) 
Seat 3: GoorSanyy (720 in chips) 
Mahu2021: posts small blind 20
GoorSanyy: posts big blind 40
*** HOLE CARDS ***
Dealt to Mahu2021 [Ts 5d]
Mahu2021: folds 
Uncalled bet (20) returned to GoorSanyy
GoorSanyy collected 40 from pot
*** SUMMARY ***
Total pot 40 | Rake 0 
Seat 2: Mahu2021 (button) (small blind) folded before Flop
Seat 3: GoorSanyy (big blind) collected (40)



PokerStars Hand #252904995600: Tournament #3811435185, $1.84+$0.16 USD Hold'em No Limit - Level III (20/40) - 2024/10/13 12:53:56 CET [2024/10/13 6:53:56 ET]
Table '3811435185 1' 3-max Seat #3 is the button
Seat 2: Mahu2021 (760 in chips) 
Seat 3: GoorSanyy (740 in chips) 
GoorSanyy: posts small blind 20
Mahu2021: posts big blind 40
*** HOLE CARDS ***
Dealt to Mahu2021 [5d As]
GoorSanyy: folds 
Uncalled bet (20) returned to Mahu2021
Mahu2021 collected 40 from pot
Mahu2021: doesn't show hand 
*** SUMMARY ***
Total pot 40 | Rake 0 
Seat 2: Mahu2021 (big blind) collected (40)
Seat 3: GoorSanyy (button) (small blind) folded before Flop



PokerStars Hand #252904996192: Tournament #3811435185, $1.84+$0.16 USD Hold'em No Limit - Level III (20/40) - 2024/10/13 12:54:00 CET [2024/10/13 6:54:00 ET]
Table '3811435185 1' 3-max Seat #2 is the button
Seat 2: Mahu2021 (780 in chips) 
Seat 3: GoorSanyy (720 in chips) 
Mahu2021: posts small blind 20
GoorSanyy: posts big blind 40
*** HOLE CARDS ***
Dealt to Mahu2021 [5c 5h]
Mahu2021: calls 20
GoorSanyy: raises 680 to 720 and is all-in
Mahu2021: calls 680
*** FLOP *** [6d Jd 3c]
*** TURN *** [6d Jd 3c] [Jc]
*** RIVER *** [6d Jd 3c Jc] [3d]
*** SHOW DOWN ***
GoorSanyy: shows [Ks 9h] (two pair, Jacks and Threes)
Mahu2021: shows [5c 5h] (two pair, Jacks and Fives)
Mahu2021 collected 1440 from pot
GoorSanyy finished the tournament in 2nd place
Mahu2021 wins the tournament and receives $4.00 - congratulations!
*** SUMMARY ***
Total pot 1440 | Rake 0 
Board [6d Jd 3c Jc 3d]
Seat 2: Mahu2021 (button) (small blind) showed [5c 5h] and won (1440) with two pair, Jacks and Fives
Seat 3: GoorSanyy (big blind) showed [Ks 9h] and lost with two pair, Jacks and Threes



