PokerStars Hand #249401131486: Tournament #3728363287, $1.84+$0.16 USD Hold'em No Limit - Level I (10/20) - 2024/03/13 19:27:40 CET [2024/03/13 14:27:40 ET]
Table '3728363287 1' 3-max Seat #1 is the button
Seat 1: erika60 (500 in chips) 
Seat 2: magnus0071229 (500 in chips) 
Seat 3: Mahu2021 (500 in chips) 
magnus0071229: posts small blind 10
Mahu2021: posts big blind 20
*** HOLE CARDS ***
Dealt to Mahu2021 [Ts Jh]
erika60: calls 20
magnus0071229: raises 20 to 40
Mahu2021: calls 20
erika60: calls 20
*** FLOP *** [7s Th 7d]
magnus0071229: checks 
Mahu2021: bets 40
erika60: folds 
magnus0071229: calls 40
*** TURN *** [7s Th 7d] [Tc]
magnus0071229: checks 
Mahu2021: bets 40
magnus0071229: calls 40
*** RIVER *** [7s Th 7d Tc] [2d]
magnus0071229: checks 
Mahu2021: bets 40
magnus0071229: folds 
Uncalled bet (40) returned to Mahu2021
Mahu2021 collected 280 from pot
Mahu2021: doesn't show hand 
*** SUMMARY ***
Total pot 280 | Rake 0 
Board [7s Th 7d Tc 2d]
Seat 1: erika60 (button) folded on the Flop
Seat 2: magnus0071229 (small blind) folded on the River
Seat 3: Mahu2021 (big blind) collected (280)



PokerStars Hand #249401142665: Tournament #3728363287, $1.84+$0.16 USD Hold'em No Limit - Level I (10/20) - 2024/03/13 19:28:17 CET [2024/03/13 14:28:17 ET]
Table '3728363287 1' 3-max Seat #2 is the button
Seat 1: erika60 (460 in chips) 
Seat 2: magnus0071229 (380 in chips) 
Seat 3: Mahu2021 (660 in chips) 
Mahu2021: posts small blind 10
erika60: posts big blind 20
*** HOLE CARDS ***
Dealt to Mahu2021 [2d 8d]
magnus0071229: raises 20 to 40
Mahu2021: folds 
erika60: calls 20
*** FLOP *** [Qd Td 2s]
erika60: checks 
magnus0071229: bets 20
erika60: folds 
Uncalled bet (20) returned to magnus0071229
magnus0071229 collected 90 from pot
*** SUMMARY ***
Total pot 90 | Rake 0 
Board [Qd Td 2s]
Seat 1: erika60 (big blind) folded on the Flop
Seat 2: magnus0071229 (button) collected (90)
Seat 3: Mahu2021 (small blind) folded before Flop



PokerStars Hand #249401152890: Tournament #3728363287, $1.84+$0.16 USD Hold'em No Limit - Level I (10/20) - 2024/03/13 19:28:51 CET [2024/03/13 14:28:51 ET]
Table '3728363287 1' 3-max Seat #3 is the button
Seat 1: erika60 (420 in chips) 
Seat 2: magnus0071229 (430 in chips) 
Seat 3: Mahu2021 (650 in chips) 
erika60: posts small blind 10
magnus0071229: posts big blind 20
*** HOLE CARDS ***
Dealt to Mahu2021 [3s Jd]
Mahu2021: folds 
erika60: raises 20 to 40
magnus0071229: calls 20
*** FLOP *** [3c 7c 4c]
erika60: bets 80
magnus0071229: calls 80
*** TURN *** [3c 7c 4c] [2c]
erika60: bets 40
magnus0071229: raises 270 to 310 and is all-in
erika60: calls 260 and is all-in
Uncalled bet (10) returned to magnus0071229
*** RIVER *** [3c 7c 4c 2c] [2h]
*** SHOW DOWN ***
erika60: shows [9h 9c] (a flush, Nine high)
magnus0071229: shows [Tc 9s] (a flush, Ten high)
magnus0071229 collected 840 from pot
erika60 finished the tournament in 3rd place
*** SUMMARY ***
Total pot 840 | Rake 0 
Board [3c 7c 4c 2c 2h]
Seat 1: erika60 (small blind) showed [9h 9c] and lost with a flush, Nine high
Seat 2: magnus0071229 (big blind) showed [Tc 9s] and won (840) with a flush, Ten high
Seat 3: Mahu2021 (button) folded before Flop (didn't bet)



PokerStars Hand #249401161652: Tournament #3728363287, $1.84+$0.16 USD Hold'em No Limit - Level I (10/20) - 2024/03/13 19:29:20 CET [2024/03/13 14:29:20 ET]
Table '3728363287 1' 3-max Seat #2 is the button
Seat 2: magnus0071229 (850 in chips) 
Seat 3: Mahu2021 (650 in chips) 
magnus0071229: posts small blind 10
Mahu2021: posts big blind 20
*** HOLE CARDS ***
Dealt to Mahu2021 [Qs 9h]
magnus0071229: folds 
Uncalled bet (10) returned to Mahu2021
Mahu2021 collected 20 from pot
Mahu2021: doesn't show hand 
*** SUMMARY ***
Total pot 20 | Rake 0 
Seat 2: magnus0071229 (button) (small blind) folded before Flop
Seat 3: Mahu2021 (big blind) collected (20)



PokerStars Hand #249401163157: Tournament #3728363287, $1.84+$0.16 USD Hold'em No Limit - Level I (10/20) - 2024/03/13 19:29:25 CET [2024/03/13 14:29:25 ET]
Table '3728363287 1' 3-max Seat #3 is the button
Seat 2: magnus0071229 (840 in chips) 
Seat 3: Mahu2021 (660 in chips) 
Mahu2021: posts small blind 10
magnus0071229: posts big blind 20
*** HOLE CARDS ***
Dealt to Mahu2021 [7c Jc]
Mahu2021: calls 10
magnus0071229: checks 
*** FLOP *** [6s 2d 9s]
magnus0071229: checks 
Mahu2021: checks 
*** TURN *** [6s 2d 9s] [Td]
magnus0071229: checks 
Mahu2021: checks 
*** RIVER *** [6s 2d 9s Td] [Ah]
magnus0071229: bets 820 and is all-in
Mahu2021: folds 
Uncalled bet (820) returned to magnus0071229
magnus0071229 collected 40 from pot
*** SUMMARY ***
Total pot 40 | Rake 0 
Board [6s 2d 9s Td Ah]
Seat 2: magnus0071229 (big blind) collected (40)
Seat 3: Mahu2021 (button) (small blind) folded on the River



PokerStars Hand #249401168428: Tournament #3728363287, $1.84+$0.16 USD Hold'em No Limit - Level I (10/20) - 2024/03/13 19:29:42 CET [2024/03/13 14:29:42 ET]
Table '3728363287 1' 3-max Seat #2 is the button
Seat 2: magnus0071229 (860 in chips) 
Seat 3: Mahu2021 (640 in chips) 
magnus0071229: posts small blind 10
Mahu2021: posts big blind 20
*** HOLE CARDS ***
Dealt to Mahu2021 [7s Qc]
magnus0071229: calls 10
Mahu2021: checks 
*** FLOP *** [9d Ts 8d]
Mahu2021: checks 
magnus0071229: checks 
*** TURN *** [9d Ts 8d] [Qh]
Mahu2021: bets 40
magnus0071229: folds 
Uncalled bet (40) returned to Mahu2021
Mahu2021 collected 40 from pot
Mahu2021: doesn't show hand 
*** SUMMARY ***
Total pot 40 | Rake 0 
Board [9d Ts 8d Qh]
Seat 2: magnus0071229 (button) (small blind) folded on the Turn
Seat 3: Mahu2021 (big blind) collected (40)



PokerStars Hand #249401172823: Tournament #3728363287, $1.84+$0.16 USD Hold'em No Limit - Level I (10/20) - 2024/03/13 19:29:57 CET [2024/03/13 14:29:57 ET]
Table '3728363287 1' 3-max Seat #3 is the button
Seat 2: magnus0071229 (840 in chips) 
Seat 3: Mahu2021 (660 in chips) 
Mahu2021: posts small blind 10
magnus0071229: posts big blind 20
*** HOLE CARDS ***
Dealt to Mahu2021 [6c 5s]
Mahu2021: calls 10
magnus0071229: checks 
*** FLOP *** [Ks 3d 6d]
magnus0071229: checks 
Mahu2021: bets 40
magnus0071229: folds 
Uncalled bet (40) returned to Mahu2021
Mahu2021 collected 40 from pot
Mahu2021: doesn't show hand 
*** SUMMARY ***
Total pot 40 | Rake 0 
Board [Ks 3d 6d]
Seat 2: magnus0071229 (big blind) folded on the Flop
Seat 3: Mahu2021 (button) (small blind) collected (40)



PokerStars Hand #249401176760: Tournament #3728363287, $1.84+$0.16 USD Hold'em No Limit - Level I (10/20) - 2024/03/13 19:30:09 CET [2024/03/13 14:30:09 ET]
Table '3728363287 1' 3-max Seat #2 is the button
Seat 2: magnus0071229 (820 in chips) 
Seat 3: Mahu2021 (680 in chips) 
magnus0071229: posts small blind 10
Mahu2021: posts big blind 20
*** HOLE CARDS ***
Dealt to Mahu2021 [2c 7h]
magnus0071229: calls 10
Mahu2021: checks 
*** FLOP *** [5c 3h 7c]
Mahu2021: checks 
magnus0071229: checks 
*** TURN *** [5c 3h 7c] [As]
Mahu2021: checks 
magnus0071229: bets 20
Mahu2021: calls 20
*** RIVER *** [5c 3h 7c As] [Qs]
Mahu2021: checks 
magnus0071229: bets 80
Mahu2021: folds 
Uncalled bet (80) returned to magnus0071229
magnus0071229 collected 80 from pot
*** SUMMARY ***
Total pot 80 | Rake 0 
Board [5c 3h 7c As Qs]
Seat 2: magnus0071229 (button) (small blind) collected (80)
Seat 3: Mahu2021 (big blind) folded on the River



PokerStars Hand #249401183648: Tournament #3728363287, $1.84+$0.16 USD Hold'em No Limit - Level I (10/20) - 2024/03/13 19:30:32 CET [2024/03/13 14:30:32 ET]
Table '3728363287 1' 3-max Seat #3 is the button
Seat 2: magnus0071229 (860 in chips) 
Seat 3: Mahu2021 (640 in chips) 
Mahu2021: posts small blind 10
magnus0071229: posts big blind 20
*** HOLE CARDS ***
Dealt to Mahu2021 [7c Ks]
Mahu2021: raises 20 to 40
magnus0071229: raises 20 to 60
Mahu2021: calls 20
*** FLOP *** [Ts 6c 4h]
magnus0071229: checks 
Mahu2021: checks 
*** TURN *** [Ts 6c 4h] [7s]
magnus0071229: checks 
Mahu2021: checks 
*** RIVER *** [Ts 6c 4h 7s] [Jh]
magnus0071229: bets 20
Mahu2021: calls 20
*** SHOW DOWN ***
magnus0071229: shows [5c Kc] (high card King)
Mahu2021: shows [7c Ks] (a pair of Sevens)
Mahu2021 collected 160 from pot
*** SUMMARY ***
Total pot 160 | Rake 0 
Board [Ts 6c 4h 7s Jh]
Seat 2: magnus0071229 (big blind) showed [5c Kc] and lost with high card King
Seat 3: Mahu2021 (button) (small blind) showed [7c Ks] and won (160) with a pair of Sevens



PokerStars Hand #249401190211: Tournament #3728363287, $1.84+$0.16 USD Hold'em No Limit - Level II (15/30) - 2024/03/13 19:30:53 CET [2024/03/13 14:30:53 ET]
Table '3728363287 1' 3-max Seat #2 is the button
Seat 2: magnus0071229 (780 in chips) 
Seat 3: Mahu2021 (720 in chips) 
magnus0071229: posts small blind 15
Mahu2021: posts big blind 30
*** HOLE CARDS ***
Dealt to Mahu2021 [Qh 2d]
magnus0071229: calls 15
Mahu2021: checks 
*** FLOP *** [Qs 4d 9c]
Mahu2021: checks 
magnus0071229: bets 30
Mahu2021: calls 30
*** TURN *** [Qs 4d 9c] [Ah]
Mahu2021: checks 
magnus0071229: bets 30
Mahu2021: calls 30
*** RIVER *** [Qs 4d 9c Ah] [8h]
Mahu2021: checks 
magnus0071229: bets 180
Mahu2021: folds 
Uncalled bet (180) returned to magnus0071229
magnus0071229 collected 180 from pot
*** SUMMARY ***
Total pot 180 | Rake 0 
Board [Qs 4d 9c Ah 8h]
Seat 2: magnus0071229 (button) (small blind) collected (180)
Seat 3: Mahu2021 (big blind) folded on the River



PokerStars Hand #249401198533: Tournament #3728363287, $1.84+$0.16 USD Hold'em No Limit - Level II (15/30) - 2024/03/13 19:31:21 CET [2024/03/13 14:31:21 ET]
Table '3728363287 1' 3-max Seat #3 is the button
Seat 2: magnus0071229 (870 in chips) 
Seat 3: Mahu2021 (630 in chips) 
Mahu2021: posts small blind 15
magnus0071229: posts big blind 30
*** HOLE CARDS ***
Dealt to Mahu2021 [6c 4d]
Mahu2021: folds 
Uncalled bet (15) returned to magnus0071229
magnus0071229 collected 30 from pot
*** SUMMARY ***
Total pot 30 | Rake 0 
Seat 2: magnus0071229 (big blind) collected (30)
Seat 3: Mahu2021 (button) (small blind) folded before Flop



PokerStars Hand #249401199961: Tournament #3728363287, $1.84+$0.16 USD Hold'em No Limit - Level II (15/30) - 2024/03/13 19:31:26 CET [2024/03/13 14:31:26 ET]
Table '3728363287 1' 3-max Seat #2 is the button
Seat 2: magnus0071229 (885 in chips) 
Seat 3: Mahu2021 (615 in chips) 
magnus0071229: posts small blind 15
Mahu2021: posts big blind 30
*** HOLE CARDS ***
Dealt to Mahu2021 [5d 7h]
magnus0071229: calls 15
Mahu2021: checks 
*** FLOP *** [7c Ts 3s]
Mahu2021: checks 
magnus0071229: checks 
*** TURN *** [7c Ts 3s] [Th]
Mahu2021: checks 
magnus0071229: checks 
*** RIVER *** [7c Ts 3s Th] [7d]
Mahu2021: bets 60
magnus0071229: folds 
Uncalled bet (60) returned to Mahu2021
Mahu2021 collected 60 from pot
Mahu2021: doesn't show hand 
*** SUMMARY ***
Total pot 60 | Rake 0 
Board [7c Ts 3s Th 7d]
Seat 2: magnus0071229 (button) (small blind) folded on the River
Seat 3: Mahu2021 (big blind) collected (60)



PokerStars Hand #249401205099: Tournament #3728363287, $1.84+$0.16 USD Hold'em No Limit - Level II (15/30) - 2024/03/13 19:31:42 CET [2024/03/13 14:31:42 ET]
Table '3728363287 1' 3-max Seat #3 is the button
Seat 2: magnus0071229 (855 in chips) 
Seat 3: Mahu2021 (645 in chips) 
Mahu2021: posts small blind 15
magnus0071229: posts big blind 30
*** HOLE CARDS ***
Dealt to Mahu2021 [4c 3s]
Mahu2021: calls 15
magnus0071229: checks 
*** FLOP *** [2d 8h 4h]
magnus0071229: checks 
Mahu2021: bets 60
magnus0071229: folds 
Uncalled bet (60) returned to Mahu2021
Mahu2021 collected 60 from pot
Mahu2021: doesn't show hand 
*** SUMMARY ***
Total pot 60 | Rake 0 
Board [2d 8h 4h]
Seat 2: magnus0071229 (big blind) folded on the Flop
Seat 3: Mahu2021 (button) (small blind) collected (60)



PokerStars Hand #249401208703: Tournament #3728363287, $1.84+$0.16 USD Hold'em No Limit - Level II (15/30) - 2024/03/13 19:31:54 CET [2024/03/13 14:31:54 ET]
Table '3728363287 1' 3-max Seat #2 is the button
Seat 2: magnus0071229 (825 in chips) 
Seat 3: Mahu2021 (675 in chips) 
magnus0071229: posts small blind 15
Mahu2021: posts big blind 30
*** HOLE CARDS ***
Dealt to Mahu2021 [Tc 8c]
magnus0071229: calls 15
Mahu2021: checks 
*** FLOP *** [7d Kd Js]
Mahu2021: checks 
magnus0071229: checks 
*** TURN *** [7d Kd Js] [2h]
Mahu2021: checks 
magnus0071229: checks 
*** RIVER *** [7d Kd Js 2h] [7c]
Mahu2021: bets 60
magnus0071229: raises 735 to 795 and is all-in
Mahu2021: folds 
Uncalled bet (735) returned to magnus0071229
magnus0071229 collected 180 from pot
*** SUMMARY ***
Total pot 180 | Rake 0 
Board [7d Kd Js 2h 7c]
Seat 2: magnus0071229 (button) (small blind) collected (180)
Seat 3: Mahu2021 (big blind) folded on the River



PokerStars Hand #249401215022: Tournament #3728363287, $1.84+$0.16 USD Hold'em No Limit - Level II (15/30) - 2024/03/13 19:32:15 CET [2024/03/13 14:32:15 ET]
Table '3728363287 1' 3-max Seat #3 is the button
Seat 2: magnus0071229 (915 in chips) 
Seat 3: Mahu2021 (585 in chips) 
Mahu2021: posts small blind 15
magnus0071229: posts big blind 30
*** HOLE CARDS ***
Dealt to Mahu2021 [6s Jd]
Mahu2021: calls 15
magnus0071229: checks 
*** FLOP *** [7h Td Ad]
magnus0071229: checks 
Mahu2021: checks 
*** TURN *** [7h Td Ad] [8d]
magnus0071229: checks 
Mahu2021: bets 60
magnus0071229: folds 
Uncalled bet (60) returned to Mahu2021
Mahu2021 collected 60 from pot
Mahu2021: doesn't show hand 
*** SUMMARY ***
Total pot 60 | Rake 0 
Board [7h Td Ad 8d]
Seat 2: magnus0071229 (big blind) folded on the Turn
Seat 3: Mahu2021 (button) (small blind) collected (60)



PokerStars Hand #249401225245: Tournament #3728363287, $1.84+$0.16 USD Hold'em No Limit - Level II (15/30) - 2024/03/13 19:32:48 CET [2024/03/13 14:32:48 ET]
Table '3728363287 1' 3-max Seat #2 is the button
Seat 2: magnus0071229 (885 in chips) 
Seat 3: Mahu2021 (615 in chips) 
magnus0071229: posts small blind 15
Mahu2021: posts big blind 30
*** HOLE CARDS ***
Dealt to Mahu2021 [6d Ac]
magnus0071229: folds 
Uncalled bet (15) returned to Mahu2021
Mahu2021 collected 30 from pot
Mahu2021: doesn't show hand 
*** SUMMARY ***
Total pot 30 | Rake 0 
Seat 2: magnus0071229 (button) (small blind) folded before Flop
Seat 3: Mahu2021 (big blind) collected (30)



PokerStars Hand #249401230658: Tournament #3728363287, $1.84+$0.16 USD Hold'em No Limit - Level II (15/30) - 2024/03/13 19:33:06 CET [2024/03/13 14:33:06 ET]
Table '3728363287 1' 3-max Seat #3 is the button
Seat 2: magnus0071229 (870 in chips) 
Seat 3: Mahu2021 (630 in chips) 
Mahu2021: posts small blind 15
magnus0071229: posts big blind 30
*** HOLE CARDS ***
Dealt to Mahu2021 [As 2h]
Mahu2021: calls 15
magnus0071229: checks 
*** FLOP *** [3c 9d Ac]
magnus0071229: checks 
Mahu2021: bets 30
magnus0071229: calls 30
*** TURN *** [3c 9d Ac] [Kc]
magnus0071229: checks 
Mahu2021: checks 
*** RIVER *** [3c 9d Ac Kc] [9s]
magnus0071229: checks 
Mahu2021: bets 120
magnus0071229: folds 
Uncalled bet (120) returned to Mahu2021
Mahu2021 collected 120 from pot
Mahu2021: doesn't show hand 
*** SUMMARY ***
Total pot 120 | Rake 0 
Board [3c 9d Ac Kc 9s]
Seat 2: magnus0071229 (big blind) folded on the River
Seat 3: Mahu2021 (button) (small blind) collected (120)



PokerStars Hand #249401240107: Tournament #3728363287, $1.84+$0.16 USD Hold'em No Limit - Level II (15/30) - 2024/03/13 19:33:37 CET [2024/03/13 14:33:37 ET]
Table '3728363287 1' 3-max Seat #2 is the button
Seat 2: magnus0071229 (810 in chips) 
Seat 3: Mahu2021 (690 in chips) 
magnus0071229: posts small blind 15
Mahu2021: posts big blind 30
*** HOLE CARDS ***
Dealt to Mahu2021 [Qh 8h]
magnus0071229: calls 15
Mahu2021: checks 
*** FLOP *** [4s Qc 3h]
Mahu2021: checks 
magnus0071229: checks 
*** TURN *** [4s Qc 3h] [Kh]
Mahu2021: checks 
magnus0071229: checks 
*** RIVER *** [4s Qc 3h Kh] [Jc]
Mahu2021: bets 60
magnus0071229: folds 
Uncalled bet (60) returned to Mahu2021
Mahu2021 collected 60 from pot
Mahu2021: doesn't show hand 
*** SUMMARY ***
Total pot 60 | Rake 0 
Board [4s Qc 3h Kh Jc]
Seat 2: magnus0071229 (button) (small blind) folded on the River
Seat 3: Mahu2021 (big blind) collected (60)



PokerStars Hand #249401246807: Tournament #3728363287, $1.84+$0.16 USD Hold'em No Limit - Level III (20/40) - 2024/03/13 19:33:59 CET [2024/03/13 14:33:59 ET]
Table '3728363287 1' 3-max Seat #3 is the button
Seat 2: magnus0071229 (780 in chips) 
Seat 3: Mahu2021 (720 in chips) 
Mahu2021: posts small blind 20
magnus0071229: posts big blind 40
*** HOLE CARDS ***
Dealt to Mahu2021 [3c 3d]
Mahu2021: raises 680 to 720 and is all-in
magnus0071229: folds 
Uncalled bet (680) returned to Mahu2021
Mahu2021 collected 80 from pot
Mahu2021: doesn't show hand 
*** SUMMARY ***
Total pot 80 | Rake 0 
Seat 2: magnus0071229 (big blind) folded before Flop
Seat 3: Mahu2021 (button) (small blind) collected (80)



PokerStars Hand #249401249072: Tournament #3728363287, $1.84+$0.16 USD Hold'em No Limit - Level III (20/40) - 2024/03/13 19:34:06 CET [2024/03/13 14:34:06 ET]
Table '3728363287 1' 3-max Seat #2 is the button
Seat 2: magnus0071229 (740 in chips) 
Seat 3: Mahu2021 (760 in chips) 
magnus0071229: posts small blind 20
Mahu2021: posts big blind 40
*** HOLE CARDS ***
Dealt to Mahu2021 [4s 5c]
magnus0071229: folds 
Uncalled bet (20) returned to Mahu2021
Mahu2021 collected 40 from pot
Mahu2021: doesn't show hand 
*** SUMMARY ***
Total pot 40 | Rake 0 
Seat 2: magnus0071229 (button) (small blind) folded before Flop
Seat 3: Mahu2021 (big blind) collected (40)



PokerStars Hand #249401250540: Tournament #3728363287, $1.84+$0.16 USD Hold'em No Limit - Level III (20/40) - 2024/03/13 19:34:11 CET [2024/03/13 14:34:11 ET]
Table '3728363287 1' 3-max Seat #3 is the button
Seat 2: magnus0071229 (720 in chips) 
Seat 3: Mahu2021 (780 in chips) 
Mahu2021: posts small blind 20
magnus0071229: posts big blind 40
*** HOLE CARDS ***
Dealt to Mahu2021 [5s Jc]
Mahu2021: calls 20
magnus0071229: checks 
*** FLOP *** [8s 5h Td]
magnus0071229: checks 
Mahu2021: bets 40
magnus0071229: raises 40 to 80
Mahu2021: calls 40
*** TURN *** [8s 5h Td] [4s]
magnus0071229: bets 240
Mahu2021: folds 
Uncalled bet (240) returned to magnus0071229
magnus0071229 collected 240 from pot
*** SUMMARY ***
Total pot 240 | Rake 0 
Board [8s 5h Td 4s]
Seat 2: magnus0071229 (big blind) collected (240)
Seat 3: Mahu2021 (button) (small blind) folded on the Turn



PokerStars Hand #249401256230: Tournament #3728363287, $1.84+$0.16 USD Hold'em No Limit - Level III (20/40) - 2024/03/13 19:34:29 CET [2024/03/13 14:34:29 ET]
Table '3728363287 1' 3-max Seat #2 is the button
Seat 2: magnus0071229 (840 in chips) 
Seat 3: Mahu2021 (660 in chips) 
magnus0071229: posts small blind 20
Mahu2021: posts big blind 40
*** HOLE CARDS ***
Dealt to Mahu2021 [Qd As]
magnus0071229: calls 20
Mahu2021: raises 120 to 160
magnus0071229: folds 
Uncalled bet (120) returned to Mahu2021
Mahu2021 collected 80 from pot
Mahu2021: doesn't show hand 
*** SUMMARY ***
Total pot 80 | Rake 0 
Seat 2: magnus0071229 (button) (small blind) folded before Flop
Seat 3: Mahu2021 (big blind) collected (80)



PokerStars Hand #249401259535: Tournament #3728363287, $1.84+$0.16 USD Hold'em No Limit - Level III (20/40) - 2024/03/13 19:34:40 CET [2024/03/13 14:34:40 ET]
Table '3728363287 1' 3-max Seat #3 is the button
Seat 2: magnus0071229 (800 in chips) 
Seat 3: Mahu2021 (700 in chips) 
Mahu2021: posts small blind 20
magnus0071229: posts big blind 40
*** HOLE CARDS ***
Dealt to Mahu2021 [Kc 8h]
Mahu2021: raises 40 to 80
magnus0071229: calls 40
*** FLOP *** [3s Ks Qs]
magnus0071229: bets 40
Mahu2021: raises 580 to 620 and is all-in
magnus0071229: folds 
Uncalled bet (580) returned to Mahu2021
Mahu2021 collected 240 from pot
Mahu2021: doesn't show hand 
*** SUMMARY ***
Total pot 240 | Rake 0 
Board [3s Ks Qs]
Seat 2: magnus0071229 (big blind) folded on the Flop
Seat 3: Mahu2021 (button) (small blind) collected (240)



PokerStars Hand #249401264352: Tournament #3728363287, $1.84+$0.16 USD Hold'em No Limit - Level III (20/40) - 2024/03/13 19:34:56 CET [2024/03/13 14:34:56 ET]
Table '3728363287 1' 3-max Seat #2 is the button
Seat 2: magnus0071229 (680 in chips) 
Seat 3: Mahu2021 (820 in chips) 
magnus0071229: posts small blind 20
Mahu2021: posts big blind 40
*** HOLE CARDS ***
Dealt to Mahu2021 [3c 7h]
magnus0071229: calls 20
Mahu2021: checks 
*** FLOP *** [6d 2s 3d]
Mahu2021: checks 
magnus0071229: checks 
*** TURN *** [6d 2s 3d] [Qs]
Mahu2021: checks 
magnus0071229: checks 
*** RIVER *** [6d 2s 3d Qs] [4s]
Mahu2021: checks 
magnus0071229: checks 
*** SHOW DOWN ***
Mahu2021: shows [3c 7h] (a pair of Threes)
magnus0071229: mucks hand 
Mahu2021 collected 80 from pot
*** SUMMARY ***
Total pot 80 | Rake 0 
Board [6d 2s 3d Qs 4s]
Seat 2: magnus0071229 (button) (small blind) mucked [Th Jc]
Seat 3: Mahu2021 (big blind) showed [3c 7h] and won (80) with a pair of Threes



PokerStars Hand #249401269075: Tournament #3728363287, $1.84+$0.16 USD Hold'em No Limit - Level III (20/40) - 2024/03/13 19:35:11 CET [2024/03/13 14:35:11 ET]
Table '3728363287 1' 3-max Seat #3 is the button
Seat 2: magnus0071229 (640 in chips) 
Seat 3: Mahu2021 (860 in chips) 
Mahu2021: posts small blind 20
magnus0071229: posts big blind 40
*** HOLE CARDS ***
Dealt to Mahu2021 [9s 8d]
Mahu2021: calls 20
magnus0071229: checks 
*** FLOP *** [8h Td 4c]
magnus0071229: checks 
Mahu2021: bets 80
magnus0071229: folds 
Uncalled bet (80) returned to Mahu2021
Mahu2021 collected 80 from pot
Mahu2021: doesn't show hand 
*** SUMMARY ***
Total pot 80 | Rake 0 
Board [8h Td 4c]
Seat 2: magnus0071229 (big blind) folded on the Flop
Seat 3: Mahu2021 (button) (small blind) collected (80)



PokerStars Hand #249401272865: Tournament #3728363287, $1.84+$0.16 USD Hold'em No Limit - Level III (20/40) - 2024/03/13 19:35:23 CET [2024/03/13 14:35:23 ET]
Table '3728363287 1' 3-max Seat #2 is the button
Seat 2: magnus0071229 (600 in chips) 
Seat 3: Mahu2021 (900 in chips) 
magnus0071229: posts small blind 20
Mahu2021: posts big blind 40
*** HOLE CARDS ***
Dealt to Mahu2021 [5c 7h]
magnus0071229: folds 
Uncalled bet (20) returned to Mahu2021
Mahu2021 collected 40 from pot
Mahu2021: doesn't show hand 
*** SUMMARY ***
Total pot 40 | Rake 0 
Seat 2: magnus0071229 (button) (small blind) folded before Flop
Seat 3: Mahu2021 (big blind) collected (40)



PokerStars Hand #249401274395: Tournament #3728363287, $1.84+$0.16 USD Hold'em No Limit - Level III (20/40) - 2024/03/13 19:35:28 CET [2024/03/13 14:35:28 ET]
Table '3728363287 1' 3-max Seat #3 is the button
Seat 2: magnus0071229 (580 in chips) 
Seat 3: Mahu2021 (920 in chips) 
Mahu2021: posts small blind 20
magnus0071229: posts big blind 40
*** HOLE CARDS ***
Dealt to Mahu2021 [3d Jc]
Mahu2021: calls 20
magnus0071229: raises 40 to 80
Mahu2021: calls 40
*** FLOP *** [7c 7h 3h]
magnus0071229: bets 40
Mahu2021: raises 800 to 840 and is all-in
magnus0071229: folds 
Uncalled bet (800) returned to Mahu2021
Mahu2021 collected 240 from pot
Mahu2021: doesn't show hand 
*** SUMMARY ***
Total pot 240 | Rake 0 
Board [7c 7h 3h]
Seat 2: magnus0071229 (big blind) folded on the Flop
Seat 3: Mahu2021 (button) (small blind) collected (240)



PokerStars Hand #249401279072: Tournament #3728363287, $1.84+$0.16 USD Hold'em No Limit - Level III (20/40) - 2024/03/13 19:35:43 CET [2024/03/13 14:35:43 ET]
Table '3728363287 1' 3-max Seat #2 is the button
Seat 2: magnus0071229 (460 in chips) 
Seat 3: Mahu2021 (1040 in chips) 
magnus0071229: posts small blind 20
Mahu2021: posts big blind 40
*** HOLE CARDS ***
Dealt to Mahu2021 [9s 5c]
magnus0071229: raises 80 to 120
Mahu2021: folds 
Uncalled bet (80) returned to magnus0071229
magnus0071229 collected 80 from pot
*** SUMMARY ***
Total pot 80 | Rake 0 
Seat 2: magnus0071229 (button) (small blind) collected (80)
Seat 3: Mahu2021 (big blind) folded before Flop



PokerStars Hand #249401281373: Tournament #3728363287, $1.84+$0.16 USD Hold'em No Limit - Level III (20/40) - 2024/03/13 19:35:51 CET [2024/03/13 14:35:51 ET]
Table '3728363287 1' 3-max Seat #3 is the button
Seat 2: magnus0071229 (500 in chips) 
Seat 3: Mahu2021 (1000 in chips) 
Mahu2021: posts small blind 20
magnus0071229: posts big blind 40
*** HOLE CARDS ***
Dealt to Mahu2021 [4c 7h]
Mahu2021: calls 20
magnus0071229: checks 
*** FLOP *** [9h Qc 9d]
magnus0071229: checks 
Mahu2021: checks 
*** TURN *** [9h Qc 9d] [Qs]
magnus0071229: checks 
Mahu2021: bets 80
magnus0071229: folds 
Uncalled bet (80) returned to Mahu2021
Mahu2021 collected 80 from pot
Mahu2021: doesn't show hand 
*** SUMMARY ***
Total pot 80 | Rake 0 
Board [9h Qc 9d Qs]
Seat 2: magnus0071229 (big blind) folded on the Turn
Seat 3: Mahu2021 (button) (small blind) collected (80)



PokerStars Hand #249401287781: Tournament #3728363287, $1.84+$0.16 USD Hold'em No Limit - Level III (20/40) - 2024/03/13 19:36:12 CET [2024/03/13 14:36:12 ET]
Table '3728363287 1' 3-max Seat #2 is the button
Seat 2: magnus0071229 (460 in chips) 
Seat 3: Mahu2021 (1040 in chips) 
magnus0071229: posts small blind 20
Mahu2021: posts big blind 40
*** HOLE CARDS ***
Dealt to Mahu2021 [4s 4c]
magnus0071229: folds 
Uncalled bet (20) returned to Mahu2021
Mahu2021 collected 40 from pot
Mahu2021: doesn't show hand 
*** SUMMARY ***
Total pot 40 | Rake 0 
Seat 2: magnus0071229 (button) (small blind) folded before Flop
Seat 3: Mahu2021 (big blind) collected (40)



PokerStars Hand #249401289255: Tournament #3728363287, $1.84+$0.16 USD Hold'em No Limit - Level III (20/40) - 2024/03/13 19:36:17 CET [2024/03/13 14:36:17 ET]
Table '3728363287 1' 3-max Seat #3 is the button
Seat 2: magnus0071229 (440 in chips) 
Seat 3: Mahu2021 (1060 in chips) 
Mahu2021: posts small blind 20
magnus0071229: posts big blind 40
*** HOLE CARDS ***
Dealt to Mahu2021 [Kh Td]
Mahu2021: raises 40 to 80
magnus0071229: folds 
Uncalled bet (40) returned to Mahu2021
Mahu2021 collected 80 from pot
Mahu2021: doesn't show hand 
*** SUMMARY ***
Total pot 80 | Rake 0 
Seat 2: magnus0071229 (big blind) folded before Flop
Seat 3: Mahu2021 (button) (small blind) collected (80)



PokerStars Hand #249401291442: Tournament #3728363287, $1.84+$0.16 USD Hold'em No Limit - Level III (20/40) - 2024/03/13 19:36:24 CET [2024/03/13 14:36:24 ET]
Table '3728363287 1' 3-max Seat #2 is the button
Seat 2: magnus0071229 (400 in chips) 
Seat 3: Mahu2021 (1100 in chips) 
magnus0071229: posts small blind 20
Mahu2021: posts big blind 40
*** HOLE CARDS ***
Dealt to Mahu2021 [Kc 9c]
magnus0071229: calls 20
Mahu2021: checks 
*** FLOP *** [Qd Ah 8h]
Mahu2021: checks 
magnus0071229: checks 
*** TURN *** [Qd Ah 8h] [5s]
Mahu2021: checks 
magnus0071229: checks 
*** RIVER *** [Qd Ah 8h 5s] [Kd]
Mahu2021: bets 40
magnus0071229: raises 160 to 200
Mahu2021: folds 
Uncalled bet (160) returned to magnus0071229
magnus0071229 collected 160 from pot
*** SUMMARY ***
Total pot 160 | Rake 0 
Board [Qd Ah 8h 5s Kd]
Seat 2: magnus0071229 (button) (small blind) collected (160)
Seat 3: Mahu2021 (big blind) folded on the River



PokerStars Hand #249401298935: Tournament #3728363287, $1.84+$0.16 USD Hold'em No Limit - Level IV (30/60) - 2024/03/13 19:36:48 CET [2024/03/13 14:36:48 ET]
Table '3728363287 1' 3-max Seat #3 is the button
Seat 2: magnus0071229 (480 in chips) 
Seat 3: Mahu2021 (1020 in chips) 
Mahu2021: posts small blind 30
magnus0071229: posts big blind 60
*** HOLE CARDS ***
Dealt to Mahu2021 [3s 3d]
Mahu2021: raises 960 to 1020 and is all-in
magnus0071229: calls 420 and is all-in
Uncalled bet (540) returned to Mahu2021
*** FLOP *** [9d Ah Qc]
*** TURN *** [9d Ah Qc] [5d]
*** RIVER *** [9d Ah Qc 5d] [Jc]
*** SHOW DOWN ***
magnus0071229: shows [Ad Kc] (a pair of Aces)
Mahu2021: shows [3s 3d] (a pair of Threes)
magnus0071229 collected 960 from pot
*** SUMMARY ***
Total pot 960 | Rake 0 
Board [9d Ah Qc 5d Jc]
Seat 2: magnus0071229 (big blind) showed [Ad Kc] and won (960) with a pair of Aces
Seat 3: Mahu2021 (button) (small blind) showed [3s 3d] and lost with a pair of Threes



PokerStars Hand #249401302905: Tournament #3728363287, $1.84+$0.16 USD Hold'em No Limit - Level IV (30/60) - 2024/03/13 19:37:01 CET [2024/03/13 14:37:01 ET]
Table '3728363287 1' 3-max Seat #2 is the button
Seat 2: magnus0071229 (960 in chips) 
Seat 3: Mahu2021 (540 in chips) 
magnus0071229: posts small blind 30
Mahu2021: posts big blind 60
*** HOLE CARDS ***
Dealt to Mahu2021 [8s Qc]
magnus0071229: calls 30
Mahu2021: checks 
*** FLOP *** [7d 5s 5h]
Mahu2021: checks 
magnus0071229: checks 
*** TURN *** [7d 5s 5h] [Kd]
Mahu2021: checks 
magnus0071229: bets 120
Mahu2021: folds 
Uncalled bet (120) returned to magnus0071229
magnus0071229 collected 120 from pot
*** SUMMARY ***
Total pot 120 | Rake 0 
Board [7d 5s 5h Kd]
Seat 2: magnus0071229 (button) (small blind) collected (120)
Seat 3: Mahu2021 (big blind) folded on the Turn



PokerStars Hand #249401307169: Tournament #3728363287, $1.84+$0.16 USD Hold'em No Limit - Level IV (30/60) - 2024/03/13 19:37:15 CET [2024/03/13 14:37:15 ET]
Table '3728363287 1' 3-max Seat #3 is the button
Seat 2: magnus0071229 (1020 in chips) 
Seat 3: Mahu2021 (480 in chips) 
Mahu2021: posts small blind 30
magnus0071229: posts big blind 60
*** HOLE CARDS ***
Dealt to Mahu2021 [Ad 3s]
Mahu2021: raises 60 to 120
magnus0071229: folds 
Uncalled bet (60) returned to Mahu2021
Mahu2021 collected 120 from pot
Mahu2021: doesn't show hand 
*** SUMMARY ***
Total pot 120 | Rake 0 
Seat 2: magnus0071229 (big blind) folded before Flop
Seat 3: Mahu2021 (button) (small blind) collected (120)



PokerStars Hand #249401309157: Tournament #3728363287, $1.84+$0.16 USD Hold'em No Limit - Level IV (30/60) - 2024/03/13 19:37:22 CET [2024/03/13 14:37:22 ET]
Table '3728363287 1' 3-max Seat #2 is the button
Seat 2: magnus0071229 (960 in chips) 
Seat 3: Mahu2021 (540 in chips) 
magnus0071229: posts small blind 30
Mahu2021: posts big blind 60
*** HOLE CARDS ***
Dealt to Mahu2021 [Kd 4d]
magnus0071229: calls 30
Mahu2021: checks 
*** FLOP *** [Ah 2d 9s]
Mahu2021: checks 
magnus0071229: checks 
*** TURN *** [Ah 2d 9s] [8h]
Mahu2021: checks 
magnus0071229: checks 
*** RIVER *** [Ah 2d 9s 8h] [Qd]
Mahu2021: bets 60
magnus0071229: raises 240 to 300
Mahu2021: folds 
Uncalled bet (240) returned to magnus0071229
magnus0071229 collected 240 from pot
*** SUMMARY ***
Total pot 240 | Rake 0 
Board [Ah 2d 9s 8h Qd]
Seat 2: magnus0071229 (button) (small blind) collected (240)
Seat 3: Mahu2021 (big blind) folded on the River



PokerStars Hand #249401314752: Tournament #3728363287, $1.84+$0.16 USD Hold'em No Limit - Level IV (30/60) - 2024/03/13 19:37:40 CET [2024/03/13 14:37:40 ET]
Table '3728363287 1' 3-max Seat #3 is the button
Seat 2: magnus0071229 (1080 in chips) 
Seat 3: Mahu2021 (420 in chips) 
Mahu2021: posts small blind 30
magnus0071229: posts big blind 60
*** HOLE CARDS ***
Dealt to Mahu2021 [7c 2h]
Mahu2021: folds 
Uncalled bet (30) returned to magnus0071229
magnus0071229 collected 60 from pot
*** SUMMARY ***
Total pot 60 | Rake 0 
Seat 2: magnus0071229 (big blind) collected (60)
Seat 3: Mahu2021 (button) (small blind) folded before Flop



PokerStars Hand #249401316135: Tournament #3728363287, $1.84+$0.16 USD Hold'em No Limit - Level IV (30/60) - 2024/03/13 19:37:45 CET [2024/03/13 14:37:45 ET]
Table '3728363287 1' 3-max Seat #2 is the button
Seat 2: magnus0071229 (1110 in chips) 
Seat 3: Mahu2021 (390 in chips) 
magnus0071229: posts small blind 30
Mahu2021: posts big blind 60
*** HOLE CARDS ***
Dealt to Mahu2021 [Kh Tc]
magnus0071229: calls 30
Mahu2021: raises 60 to 120
magnus0071229: calls 60
*** FLOP *** [8c Jc 5s]
Mahu2021: bets 270 and is all-in
magnus0071229: calls 270
*** TURN *** [8c Jc 5s] [8s]
*** RIVER *** [8c Jc 5s 8s] [8h]
*** SHOW DOWN ***
Mahu2021: shows [Kh Tc] (three of a kind, Eights)
magnus0071229: shows [Js 7s] (a full house, Eights full of Jacks)
magnus0071229 collected 780 from pot
Mahu2021 finished the tournament in 2nd place
magnus0071229 wins the tournament and receives $6.00 - congratulations!
*** SUMMARY ***
Total pot 780 | Rake 0 
Board [8c Jc 5s 8s 8h]
Seat 2: magnus0071229 (button) (small blind) showed [Js 7s] and won (780) with a full house, Eights full of Jacks
Seat 3: Mahu2021 (big blind) showed [Kh Tc] and lost with three of a kind, Eights



