PokerStars Hand #243950124466: Tournament #3597093243, $0.92+$0.08 USD Hold'em No Limit - Level I (10/20) - 2023/05/28 9:29:16 CET [2023/05/28 3:29:16 ET]
Table '3597093243 1' 3-max Seat #1 is the button
Seat 1: Mahu2021 (500 in chips) 
Seat 2: COVIDNNN19 (500 in chips) 
Seat 3: ooaza (500 in chips) 
COVIDNNN19: posts small blind 10
ooaza: posts big blind 20
*** HOLE CARDS ***
Dealt to Mahu2021 [4h 5d]
Mahu2021: folds 
COVIDNNN19: folds 
Uncalled bet (10) returned to ooaza
ooaza collected 20 from pot
*** SUMMARY ***
Total pot 20 | Rake 0 
Seat 1: Mahu2021 (button) folded before Flop (didn't bet)
Seat 2: COVIDNNN19 (small blind) folded before Flop
Seat 3: ooaza (big blind) collected (20)



PokerStars Hand #243950125311: Tournament #3597093243, $0.92+$0.08 USD Hold'em No Limit - Level I (10/20) - 2023/05/28 9:29:24 CET [2023/05/28 3:29:24 ET]
Table '3597093243 1' 3-max Seat #2 is the button
Seat 1: Mahu2021 (500 in chips) 
Seat 2: COVIDNNN19 (490 in chips) 
Seat 3: ooaza (510 in chips) 
ooaza: posts small blind 10
Mahu2021: posts big blind 20
*** HOLE CARDS ***
Dealt to Mahu2021 [2d Tc]
COVIDNNN19: folds 
ooaza: folds 
Uncalled bet (10) returned to Mahu2021
Mahu2021 collected 20 from pot
Mahu2021: doesn't show hand 
*** SUMMARY ***
Total pot 20 | Rake 0 
Seat 1: Mahu2021 (big blind) collected (20)
Seat 2: COVIDNNN19 (button) folded before Flop (didn't bet)
Seat 3: ooaza (small blind) folded before Flop



PokerStars Hand #243950125912: Tournament #3597093243, $0.92+$0.08 USD Hold'em No Limit - Level I (10/20) - 2023/05/28 9:29:29 CET [2023/05/28 3:29:29 ET]
Table '3597093243 1' 3-max Seat #3 is the button
Seat 1: Mahu2021 (510 in chips) 
Seat 2: COVIDNNN19 (490 in chips) 
Seat 3: ooaza (500 in chips) 
Mahu2021: posts small blind 10
COVIDNNN19: posts big blind 20
*** HOLE CARDS ***
Dealt to Mahu2021 [Ts 7s]
ooaza: folds 
Mahu2021: calls 10
COVIDNNN19: checks 
*** FLOP *** [5s Jd Qh]
Mahu2021: checks 
COVIDNNN19: checks 
*** TURN *** [5s Jd Qh] [As]
Mahu2021: bets 40
COVIDNNN19: folds 
Uncalled bet (40) returned to Mahu2021
Mahu2021 collected 40 from pot
Mahu2021: doesn't show hand 
*** SUMMARY ***
Total pot 40 | Rake 0 
Board [5s Jd Qh As]
Seat 1: Mahu2021 (small blind) collected (40)
Seat 2: COVIDNNN19 (big blind) folded on the Turn
Seat 3: ooaza (button) folded before Flop (didn't bet)



PokerStars Hand #243950127954: Tournament #3597093243, $0.92+$0.08 USD Hold'em No Limit - Level I (10/20) - 2023/05/28 9:29:47 CET [2023/05/28 3:29:47 ET]
Table '3597093243 1' 3-max Seat #1 is the button
Seat 1: Mahu2021 (530 in chips) 
Seat 2: COVIDNNN19 (470 in chips) 
Seat 3: ooaza (500 in chips) 
COVIDNNN19: posts small blind 10
ooaza: posts big blind 20
*** HOLE CARDS ***
Dealt to Mahu2021 [2d 8d]
Mahu2021: folds 
COVIDNNN19: folds 
Uncalled bet (10) returned to ooaza
ooaza collected 20 from pot
*** SUMMARY ***
Total pot 20 | Rake 0 
Seat 1: Mahu2021 (button) folded before Flop (didn't bet)
Seat 2: COVIDNNN19 (small blind) folded before Flop
Seat 3: ooaza (big blind) collected (20)



PokerStars Hand #243950128697: Tournament #3597093243, $0.92+$0.08 USD Hold'em No Limit - Level I (10/20) - 2023/05/28 9:29:54 CET [2023/05/28 3:29:54 ET]
Table '3597093243 1' 3-max Seat #2 is the button
Seat 1: Mahu2021 (530 in chips) 
Seat 2: COVIDNNN19 (460 in chips) 
Seat 3: ooaza (510 in chips) 
ooaza: posts small blind 10
Mahu2021: posts big blind 20
*** HOLE CARDS ***
Dealt to Mahu2021 [9s Kc]
COVIDNNN19: folds 
ooaza: folds 
Uncalled bet (10) returned to Mahu2021
Mahu2021 collected 20 from pot
Mahu2021: doesn't show hand 
*** SUMMARY ***
Total pot 20 | Rake 0 
Seat 1: Mahu2021 (big blind) collected (20)
Seat 2: COVIDNNN19 (button) folded before Flop (didn't bet)
Seat 3: ooaza (small blind) folded before Flop



PokerStars Hand #243950129317: Tournament #3597093243, $0.92+$0.08 USD Hold'em No Limit - Level I (10/20) - 2023/05/28 9:29:59 CET [2023/05/28 3:29:59 ET]
Table '3597093243 1' 3-max Seat #3 is the button
Seat 1: Mahu2021 (540 in chips) 
Seat 2: COVIDNNN19 (460 in chips) 
Seat 3: ooaza (500 in chips) 
Mahu2021: posts small blind 10
COVIDNNN19: posts big blind 20
*** HOLE CARDS ***
Dealt to Mahu2021 [4c 7s]
ooaza: raises 26 to 46
Mahu2021: folds 
COVIDNNN19: folds 
Uncalled bet (26) returned to ooaza
ooaza collected 50 from pot
*** SUMMARY ***
Total pot 50 | Rake 0 
Seat 1: Mahu2021 (small blind) folded before Flop
Seat 2: COVIDNNN19 (big blind) folded before Flop
Seat 3: ooaza (button) collected (50)



PokerStars Hand #243950131680: Tournament #3597093243, $0.92+$0.08 USD Hold'em No Limit - Level I (10/20) - 2023/05/28 9:30:20 CET [2023/05/28 3:30:20 ET]
Table '3597093243 1' 3-max Seat #1 is the button
Seat 1: Mahu2021 (530 in chips) 
Seat 2: COVIDNNN19 (440 in chips) 
Seat 3: ooaza (530 in chips) 
COVIDNNN19: posts small blind 10
ooaza: posts big blind 20
*** HOLE CARDS ***
Dealt to Mahu2021 [5h 8h]
Mahu2021: calls 20
COVIDNNN19: folds 
ooaza: checks 
*** FLOP *** [Qc 9c Qs]
ooaza: checks 
Mahu2021: bets 20
ooaza: folds 
Uncalled bet (20) returned to Mahu2021
Mahu2021 collected 50 from pot
Mahu2021: doesn't show hand 
*** SUMMARY ***
Total pot 50 | Rake 0 
Board [Qc 9c Qs]
Seat 1: Mahu2021 (button) collected (50)
Seat 2: COVIDNNN19 (small blind) folded before Flop
Seat 3: ooaza (big blind) folded on the Flop



PokerStars Hand #243950133991: Tournament #3597093243, $0.92+$0.08 USD Hold'em No Limit - Level I (10/20) - 2023/05/28 9:30:41 CET [2023/05/28 3:30:41 ET]
Table '3597093243 1' 3-max Seat #2 is the button
Seat 1: Mahu2021 (560 in chips) 
Seat 2: COVIDNNN19 (430 in chips) 
Seat 3: ooaza (510 in chips) 
ooaza: posts small blind 10
Mahu2021: posts big blind 20
*** HOLE CARDS ***
Dealt to Mahu2021 [7d Qh]
COVIDNNN19: folds 
ooaza: folds 
Uncalled bet (10) returned to Mahu2021
Mahu2021 collected 20 from pot
Mahu2021: doesn't show hand 
*** SUMMARY ***
Total pot 20 | Rake 0 
Seat 1: Mahu2021 (big blind) collected (20)
Seat 2: COVIDNNN19 (button) folded before Flop (didn't bet)
Seat 3: ooaza (small blind) folded before Flop



PokerStars Hand #243950134930: Tournament #3597093243, $0.92+$0.08 USD Hold'em No Limit - Level I (10/20) - 2023/05/28 9:30:50 CET [2023/05/28 3:30:50 ET]
Table '3597093243 1' 3-max Seat #3 is the button
Seat 1: Mahu2021 (570 in chips) 
Seat 2: COVIDNNN19 (430 in chips) 
Seat 3: ooaza (500 in chips) 
Mahu2021: posts small blind 10
COVIDNNN19: posts big blind 20
*** HOLE CARDS ***
Dealt to Mahu2021 [Jc 9c]
ooaza: folds 
Mahu2021: raises 20 to 40
COVIDNNN19: folds 
Uncalled bet (20) returned to Mahu2021
Mahu2021 collected 40 from pot
Mahu2021: doesn't show hand 
*** SUMMARY ***
Total pot 40 | Rake 0 
Seat 1: Mahu2021 (small blind) collected (40)
Seat 2: COVIDNNN19 (big blind) folded before Flop
Seat 3: ooaza (button) folded before Flop (didn't bet)



PokerStars Hand #243950136445: Tournament #3597093243, $0.92+$0.08 USD Hold'em No Limit - Level I (10/20) - 2023/05/28 9:31:03 CET [2023/05/28 3:31:03 ET]
Table '3597093243 1' 3-max Seat #1 is the button
Seat 1: Mahu2021 (590 in chips) 
Seat 2: COVIDNNN19 (410 in chips) 
Seat 3: ooaza (500 in chips) 
COVIDNNN19: posts small blind 10
ooaza: posts big blind 20
*** HOLE CARDS ***
Dealt to Mahu2021 [Qs Ks]
Mahu2021: raises 20 to 40
COVIDNNN19: calls 30
ooaza: calls 20
*** FLOP *** [Ts Jd 2s]
COVIDNNN19: checks 
ooaza: checks 
Mahu2021: bets 120
COVIDNNN19: folds 
ooaza: folds 
Uncalled bet (120) returned to Mahu2021
Mahu2021 collected 120 from pot
Mahu2021: doesn't show hand 
*** SUMMARY ***
Total pot 120 | Rake 0 
Board [Ts Jd 2s]
Seat 1: Mahu2021 (button) collected (120)
Seat 2: COVIDNNN19 (small blind) folded on the Flop
Seat 3: ooaza (big blind) folded on the Flop



PokerStars Hand #243950141254: Tournament #3597093243, $0.92+$0.08 USD Hold'em No Limit - Level II (15/30) - 2023/05/28 9:31:46 CET [2023/05/28 3:31:46 ET]
Table '3597093243 1' 3-max Seat #2 is the button
Seat 1: Mahu2021 (670 in chips) 
Seat 2: COVIDNNN19 (370 in chips) 
Seat 3: ooaza (460 in chips) 
ooaza: posts small blind 15
Mahu2021: posts big blind 30
*** HOLE CARDS ***
Dealt to Mahu2021 [7d 8d]
COVIDNNN19: calls 30
ooaza: folds 
Mahu2021: checks 
*** FLOP *** [Qc 2h 2d]
Mahu2021: checks 
COVIDNNN19: bets 38
Mahu2021: folds 
Uncalled bet (38) returned to COVIDNNN19
COVIDNNN19 collected 75 from pot
*** SUMMARY ***
Total pot 75 | Rake 0 
Board [Qc 2h 2d]
Seat 1: Mahu2021 (big blind) folded on the Flop
Seat 2: COVIDNNN19 (button) collected (75)
Seat 3: ooaza (small blind) folded before Flop



PokerStars Hand #243950144480: Tournament #3597093243, $0.92+$0.08 USD Hold'em No Limit - Level II (15/30) - 2023/05/28 9:32:15 CET [2023/05/28 3:32:15 ET]
Table '3597093243 1' 3-max Seat #3 is the button
Seat 1: Mahu2021 (640 in chips) 
Seat 2: COVIDNNN19 (415 in chips) 
Seat 3: ooaza (445 in chips) 
Mahu2021: posts small blind 15
COVIDNNN19: posts big blind 30
*** HOLE CARDS ***
Dealt to Mahu2021 [5s Ah]
ooaza: folds 
Mahu2021: calls 15
COVIDNNN19: checks 
*** FLOP *** [5d 9s As]
Mahu2021: checks 
COVIDNNN19: checks 
*** TURN *** [5d 9s As] [7s]
Mahu2021: checks 
COVIDNNN19: checks 
*** RIVER *** [5d 9s As 7s] [4c]
Mahu2021: bets 60
COVIDNNN19: calls 60
*** SHOW DOWN ***
Mahu2021: shows [5s Ah] (two pair, Aces and Fives)
COVIDNNN19: mucks hand 
Mahu2021 collected 180 from pot
*** SUMMARY ***
Total pot 180 | Rake 0 
Board [5d 9s As 7s 4c]
Seat 1: Mahu2021 (small blind) showed [5s Ah] and won (180) with two pair, Aces and Fives
Seat 2: COVIDNNN19 (big blind) mucked [5h Js]
Seat 3: ooaza (button) folded before Flop (didn't bet)



PokerStars Hand #243950149468: Tournament #3597093243, $0.92+$0.08 USD Hold'em No Limit - Level II (15/30) - 2023/05/28 9:33:00 CET [2023/05/28 3:33:00 ET]
Table '3597093243 1' 3-max Seat #1 is the button
Seat 1: Mahu2021 (730 in chips) 
Seat 2: COVIDNNN19 (325 in chips) 
Seat 3: ooaza (445 in chips) 
COVIDNNN19: posts small blind 15
ooaza: posts big blind 30
*** HOLE CARDS ***
Dealt to Mahu2021 [5d 9d]
Mahu2021: folds 
COVIDNNN19: calls 15
ooaza: checks 
*** FLOP *** [6h Ts Jd]
COVIDNNN19: checks 
ooaza: checks 
*** TURN *** [6h Ts Jd] [7s]
COVIDNNN19: checks 
ooaza: checks 
*** RIVER *** [6h Ts Jd 7s] [3d]
COVIDNNN19: checks 
ooaza: checks 
*** SHOW DOWN ***
COVIDNNN19: shows [8h 5h] (high card Jack)
ooaza: shows [4h 3s] (a pair of Threes)
ooaza collected 60 from pot
*** SUMMARY ***
Total pot 60 | Rake 0 
Board [6h Ts Jd 7s 3d]
Seat 1: Mahu2021 (button) folded before Flop (didn't bet)
Seat 2: COVIDNNN19 (small blind) showed [8h 5h] and lost with high card Jack
Seat 3: ooaza (big blind) showed [4h 3s] and won (60) with a pair of Threes



PokerStars Hand #243950153214: Tournament #3597093243, $0.92+$0.08 USD Hold'em No Limit - Level III (20/40) - 2023/05/28 9:33:33 CET [2023/05/28 3:33:33 ET]
Table '3597093243 1' 3-max Seat #2 is the button
Seat 1: Mahu2021 (730 in chips) 
Seat 2: COVIDNNN19 (295 in chips) 
Seat 3: ooaza (475 in chips) 
ooaza: posts small blind 20
Mahu2021: posts big blind 40
*** HOLE CARDS ***
Dealt to Mahu2021 [Kh 9s]
COVIDNNN19: folds 
ooaza: folds 
Uncalled bet (20) returned to Mahu2021
Mahu2021 collected 40 from pot
Mahu2021: doesn't show hand 
*** SUMMARY ***
Total pot 40 | Rake 0 
Seat 1: Mahu2021 (big blind) collected (40)
Seat 2: COVIDNNN19 (button) folded before Flop (didn't bet)
Seat 3: ooaza (small blind) folded before Flop



PokerStars Hand #243950154257: Tournament #3597093243, $0.92+$0.08 USD Hold'em No Limit - Level III (20/40) - 2023/05/28 9:33:42 CET [2023/05/28 3:33:42 ET]
Table '3597093243 1' 3-max Seat #3 is the button
Seat 1: Mahu2021 (750 in chips) 
Seat 2: COVIDNNN19 (295 in chips) 
Seat 3: ooaza (455 in chips) 
Mahu2021: posts small blind 20
COVIDNNN19: posts big blind 40
*** HOLE CARDS ***
Dealt to Mahu2021 [Kd 8d]
ooaza: raises 40 to 80
Mahu2021: calls 60
COVIDNNN19: raises 40 to 120
ooaza: calls 40
Mahu2021: calls 40
*** FLOP *** [As 2c 5s]
Mahu2021: checks 
COVIDNNN19: checks 
ooaza: checks 
*** TURN *** [As 2c 5s] [3c]
Mahu2021: checks 
COVIDNNN19: checks 
ooaza: checks 
*** RIVER *** [As 2c 5s 3c] [7d]
Mahu2021: checks 
COVIDNNN19: bets 175 and is all-in
ooaza: calls 175
Mahu2021: folds 
*** SHOW DOWN ***
COVIDNNN19: shows [8s 8c] (a pair of Eights)
ooaza: shows [3d 3h] (three of a kind, Threes)
ooaza collected 710 from pot
COVIDNNN19 finished the tournament in 3rd place
*** SUMMARY ***
Total pot 710 | Rake 0 
Board [As 2c 5s 3c 7d]
Seat 1: Mahu2021 (small blind) folded on the River
Seat 2: COVIDNNN19 (big blind) showed [8s 8c] and lost with a pair of Eights
Seat 3: ooaza (button) showed [3d 3h] and won (710) with three of a kind, Threes



PokerStars Hand #243950158628: Tournament #3597093243, $0.92+$0.08 USD Hold'em No Limit - Level III (20/40) - 2023/05/28 9:34:20 CET [2023/05/28 3:34:20 ET]
Table '3597093243 1' 3-max Seat #1 is the button
Seat 1: Mahu2021 (630 in chips) 
Seat 3: ooaza (870 in chips) 
Mahu2021: posts small blind 20
ooaza: posts big blind 40
*** HOLE CARDS ***
Dealt to Mahu2021 [8h Jc]
Mahu2021: calls 20
ooaza: checks 
*** FLOP *** [2c 8c 8s]
ooaza: checks 
Mahu2021: checks 
*** TURN *** [2c 8c 8s] [Kc]
ooaza: checks 
Mahu2021: checks 
*** RIVER *** [2c 8c 8s Kc] [Kh]
ooaza: checks 
Mahu2021: bets 590 and is all-in
ooaza: folds 
Uncalled bet (590) returned to Mahu2021
Mahu2021 collected 80 from pot
Mahu2021: doesn't show hand 
*** SUMMARY ***
Total pot 80 | Rake 0 
Board [2c 8c 8s Kc Kh]
Seat 1: Mahu2021 (button) (small blind) collected (80)
Seat 3: ooaza (big blind) folded on the River



PokerStars Hand #243950161316: Tournament #3597093243, $0.92+$0.08 USD Hold'em No Limit - Level III (20/40) - 2023/05/28 9:34:44 CET [2023/05/28 3:34:44 ET]
Table '3597093243 1' 3-max Seat #3 is the button
Seat 1: Mahu2021 (670 in chips) 
Seat 3: ooaza (830 in chips) 
ooaza: posts small blind 20
Mahu2021: posts big blind 40
*** HOLE CARDS ***
Dealt to Mahu2021 [7s 3s]
ooaza: raises 48 to 88
Mahu2021: calls 48
*** FLOP *** [6c 4d 4h]
Mahu2021: checks 
ooaza: bets 104
Mahu2021: folds 
Uncalled bet (104) returned to ooaza
ooaza collected 176 from pot
*** SUMMARY ***
Total pot 176 | Rake 0 
Board [6c 4d 4h]
Seat 1: Mahu2021 (big blind) folded on the Flop
Seat 3: ooaza (button) (small blind) collected (176)



PokerStars Hand #243950164396: Tournament #3597093243, $0.92+$0.08 USD Hold'em No Limit - Level III (20/40) - 2023/05/28 9:35:12 CET [2023/05/28 3:35:12 ET]
Table '3597093243 1' 3-max Seat #1 is the button
Seat 1: Mahu2021 (582 in chips) 
Seat 3: ooaza (918 in chips) 
Mahu2021: posts small blind 20
ooaza: posts big blind 40
*** HOLE CARDS ***
Dealt to Mahu2021 [7h 9s]
Mahu2021: calls 20
ooaza: checks 
*** FLOP *** [7d 7c Kh]
ooaza: checks 
Mahu2021: bets 40
ooaza: folds 
Uncalled bet (40) returned to Mahu2021
Mahu2021 collected 80 from pot
Mahu2021: doesn't show hand 
*** SUMMARY ***
Total pot 80 | Rake 0 
Board [7d 7c Kh]
Seat 1: Mahu2021 (button) (small blind) collected (80)
Seat 3: ooaza (big blind) folded on the Flop



PokerStars Hand #243950166764: Tournament #3597093243, $0.92+$0.08 USD Hold'em No Limit - Level IV (30/60) - 2023/05/28 9:35:33 CET [2023/05/28 3:35:33 ET]
Table '3597093243 1' 3-max Seat #3 is the button
Seat 1: Mahu2021 (622 in chips) 
Seat 3: ooaza (878 in chips) 
ooaza: posts small blind 30
Mahu2021: posts big blind 60
*** HOLE CARDS ***
Dealt to Mahu2021 [4c 9h]
ooaza: raises 60 to 120
Mahu2021: folds 
Uncalled bet (60) returned to ooaza
ooaza collected 120 from pot
*** SUMMARY ***
Total pot 120 | Rake 0 
Seat 1: Mahu2021 (big blind) folded before Flop
Seat 3: ooaza (button) (small blind) collected (120)



PokerStars Hand #243950168203: Tournament #3597093243, $0.92+$0.08 USD Hold'em No Limit - Level IV (30/60) - 2023/05/28 9:35:45 CET [2023/05/28 3:35:45 ET]
Table '3597093243 1' 3-max Seat #1 is the button
Seat 1: Mahu2021 (562 in chips) 
Seat 3: ooaza (938 in chips) 
Mahu2021: posts small blind 30
ooaza: posts big blind 60
*** HOLE CARDS ***
Dealt to Mahu2021 [Kh Qc]
Mahu2021: raises 60 to 120
ooaza: folds 
Uncalled bet (60) returned to Mahu2021
Mahu2021 collected 120 from pot
Mahu2021: doesn't show hand 
*** SUMMARY ***
Total pot 120 | Rake 0 
Seat 1: Mahu2021 (button) (small blind) collected (120)
Seat 3: ooaza (big blind) folded before Flop



PokerStars Hand #243950168829: Tournament #3597093243, $0.92+$0.08 USD Hold'em No Limit - Level IV (30/60) - 2023/05/28 9:35:51 CET [2023/05/28 3:35:51 ET]
Table '3597093243 1' 3-max Seat #3 is the button
Seat 1: Mahu2021 (622 in chips) 
Seat 3: ooaza (878 in chips) 
ooaza: posts small blind 30
Mahu2021: posts big blind 60
*** HOLE CARDS ***
Dealt to Mahu2021 [Ad 5s]
ooaza: raises 818 to 878 and is all-in
Mahu2021: folds 
Uncalled bet (818) returned to ooaza
ooaza collected 120 from pot
*** SUMMARY ***
Total pot 120 | Rake 0 
Seat 1: Mahu2021 (big blind) folded before Flop
Seat 3: ooaza (button) (small blind) collected (120)



PokerStars Hand #243950170709: Tournament #3597093243, $0.92+$0.08 USD Hold'em No Limit - Level IV (30/60) - 2023/05/28 9:36:07 CET [2023/05/28 3:36:07 ET]
Table '3597093243 1' 3-max Seat #1 is the button
Seat 1: Mahu2021 (562 in chips) 
Seat 3: ooaza (938 in chips) 
Mahu2021: posts small blind 30
ooaza: posts big blind 60
*** HOLE CARDS ***
Dealt to Mahu2021 [9h Kh]
Mahu2021: raises 60 to 120
ooaza: raises 120 to 240
Mahu2021: calls 120
*** FLOP *** [3d Tc Ah]
ooaza: checks 
Mahu2021: checks 
*** TURN *** [3d Tc Ah] [8h]
ooaza: checks 
Mahu2021: bets 322 and is all-in
ooaza: calls 322
*** RIVER *** [3d Tc Ah 8h] [6d]
*** SHOW DOWN ***
ooaza: shows [Ad As] (three of a kind, Aces)
Mahu2021: shows [9h Kh] (high card Ace)
ooaza collected 1124 from pot
Mahu2021 finished the tournament in 2nd place
ooaza wins the tournament and receives $2.00 - congratulations!
*** SUMMARY ***
Total pot 1124 | Rake 0 
Board [3d Tc Ah 8h 6d]
Seat 1: Mahu2021 (button) (small blind) showed [9h Kh] and lost with high card Ace
Seat 3: ooaza (big blind) showed [Ad As] and won (1124) with three of a kind, Aces



