PokerStars Hand #252606038690: Tournament #3804567102, $0.46+$0.04 USD Hold'em No Limit - Level I (10/20) - 2024/09/24 17:24:46 CET [2024/09/24 11:24:46 ET]
Table '3804567102 1' 3-max Seat #1 is the button
Seat 1: fiksa81 (500 in chips) 
Seat 2: Kickoff69 (500 in chips) 
Seat 3: Mahu2021 (500 in chips) 
Kickoff69: posts small blind 10
Mahu2021: posts big blind 20
*** HOLE CARDS ***
Dealt to Mahu2021 [8d 4s]
fiksa81: raises 480 to 500 and is all-in
Kickoff69: calls 490 and is all-in
Mahu2021: folds 
*** FLOP *** [Th 3h 8h]
*** TURN *** [Th 3h 8h] [2c]
*** RIVER *** [Th 3h 8h 2c] [As]
*** SHOW DOWN ***
Kickoff69: shows [Qs 3d] (a pair of Threes)
fiksa81: shows [7d Ad] (a pair of Aces)
fiksa81 collected 1020 from pot
Kickoff69 finished the tournament in 3rd place
*** SUMMARY ***
Total pot 1020 | Rake 0 
Board [Th 3h 8h 2c As]
Seat 1: fiksa81 (button) showed [7d Ad] and won (1020) with a pair of Aces
Seat 2: Kickoff69 (small blind) showed [Qs 3d] and lost with a pair of Threes
Seat 3: Mahu2021 (big blind) folded before Flop



PokerStars Hand #252606045415: Tournament #3804567102, $0.46+$0.04 USD Hold'em No Limit - Level I (10/20) - 2024/09/24 17:25:18 CET [2024/09/24 11:25:18 ET]
Table '3804567102 1' 3-max Seat #3 is the button
Seat 1: fiksa81 (1020 in chips) 
Seat 3: Mahu2021 (480 in chips) 
Mahu2021: posts small blind 10
fiksa81: posts big blind 20
*** HOLE CARDS ***
Dealt to Mahu2021 [6d 7h]
Mahu2021: calls 10
fiksa81: raises 90 to 110
Mahu2021: folds 
Uncalled bet (90) returned to fiksa81
fiksa81 collected 40 from pot
fiksa81: doesn't show hand 
*** SUMMARY ***
Total pot 40 | Rake 0 
Seat 1: fiksa81 (big blind) collected (40)
Seat 3: Mahu2021 (button) (small blind) folded before Flop



PokerStars Hand #252606047727: Tournament #3804567102, $0.46+$0.04 USD Hold'em No Limit - Level I (10/20) - 2024/09/24 17:25:28 CET [2024/09/24 11:25:28 ET]
Table '3804567102 1' 3-max Seat #1 is the button
Seat 1: fiksa81 (1040 in chips) 
Seat 3: Mahu2021 (460 in chips) 
fiksa81: posts small blind 10
Mahu2021: posts big blind 20
*** HOLE CARDS ***
Dealt to Mahu2021 [5h 9d]
fiksa81: raises 20 to 40
Mahu2021: folds 
Uncalled bet (20) returned to fiksa81
fiksa81 collected 40 from pot
fiksa81: doesn't show hand 
*** SUMMARY ***
Total pot 40 | Rake 0 
Seat 1: fiksa81 (button) (small blind) collected (40)
Seat 3: Mahu2021 (big blind) folded before Flop



PokerStars Hand #252606048627: Tournament #3804567102, $0.46+$0.04 USD Hold'em No Limit - Level I (10/20) - 2024/09/24 17:25:33 CET [2024/09/24 11:25:33 ET]
Table '3804567102 1' 3-max Seat #3 is the button
Seat 1: fiksa81 (1060 in chips) 
Seat 3: Mahu2021 (440 in chips) 
Mahu2021: posts small blind 10
fiksa81: posts big blind 20
*** HOLE CARDS ***
Dealt to Mahu2021 [Kd Ks]
Mahu2021: raises 20 to 40
fiksa81: calls 20
*** FLOP *** [9h 8h As]
fiksa81: checks 
Mahu2021: checks 
*** TURN *** [9h 8h As] [2s]
fiksa81: checks 
Mahu2021: checks 
*** RIVER *** [9h 8h As 2s] [Js]
fiksa81: bets 20
Mahu2021: raises 40 to 60
fiksa81: calls 40
*** SHOW DOWN ***
Mahu2021: shows [Kd Ks] (a pair of Kings)
fiksa81: shows [2c Jc] (two pair, Jacks and Deuces)
fiksa81 collected 200 from pot
*** SUMMARY ***
Total pot 200 | Rake 0 
Board [9h 8h As 2s Js]
Seat 1: fiksa81 (big blind) showed [2c Jc] and won (200) with two pair, Jacks and Deuces
Seat 3: Mahu2021 (button) (small blind) showed [Kd Ks] and lost with a pair of Kings



PokerStars Hand #252606052643: Tournament #3804567102, $0.46+$0.04 USD Hold'em No Limit - Level I (10/20) - 2024/09/24 17:25:51 CET [2024/09/24 11:25:51 ET]
Table '3804567102 1' 3-max Seat #1 is the button
Seat 1: fiksa81 (1160 in chips) 
Seat 3: Mahu2021 (340 in chips) 
fiksa81: posts small blind 10
Mahu2021: posts big blind 20
*** HOLE CARDS ***
Dealt to Mahu2021 [Kd 5d]
fiksa81: raises 20 to 40
Mahu2021: calls 20
*** FLOP *** [9d 9s Qc]
Mahu2021: checks 
fiksa81: bets 22
Mahu2021: folds 
Uncalled bet (22) returned to fiksa81
fiksa81 collected 80 from pot
fiksa81: doesn't show hand 
*** SUMMARY ***
Total pot 80 | Rake 0 
Board [9d 9s Qc]
Seat 1: fiksa81 (button) (small blind) collected (80)
Seat 3: Mahu2021 (big blind) folded on the Flop



PokerStars Hand #252606054922: Tournament #3804567102, $0.46+$0.04 USD Hold'em No Limit - Level I (10/20) - 2024/09/24 17:26:02 CET [2024/09/24 11:26:02 ET]
Table '3804567102 1' 3-max Seat #3 is the button
Seat 1: fiksa81 (1200 in chips) 
Seat 3: Mahu2021 (300 in chips) 
Mahu2021: posts small blind 10
fiksa81: posts big blind 20
*** HOLE CARDS ***
Dealt to Mahu2021 [Kc 3s]
Mahu2021: folds 
Uncalled bet (10) returned to fiksa81
fiksa81 collected 20 from pot
fiksa81: doesn't show hand 
*** SUMMARY ***
Total pot 20 | Rake 0 
Seat 1: fiksa81 (big blind) collected (20)
Seat 3: Mahu2021 (button) (small blind) folded before Flop



PokerStars Hand #252606055943: Tournament #3804567102, $0.46+$0.04 USD Hold'em No Limit - Level I (10/20) - 2024/09/24 17:26:07 CET [2024/09/24 11:26:07 ET]
Table '3804567102 1' 3-max Seat #1 is the button
Seat 1: fiksa81 (1210 in chips) 
Seat 3: Mahu2021 (290 in chips) 
fiksa81: posts small blind 10
Mahu2021: posts big blind 20
*** HOLE CARDS ***
Dealt to Mahu2021 [4s Th]
fiksa81: raises 20 to 40
Mahu2021: folds 
Uncalled bet (20) returned to fiksa81
fiksa81 collected 40 from pot
fiksa81: doesn't show hand 
*** SUMMARY ***
Total pot 40 | Rake 0 
Seat 1: fiksa81 (button) (small blind) collected (40)
Seat 3: Mahu2021 (big blind) folded before Flop



PokerStars Hand #252606056809: Tournament #3804567102, $0.46+$0.04 USD Hold'em No Limit - Level I (10/20) - 2024/09/24 17:26:11 CET [2024/09/24 11:26:11 ET]
Table '3804567102 1' 3-max Seat #3 is the button
Seat 1: fiksa81 (1230 in chips) 
Seat 3: Mahu2021 (270 in chips) 
Mahu2021: posts small blind 10
fiksa81: posts big blind 20
*** HOLE CARDS ***
Dealt to Mahu2021 [4h Jh]
Mahu2021: calls 10
fiksa81: checks 
*** FLOP *** [2d 9d 9h]
fiksa81: checks 
Mahu2021: bets 20
fiksa81: folds 
Uncalled bet (20) returned to Mahu2021
Mahu2021 collected 40 from pot
Mahu2021: doesn't show hand 
*** SUMMARY ***
Total pot 40 | Rake 0 
Board [2d 9d 9h]
Seat 1: fiksa81 (big blind) folded on the Flop
Seat 3: Mahu2021 (button) (small blind) collected (40)



PokerStars Hand #252606059019: Tournament #3804567102, $0.46+$0.04 USD Hold'em No Limit - Level I (10/20) - 2024/09/24 17:26:21 CET [2024/09/24 11:26:21 ET]
Table '3804567102 1' 3-max Seat #1 is the button
Seat 1: fiksa81 (1210 in chips) 
Seat 3: Mahu2021 (290 in chips) 
fiksa81: posts small blind 10
Mahu2021: posts big blind 20
*** HOLE CARDS ***
Dealt to Mahu2021 [As Jc]
fiksa81: folds 
Uncalled bet (10) returned to Mahu2021
Mahu2021 collected 20 from pot
Mahu2021: doesn't show hand 
*** SUMMARY ***
Total pot 20 | Rake 0 
Seat 1: fiksa81 (button) (small blind) folded before Flop
Seat 3: Mahu2021 (big blind) collected (20)



PokerStars Hand #252606059717: Tournament #3804567102, $0.46+$0.04 USD Hold'em No Limit - Level I (10/20) - 2024/09/24 17:26:24 CET [2024/09/24 11:26:24 ET]
Table '3804567102 1' 3-max Seat #3 is the button
Seat 1: fiksa81 (1200 in chips) 
Seat 3: Mahu2021 (300 in chips) 
Mahu2021: posts small blind 10
fiksa81: posts big blind 20
*** HOLE CARDS ***
Dealt to Mahu2021 [3c Ah]
Mahu2021: raises 280 to 300 and is all-in
fiksa81: folds 
Uncalled bet (280) returned to Mahu2021
Mahu2021 collected 40 from pot
Mahu2021: doesn't show hand 
*** SUMMARY ***
Total pot 40 | Rake 0 
Seat 1: fiksa81 (big blind) folded before Flop
Seat 3: Mahu2021 (button) (small blind) collected (40)



PokerStars Hand #252606061103: Tournament #3804567102, $0.46+$0.04 USD Hold'em No Limit - Level I (10/20) - 2024/09/24 17:26:31 CET [2024/09/24 11:26:31 ET]
Table '3804567102 1' 3-max Seat #1 is the button
Seat 1: fiksa81 (1180 in chips) 
Seat 3: Mahu2021 (320 in chips) 
fiksa81: posts small blind 10
Mahu2021: posts big blind 20
*** HOLE CARDS ***
Dealt to Mahu2021 [Kh 6c]
fiksa81: folds 
Uncalled bet (10) returned to Mahu2021
Mahu2021 collected 20 from pot
Mahu2021: doesn't show hand 
*** SUMMARY ***
Total pot 20 | Rake 0 
Seat 1: fiksa81 (button) (small blind) folded before Flop
Seat 3: Mahu2021 (big blind) collected (20)



PokerStars Hand #252606061788: Tournament #3804567102, $0.46+$0.04 USD Hold'em No Limit - Level I (10/20) - 2024/09/24 17:26:34 CET [2024/09/24 11:26:34 ET]
Table '3804567102 1' 3-max Seat #3 is the button
Seat 1: fiksa81 (1170 in chips) 
Seat 3: Mahu2021 (330 in chips) 
Mahu2021: posts small blind 10
fiksa81: posts big blind 20
*** HOLE CARDS ***
Dealt to Mahu2021 [5h 4d]
Mahu2021: folds 
Uncalled bet (10) returned to fiksa81
fiksa81 collected 20 from pot
fiksa81: doesn't show hand 
*** SUMMARY ***
Total pot 20 | Rake 0 
Seat 1: fiksa81 (big blind) collected (20)
Seat 3: Mahu2021 (button) (small blind) folded before Flop



PokerStars Hand #252606062711: Tournament #3804567102, $0.46+$0.04 USD Hold'em No Limit - Level I (10/20) - 2024/09/24 17:26:38 CET [2024/09/24 11:26:38 ET]
Table '3804567102 1' 3-max Seat #1 is the button
Seat 1: fiksa81 (1180 in chips) 
Seat 3: Mahu2021 (320 in chips) 
fiksa81: posts small blind 10
Mahu2021: posts big blind 20
*** HOLE CARDS ***
Dealt to Mahu2021 [Qd 7s]
fiksa81: raises 20 to 40
Mahu2021: calls 20
*** FLOP *** [2h Ad 8d]
Mahu2021: checks 
fiksa81: bets 22
Mahu2021: folds 
Uncalled bet (22) returned to fiksa81
fiksa81 collected 80 from pot
fiksa81: doesn't show hand 
*** SUMMARY ***
Total pot 80 | Rake 0 
Board [2h Ad 8d]
Seat 1: fiksa81 (button) (small blind) collected (80)
Seat 3: Mahu2021 (big blind) folded on the Flop



PokerStars Hand #252606065433: Tournament #3804567102, $0.46+$0.04 USD Hold'em No Limit - Level II (15/30) - 2024/09/24 17:26:51 CET [2024/09/24 11:26:51 ET]
Table '3804567102 1' 3-max Seat #3 is the button
Seat 1: fiksa81 (1220 in chips) 
Seat 3: Mahu2021 (280 in chips) 
Mahu2021: posts small blind 15
fiksa81: posts big blind 30
*** HOLE CARDS ***
Dealt to Mahu2021 [3d Tc]
Mahu2021: folds 
Uncalled bet (15) returned to fiksa81
fiksa81 collected 30 from pot
fiksa81: doesn't show hand 
*** SUMMARY ***
Total pot 30 | Rake 0 
Seat 1: fiksa81 (big blind) collected (30)
Seat 3: Mahu2021 (button) (small blind) folded before Flop



PokerStars Hand #252606066300: Tournament #3804567102, $0.46+$0.04 USD Hold'em No Limit - Level II (15/30) - 2024/09/24 17:26:55 CET [2024/09/24 11:26:55 ET]
Table '3804567102 1' 3-max Seat #1 is the button
Seat 1: fiksa81 (1235 in chips) 
Seat 3: Mahu2021 (265 in chips) 
fiksa81: posts small blind 15
Mahu2021: posts big blind 30
*** HOLE CARDS ***
Dealt to Mahu2021 [Jd 7c]
fiksa81: raises 30 to 60
Mahu2021: calls 30
*** FLOP *** [3d 5h 9c]
Mahu2021: checks 
fiksa81: checks 
*** TURN *** [3d 5h 9c] [Qh]
Mahu2021: checks 
fiksa81: bets 30
Mahu2021: folds 
Uncalled bet (30) returned to fiksa81
fiksa81 collected 120 from pot
fiksa81: doesn't show hand 
*** SUMMARY ***
Total pot 120 | Rake 0 
Board [3d 5h 9c Qh]
Seat 1: fiksa81 (button) (small blind) collected (120)
Seat 3: Mahu2021 (big blind) folded on the Turn



PokerStars Hand #252606068721: Tournament #3804567102, $0.46+$0.04 USD Hold'em No Limit - Level II (15/30) - 2024/09/24 17:27:07 CET [2024/09/24 11:27:07 ET]
Table '3804567102 1' 3-max Seat #3 is the button
Seat 1: fiksa81 (1295 in chips) 
Seat 3: Mahu2021 (205 in chips) 
Mahu2021: posts small blind 15
fiksa81: posts big blind 30
*** HOLE CARDS ***
Dealt to Mahu2021 [As Qs]
Mahu2021: raises 175 to 205 and is all-in
fiksa81: folds 
Uncalled bet (175) returned to Mahu2021
Mahu2021 collected 60 from pot
Mahu2021: doesn't show hand 
*** SUMMARY ***
Total pot 60 | Rake 0 
Seat 1: fiksa81 (big blind) folded before Flop
Seat 3: Mahu2021 (button) (small blind) collected (60)



PokerStars Hand #252606070100: Tournament #3804567102, $0.46+$0.04 USD Hold'em No Limit - Level II (15/30) - 2024/09/24 17:27:14 CET [2024/09/24 11:27:14 ET]
Table '3804567102 1' 3-max Seat #1 is the button
Seat 1: fiksa81 (1265 in chips) 
Seat 3: Mahu2021 (235 in chips) 
fiksa81: posts small blind 15
Mahu2021: posts big blind 30
*** HOLE CARDS ***
Dealt to Mahu2021 [Jh 5c]
fiksa81: raises 30 to 60
Mahu2021: calls 30
*** FLOP *** [4s Qs Ac]
Mahu2021: checks 
fiksa81: bets 34
Mahu2021: folds 
Uncalled bet (34) returned to fiksa81
fiksa81 collected 120 from pot
fiksa81: doesn't show hand 
*** SUMMARY ***
Total pot 120 | Rake 0 
Board [4s Qs Ac]
Seat 1: fiksa81 (button) (small blind) collected (120)
Seat 3: Mahu2021 (big blind) folded on the Flop



PokerStars Hand #252606072051: Tournament #3804567102, $0.46+$0.04 USD Hold'em No Limit - Level II (15/30) - 2024/09/24 17:27:23 CET [2024/09/24 11:27:23 ET]
Table '3804567102 1' 3-max Seat #3 is the button
Seat 1: fiksa81 (1325 in chips) 
Seat 3: Mahu2021 (175 in chips) 
Mahu2021: posts small blind 15
fiksa81: posts big blind 30
*** HOLE CARDS ***
Dealt to Mahu2021 [Qs 8c]
Mahu2021: raises 145 to 175 and is all-in
fiksa81: folds 
Uncalled bet (145) returned to Mahu2021
Mahu2021 collected 60 from pot
Mahu2021: doesn't show hand 
*** SUMMARY ***
Total pot 60 | Rake 0 
Seat 1: fiksa81 (big blind) folded before Flop
Seat 3: Mahu2021 (button) (small blind) collected (60)



PokerStars Hand #252606073300: Tournament #3804567102, $0.46+$0.04 USD Hold'em No Limit - Level II (15/30) - 2024/09/24 17:27:29 CET [2024/09/24 11:27:29 ET]
Table '3804567102 1' 3-max Seat #1 is the button
Seat 1: fiksa81 (1295 in chips) 
Seat 3: Mahu2021 (205 in chips) 
fiksa81: posts small blind 15
Mahu2021: posts big blind 30
*** HOLE CARDS ***
Dealt to Mahu2021 [4s 7h]
fiksa81: raises 30 to 60
Mahu2021: folds 
Uncalled bet (30) returned to fiksa81
fiksa81 collected 60 from pot
fiksa81: doesn't show hand 
*** SUMMARY ***
Total pot 60 | Rake 0 
Seat 1: fiksa81 (button) (small blind) collected (60)
Seat 3: Mahu2021 (big blind) folded before Flop



PokerStars Hand #252606074224: Tournament #3804567102, $0.46+$0.04 USD Hold'em No Limit - Level II (15/30) - 2024/09/24 17:27:33 CET [2024/09/24 11:27:33 ET]
Table '3804567102 1' 3-max Seat #3 is the button
Seat 1: fiksa81 (1325 in chips) 
Seat 3: Mahu2021 (175 in chips) 
Mahu2021: posts small blind 15
fiksa81: posts big blind 30
*** HOLE CARDS ***
Dealt to Mahu2021 [3s 7h]
Mahu2021: folds 
Uncalled bet (15) returned to fiksa81
fiksa81 collected 30 from pot
fiksa81: doesn't show hand 
*** SUMMARY ***
Total pot 30 | Rake 0 
Seat 1: fiksa81 (big blind) collected (30)
Seat 3: Mahu2021 (button) (small blind) folded before Flop



PokerStars Hand #252606075082: Tournament #3804567102, $0.46+$0.04 USD Hold'em No Limit - Level II (15/30) - 2024/09/24 17:27:37 CET [2024/09/24 11:27:37 ET]
Table '3804567102 1' 3-max Seat #1 is the button
Seat 1: fiksa81 (1340 in chips) 
Seat 3: Mahu2021 (160 in chips) 
fiksa81: posts small blind 15
Mahu2021: posts big blind 30
*** HOLE CARDS ***
Dealt to Mahu2021 [Ac 6d]
fiksa81: folds 
Uncalled bet (15) returned to Mahu2021
Mahu2021 collected 30 from pot
Mahu2021: doesn't show hand 
*** SUMMARY ***
Total pot 30 | Rake 0 
Seat 1: fiksa81 (button) (small blind) folded before Flop
Seat 3: Mahu2021 (big blind) collected (30)



PokerStars Hand #252606075808: Tournament #3804567102, $0.46+$0.04 USD Hold'em No Limit - Level II (15/30) - 2024/09/24 17:27:40 CET [2024/09/24 11:27:40 ET]
Table '3804567102 1' 3-max Seat #3 is the button
Seat 1: fiksa81 (1325 in chips) 
Seat 3: Mahu2021 (175 in chips) 
Mahu2021: posts small blind 15
fiksa81: posts big blind 30
*** HOLE CARDS ***
Dealt to Mahu2021 [2h Jh]
Mahu2021: calls 15
fiksa81: checks 
*** FLOP *** [Qs Ts 8d]
fiksa81: bets 30
Mahu2021: calls 30
*** TURN *** [Qs Ts 8d] [2d]
fiksa81: bets 120
Mahu2021: folds 
Uncalled bet (120) returned to fiksa81
fiksa81 collected 120 from pot
fiksa81: doesn't show hand 
*** SUMMARY ***
Total pot 120 | Rake 0 
Board [Qs Ts 8d 2d]
Seat 1: fiksa81 (big blind) collected (120)
Seat 3: Mahu2021 (button) (small blind) folded on the Turn



PokerStars Hand #252606078890: Tournament #3804567102, $0.46+$0.04 USD Hold'em No Limit - Level II (15/30) - 2024/09/24 17:27:55 CET [2024/09/24 11:27:55 ET]
Table '3804567102 1' 3-max Seat #1 is the button
Seat 1: fiksa81 (1385 in chips) 
Seat 3: Mahu2021 (115 in chips) 
fiksa81: posts small blind 15
Mahu2021: posts big blind 30
*** HOLE CARDS ***
Dealt to Mahu2021 [Ts 5h]
fiksa81: folds 
Uncalled bet (15) returned to Mahu2021
Mahu2021 collected 30 from pot
Mahu2021: doesn't show hand 
*** SUMMARY ***
Total pot 30 | Rake 0 
Seat 1: fiksa81 (button) (small blind) folded before Flop
Seat 3: Mahu2021 (big blind) collected (30)



PokerStars Hand #252606079568: Tournament #3804567102, $0.46+$0.04 USD Hold'em No Limit - Level II (15/30) - 2024/09/24 17:27:58 CET [2024/09/24 11:27:58 ET]
Table '3804567102 1' 3-max Seat #3 is the button
Seat 1: fiksa81 (1370 in chips) 
Seat 3: Mahu2021 (130 in chips) 
Mahu2021: posts small blind 15
fiksa81: posts big blind 30
*** HOLE CARDS ***
Dealt to Mahu2021 [2h Jc]
Mahu2021: calls 15
fiksa81: raises 135 to 165
Mahu2021: folds 
Uncalled bet (135) returned to fiksa81
fiksa81 collected 60 from pot
fiksa81: doesn't show hand 
*** SUMMARY ***
Total pot 60 | Rake 0 
Seat 1: fiksa81 (big blind) collected (60)
Seat 3: Mahu2021 (button) (small blind) folded before Flop



PokerStars Hand #252606081176: Tournament #3804567102, $0.46+$0.04 USD Hold'em No Limit - Level II (15/30) - 2024/09/24 17:28:06 CET [2024/09/24 11:28:06 ET]
Table '3804567102 1' 3-max Seat #1 is the button
Seat 1: fiksa81 (1400 in chips) 
Seat 3: Mahu2021 (100 in chips) 
fiksa81: posts small blind 15
Mahu2021: posts big blind 30
*** HOLE CARDS ***
Dealt to Mahu2021 [Ks 4c]
fiksa81: folds 
Uncalled bet (15) returned to Mahu2021
Mahu2021 collected 30 from pot
Mahu2021: doesn't show hand 
*** SUMMARY ***
Total pot 30 | Rake 0 
Seat 1: fiksa81 (button) (small blind) folded before Flop
Seat 3: Mahu2021 (big blind) collected (30)



PokerStars Hand #252606081823: Tournament #3804567102, $0.46+$0.04 USD Hold'em No Limit - Level II (15/30) - 2024/09/24 17:28:09 CET [2024/09/24 11:28:09 ET]
Table '3804567102 1' 3-max Seat #3 is the button
Seat 1: fiksa81 (1385 in chips) 
Seat 3: Mahu2021 (115 in chips) 
Mahu2021: posts small blind 15
fiksa81: posts big blind 30
*** HOLE CARDS ***
Dealt to Mahu2021 [3s Ks]
Mahu2021: raises 85 to 115 and is all-in
fiksa81: calls 85
*** FLOP *** [5s Jd 3h]
*** TURN *** [5s Jd 3h] [Qs]
*** RIVER *** [5s Jd 3h Qs] [9d]
*** SHOW DOWN ***
fiksa81: shows [2h As] (high card Ace)
Mahu2021: shows [3s Ks] (a pair of Threes)
Mahu2021 collected 230 from pot
*** SUMMARY ***
Total pot 230 | Rake 0 
Board [5s Jd 3h Qs 9d]
Seat 1: fiksa81 (big blind) showed [2h As] and lost with high card Ace
Seat 3: Mahu2021 (button) (small blind) showed [3s Ks] and won (230) with a pair of Threes



PokerStars Hand #252606084527: Tournament #3804567102, $0.46+$0.04 USD Hold'em No Limit - Level II (15/30) - 2024/09/24 17:28:22 CET [2024/09/24 11:28:22 ET]
Table '3804567102 1' 3-max Seat #1 is the button
Seat 1: fiksa81 (1270 in chips) 
Seat 3: Mahu2021 (230 in chips) 
fiksa81: posts small blind 15
Mahu2021: posts big blind 30
*** HOLE CARDS ***
Dealt to Mahu2021 [Jc Jd]
fiksa81: raises 30 to 60
Mahu2021: raises 170 to 230 and is all-in
fiksa81: calls 170
*** FLOP *** [3c 6s 4h]
*** TURN *** [3c 6s 4h] [Js]
*** RIVER *** [3c 6s 4h Js] [Td]
*** SHOW DOWN ***
Mahu2021: shows [Jc Jd] (three of a kind, Jacks)
fiksa81: shows [Ah As] (a pair of Aces)
Mahu2021 collected 460 from pot
*** SUMMARY ***
Total pot 460 | Rake 0 
Board [3c 6s 4h Js Td]
Seat 1: fiksa81 (button) (small blind) showed [Ah As] and lost with a pair of Aces
Seat 3: Mahu2021 (big blind) showed [Jc Jd] and won (460) with three of a kind, Jacks



PokerStars Hand #252606087299: Tournament #3804567102, $0.46+$0.04 USD Hold'em No Limit - Level II (15/30) - 2024/09/24 17:28:35 CET [2024/09/24 11:28:35 ET]
Table '3804567102 1' 3-max Seat #3 is the button
Seat 1: fiksa81 (1040 in chips) 
Seat 3: Mahu2021 (460 in chips) 
Mahu2021: posts small blind 15
fiksa81: posts big blind 30
*** HOLE CARDS ***
Dealt to Mahu2021 [9d 7d]
Mahu2021: calls 15
fiksa81: checks 
*** FLOP *** [Ad 6s 7s]
fiksa81: checks 
Mahu2021: bets 30
fiksa81: calls 30
*** TURN *** [Ad 6s 7s] [6d]
fiksa81: checks 
Mahu2021: bets 30
fiksa81: calls 30
*** RIVER *** [Ad 6s 7s 6d] [7h]
fiksa81: checks 
Mahu2021: bets 180
fiksa81: folds 
Uncalled bet (180) returned to Mahu2021
Mahu2021 collected 180 from pot
Mahu2021: doesn't show hand 
*** SUMMARY ***
Total pot 180 | Rake 0 
Board [Ad 6s 7s 6d 7h]
Seat 1: fiksa81 (big blind) folded on the River
Seat 3: Mahu2021 (button) (small blind) collected (180)



PokerStars Hand #252606091375: Tournament #3804567102, $0.46+$0.04 USD Hold'em No Limit - Level III (20/40) - 2024/09/24 17:28:54 CET [2024/09/24 11:28:54 ET]
Table '3804567102 1' 3-max Seat #1 is the button
Seat 1: fiksa81 (950 in chips) 
Seat 3: Mahu2021 (550 in chips) 
fiksa81: posts small blind 20
Mahu2021: posts big blind 40
*** HOLE CARDS ***
Dealt to Mahu2021 [9s 8s]
fiksa81: raises 40 to 80
Mahu2021: calls 40
*** FLOP *** [Js Td 2h]
Mahu2021: checks 
fiksa81: bets 80
Mahu2021: calls 80
*** TURN *** [Js Td 2h] [4s]
Mahu2021: checks 
fiksa81: bets 340
Mahu2021: raises 50 to 390 and is all-in
fiksa81: calls 50
*** RIVER *** [Js Td 2h 4s] [3h]
*** SHOW DOWN ***
Mahu2021: shows [9s 8s] (high card Jack)
fiksa81: shows [Jc Th] (two pair, Jacks and Tens)
fiksa81 collected 1100 from pot
Mahu2021 finished the tournament in 2nd place
fiksa81 wins the tournament - congratulations!
fiksa81 wins a '$1.00 Power Path Step 2 Ticket' ticket
*** SUMMARY ***
Total pot 1100 | Rake 0 
Board [Js Td 2h 4s 3h]
Seat 1: fiksa81 (button) (small blind) showed [Jc Th] and won (1100) with two pair, Jacks and Tens
Seat 3: Mahu2021 (big blind) showed [9s 8s] and lost with high card Jack



