PokerStars Hand #254497253297: Tournament #3850283352, $4.60+$0.40 USD Hold'em No Limit - Level I (10/20) - 2025/01/22 12:34:07 CET [2025/01/22 6:34:07 ET]
Table '3850283352 1' 3-max Seat #1 is the button
Seat 1: youcantwinmebro (500 in chips) 
Seat 2: Postmen26 (500 in chips) 
Seat 3: Mahu2021 (500 in chips) 
Postmen26: posts small blind 10
Mahu2021: posts big blind 20
*** HOLE CARDS ***
Dealt to Mahu2021 [9d Ks]
youcantwinmebro: raises 20 to 40
Postmen26: calls 30
Mahu2021: calls 20
*** FLOP *** [9c 2h 8c]
Postmen26: bets 20
Mahu2021: raises 440 to 460 and is all-in
youcantwinmebro: calls 460 and is all-in
Postmen26: calls 440 and is all-in
*** TURN *** [9c 2h 8c] [4d]
*** RIVER *** [9c 2h 8c 4d] [9s]
*** SHOW DOWN ***
Postmen26: shows [Tc Jh] (a pair of Nines)
Mahu2021: shows [9d Ks] (three of a kind, Nines)
youcantwinmebro: shows [9h Ah] (three of a kind, Nines - Ace kicker)
youcantwinmebro collected 1500 from pot
Postmen26 finished the tournament in 2nd place
Mahu2021 finished the tournament in 2nd place
youcantwinmebro wins the tournament and receives $10.00 - congratulations!
*** SUMMARY ***
Total pot 1500 | Rake 0 
Board [9c 2h 8c 4d 9s]
Seat 1: youcantwinmebro (button) showed [9h Ah] and won (1500) with three of a kind, Nines
Seat 2: Postmen26 (small blind) showed [Tc Jh] and lost with a pair of Nines
Seat 3: Mahu2021 (big blind) showed [9d Ks] and lost with three of a kind, Nines



