PokerStars Hand #244718512035: Tournament #3610811799, $4.90+$4.90+$1.20 USD Hold'em No Limit - Level III (40/80) - 2023/07/09 20:24:48 CET [2023/07/09 14:24:48 ET]
Table '3610811799 183' 8-max Seat #2 is the button
Seat 1: maximov1991 (9785 in chips, $4.90 bounty) 
Seat 2: j4cksbet (8939 in chips, $4.90 bounty) 
Seat 3: cheapplayer1 (3301 in chips, $4.90 bounty) 
Seat 4: Southview71 (10111 in chips, $4.90 bounty) 
Seat 5: deuces253 (28636 in chips, $7.35 bounty) 
Seat 6: ManolisAvg (7578 in chips, $4.90 bounty) 
Seat 7: cranberry970 (9726 in chips, $4.90 bounty) 
Seat 8: Mahu2021 (10000 in chips, $4.90 bounty) 
maximov1991: posts the ante 10
j4cksbet: posts the ante 10
cheapplayer1: posts the ante 10
Southview71: posts the ante 10
deuces253: posts the ante 10
ManolisAvg: posts the ante 10
cranberry970: posts the ante 10
Mahu2021: posts the ante 10
cheapplayer1: posts small blind 40
Southview71: posts big blind 80
*** HOLE CARDS ***
Dealt to Mahu2021 [Qh 3s]
Mahu2021 is disconnected 
deuces253: folds 
ManolisAvg: folds 
cranberry970: folds 
Mahu2021: folds 
maximov1991: raises 80 to 160
j4cksbet: raises 320 to 480
cheapplayer1: raises 2811 to 3291 and is all-in
Southview71: folds 
maximov1991: raises 6484 to 9775 and is all-in
j4cksbet: calls 8449 and is all-in
Uncalled bet (846) returned to maximov1991
*** FLOP *** [6c Ac Ad]
*** TURN *** [6c Ac Ad] [4d]
*** RIVER *** [6c Ac Ad 4d] [5c]
*** SHOW DOWN ***
maximov1991: shows [Ts Tc] (two pair, Aces and Tens)
j4cksbet: shows [Ks Kc] (two pair, Aces and Kings)
j4cksbet collected 11276 from side pot
cheapplayer1: shows [As Kd] (three of a kind, Aces)
cheapplayer1 collected 10033 from main pot
*** SUMMARY ***
Total pot 21309 Main pot 10033. Side pot 11276. | Rake 0 
Board [6c Ac Ad 4d 5c]
Seat 1: maximov1991 showed [Ts Tc] and lost with two pair, Aces and Tens
Seat 2: j4cksbet (button) showed [Ks Kc] and won (11276) with two pair, Aces and Kings
Seat 3: cheapplayer1 (small blind) showed [As Kd] and won (10033) with three of a kind, Aces
Seat 4: Southview71 (big blind) folded before Flop
Seat 5: deuces253 folded before Flop (didn't bet)
Seat 6: ManolisAvg folded before Flop (didn't bet)
Seat 7: cranberry970 folded before Flop (didn't bet)
Seat 8: Mahu2021 folded before Flop (didn't bet)



PokerStars Hand #244718528804: Tournament #3610811799, $4.90+$4.90+$1.20 USD Hold'em No Limit - Level III (40/80) - 2023/07/09 20:25:31 CET [2023/07/09 14:25:31 ET]
Table '3610811799 183' 8-max Seat #3 is the button
Seat 1: maximov1991 (846 in chips, $4.90 bounty) 
Seat 2: j4cksbet (11276 in chips, $4.90 bounty) 
Seat 3: cheapplayer1 (10033 in chips, $4.90 bounty) 
Seat 4: Southview71 (10021 in chips, $4.90 bounty) 
Seat 5: deuces253 (28626 in chips, $7.35 bounty) 
Seat 6: ManolisAvg (7568 in chips, $4.90 bounty) 
Seat 7: cranberry970 (9716 in chips, $4.90 bounty) 
Seat 8: Mahu2021 (9990 in chips, $4.90 bounty) 
maximov1991: posts the ante 10
j4cksbet: posts the ante 10
cheapplayer1: posts the ante 10
Southview71: posts the ante 10
deuces253: posts the ante 10
ManolisAvg: posts the ante 10
cranberry970: posts the ante 10
Mahu2021: posts the ante 10
Southview71: posts small blind 40
deuces253: posts big blind 80
*** HOLE CARDS ***
Dealt to Mahu2021 [Td 5c]
ManolisAvg: folds 
cranberry970: folds 
Mahu2021: folds 
maximov1991: raises 80 to 160
j4cksbet: folds 
cheapplayer1: raises 9863 to 10023 and is all-in
Southview71: folds 
deuces253: folds 
maximov1991: calls 676 and is all-in
Uncalled bet (9187) returned to cheapplayer1
*** FLOP *** [8c Th 8h]
*** TURN *** [8c Th 8h] [Ac]
*** RIVER *** [8c Th 8h Ac] [3h]
*** SHOW DOWN ***
maximov1991: shows [Jd 9d] (a pair of Eights)
cheapplayer1: shows [7d 9s] (a pair of Eights - lower kicker)
maximov1991 collected 1872 from pot
*** SUMMARY ***
Total pot 1872 | Rake 0 
Board [8c Th 8h Ac 3h]
Seat 1: maximov1991 showed [Jd 9d] and won (1872) with a pair of Eights
Seat 2: j4cksbet folded before Flop (didn't bet)
Seat 3: cheapplayer1 (button) showed [7d 9s] and lost with a pair of Eights
Seat 4: Southview71 (small blind) folded before Flop
Seat 5: deuces253 (big blind) folded before Flop
Seat 6: ManolisAvg folded before Flop (didn't bet)
Seat 7: cranberry970 folded before Flop (didn't bet)
Seat 8: Mahu2021 folded before Flop (didn't bet)



PokerStars Hand #244718542104: Tournament #3610811799, $4.90+$4.90+$1.20 USD Hold'em No Limit - Level III (40/80) - 2023/07/09 20:26:05 CET [2023/07/09 14:26:05 ET]
Table '3610811799 183' 8-max Seat #4 is the button
Seat 1: maximov1991 (1872 in chips, $4.90 bounty) 
Seat 2: j4cksbet (11266 in chips, $4.90 bounty) 
Seat 3: cheapplayer1 (9187 in chips, $4.90 bounty) 
Seat 4: Southview71 (9971 in chips, $4.90 bounty) 
Seat 5: deuces253 (28536 in chips, $7.35 bounty) 
Seat 6: ManolisAvg (7558 in chips, $4.90 bounty) 
Seat 7: cranberry970 (9706 in chips, $4.90 bounty) 
Seat 8: Mahu2021 (9980 in chips, $4.90 bounty) 
maximov1991: posts the ante 10
j4cksbet: posts the ante 10
cheapplayer1: posts the ante 10
Southview71: posts the ante 10
deuces253: posts the ante 10
ManolisAvg: posts the ante 10
cranberry970: posts the ante 10
Mahu2021: posts the ante 10
deuces253: posts small blind 40
ManolisAvg: posts big blind 80
*** HOLE CARDS ***
Dealt to Mahu2021 [6c Js]
cranberry970: folds 
Mahu2021: folds 
maximov1991: folds 
j4cksbet: raises 96 to 176
cheapplayer1: folds 
Southview71: calls 176
deuces253: folds 
ManolisAvg: calls 96
*** FLOP *** [5s Qs 2d]
ManolisAvg: checks 
j4cksbet: bets 324
Southview71: calls 324
ManolisAvg: folds 
*** TURN *** [5s Qs 2d] [5d]
j4cksbet: checks 
Southview71: bets 648
j4cksbet: calls 648
*** RIVER *** [5s Qs 2d 5d] [9h]
j4cksbet: checks 
Southview71: bets 1296
j4cksbet: calls 1296
*** SHOW DOWN ***
Southview71: shows [Ks Kd] (two pair, Kings and Fives)
j4cksbet: mucks hand 
Southview71 collected 5184 from pot
*** SUMMARY ***
Total pot 5184 | Rake 0 
Board [5s Qs 2d 5d 9h]
Seat 1: maximov1991 folded before Flop (didn't bet)
Seat 2: j4cksbet mucked [Qd Kh]
Seat 3: cheapplayer1 folded before Flop (didn't bet)
Seat 4: Southview71 (button) showed [Ks Kd] and won (5184) with two pair, Kings and Fives
Seat 5: deuces253 (small blind) folded before Flop
Seat 6: ManolisAvg (big blind) folded on the Flop
Seat 7: cranberry970 folded before Flop (didn't bet)
Seat 8: Mahu2021 folded before Flop (didn't bet)



PokerStars Hand #244718559803: Tournament #3610811799, $4.90+$4.90+$1.20 USD Hold'em No Limit - Level III (40/80) - 2023/07/09 20:26:50 CET [2023/07/09 14:26:50 ET]
Table '3610811799 183' 8-max Seat #5 is the button
Seat 1: maximov1991 (1862 in chips, $4.90 bounty) 
Seat 2: j4cksbet (8812 in chips, $4.90 bounty) 
Seat 3: cheapplayer1 (9177 in chips, $4.90 bounty) 
Seat 4: Southview71 (12701 in chips, $4.90 bounty) 
Seat 5: deuces253 (28486 in chips, $7.35 bounty) 
Seat 6: ManolisAvg (7372 in chips, $4.90 bounty) 
Seat 7: cranberry970 (9696 in chips, $4.90 bounty) 
Seat 8: Mahu2021 (9970 in chips, $4.90 bounty) 
maximov1991: posts the ante 10
j4cksbet: posts the ante 10
cheapplayer1: posts the ante 10
Southview71: posts the ante 10
deuces253: posts the ante 10
ManolisAvg: posts the ante 10
cranberry970: posts the ante 10
Mahu2021: posts the ante 10
ManolisAvg: posts small blind 40
cranberry970: posts big blind 80
*** HOLE CARDS ***
Dealt to Mahu2021 [Js Td]
Mahu2021: folds 
maximov1991: raises 80 to 160
j4cksbet: folds 
cheapplayer1: folds 
Southview71: folds 
deuces253: calls 160
ManolisAvg: raises 560 to 720
cranberry970: folds 
maximov1991: raises 1132 to 1852 and is all-in
deuces253: folds 
ManolisAvg: calls 1132
*** FLOP *** [6h Kc Qc]
*** TURN *** [6h Kc Qc] [3h]
*** RIVER *** [6h Kc Qc 3h] [2s]
*** SHOW DOWN ***
ManolisAvg: shows [As Ts] (high card Ace)
maximov1991: shows [Tc Jd] (high card King)
ManolisAvg collected 4024 from pot
ManolisAvg wins $2.45 for eliminating maximov1991 and their own bounty increases by $2.45 to $7.35
maximov1991 finished the tournament
*** SUMMARY ***
Total pot 4024 | Rake 0 
Board [6h Kc Qc 3h 2s]
Seat 1: maximov1991 showed [Tc Jd] and lost with high card King
Seat 2: j4cksbet folded before Flop (didn't bet)
Seat 3: cheapplayer1 folded before Flop (didn't bet)
Seat 4: Southview71 folded before Flop (didn't bet)
Seat 5: deuces253 (button) folded before Flop
Seat 6: ManolisAvg (small blind) showed [As Ts] and won (4024) with high card Ace
Seat 7: cranberry970 (big blind) folded before Flop
Seat 8: Mahu2021 folded before Flop (didn't bet)



PokerStars Hand #244718580409: Tournament #3610811799, $4.90+$4.90+$1.20 USD Hold'em No Limit - Level III (40/80) - 2023/07/09 20:27:43 CET [2023/07/09 14:27:43 ET]
Table '3610811799 1432' 8-max Seat #1 is the button
Seat 1: Knobben77 (16510 in chips, $7.35 bounty) 
Seat 2: tihass96 (5863 in chips, $4.90 bounty) 
Seat 3: haidima (8754 in chips, $4.90 bounty) 
Seat 4: Mahu2021 (9960 in chips, $4.90 bounty) 
Seat 5: q0880 (12003 in chips, $4.90 bounty) 
Knobben77: posts the ante 10
tihass96: posts the ante 10
haidima: posts the ante 10
Mahu2021: posts the ante 10
q0880: posts the ante 10
tihass96: posts small blind 40
haidima: posts big blind 80
*** HOLE CARDS ***
Dealt to Mahu2021 [Jh 8d]
haidima is disconnected 
Mahu2021 is connected 
Mahu2021 is connected 
Shiftee17 is disconnected 
tihass96 is disconnected 
q0880 is disconnected 
JustPray is disconnected 
Mahu2021: folds 
DomDess101 is disconnected 
q0880: raises 80 to 160
Knobben77: folds 
tihass96: folds 
haidima: folds 
Uncalled bet (80) returned to q0880
q0880 collected 250 from pot
q0880: doesn't show hand 
*** SUMMARY ***
Total pot 250 | Rake 0 
Seat 1: Knobben77 (button) folded before Flop (didn't bet)
Seat 2: tihass96 (small blind) folded before Flop
Seat 3: haidima (big blind) folded before Flop
Seat 4: Mahu2021 folded before Flop (didn't bet)
Seat 5: q0880 collected (250)



PokerStars Hand #244718590837: Tournament #3610811799, $4.90+$4.90+$1.20 USD Hold'em No Limit - Level III (40/80) - 2023/07/09 20:28:10 CET [2023/07/09 14:28:10 ET]
Table '3610811799 1432' 8-max Seat #2 is the button
Seat 1: Knobben77 (16500 in chips, $7.35 bounty) 
Seat 2: tihass96 (5813 in chips, $4.90 bounty) 
Seat 3: haidima (8664 in chips, $4.90 bounty) 
Seat 4: Mahu2021 (9950 in chips, $4.90 bounty) 
Seat 5: q0880 (12163 in chips, $4.90 bounty) 
Seat 6: Shiftee17 (5448 in chips, $4.90 bounty) 
Seat 7: JustPray (10000 in chips, $4.90 bounty) 
Seat 8: DomDess101 (10000 in chips, $4.90 bounty) 
Knobben77: posts the ante 10
tihass96: posts the ante 10
haidima: posts the ante 10
Mahu2021: posts the ante 10
q0880: posts the ante 10
Shiftee17: posts the ante 10
JustPray: posts the ante 10
DomDess101: posts the ante 10
haidima: posts small blind 40
Mahu2021: posts big blind 80
*** HOLE CARDS ***
Dealt to Mahu2021 [8d 9d]
q0880: folds 
Shiftee17: folds 
JustPray: folds 
DomDess101: raises 104 to 184
Knobben77: folds 
tihass96: folds 
haidima: folds 
Mahu2021: calls 104
*** FLOP *** [7d 7s Qd]
Mahu2021: checks 
DomDess101: bets 161
Mahu2021: calls 161
*** TURN *** [7d 7s Qd] [Th]
Mahu2021: checks 
DomDess101: bets 608
Mahu2021: raises 912 to 1520
DomDess101: calls 912
*** RIVER *** [7d 7s Qd Th] [Ac]
Mahu2021: checks 
DomDess101: checks 
*** SHOW DOWN ***
Mahu2021: shows [8d 9d] (a pair of Sevens)
DomDess101: shows [Kd Kh] (two pair, Kings and Sevens)
DomDess101 collected 3850 from pot
*** SUMMARY ***
Total pot 3850 | Rake 0 
Board [7d 7s Qd Th Ac]
Seat 1: Knobben77 folded before Flop (didn't bet)
Seat 2: tihass96 (button) folded before Flop (didn't bet)
Seat 3: haidima (small blind) folded before Flop
Seat 4: Mahu2021 (big blind) showed [8d 9d] and lost with a pair of Sevens
Seat 5: q0880 folded before Flop (didn't bet)
Seat 6: Shiftee17 folded before Flop (didn't bet)
Seat 7: JustPray folded before Flop (didn't bet)
Seat 8: DomDess101 showed [Kd Kh] and won (3850) with two pair, Kings and Sevens



PokerStars Hand #244718612621: Tournament #3610811799, $4.90+$4.90+$1.20 USD Hold'em No Limit - Level III (40/80) - 2023/07/09 20:29:06 CET [2023/07/09 14:29:06 ET]
Table '3610811799 1432' 8-max Seat #3 is the button
Seat 1: Knobben77 (16490 in chips, $7.35 bounty) 
Seat 2: tihass96 (5803 in chips, $4.90 bounty) 
Seat 3: haidima (8614 in chips, $4.90 bounty) 
Seat 4: Mahu2021 (8075 in chips, $4.90 bounty) 
Seat 5: q0880 (12153 in chips, $4.90 bounty) 
Seat 6: Shiftee17 (5438 in chips, $4.90 bounty) 
Seat 7: JustPray (9990 in chips, $4.90 bounty) 
Seat 8: DomDess101 (11975 in chips, $4.90 bounty) 
Knobben77: posts the ante 10
tihass96: posts the ante 10
haidima: posts the ante 10
Mahu2021: posts the ante 10
q0880: posts the ante 10
Shiftee17: posts the ante 10
JustPray: posts the ante 10
DomDess101: posts the ante 10
Mahu2021: posts small blind 40
q0880: posts big blind 80
*** HOLE CARDS ***
Dealt to Mahu2021 [Qh 9c]
Shiftee17: folds 
JustPray: folds 
DomDess101: raises 104 to 184
Knobben77: folds 
tihass96: folds 
haidima: folds 
Mahu2021: folds 
q0880: calls 104
*** FLOP *** [Ah 7d 2c]
q0880: checks 
DomDess101: bets 161
q0880: folds 
Uncalled bet (161) returned to DomDess101
DomDess101 collected 488 from pot
*** SUMMARY ***
Total pot 488 | Rake 0 
Board [Ah 7d 2c]
Seat 1: Knobben77 folded before Flop (didn't bet)
Seat 2: tihass96 folded before Flop (didn't bet)
Seat 3: haidima (button) folded before Flop (didn't bet)
Seat 4: Mahu2021 (small blind) folded before Flop
Seat 5: q0880 (big blind) folded on the Flop
Seat 6: Shiftee17 folded before Flop (didn't bet)
Seat 7: JustPray folded before Flop (didn't bet)
Seat 8: DomDess101 collected (488)



PokerStars Hand #244718634417: Tournament #3610811799, $4.90+$4.90+$1.20 USD Hold'em No Limit - Level III (40/80) - 2023/07/09 20:30:03 CET [2023/07/09 14:30:03 ET]
Table '3610811799 1432' 8-max Seat #4 is the button
Seat 1: Knobben77 (16480 in chips, $7.35 bounty) 
Seat 2: tihass96 (5793 in chips, $4.90 bounty) 
Seat 3: haidima (8604 in chips, $4.90 bounty) 
Seat 4: Mahu2021 (8025 in chips, $4.90 bounty) 
Seat 5: q0880 (11959 in chips, $4.90 bounty) 
Seat 6: Shiftee17 (5428 in chips, $4.90 bounty) 
Seat 7: JustPray (9980 in chips, $4.90 bounty) 
Seat 8: DomDess101 (12269 in chips, $4.90 bounty) 
Knobben77: posts the ante 10
tihass96: posts the ante 10
haidima: posts the ante 10
Mahu2021: posts the ante 10
q0880: posts the ante 10
Shiftee17: posts the ante 10
JustPray: posts the ante 10
DomDess101: posts the ante 10
q0880: posts small blind 40
Shiftee17: posts big blind 80
*** HOLE CARDS ***
Dealt to Mahu2021 [As Jd]
JustPray: folds 
DomDess101: folds 
Knobben77: folds 
tihass96: folds 
haidima: folds 
Mahu2021: raises 160 to 240
q0880: folds 
Shiftee17: folds 
Uncalled bet (160) returned to Mahu2021
Mahu2021 collected 280 from pot
Mahu2021: doesn't show hand 
*** SUMMARY ***
Total pot 280 | Rake 0 
Seat 1: Knobben77 folded before Flop (didn't bet)
Seat 2: tihass96 folded before Flop (didn't bet)
Seat 3: haidima folded before Flop (didn't bet)
Seat 4: Mahu2021 (button) collected (280)
Seat 5: q0880 (small blind) folded before Flop
Seat 6: Shiftee17 (big blind) folded before Flop
Seat 7: JustPray folded before Flop (didn't bet)
Seat 8: DomDess101 folded before Flop (didn't bet)



PokerStars Hand #244718651378: Tournament #3610811799, $4.90+$4.90+$1.20 USD Hold'em No Limit - Level IV (50/100) - 2023/07/09 20:30:46 CET [2023/07/09 14:30:46 ET]
Table '3610811799 1432' 8-max Seat #5 is the button
Seat 1: Knobben77 (16470 in chips, $7.35 bounty) 
Seat 2: tihass96 (5783 in chips, $4.90 bounty) 
Seat 3: haidima (8594 in chips, $4.90 bounty) 
Seat 4: Mahu2021 (8215 in chips, $4.90 bounty) 
Seat 5: q0880 (11909 in chips, $4.90 bounty) 
Seat 6: Shiftee17 (5338 in chips, $4.90 bounty) 
Seat 7: JustPray (9970 in chips, $4.90 bounty) 
Seat 8: DomDess101 (12259 in chips, $4.90 bounty) 
Knobben77: posts the ante 12
tihass96: posts the ante 12
haidima: posts the ante 12
Mahu2021: posts the ante 12
q0880: posts the ante 12
Shiftee17: posts the ante 12
JustPray: posts the ante 12
DomDess101: posts the ante 12
Shiftee17: posts small blind 50
JustPray: posts big blind 100
*** HOLE CARDS ***
Dealt to Mahu2021 [8h Th]
DomDess101: folds 
Knobben77: folds 
tihass96: folds 
haidima: raises 150 to 250
Mahu2021: folds 
q0880: calls 250
Shiftee17: folds 
JustPray: folds 
*** FLOP *** [7d 2h Qd]
haidima: bets 224
q0880: folds 
Uncalled bet (224) returned to haidima
haidima collected 746 from pot
haidima: doesn't show hand 
*** SUMMARY ***
Total pot 746 | Rake 0 
Board [7d 2h Qd]
Seat 1: Knobben77 folded before Flop (didn't bet)
Seat 2: tihass96 folded before Flop (didn't bet)
Seat 3: haidima collected (746)
Seat 4: Mahu2021 folded before Flop (didn't bet)
Seat 5: q0880 (button) folded on the Flop
Seat 6: Shiftee17 (small blind) folded before Flop
Seat 7: JustPray (big blind) folded before Flop
Seat 8: DomDess101 folded before Flop (didn't bet)



PokerStars Hand #244718669601: Tournament #3610811799, $4.90+$4.90+$1.20 USD Hold'em No Limit - Level IV (50/100) - 2023/07/09 20:31:33 CET [2023/07/09 14:31:33 ET]
Table '3610811799 1432' 8-max Seat #6 is the button
Seat 1: Knobben77 (16458 in chips, $7.35 bounty) 
Seat 2: tihass96 (5771 in chips, $4.90 bounty) 
Seat 3: haidima (9078 in chips, $4.90 bounty) 
Seat 4: Mahu2021 (8203 in chips, $4.90 bounty) 
Seat 5: q0880 (11647 in chips, $4.90 bounty) 
Seat 6: Shiftee17 (5276 in chips, $4.90 bounty) 
Seat 7: JustPray (9858 in chips, $4.90 bounty) 
Seat 8: DomDess101 (12247 in chips, $4.90 bounty) 
Knobben77: posts the ante 12
tihass96: posts the ante 12
haidima: posts the ante 12
Mahu2021: posts the ante 12
q0880: posts the ante 12
Shiftee17: posts the ante 12
JustPray: posts the ante 12
DomDess101: posts the ante 12
JustPray: posts small blind 50
DomDess101: posts big blind 100
*** HOLE CARDS ***
Dealt to Mahu2021 [Tc Kh]
Knobben77: folds 
tihass96: raises 100 to 200
haidima: folds 
Mahu2021: calls 200
q0880: folds 
Shiftee17: calls 200
JustPray: raises 1000 to 1200
DomDess101: folds 
tihass96: calls 1000
Mahu2021: folds 
Shiftee17: calls 1000
*** FLOP *** [4c 9c 7h]
JustPray: bets 1199
tihass96: calls 1199
Shiftee17: folds 
*** TURN *** [4c 9c 7h] [2c]
JustPray: checks 
tihass96: bets 3360 and is all-in
JustPray: calls 3360
*** RIVER *** [4c 9c 7h 2c] [Kc]
*** SHOW DOWN ***
JustPray: shows [9h 8h] (a pair of Nines)
tihass96: shows [Qd Qc] (a flush, King high)
tihass96 collected 13114 from pot
*** SUMMARY ***
Total pot 13114 | Rake 0 
Board [4c 9c 7h 2c Kc]
Seat 1: Knobben77 folded before Flop (didn't bet)
Seat 2: tihass96 showed [Qd Qc] and won (13114) with a flush, King high
Seat 3: haidima folded before Flop (didn't bet)
Seat 4: Mahu2021 folded before Flop
Seat 5: q0880 folded before Flop (didn't bet)
Seat 6: Shiftee17 (button) folded on the Flop
Seat 7: JustPray (small blind) showed [9h 8h] and lost with a pair of Nines
Seat 8: DomDess101 (big blind) folded before Flop



PokerStars Hand #244718705547: Tournament #3610811799, $4.90+$4.90+$1.20 USD Hold'em No Limit - Level IV (50/100) - 2023/07/09 20:33:04 CET [2023/07/09 14:33:04 ET]
Table '3610811799 1432' 8-max Seat #7 is the button
Seat 1: Knobben77 (16446 in chips, $7.35 bounty) 
Seat 2: tihass96 (13114 in chips, $4.90 bounty) 
Seat 3: haidima (9066 in chips, $4.90 bounty) 
Seat 4: Mahu2021 (7991 in chips, $4.90 bounty) 
Seat 5: q0880 (11635 in chips, $4.90 bounty) 
Seat 6: Shiftee17 (4064 in chips, $4.90 bounty) 
Seat 7: JustPray (4087 in chips, $4.90 bounty) 
Seat 8: DomDess101 (12135 in chips, $4.90 bounty) 
Knobben77: posts the ante 12
tihass96: posts the ante 12
haidima: posts the ante 12
Mahu2021: posts the ante 12
q0880: posts the ante 12
Shiftee17: posts the ante 12
JustPray: posts the ante 12
DomDess101: posts the ante 12
DomDess101: posts small blind 50
Knobben77: posts big blind 100
*** HOLE CARDS ***
Dealt to Mahu2021 [Qh 6c]
tihass96: folds 
haidima: folds 
Mahu2021: folds 
q0880: folds 
Shiftee17: folds 
JustPray: raises 150 to 250
DomDess101: folds 
Knobben77: folds 
Uncalled bet (150) returned to JustPray
JustPray collected 346 from pot
JustPray: doesn't show hand 
*** SUMMARY ***
Total pot 346 | Rake 0 
Seat 1: Knobben77 (big blind) folded before Flop
Seat 2: tihass96 folded before Flop (didn't bet)
Seat 3: haidima folded before Flop (didn't bet)
Seat 4: Mahu2021 folded before Flop (didn't bet)
Seat 5: q0880 folded before Flop (didn't bet)
Seat 6: Shiftee17 folded before Flop (didn't bet)
Seat 7: JustPray (button) collected (346)
Seat 8: DomDess101 (small blind) folded before Flop



PokerStars Hand #244718720688: Tournament #3610811799, $4.90+$4.90+$1.20 USD Hold'em No Limit - Level IV (50/100) - 2023/07/09 20:33:43 CET [2023/07/09 14:33:43 ET]
Table '3610811799 1432' 8-max Seat #8 is the button
Seat 1: Knobben77 (16334 in chips, $7.35 bounty) 
Seat 2: tihass96 (13102 in chips, $4.90 bounty) 
Seat 3: haidima (9054 in chips, $4.90 bounty) 
Seat 4: Mahu2021 (7979 in chips, $4.90 bounty) 
Seat 5: q0880 (11623 in chips, $4.90 bounty) 
Seat 6: Shiftee17 (4052 in chips, $4.90 bounty) 
Seat 7: JustPray (4321 in chips, $4.90 bounty) 
Seat 8: DomDess101 (12073 in chips, $4.90 bounty) 
Knobben77: posts the ante 12
tihass96: posts the ante 12
haidima: posts the ante 12
Mahu2021: posts the ante 12
q0880: posts the ante 12
Shiftee17: posts the ante 12
JustPray: posts the ante 12
DomDess101: posts the ante 12
Knobben77: posts small blind 50
tihass96: posts big blind 100
*** HOLE CARDS ***
Dealt to Mahu2021 [Jc As]
haidima: folds 
Mahu2021: raises 100 to 200
q0880: folds 
Shiftee17: folds 
JustPray: folds 
DomDess101: folds 
Knobben77: folds 
tihass96: calls 100
*** FLOP *** [6h 7d Qs]
tihass96: checks 
Mahu2021: bets 200
tihass96: calls 200
*** TURN *** [6h 7d Qs] [Td]
tihass96: checks 
Mahu2021: checks 
*** RIVER *** [6h 7d Qs Td] [Js]
tihass96: checks 
Mahu2021: checks 
*** SHOW DOWN ***
tihass96: shows [8c 6s] (a pair of Sixes)
Mahu2021: shows [Jc As] (a pair of Jacks)
Mahu2021 collected 946 from pot
*** SUMMARY ***
Total pot 946 | Rake 0 
Board [6h 7d Qs Td Js]
Seat 1: Knobben77 (small blind) folded before Flop
Seat 2: tihass96 (big blind) showed [8c 6s] and lost with a pair of Sixes
Seat 3: haidima folded before Flop (didn't bet)
Seat 4: Mahu2021 showed [Jc As] and won (946) with a pair of Jacks
Seat 5: q0880 folded before Flop (didn't bet)
Seat 6: Shiftee17 folded before Flop (didn't bet)
Seat 7: JustPray folded before Flop (didn't bet)
Seat 8: DomDess101 (button) folded before Flop (didn't bet)



PokerStars Hand #244718740707: Tournament #3610811799, $4.90+$4.90+$1.20 USD Hold'em No Limit - Level IV (50/100) - 2023/07/09 20:34:34 CET [2023/07/09 14:34:34 ET]
Table '3610811799 1432' 8-max Seat #1 is the button
Seat 1: Knobben77 (16272 in chips, $7.35 bounty) 
Seat 2: tihass96 (12690 in chips, $4.90 bounty) 
Seat 3: haidima (9042 in chips, $4.90 bounty) 
Seat 4: Mahu2021 (8513 in chips, $4.90 bounty) 
Seat 5: q0880 (11611 in chips, $4.90 bounty) 
Seat 6: Shiftee17 (4040 in chips, $4.90 bounty) 
Seat 7: JustPray (4309 in chips, $4.90 bounty) 
Seat 8: DomDess101 (12061 in chips, $4.90 bounty) 
Knobben77: posts the ante 12
tihass96: posts the ante 12
haidima: posts the ante 12
Mahu2021: posts the ante 12
q0880: posts the ante 12
Shiftee17: posts the ante 12
JustPray: posts the ante 12
DomDess101: posts the ante 12
tihass96: posts small blind 50
haidima: posts big blind 100
*** HOLE CARDS ***
Dealt to Mahu2021 [5s Jc]
Mahu2021: folds 
q0880: folds 
Shiftee17: folds 
JustPray: folds 
DomDess101: raises 150 to 250
Knobben77: folds 
tihass96: calls 200
haidima: calls 150
*** FLOP *** [9c Ts 3d]
tihass96: checks 
haidima: checks 
DomDess101: checks 
*** TURN *** [9c Ts 3d] [Ah]
tihass96: checks 
haidima: checks 
DomDess101: bets 423
tihass96: folds 
haidima: folds 
Uncalled bet (423) returned to DomDess101
DomDess101 collected 846 from pot
*** SUMMARY ***
Total pot 846 | Rake 0 
Board [9c Ts 3d Ah]
Seat 1: Knobben77 (button) folded before Flop (didn't bet)
Seat 2: tihass96 (small blind) folded on the Turn
Seat 3: haidima (big blind) folded on the Turn
Seat 4: Mahu2021 folded before Flop (didn't bet)
Seat 5: q0880 folded before Flop (didn't bet)
Seat 6: Shiftee17 folded before Flop (didn't bet)
Seat 7: JustPray folded before Flop (didn't bet)
Seat 8: DomDess101 collected (846)



PokerStars Hand #244718764787: Tournament #3610811799, $4.90+$4.90+$1.20 USD Hold'em No Limit - Level IV (50/100) - 2023/07/09 20:35:35 CET [2023/07/09 14:35:35 ET]
Table '3610811799 1432' 8-max Seat #2 is the button
Seat 1: Knobben77 (16260 in chips, $7.35 bounty) 
Seat 2: tihass96 (12428 in chips, $4.90 bounty) 
Seat 3: haidima (8780 in chips, $4.90 bounty) 
Seat 4: Mahu2021 (8501 in chips, $4.90 bounty) 
Seat 5: q0880 (11599 in chips, $4.90 bounty) 
Seat 6: Shiftee17 (4028 in chips, $4.90 bounty) 
Seat 7: JustPray (4297 in chips, $4.90 bounty) 
Seat 8: DomDess101 (12645 in chips, $4.90 bounty) 
Knobben77: posts the ante 12
tihass96: posts the ante 12
haidima: posts the ante 12
Mahu2021: posts the ante 12
q0880: posts the ante 12
Shiftee17: posts the ante 12
JustPray: posts the ante 12
DomDess101: posts the ante 12
haidima: posts small blind 50
Mahu2021: posts big blind 100
*** HOLE CARDS ***
Dealt to Mahu2021 [Jd 8c]
q0880: folds 
Shiftee17: folds 
JustPray: raises 100 to 200
DomDess101: folds 
Knobben77: folds 
tihass96: folds 
haidima: folds 
Mahu2021: calls 100
*** FLOP *** [2c Qh 5h]
Mahu2021: checks 
JustPray: bets 437
Mahu2021: folds 
Uncalled bet (437) returned to JustPray
JustPray collected 546 from pot
JustPray: doesn't show hand 
*** SUMMARY ***
Total pot 546 | Rake 0 
Board [2c Qh 5h]
Seat 1: Knobben77 folded before Flop (didn't bet)
Seat 2: tihass96 (button) folded before Flop (didn't bet)
Seat 3: haidima (small blind) folded before Flop
Seat 4: Mahu2021 (big blind) folded on the Flop
Seat 5: q0880 folded before Flop (didn't bet)
Seat 6: Shiftee17 folded before Flop (didn't bet)
Seat 7: JustPray collected (546)
Seat 8: DomDess101 folded before Flop (didn't bet)



PokerStars Hand #244718774512: Tournament #3610811799, $4.90+$4.90+$1.20 USD Hold'em No Limit - Level IV (50/100) - 2023/07/09 20:36:00 CET [2023/07/09 14:36:00 ET]
Table '3610811799 1432' 8-max Seat #3 is the button
Seat 1: Knobben77 (16248 in chips, $7.35 bounty) 
Seat 2: tihass96 (12416 in chips, $4.90 bounty) 
Seat 3: haidima (8718 in chips, $4.90 bounty) 
Seat 4: Mahu2021 (8289 in chips, $4.90 bounty) 
Seat 5: q0880 (11587 in chips, $4.90 bounty) 
Seat 6: Shiftee17 (4016 in chips, $4.90 bounty) 
Seat 7: JustPray (4631 in chips, $4.90 bounty) 
Seat 8: DomDess101 (12633 in chips, $4.90 bounty) 
Knobben77: posts the ante 12
tihass96: posts the ante 12
haidima: posts the ante 12
Mahu2021: posts the ante 12
q0880: posts the ante 12
Shiftee17: posts the ante 12
JustPray: posts the ante 12
DomDess101: posts the ante 12
Mahu2021: posts small blind 50
q0880: posts big blind 100
*** HOLE CARDS ***
Dealt to Mahu2021 [Ks Ad]
Shiftee17: folds 
JustPray: folds 
DomDess101: folds 
Knobben77: folds 
tihass96: raises 100 to 200
haidima: folds 
Mahu2021: raises 1100 to 1300
q0880: folds 
tihass96: folds 
Uncalled bet (1100) returned to Mahu2021
Mahu2021 collected 596 from pot
Mahu2021: doesn't show hand 
*** SUMMARY ***
Total pot 596 | Rake 0 
Seat 1: Knobben77 folded before Flop (didn't bet)
Seat 2: tihass96 folded before Flop
Seat 3: haidima (button) folded before Flop (didn't bet)
Seat 4: Mahu2021 (small blind) collected (596)
Seat 5: q0880 (big blind) folded before Flop
Seat 6: Shiftee17 folded before Flop (didn't bet)
Seat 7: JustPray folded before Flop (didn't bet)
Seat 8: DomDess101 folded before Flop (didn't bet)



PokerStars Hand #244718787723: Tournament #3610811799, $4.90+$4.90+$1.20 USD Hold'em No Limit - Level IV (50/100) - 2023/07/09 20:36:33 CET [2023/07/09 14:36:33 ET]
Table '3610811799 1432' 8-max Seat #4 is the button
Seat 1: Knobben77 (16236 in chips, $7.35 bounty) 
Seat 2: tihass96 (12204 in chips, $4.90 bounty) 
Seat 3: haidima (8706 in chips, $4.90 bounty) 
Seat 4: Mahu2021 (8673 in chips, $4.90 bounty) 
Seat 5: q0880 (11475 in chips, $4.90 bounty) 
Seat 6: Shiftee17 (4004 in chips, $4.90 bounty) 
Seat 7: JustPray (4619 in chips, $4.90 bounty) 
Seat 8: DomDess101 (12621 in chips, $4.90 bounty) 
Knobben77: posts the ante 12
tihass96: posts the ante 12
haidima: posts the ante 12
Mahu2021: posts the ante 12
q0880: posts the ante 12
Shiftee17: posts the ante 12
JustPray: posts the ante 12
DomDess101: posts the ante 12
q0880: posts small blind 50
Shiftee17: posts big blind 100
*** HOLE CARDS ***
Dealt to Mahu2021 [Td Qc]
JustPray: folds 
DomDess101: folds 
Knobben77: folds 
tihass96: raises 100 to 200
haidima: folds 
Mahu2021: calls 200
q0880: folds 
Shiftee17: raises 800 to 1000
tihass96: calls 800
Mahu2021: folds 
*** FLOP *** [Ad 9c Js]
Shiftee17: bets 727
tihass96: calls 727
*** TURN *** [Ad 9c Js] [2h]
Shiftee17: bets 2265 and is all-in
tihass96: calls 2265
*** RIVER *** [Ad 9c Js 2h] [4h]
*** SHOW DOWN ***
Shiftee17: shows [Ac Qs] (a pair of Aces)
tihass96: shows [Jh As] (two pair, Aces and Jacks)
tihass96 collected 8330 from pot
tihass96 wins $2.45 for eliminating Shiftee17 and their own bounty increases by $2.45 to $7.35
Shiftee17 finished the tournament
*** SUMMARY ***
Total pot 8330 | Rake 0 
Board [Ad 9c Js 2h 4h]
Seat 1: Knobben77 folded before Flop (didn't bet)
Seat 2: tihass96 showed [Jh As] and won (8330) with two pair, Aces and Jacks
Seat 3: haidima folded before Flop (didn't bet)
Seat 4: Mahu2021 (button) folded before Flop
Seat 5: q0880 (small blind) folded before Flop
Seat 6: Shiftee17 (big blind) showed [Ac Qs] and lost with a pair of Aces
Seat 7: JustPray folded before Flop (didn't bet)
Seat 8: DomDess101 folded before Flop (didn't bet)



PokerStars Hand #244718816987: Tournament #3610811799, $4.90+$4.90+$1.20 USD Hold'em No Limit - Level IV (50/100) - 2023/07/09 20:37:47 CET [2023/07/09 14:37:47 ET]
Table '3610811799 1432' 8-max Seat #5 is the button
Seat 1: Knobben77 (16224 in chips, $7.35 bounty) 
Seat 2: tihass96 (16530 in chips, $7.35 bounty) 
Seat 3: haidima (8694 in chips, $4.90 bounty) 
Seat 4: Mahu2021 (8461 in chips, $4.90 bounty) 
Seat 5: q0880 (11413 in chips, $4.90 bounty) 
Seat 7: JustPray (4607 in chips, $4.90 bounty) 
Seat 8: DomDess101 (12609 in chips, $4.90 bounty) 
Knobben77: posts the ante 12
tihass96: posts the ante 12
haidima: posts the ante 12
Mahu2021: posts the ante 12
q0880: posts the ante 12
JustPray: posts the ante 12
DomDess101: posts the ante 12
JustPray: posts small blind 50
DomDess101: posts big blind 100
*** HOLE CARDS ***
Dealt to Mahu2021 [Ts 4c]
Knobben77: raises 100 to 200
tihass96: folds 
haidima: folds 
Mahu2021: folds 
q0880 is connected 
q0880: calls 200
JustPray: folds 
DomDess101: folds 
*** FLOP *** [6c Th Td]
Knobben77: bets 200
q0880: calls 200
*** TURN *** [6c Th Td] [2h]
Knobben77: bets 300
q0880: calls 300
*** RIVER *** [6c Th Td 2h] [5c]
Knobben77: bets 500
q0880: raises 1844 to 2344
Knobben77: folds 
Uncalled bet (1844) returned to q0880
q0880 collected 2634 from pot
q0880: doesn't show hand 
*** SUMMARY ***
Total pot 2634 | Rake 0 
Board [6c Th Td 2h 5c]
Seat 1: Knobben77 folded on the River
Seat 2: tihass96 folded before Flop (didn't bet)
Seat 3: haidima folded before Flop (didn't bet)
Seat 4: Mahu2021 folded before Flop (didn't bet)
Seat 5: q0880 (button) collected (2634)
Seat 7: JustPray (small blind) folded before Flop
Seat 8: DomDess101 (big blind) folded before Flop



PokerStars Hand #244718846182: Tournament #3610811799, $4.90+$4.90+$1.20 USD Hold'em No Limit - Level IV (50/100) - 2023/07/09 20:39:02 CET [2023/07/09 14:39:02 ET]
Table '3610811799 1432' 8-max Seat #7 is the button
Seat 1: Knobben77 (15012 in chips, $7.35 bounty) 
Seat 2: tihass96 (16518 in chips, $7.35 bounty) 
Seat 3: haidima (8682 in chips, $4.90 bounty) 
Seat 4: Mahu2021 (8449 in chips, $4.90 bounty) 
Seat 5: q0880 (12835 in chips, $4.90 bounty) 
Seat 6: Jackstar11 (10000 in chips, $4.90 bounty) 
Seat 7: JustPray (4545 in chips, $4.90 bounty) 
Seat 8: DomDess101 (12497 in chips, $4.90 bounty) 
Knobben77: posts the ante 12
tihass96: posts the ante 12
haidima: posts the ante 12
Mahu2021: posts the ante 12
q0880: posts the ante 12
Jackstar11: posts the ante 12
JustPray: posts the ante 12
DomDess101: posts the ante 12
DomDess101: posts small blind 50
Knobben77: posts big blind 100
*** HOLE CARDS ***
Dealt to Mahu2021 [Tc 7s]
tihass96: folds 
haidima: folds 
Mahu2021: folds 
q0880: folds 
Jackstar11: folds 
JustPray: raises 100 to 200
DomDess101: folds 
Knobben77: calls 100
*** FLOP *** [6c Jc Jd]
Knobben77: checks 
JustPray: bets 100
Knobben77: raises 400 to 500
JustPray: folds 
Uncalled bet (400) returned to Knobben77
Knobben77 collected 746 from pot
Knobben77: doesn't show hand 
*** SUMMARY ***
Total pot 746 | Rake 0 
Board [6c Jc Jd]
Seat 1: Knobben77 (big blind) collected (746)
Seat 2: tihass96 folded before Flop (didn't bet)
Seat 3: haidima folded before Flop (didn't bet)
Seat 4: Mahu2021 folded before Flop (didn't bet)
Seat 5: q0880 folded before Flop (didn't bet)
Seat 6: Jackstar11 folded before Flop (didn't bet)
Seat 7: JustPray (button) folded on the Flop
Seat 8: DomDess101 (small blind) folded before Flop



PokerStars Hand #244718869661: Tournament #3610811799, $4.90+$4.90+$1.20 USD Hold'em No Limit - Level IV (50/100) - 2023/07/09 20:40:00 CET [2023/07/09 14:40:00 ET]
Table '3610811799 1432' 8-max Seat #8 is the button
Seat 1: Knobben77 (15446 in chips, $7.35 bounty) 
Seat 3: haidima (8670 in chips, $4.90 bounty) 
Seat 4: Mahu2021 (8437 in chips, $4.90 bounty) 
Seat 5: q0880 (12823 in chips, $4.90 bounty) 
Seat 6: Jackstar11 (9988 in chips, $4.90 bounty) 
Seat 7: JustPray (4233 in chips, $4.90 bounty) 
Seat 8: DomDess101 (12435 in chips, $4.90 bounty) 
Knobben77: posts the ante 12
haidima: posts the ante 12
Mahu2021: posts the ante 12
q0880: posts the ante 12
Jackstar11: posts the ante 12
JustPray: posts the ante 12
DomDess101: posts the ante 12
Knobben77: posts small blind 50
haidima: posts big blind 100
*** HOLE CARDS ***
Dealt to Mahu2021 [3h 4h]
Mahu2021: folds 
q0880: folds 
Jackstar11: folds 
JustPray: folds 
DomDess101: folds 
Knobben77: folds 
Uncalled bet (50) returned to haidima
haidima collected 184 from pot
haidima: doesn't show hand 
*** SUMMARY ***
Total pot 184 | Rake 0 
Seat 1: Knobben77 (small blind) folded before Flop
Seat 3: haidima (big blind) collected (184)
Seat 4: Mahu2021 folded before Flop (didn't bet)
Seat 5: q0880 folded before Flop (didn't bet)
Seat 6: Jackstar11 folded before Flop (didn't bet)
Seat 7: JustPray folded before Flop (didn't bet)
Seat 8: DomDess101 (button) folded before Flop (didn't bet)



PokerStars Hand #244718882021: Tournament #3610811799, $4.90+$4.90+$1.20 USD Hold'em No Limit - Level V (60/120) - 2023/07/09 20:40:31 CET [2023/07/09 14:40:31 ET]
Table '3610811799 1432' 8-max Seat #1 is the button
Seat 1: Knobben77 (15384 in chips, $7.35 bounty) 
Seat 2: vikk35 (10000 in chips) out of hand (moved from another table into small blind)
Seat 3: haidima (8792 in chips, $4.90 bounty) 
Seat 4: Mahu2021 (8425 in chips, $4.90 bounty) 
Seat 5: q0880 (12811 in chips, $4.90 bounty) 
Seat 6: Jackstar11 (9976 in chips, $4.90 bounty) 
Seat 7: JustPray (4221 in chips, $4.90 bounty) 
Seat 8: DomDess101 (12423 in chips, $4.90 bounty) 
vikk35 will be allowed to play after the button
Knobben77: posts the ante 16
haidima: posts the ante 16
Mahu2021: posts the ante 16
q0880: posts the ante 16
Jackstar11: posts the ante 16
JustPray: posts the ante 16
DomDess101: posts the ante 16
haidima: posts small blind 60
Mahu2021: posts big blind 120
*** HOLE CARDS ***
Dealt to Mahu2021 [6h Qh]
q0880 has timed out
q0880: folds 
q0880 is sitting out
q0880 has returned
Jackstar11: folds 
JustPray: folds 
DomDess101: folds 
Knobben77: raises 240 to 360
haidima: folds 
Mahu2021: calls 240
*** FLOP *** [Qc 9d 8s]
Mahu2021: checks 
Knobben77: bets 446
Mahu2021: calls 446
*** TURN *** [Qc 9d 8s] [Kh]
Mahu2021: checks 
Knobben77: bets 892
Mahu2021: calls 892
*** RIVER *** [Qc 9d 8s Kh] [3s]
Mahu2021: checks 
Knobben77: bets 840
Mahu2021: calls 840
*** SHOW DOWN ***
Knobben77: shows [Kd Kc] (three of a kind, Kings)
Mahu2021: mucks hand 
Knobben77 collected 5248 from pot
*** SUMMARY ***
Total pot 5248 | Rake 0 
Board [Qc 9d 8s Kh 3s]
Seat 1: Knobben77 (button) showed [Kd Kc] and won (5248) with three of a kind, Kings
Seat 3: haidima (small blind) folded before Flop
Seat 4: Mahu2021 (big blind) mucked [6h Qh]
Seat 5: q0880 folded before Flop (didn't bet)
Seat 6: Jackstar11 folded before Flop (didn't bet)
Seat 7: JustPray folded before Flop (didn't bet)
Seat 8: DomDess101 folded before Flop (didn't bet)



PokerStars Hand #244718898799: Tournament #3610811799, $4.90+$4.90+$1.20 USD Hold'em No Limit - Level V (60/120) - 2023/07/09 20:41:14 CET [2023/07/09 14:41:14 ET]
Table '3610811799 1432' 8-max Seat #3 is the button
Seat 1: Knobben77 (18078 in chips, $7.35 bounty) 
Seat 2: vikk35 (10000 in chips, $4.90 bounty) 
Seat 3: haidima (8716 in chips, $4.90 bounty) 
Seat 4: Mahu2021 (5871 in chips, $4.90 bounty) 
Seat 5: q0880 (12795 in chips, $4.90 bounty) 
Seat 6: Jackstar11 (9960 in chips, $4.90 bounty) 
Seat 7: JustPray (4205 in chips, $4.90 bounty) 
Seat 8: DomDess101 (12407 in chips, $4.90 bounty) 
Knobben77: posts the ante 16
vikk35: posts the ante 16
haidima: posts the ante 16
Mahu2021: posts the ante 16
q0880: posts the ante 16
Jackstar11: posts the ante 16
JustPray: posts the ante 16
DomDess101: posts the ante 16
Mahu2021: posts small blind 60
q0880: posts big blind 120
*** HOLE CARDS ***
Dealt to Mahu2021 [Kc 9h]
Jackstar11: raises 120 to 240
JustPray: folds 
DomDess101: folds 
Knobben77: folds 
vikk35: folds 
haidima: calls 240
Mahu2021: calls 180
q0880: folds 
*** FLOP *** [4s 6c Jc]
Mahu2021: checks 
Jackstar11: checks 
haidima: bets 600
Mahu2021: folds 
Jackstar11: folds 
Uncalled bet (600) returned to haidima
haidima collected 968 from pot
haidima: doesn't show hand 
*** SUMMARY ***
Total pot 968 | Rake 0 
Board [4s 6c Jc]
Seat 1: Knobben77 folded before Flop (didn't bet)
Seat 2: vikk35 folded before Flop (didn't bet)
Seat 3: haidima (button) collected (968)
Seat 4: Mahu2021 (small blind) folded on the Flop
Seat 5: q0880 (big blind) folded before Flop
Seat 6: Jackstar11 folded on the Flop
Seat 7: JustPray folded before Flop (didn't bet)
Seat 8: DomDess101 folded before Flop (didn't bet)



PokerStars Hand #244718911840: Tournament #3610811799, $4.90+$4.90+$1.20 USD Hold'em No Limit - Level V (60/120) - 2023/07/09 20:41:46 CET [2023/07/09 14:41:46 ET]
Table '3610811799 1432' 8-max Seat #4 is the button
Seat 1: Knobben77 (18062 in chips, $7.35 bounty) 
Seat 2: vikk35 (9984 in chips, $4.90 bounty) 
Seat 3: haidima (9428 in chips, $4.90 bounty) 
Seat 4: Mahu2021 (5615 in chips, $4.90 bounty) 
Seat 5: q0880 (12659 in chips, $4.90 bounty) 
Seat 6: Jackstar11 (9704 in chips, $4.90 bounty) 
Seat 7: JustPray (4189 in chips, $4.90 bounty) 
Seat 8: DomDess101 (12391 in chips, $4.90 bounty) 
Knobben77: posts the ante 16
vikk35: posts the ante 16
haidima: posts the ante 16
Mahu2021: posts the ante 16
q0880: posts the ante 16
Jackstar11: posts the ante 16
JustPray: posts the ante 16
DomDess101: posts the ante 16
q0880: posts small blind 60
Jackstar11: posts big blind 120
*** HOLE CARDS ***
Dealt to Mahu2021 [7c 5c]
JustPray: folds 
DomDess101: folds 
Knobben77: folds 
vikk35 is disconnected 
vikk35 is connected 
vikk35 is connected 
vikk35: folds 
haidima: folds 
Mahu2021: raises 120 to 240
q0880: folds 
Jackstar11: calls 120
*** FLOP *** [Ks Jd Kc]
Jackstar11: checks 
Mahu2021: bets 240
Jackstar11: folds 
Uncalled bet (240) returned to Mahu2021
Mahu2021 collected 668 from pot
Mahu2021: doesn't show hand 
*** SUMMARY ***
Total pot 668 | Rake 0 
Board [Ks Jd Kc]
Seat 1: Knobben77 folded before Flop (didn't bet)
Seat 2: vikk35 folded before Flop (didn't bet)
Seat 3: haidima folded before Flop (didn't bet)
Seat 4: Mahu2021 (button) collected (668)
Seat 5: q0880 (small blind) folded before Flop
Seat 6: Jackstar11 (big blind) folded on the Flop
Seat 7: JustPray folded before Flop (didn't bet)
Seat 8: DomDess101 folded before Flop (didn't bet)



PokerStars Hand #244718935353: Tournament #3610811799, $4.90+$4.90+$1.20 USD Hold'em No Limit - Level V (60/120) - 2023/07/09 20:42:45 CET [2023/07/09 14:42:45 ET]
Table '3610811799 1432' 8-max Seat #5 is the button
Seat 1: Knobben77 (18046 in chips, $7.35 bounty) 
Seat 2: vikk35 (9968 in chips, $4.90 bounty) 
Seat 3: haidima (9412 in chips, $4.90 bounty) 
Seat 4: Mahu2021 (6027 in chips, $4.90 bounty) 
Seat 5: q0880 (12583 in chips, $4.90 bounty) 
Seat 6: Jackstar11 (9448 in chips, $4.90 bounty) 
Seat 7: JustPray (4173 in chips, $4.90 bounty) 
Seat 8: DomDess101 (12375 in chips, $4.90 bounty) 
Knobben77: posts the ante 16
vikk35: posts the ante 16
haidima: posts the ante 16
Mahu2021: posts the ante 16
q0880: posts the ante 16
Jackstar11: posts the ante 16
JustPray: posts the ante 16
DomDess101: posts the ante 16
Jackstar11: posts small blind 60
JustPray: posts big blind 120
*** HOLE CARDS ***
Dealt to Mahu2021 [9s Ac]
DomDess101: folds 
Knobben77: folds 
vikk35: folds 
haidima: folds 
Mahu2021: raises 120 to 240
q0880: folds 
Jackstar11: calls 180
JustPray: calls 120
*** FLOP *** [As 8h Ks]
Jackstar11: checks 
JustPray: checks 
Mahu2021: bets 240
Jackstar11: calls 240
JustPray: folds 
*** TURN *** [As 8h Ks] [4d]
Jackstar11: checks 
Mahu2021: checks 
*** RIVER *** [As 8h Ks 4d] [9h]
Jackstar11: bets 1328
Mahu2021: raises 1672 to 3000
Jackstar11: calls 1672
*** SHOW DOWN ***
Mahu2021: shows [9s Ac] (two pair, Aces and Nines)
Jackstar11: mucks hand 
Mahu2021 collected 7328 from pot
*** SUMMARY ***
Total pot 7328 | Rake 0 
Board [As 8h Ks 4d 9h]
Seat 1: Knobben77 folded before Flop (didn't bet)
Seat 2: vikk35 folded before Flop (didn't bet)
Seat 3: haidima folded before Flop (didn't bet)
Seat 4: Mahu2021 showed [9s Ac] and won (7328) with two pair, Aces and Nines
Seat 5: q0880 (button) folded before Flop (didn't bet)
Seat 6: Jackstar11 (small blind) mucked [Ad 4s]
Seat 7: JustPray (big blind) folded on the Flop
Seat 8: DomDess101 folded before Flop (didn't bet)



PokerStars Hand #244718960282: Tournament #3610811799, $4.90+$4.90+$1.20 USD Hold'em No Limit - Level V (60/120) - 2023/07/09 20:43:48 CET [2023/07/09 14:43:48 ET]
Table '3610811799 1432' 8-max Seat #6 is the button
Seat 1: Knobben77 (18030 in chips, $7.35 bounty) 
Seat 3: haidima (9396 in chips, $4.90 bounty) 
Seat 4: Mahu2021 (9859 in chips, $4.90 bounty) 
Seat 5: q0880 (12567 in chips, $4.90 bounty) 
Seat 6: Jackstar11 (5952 in chips, $4.90 bounty) 
Seat 7: JustPray (3917 in chips, $4.90 bounty) 
Seat 8: DomDess101 (12359 in chips, $4.90 bounty) 
Knobben77: posts the ante 16
haidima: posts the ante 16
Mahu2021: posts the ante 16
q0880: posts the ante 16
Jackstar11: posts the ante 16
JustPray: posts the ante 16
DomDess101: posts the ante 16
JustPray: posts small blind 60
DomDess101: posts big blind 120
*** HOLE CARDS ***
Dealt to Mahu2021 [6h Kc]
Fugliee is disconnected 
Knobben77: folds 
haidima: folds 
Mahu2021: folds 
q0880: folds 
Jackstar11: folds 
JustPray: folds 
Uncalled bet (60) returned to DomDess101
DomDess101 collected 232 from pot
*** SUMMARY ***
Total pot 232 | Rake 0 
Seat 1: Knobben77 folded before Flop (didn't bet)
Seat 3: haidima folded before Flop (didn't bet)
Seat 4: Mahu2021 folded before Flop (didn't bet)
Seat 5: q0880 folded before Flop (didn't bet)
Seat 6: Jackstar11 (button) folded before Flop (didn't bet)
Seat 7: JustPray (small blind) folded before Flop
Seat 8: DomDess101 (big blind) collected (232)



PokerStars Hand #244718969088: Tournament #3610811799, $4.90+$4.90+$1.20 USD Hold'em No Limit - Level V (60/120) - 2023/07/09 20:44:10 CET [2023/07/09 14:44:10 ET]
Table '3610811799 1432' 8-max Seat #7 is the button
Seat 1: Knobben77 (18014 in chips, $7.35 bounty) 
Seat 2: Fugliee (10000 in chips, $4.90 bounty) 
Seat 3: haidima (9380 in chips, $4.90 bounty) 
Seat 4: Mahu2021 (9843 in chips, $4.90 bounty) 
Seat 5: q0880 (12551 in chips, $4.90 bounty) 
Seat 6: Jackstar11 (5936 in chips, $4.90 bounty) 
Seat 7: JustPray (3841 in chips, $4.90 bounty) 
Seat 8: DomDess101 (12515 in chips, $4.90 bounty) 
Knobben77: posts the ante 16
Fugliee: posts the ante 16
haidima: posts the ante 16
Mahu2021: posts the ante 16
q0880: posts the ante 16
Jackstar11: posts the ante 16
JustPray: posts the ante 16
DomDess101: posts the ante 16
DomDess101: posts small blind 60
Knobben77: posts big blind 120
*** HOLE CARDS ***
Dealt to Mahu2021 [6h 2s]
Fugliee: folds 
haidima: folds 
Mahu2021: folds 
q0880: folds 
Jackstar11: folds 
JustPray: folds 
DomDess101: raises 180 to 300
Knobben77: folds 
Uncalled bet (180) returned to DomDess101
DomDess101 collected 368 from pot
*** SUMMARY ***
Total pot 368 | Rake 0 
Seat 1: Knobben77 (big blind) folded before Flop
Seat 2: Fugliee folded before Flop (didn't bet)
Seat 3: haidima folded before Flop (didn't bet)
Seat 4: Mahu2021 folded before Flop (didn't bet)
Seat 5: q0880 folded before Flop (didn't bet)
Seat 6: Jackstar11 folded before Flop (didn't bet)
Seat 7: JustPray (button) folded before Flop (didn't bet)
Seat 8: DomDess101 (small blind) collected (368)



PokerStars Hand #244718979254: Tournament #3610811799, $4.90+$4.90+$1.20 USD Hold'em No Limit - Level V (60/120) - 2023/07/09 20:44:35 CET [2023/07/09 14:44:35 ET]
Table '3610811799 1432' 8-max Seat #8 is the button
Seat 1: Knobben77 (17878 in chips, $7.35 bounty) 
Seat 2: Fugliee (9984 in chips, $4.90 bounty) 
Seat 3: haidima (9364 in chips, $4.90 bounty) 
Seat 4: Mahu2021 (9827 in chips, $4.90 bounty) 
Seat 5: q0880 (12535 in chips, $4.90 bounty) 
Seat 6: Jackstar11 (5920 in chips, $4.90 bounty) 
Seat 7: JustPray (3825 in chips, $4.90 bounty) 
Seat 8: DomDess101 (12747 in chips, $4.90 bounty) 
Knobben77: posts the ante 16
Fugliee: posts the ante 16
haidima: posts the ante 16
Mahu2021: posts the ante 16
q0880: posts the ante 16
Jackstar11: posts the ante 16
JustPray: posts the ante 16
DomDess101: posts the ante 16
Knobben77: posts small blind 60
Fugliee: posts big blind 120
*** HOLE CARDS ***
Dealt to Mahu2021 [Kd 7h]
haidima: folds 
Mahu2021: folds 
q0880: folds 
Jackstar11: folds 
JustPray: folds 
DomDess101: folds 
Knobben77: folds 
Uncalled bet (60) returned to Fugliee
Fugliee collected 248 from pot
Fugliee: doesn't show hand 
*** SUMMARY ***
Total pot 248 | Rake 0 
Seat 1: Knobben77 (small blind) folded before Flop
Seat 2: Fugliee (big blind) collected (248)
Seat 3: haidima folded before Flop (didn't bet)
Seat 4: Mahu2021 folded before Flop (didn't bet)
Seat 5: q0880 folded before Flop (didn't bet)
Seat 6: Jackstar11 folded before Flop (didn't bet)
Seat 7: JustPray folded before Flop (didn't bet)
Seat 8: DomDess101 (button) folded before Flop (didn't bet)



PokerStars Hand #244718993059: Tournament #3610811799, $4.90+$4.90+$1.20 USD Hold'em No Limit - Level V (60/120) - 2023/07/09 20:45:10 CET [2023/07/09 14:45:10 ET]
Table '3610811799 1432' 8-max Seat #1 is the button
Seat 1: Knobben77 (17802 in chips, $7.35 bounty) 
Seat 2: Fugliee (10156 in chips, $4.90 bounty) 
Seat 3: haidima (9348 in chips, $4.90 bounty) 
Seat 4: Mahu2021 (9811 in chips, $4.90 bounty) 
Seat 5: q0880 (12519 in chips, $4.90 bounty) 
Seat 6: Jackstar11 (5904 in chips, $4.90 bounty) 
Seat 7: JustPray (3809 in chips, $4.90 bounty) 
Seat 8: DomDess101 (12731 in chips, $4.90 bounty) 
Knobben77: posts the ante 16
Fugliee: posts the ante 16
haidima: posts the ante 16
Mahu2021: posts the ante 16
q0880: posts the ante 16
Jackstar11: posts the ante 16
JustPray: posts the ante 16
DomDess101: posts the ante 16
Fugliee: posts small blind 60
haidima: posts big blind 120
*** HOLE CARDS ***
Dealt to Mahu2021 [8h 6c]
Mahu2021: folds 
q0880: folds 
Jackstar11: folds 
JustPray: raises 120 to 240
DomDess101: folds 
Knobben77: folds 
Fugliee: folds 
haidima: raises 600 to 840
JustPray: folds 
Uncalled bet (600) returned to haidima
haidima collected 668 from pot
haidima: doesn't show hand 
*** SUMMARY ***
Total pot 668 | Rake 0 
Seat 1: Knobben77 (button) folded before Flop (didn't bet)
Seat 2: Fugliee (small blind) folded before Flop
Seat 3: haidima (big blind) collected (668)
Seat 4: Mahu2021 folded before Flop (didn't bet)
Seat 5: q0880 folded before Flop (didn't bet)
Seat 6: Jackstar11 folded before Flop (didn't bet)
Seat 7: JustPray folded before Flop
Seat 8: DomDess101 folded before Flop (didn't bet)



PokerStars Hand #244719005182: Tournament #3610811799, $4.90+$4.90+$1.20 USD Hold'em No Limit - Level V (60/120) - 2023/07/09 20:45:40 CET [2023/07/09 14:45:40 ET]
Table '3610811799 1432' 8-max Seat #2 is the button
Seat 1: Knobben77 (17786 in chips, $7.35 bounty) 
Seat 2: Fugliee (10080 in chips, $4.90 bounty) 
Seat 3: haidima (9760 in chips, $4.90 bounty) 
Seat 4: Mahu2021 (9795 in chips, $4.90 bounty) 
Seat 5: q0880 (12503 in chips, $4.90 bounty) 
Seat 6: Jackstar11 (5888 in chips, $4.90 bounty) 
Seat 7: JustPray (3553 in chips, $4.90 bounty) 
Seat 8: DomDess101 (12715 in chips, $4.90 bounty) 
Knobben77: posts the ante 16
Fugliee: posts the ante 16
haidima: posts the ante 16
Mahu2021: posts the ante 16
q0880: posts the ante 16
Jackstar11: posts the ante 16
JustPray: posts the ante 16
DomDess101: posts the ante 16
haidima: posts small blind 60
Mahu2021: posts big blind 120
*** HOLE CARDS ***
Dealt to Mahu2021 [3d 3h]
q0880 has timed out
q0880: folds 
q0880 is sitting out
q0880 has returned
Jackstar11: folds 
JustPray: folds 
DomDess101: raises 180 to 300
Knobben77: folds 
Fugliee: folds 
haidima: calls 240
Mahu2021: calls 180
*** FLOP *** [Kd 9h 8d]
haidima: checks 
Mahu2021: checks 
DomDess101: bets 514
haidima: folds 
Mahu2021: folds 
Uncalled bet (514) returned to DomDess101
DomDess101 collected 1028 from pot
*** SUMMARY ***
Total pot 1028 | Rake 0 
Board [Kd 9h 8d]
Seat 1: Knobben77 folded before Flop (didn't bet)
Seat 2: Fugliee (button) folded before Flop (didn't bet)
Seat 3: haidima (small blind) folded on the Flop
Seat 4: Mahu2021 (big blind) folded on the Flop
Seat 5: q0880 folded before Flop (didn't bet)
Seat 6: Jackstar11 folded before Flop (didn't bet)
Seat 7: JustPray folded before Flop (didn't bet)
Seat 8: DomDess101 collected (1028)



PokerStars Hand #244719034050: Tournament #3610811799, $4.90+$4.90+$1.20 USD Hold'em No Limit - Level V (60/120) - 2023/07/09 20:46:53 CET [2023/07/09 14:46:53 ET]
Table '3610811799 1432' 8-max Seat #3 is the button
Seat 1: Knobben77 (17770 in chips, $7.35 bounty) 
Seat 2: Fugliee (10064 in chips, $4.90 bounty) 
Seat 3: haidima (9444 in chips, $4.90 bounty) 
Seat 4: Mahu2021 (9479 in chips, $4.90 bounty) 
Seat 5: q0880 (12487 in chips, $4.90 bounty) 
Seat 6: Jackstar11 (5872 in chips, $4.90 bounty) 
Seat 7: JustPray (3537 in chips, $4.90 bounty) 
Seat 8: DomDess101 (13427 in chips, $4.90 bounty) 
Knobben77: posts the ante 16
Fugliee: posts the ante 16
haidima: posts the ante 16
Mahu2021: posts the ante 16
q0880: posts the ante 16
Jackstar11: posts the ante 16
JustPray: posts the ante 16
DomDess101: posts the ante 16
Mahu2021: posts small blind 60
q0880: posts big blind 120
*** HOLE CARDS ***
Dealt to Mahu2021 [8h Th]
Jackstar11: folds 
JustPray: folds 
DomDess101: raises 180 to 300
Knobben77: folds 
Fugliee: folds 
haidima: folds 
Mahu2021: calls 240
q0880: folds 
*** FLOP *** [3h 5c 5s]
Mahu2021: checks 
DomDess101: bets 424
Mahu2021: folds 
Uncalled bet (424) returned to DomDess101
DomDess101 collected 848 from pot
*** SUMMARY ***
Total pot 848 | Rake 0 
Board [3h 5c 5s]
Seat 1: Knobben77 folded before Flop (didn't bet)
Seat 2: Fugliee folded before Flop (didn't bet)
Seat 3: haidima (button) folded before Flop (didn't bet)
Seat 4: Mahu2021 (small blind) folded on the Flop
Seat 5: q0880 (big blind) folded before Flop
Seat 6: Jackstar11 folded before Flop (didn't bet)
Seat 7: JustPray folded before Flop (didn't bet)
Seat 8: DomDess101 collected (848)



PokerStars Hand #244719050572: Tournament #3610811799, $4.90+$4.90+$1.20 USD Hold'em No Limit - Level V (60/120) - 2023/07/09 20:47:35 CET [2023/07/09 14:47:35 ET]
Table '3610811799 1432' 8-max Seat #4 is the button
Seat 1: Knobben77 (17754 in chips, $7.35 bounty) 
Seat 2: Fugliee (10048 in chips, $4.90 bounty) 
Seat 3: haidima (9428 in chips, $4.90 bounty) 
Seat 4: Mahu2021 (9163 in chips, $4.90 bounty) 
Seat 5: q0880 (12351 in chips, $4.90 bounty) 
Seat 6: Jackstar11 (5856 in chips, $4.90 bounty) 
Seat 7: JustPray (3521 in chips, $4.90 bounty) 
Seat 8: DomDess101 (13959 in chips, $4.90 bounty) 
Knobben77: posts the ante 16
Fugliee: posts the ante 16
haidima: posts the ante 16
Mahu2021: posts the ante 16
q0880: posts the ante 16
Jackstar11: posts the ante 16
JustPray: posts the ante 16
DomDess101: posts the ante 16
q0880: posts small blind 60
Jackstar11: posts big blind 120
*** HOLE CARDS ***
Dealt to Mahu2021 [7h 5c]
JustPray: folds 
DomDess101: folds 
Knobben77: folds 
Fugliee: folds 
haidima: folds 
Mahu2021: folds 
q0880: raises 120 to 240
Jackstar11: calls 120
*** FLOP *** [Tc Ac Ks]
q0880: checks 
Jackstar11: bets 304
q0880: folds 
Uncalled bet (304) returned to Jackstar11
Jackstar11 collected 608 from pot
Jackstar11: doesn't show hand 
*** SUMMARY ***
Total pot 608 | Rake 0 
Board [Tc Ac Ks]
Seat 1: Knobben77 folded before Flop (didn't bet)
Seat 2: Fugliee folded before Flop (didn't bet)
Seat 3: haidima folded before Flop (didn't bet)
Seat 4: Mahu2021 (button) folded before Flop (didn't bet)
Seat 5: q0880 (small blind) folded on the Flop
Seat 6: Jackstar11 (big blind) collected (608)
Seat 7: JustPray folded before Flop (didn't bet)
Seat 8: DomDess101 folded before Flop (didn't bet)



PokerStars Hand #244719067573: Tournament #3610811799, $4.90+$4.90+$1.20 USD Hold'em No Limit - Level V (60/120) - 2023/07/09 20:48:18 CET [2023/07/09 14:48:18 ET]
Table '3610811799 1432' 8-max Seat #5 is the button
Seat 1: Knobben77 (17738 in chips, $7.35 bounty) 
Seat 2: Fugliee (10032 in chips, $4.90 bounty) 
Seat 3: haidima (9412 in chips, $4.90 bounty) 
Seat 4: Mahu2021 (9147 in chips, $4.90 bounty) 
Seat 5: q0880 (12095 in chips, $4.90 bounty) 
Seat 6: Jackstar11 (6208 in chips, $4.90 bounty) 
Seat 7: JustPray (3505 in chips, $4.90 bounty) 
Seat 8: DomDess101 (13943 in chips, $4.90 bounty) 
Knobben77: posts the ante 16
Fugliee: posts the ante 16
haidima: posts the ante 16
Mahu2021: posts the ante 16
q0880: posts the ante 16
Jackstar11: posts the ante 16
JustPray: posts the ante 16
DomDess101: posts the ante 16
Jackstar11: posts small blind 60
JustPray: posts big blind 120
*** HOLE CARDS ***
Dealt to Mahu2021 [7h Tc]
DomDess101: raises 156 to 276
Knobben77: folds 
Fugliee: folds 
haidima: calls 276
Mahu2021: folds 
q0880: folds 
Jackstar11: folds 
JustPray: folds 
*** FLOP *** [8s 7c Kh]
DomDess101: checks 
haidima: bets 430
DomDess101: folds 
Uncalled bet (430) returned to haidima
haidima collected 860 from pot
haidima: doesn't show hand 
*** SUMMARY ***
Total pot 860 | Rake 0 
Board [8s 7c Kh]
Seat 1: Knobben77 folded before Flop (didn't bet)
Seat 2: Fugliee folded before Flop (didn't bet)
Seat 3: haidima collected (860)
Seat 4: Mahu2021 folded before Flop (didn't bet)
Seat 5: q0880 (button) folded before Flop (didn't bet)
Seat 6: Jackstar11 (small blind) folded before Flop
Seat 7: JustPray (big blind) folded before Flop
Seat 8: DomDess101 folded on the Flop



PokerStars Hand #244719084841: Tournament #3610811799, $4.90+$4.90+$1.20 USD Hold'em No Limit - Level V (60/120) - 2023/07/09 20:49:01 CET [2023/07/09 14:49:01 ET]
Table '3610811799 1432' 8-max Seat #6 is the button
Seat 1: Knobben77 (17722 in chips, $7.35 bounty) 
Seat 2: Fugliee (10016 in chips, $4.90 bounty) 
Seat 3: haidima (9980 in chips, $4.90 bounty) 
Seat 4: Mahu2021 (9131 in chips, $4.90 bounty) 
Seat 5: q0880 (12079 in chips, $4.90 bounty) 
Seat 6: Jackstar11 (6132 in chips, $4.90 bounty) 
Seat 7: JustPray (3369 in chips, $4.90 bounty) 
Knobben77: posts the ante 16
Fugliee: posts the ante 16
haidima: posts the ante 16
Mahu2021: posts the ante 16
q0880: posts the ante 16
Jackstar11: posts the ante 16
JustPray: posts the ante 16
JustPray: posts small blind 60
Knobben77: posts big blind 120
*** HOLE CARDS ***
Dealt to Mahu2021 [Qh 9s]
Fugliee: folds 
haidima: folds 
Mahu2021: folds 
q0880: folds 
ROCHNBIS is disconnected 
Jackstar11: raises 120 to 240
JustPray: folds 
Knobben77: folds 
Uncalled bet (120) returned to Jackstar11
Jackstar11 collected 412 from pot
Jackstar11: doesn't show hand 
*** SUMMARY ***
Total pot 412 | Rake 0 
Seat 1: Knobben77 (big blind) folded before Flop
Seat 2: Fugliee folded before Flop (didn't bet)
Seat 3: haidima folded before Flop (didn't bet)
Seat 4: Mahu2021 folded before Flop (didn't bet)
Seat 5: q0880 folded before Flop (didn't bet)
Seat 6: Jackstar11 (button) collected (412)
Seat 7: JustPray (small blind) folded before Flop



PokerStars Hand #244719095372: Tournament #3610811799, $4.90+$4.90+$1.20 USD Hold'em No Limit - Level V (60/120) - 2023/07/09 20:49:27 CET [2023/07/09 14:49:27 ET]
Table '3610811799 1432' 8-max Seat #7 is the button
Seat 1: Knobben77 (17586 in chips, $7.35 bounty) 
Seat 2: Fugliee (10000 in chips, $4.90 bounty) 
Seat 3: haidima (9964 in chips, $4.90 bounty) 
Seat 4: Mahu2021 (9115 in chips, $4.90 bounty) 
Seat 5: q0880 (12063 in chips, $4.90 bounty) 
Seat 6: Jackstar11 (6408 in chips, $4.90 bounty) 
Seat 7: JustPray (3293 in chips, $4.90 bounty) 
Seat 8: ROCHNBIS (10000 in chips) out of hand (moved from another table into small blind)
ROCHNBIS will be allowed to play after the button
Knobben77: posts the ante 16
Fugliee: posts the ante 16
haidima: posts the ante 16
Mahu2021: posts the ante 16
q0880: posts the ante 16
Jackstar11: posts the ante 16
JustPray: posts the ante 16
Knobben77: posts small blind 60
Fugliee: posts big blind 120
*** HOLE CARDS ***
Dealt to Mahu2021 [4h Jh]
haidima: folds 
Mahu2021: folds 
q0880: folds 
Jackstar11: raises 120 to 240
JustPray: folds 
Knobben77: folds 
Fugliee: calls 120
*** FLOP *** [9s 9h 5d]
Fugliee: checks 
Jackstar11: bets 326
Fugliee: calls 326
*** TURN *** [9s 9h 5d] [Ks]
Fugliee: checks 
Jackstar11: checks 
*** RIVER *** [9s 9h 5d Ks] [Kc]
Fugliee: checks 
Jackstar11: bets 652
Fugliee: calls 652
*** SHOW DOWN ***
Jackstar11: shows [7s Ah] (two pair, Kings and Nines)
Fugliee: shows [Qc As] (two pair, Kings and Nines)
Fugliee collected 1304 from pot
Jackstar11 collected 1304 from pot
*** SUMMARY ***
Total pot 2608 | Rake 0 
Board [9s 9h 5d Ks Kc]
Seat 1: Knobben77 (small blind) folded before Flop
Seat 2: Fugliee (big blind) showed [Qc As] and won (1304) with two pair, Kings and Nines
Seat 3: haidima folded before Flop (didn't bet)
Seat 4: Mahu2021 folded before Flop (didn't bet)
Seat 5: q0880 folded before Flop (didn't bet)
Seat 6: Jackstar11 showed [7s Ah] and won (1304) with two pair, Kings and Nines
Seat 7: JustPray (button) folded before Flop (didn't bet)



PokerStars Hand #244719126703: Tournament #3610811799, $4.90+$4.90+$1.20 USD Hold'em No Limit - Level VI (80/160) - 2023/07/09 20:50:45 CET [2023/07/09 14:50:45 ET]
Table '3610811799 1432' 8-max Seat #1 is the button
Seat 1: Knobben77 (17510 in chips, $7.35 bounty) 
Seat 2: Fugliee (10070 in chips, $4.90 bounty) 
Seat 3: haidima (9948 in chips, $4.90 bounty) 
Seat 4: Mahu2021 (9099 in chips, $4.90 bounty) 
Seat 5: q0880 (12047 in chips, $4.90 bounty) 
Seat 6: Jackstar11 (6478 in chips, $4.90 bounty) 
Seat 7: JustPray (3277 in chips, $4.90 bounty) 
Seat 8: ROCHNBIS (10000 in chips, $4.90 bounty) 
Knobben77: posts the ante 20
Fugliee: posts the ante 20
haidima: posts the ante 20
Mahu2021: posts the ante 20
q0880: posts the ante 20
Jackstar11: posts the ante 20
JustPray: posts the ante 20
ROCHNBIS: posts the ante 20
Fugliee: posts small blind 80
haidima: posts big blind 160
*** HOLE CARDS ***
Dealt to Mahu2021 [7s Kh]
Mahu2021: folds 
q0880: folds 
Jackstar11: folds 
JustPray: raises 160 to 320
ROCHNBIS: folds 
Knobben77: folds 
Fugliee: calls 240
haidima: calls 160
*** FLOP *** [3s 3d 9h]
Fugliee: checks 
haidima: checks 
JustPray: bets 336
Fugliee: calls 336
haidima: folds 
*** TURN *** [3s 3d 9h] [2c]
Fugliee: checks 
JustPray: bets 538
Fugliee: calls 538
*** RIVER *** [3s 3d 9h 2c] [Ks]
Fugliee: checks 
JustPray: checks 
*** SHOW DOWN ***
Fugliee: shows [Ad Qs] (a pair of Threes)
JustPray: shows [9d 8d] (two pair, Nines and Threes)
JustPray collected 2868 from pot
*** SUMMARY ***
Total pot 2868 | Rake 0 
Board [3s 3d 9h 2c Ks]
Seat 1: Knobben77 (button) folded before Flop (didn't bet)
Seat 2: Fugliee (small blind) showed [Ad Qs] and lost with a pair of Threes
Seat 3: haidima (big blind) folded on the Flop
Seat 4: Mahu2021 folded before Flop (didn't bet)
Seat 5: q0880 folded before Flop (didn't bet)
Seat 6: Jackstar11 folded before Flop (didn't bet)
Seat 7: JustPray showed [9d 8d] and won (2868) with two pair, Nines and Threes
Seat 8: ROCHNBIS folded before Flop (didn't bet)



PokerStars Hand #244719162090: Tournament #3610811799, $4.90+$4.90+$1.20 USD Hold'em No Limit - Level VI (80/160) - 2023/07/09 20:52:14 CET [2023/07/09 14:52:14 ET]
Table '3610811799 1432' 8-max Seat #2 is the button
Seat 1: Knobben77 (17490 in chips, $7.35 bounty) 
Seat 2: Fugliee (8856 in chips, $4.90 bounty) 
Seat 3: haidima (9608 in chips, $4.90 bounty) 
Seat 4: Mahu2021 (9079 in chips, $4.90 bounty) 
Seat 5: q0880 (12027 in chips, $4.90 bounty) 
Seat 6: Jackstar11 (6458 in chips, $4.90 bounty) 
Seat 7: JustPray (4931 in chips, $4.90 bounty) 
Seat 8: ROCHNBIS (9980 in chips, $4.90 bounty) 
Knobben77: posts the ante 20
Fugliee: posts the ante 20
haidima: posts the ante 20
Mahu2021: posts the ante 20
q0880: posts the ante 20
Jackstar11: posts the ante 20
JustPray: posts the ante 20
ROCHNBIS: posts the ante 20
haidima: posts small blind 80
Mahu2021: posts big blind 160
*** HOLE CARDS ***
Dealt to Mahu2021 [9c 6s]
q0880: folds 
Jackstar11: folds 
JustPray: folds 
ROCHNBIS: folds 
Knobben77: folds 
Fugliee: folds 
haidima: folds 
Uncalled bet (80) returned to Mahu2021
Mahu2021 collected 320 from pot
Mahu2021: doesn't show hand 
*** SUMMARY ***
Total pot 320 | Rake 0 
Seat 1: Knobben77 folded before Flop (didn't bet)
Seat 2: Fugliee (button) folded before Flop (didn't bet)
Seat 3: haidima (small blind) folded before Flop
Seat 4: Mahu2021 (big blind) collected (320)
Seat 5: q0880 folded before Flop (didn't bet)
Seat 6: Jackstar11 folded before Flop (didn't bet)
Seat 7: JustPray folded before Flop (didn't bet)
Seat 8: ROCHNBIS folded before Flop (didn't bet)



PokerStars Hand #244719171035: Tournament #3610811799, $4.90+$4.90+$1.20 USD Hold'em No Limit - Level VI (80/160) - 2023/07/09 20:52:37 CET [2023/07/09 14:52:37 ET]
Table '3610811799 1432' 8-max Seat #3 is the button
Seat 1: Knobben77 (17470 in chips, $7.35 bounty) 
Seat 2: Fugliee (8836 in chips, $4.90 bounty) 
Seat 3: haidima (9508 in chips, $4.90 bounty) 
Seat 4: Mahu2021 (9299 in chips, $4.90 bounty) 
Seat 5: q0880 (12007 in chips, $4.90 bounty) 
Seat 6: Jackstar11 (6438 in chips, $4.90 bounty) 
Seat 7: JustPray (4911 in chips, $4.90 bounty) 
Seat 8: ROCHNBIS (9960 in chips, $4.90 bounty) 
Knobben77: posts the ante 20
Fugliee: posts the ante 20
haidima: posts the ante 20
Mahu2021: posts the ante 20
q0880: posts the ante 20
Jackstar11: posts the ante 20
JustPray: posts the ante 20
ROCHNBIS: posts the ante 20
Mahu2021: posts small blind 80
q0880: posts big blind 160
*** HOLE CARDS ***
Dealt to Mahu2021 [Qh Ac]
Jackstar11: folds 
JustPray: folds 
ROCHNBIS: calls 160
Knobben77: folds 
Fugliee: folds 
haidima: folds 
Mahu2021: raises 480 to 640
q0880: folds 
ROCHNBIS: calls 480
*** FLOP *** [6c Ah 7h]
Mahu2021: bets 1600
ROCHNBIS: folds 
Uncalled bet (1600) returned to Mahu2021
Mahu2021 collected 1600 from pot
Mahu2021: doesn't show hand 
*** SUMMARY ***
Total pot 1600 | Rake 0 
Board [6c Ah 7h]
Seat 1: Knobben77 folded before Flop (didn't bet)
Seat 2: Fugliee folded before Flop (didn't bet)
Seat 3: haidima (button) folded before Flop (didn't bet)
Seat 4: Mahu2021 (small blind) collected (1600)
Seat 5: q0880 (big blind) folded before Flop
Seat 6: Jackstar11 folded before Flop (didn't bet)
Seat 7: JustPray folded before Flop (didn't bet)
Seat 8: ROCHNBIS folded on the Flop



PokerStars Hand #244719189384: Tournament #3610811799, $4.90+$4.90+$1.20 USD Hold'em No Limit - Level VI (80/160) - 2023/07/09 20:53:23 CET [2023/07/09 14:53:23 ET]
Table '3610811799 1432' 8-max Seat #4 is the button
Seat 1: Knobben77 (17450 in chips, $7.35 bounty) 
Seat 2: Fugliee (8816 in chips, $4.90 bounty) 
Seat 3: haidima (9488 in chips, $4.90 bounty) 
Seat 4: Mahu2021 (10239 in chips, $4.90 bounty) 
Seat 5: q0880 (11827 in chips, $4.90 bounty) 
Seat 6: Jackstar11 (6418 in chips, $4.90 bounty) 
Seat 7: JustPray (4891 in chips, $4.90 bounty) 
Seat 8: ROCHNBIS (9300 in chips, $4.90 bounty) 
Knobben77: posts the ante 20
Fugliee: posts the ante 20
haidima: posts the ante 20
Mahu2021: posts the ante 20
q0880: posts the ante 20
Jackstar11: posts the ante 20
JustPray: posts the ante 20
ROCHNBIS: posts the ante 20
q0880: posts small blind 80
Jackstar11: posts big blind 160
*** HOLE CARDS ***
Dealt to Mahu2021 [2c Kh]
JustPray: folds 
ROCHNBIS: folds 
Knobben77: folds 
Fugliee: folds 
haidima: folds 
Mahu2021: folds 
q0880: folds 
Uncalled bet (80) returned to Jackstar11
Jackstar11 collected 320 from pot
Jackstar11: doesn't show hand 
*** SUMMARY ***
Total pot 320 | Rake 0 
Seat 1: Knobben77 folded before Flop (didn't bet)
Seat 2: Fugliee folded before Flop (didn't bet)
Seat 3: haidima folded before Flop (didn't bet)
Seat 4: Mahu2021 (button) folded before Flop (didn't bet)
Seat 5: q0880 (small blind) folded before Flop
Seat 6: Jackstar11 (big blind) collected (320)
Seat 7: JustPray folded before Flop (didn't bet)
Seat 8: ROCHNBIS folded before Flop (didn't bet)



PokerStars Hand #244719202620: Tournament #3610811799, $4.90+$4.90+$1.20 USD Hold'em No Limit - Level VI (80/160) - 2023/07/09 20:53:56 CET [2023/07/09 14:53:56 ET]
Table '3610811799 1432' 8-max Seat #5 is the button
Seat 1: Knobben77 (17430 in chips, $7.35 bounty) 
Seat 2: Fugliee (8796 in chips, $4.90 bounty) 
Seat 3: haidima (9468 in chips, $4.90 bounty) 
Seat 4: Mahu2021 (10219 in chips, $4.90 bounty) 
Seat 5: q0880 (11727 in chips, $4.90 bounty) 
Seat 6: Jackstar11 (6638 in chips, $4.90 bounty) 
Seat 7: JustPray (4871 in chips, $4.90 bounty) 
Seat 8: ROCHNBIS (9280 in chips, $4.90 bounty) 
Knobben77: posts the ante 20
Fugliee: posts the ante 20
haidima: posts the ante 20
Mahu2021: posts the ante 20
q0880: posts the ante 20
Jackstar11: posts the ante 20
JustPray: posts the ante 20
ROCHNBIS: posts the ante 20
Jackstar11: posts small blind 80
JustPray: posts big blind 160
*** HOLE CARDS ***
Dealt to Mahu2021 [4s Kc]
ROCHNBIS: folds 
Knobben77: folds 
Fugliee: folds 
haidima: folds 
Mahu2021: folds 
q0880: raises 160 to 320
Jackstar11: folds 
JustPray: raises 800 to 1120
q0880: raises 2480 to 3600
JustPray: folds 
Uncalled bet (2480) returned to q0880
q0880 collected 2480 from pot
q0880: doesn't show hand 
*** SUMMARY ***
Total pot 2480 | Rake 0 
Seat 1: Knobben77 folded before Flop (didn't bet)
Seat 2: Fugliee folded before Flop (didn't bet)
Seat 3: haidima folded before Flop (didn't bet)
Seat 4: Mahu2021 folded before Flop (didn't bet)
Seat 5: q0880 (button) collected (2480)
Seat 6: Jackstar11 (small blind) folded before Flop
Seat 7: JustPray (big blind) folded before Flop
Seat 8: ROCHNBIS folded before Flop (didn't bet)



PokerStars Hand #244719216071: Tournament #3610811799, $4.90+$4.90+$1.20 USD Hold'em No Limit - Level VI (80/160) - 2023/07/09 20:54:30 CET [2023/07/09 14:54:30 ET]
Table '3610811799 1432' 8-max Seat #6 is the button
Seat 1: Knobben77 (17410 in chips, $7.35 bounty) 
Seat 2: Fugliee (8776 in chips, $4.90 bounty) 
Seat 3: haidima (9448 in chips, $4.90 bounty) 
Seat 4: Mahu2021 (10199 in chips, $4.90 bounty) 
Seat 5: q0880 (13067 in chips, $4.90 bounty) 
Seat 6: Jackstar11 (6538 in chips, $4.90 bounty) 
Seat 7: JustPray (3731 in chips, $4.90 bounty) 
Seat 8: ROCHNBIS (9260 in chips, $4.90 bounty) 
Knobben77: posts the ante 20
Fugliee: posts the ante 20
haidima: posts the ante 20
Mahu2021: posts the ante 20
q0880: posts the ante 20
Jackstar11: posts the ante 20
JustPray: posts the ante 20
ROCHNBIS: posts the ante 20
JustPray: posts small blind 80
ROCHNBIS: posts big blind 160
*** HOLE CARDS ***
Dealt to Mahu2021 [2c 6h]
Knobben77: raises 160 to 320
Fugliee: raises 640 to 960
haidima: folds 
Mahu2021: folds 
q0880: folds 
Jackstar11: folds 
JustPray: folds 
ROCHNBIS: folds 
Knobben77: calls 640
*** FLOP *** [5c Ac Kh]
Knobben77: checks 
haidima is sitting out
Fugliee: bets 640
Knobben77: calls 640
*** TURN *** [5c Ac Kh] [7d]
Knobben77: checks 
Fugliee: bets 1944
Knobben77: folds 
Uncalled bet (1944) returned to Fugliee
Fugliee collected 3600 from pot
Fugliee: doesn't show hand 
*** SUMMARY ***
Total pot 3600 | Rake 0 
Board [5c Ac Kh 7d]
Seat 1: Knobben77 folded on the Turn
Seat 2: Fugliee collected (3600)
Seat 3: haidima folded before Flop (didn't bet)
Seat 4: Mahu2021 folded before Flop (didn't bet)
Seat 5: q0880 folded before Flop (didn't bet)
Seat 6: Jackstar11 (button) folded before Flop (didn't bet)
Seat 7: JustPray (small blind) folded before Flop
Seat 8: ROCHNBIS (big blind) folded before Flop



PokerStars Hand #244719339077: Tournament #3610811799, $4.90+$4.90+$1.20 USD Hold'em No Limit - Level VI (80/160) - 2023/07/09 21:02:20 CET [2023/07/09 15:02:20 ET]
Table '3610811799 1432' 8-max Seat #7 is the button
Seat 1: Knobben77 (15790 in chips, $7.35 bounty) 
Seat 2: Fugliee (10756 in chips, $4.90 bounty) 
Seat 3: haidima (9428 in chips, $4.90 bounty) is sitting out
Seat 4: Mahu2021 (10179 in chips, $4.90 bounty) 
Seat 5: q0880 (13047 in chips, $4.90 bounty) 
Seat 6: Jackstar11 (6518 in chips, $4.90 bounty) 
Seat 7: JustPray (3631 in chips, $4.90 bounty) 
Seat 8: ROCHNBIS (9080 in chips, $4.90 bounty) 
Knobben77: posts the ante 20
Fugliee: posts the ante 20
haidima: posts the ante 20
Mahu2021: posts the ante 20
q0880: posts the ante 20
Jackstar11: posts the ante 20
JustPray: posts the ante 20
ROCHNBIS: posts the ante 20
ROCHNBIS: posts small blind 80
Knobben77: posts big blind 160
*** HOLE CARDS ***
Dealt to Mahu2021 [Qd 9d]
Fugliee: folds 
haidima: folds 
Mahu2021: raises 160 to 320
q0880: folds 
Jackstar11: folds 
JustPray: folds 
ROCHNBIS: folds 
Knobben77: calls 160
*** FLOP *** [8s 9s 7d]
Knobben77: checks 
Mahu2021: bets 320
Knobben77: calls 320
*** TURN *** [8s 9s 7d] [9c]
Knobben77: checks 
Mahu2021: bets 320
Knobben77: calls 320
*** RIVER *** [8s 9s 7d 9c] [Kh]
Knobben77: checks 
Mahu2021: bets 2160
Knobben77: folds 
Uncalled bet (2160) returned to Mahu2021
Mahu2021 collected 2160 from pot
Mahu2021: doesn't show hand 
*** SUMMARY ***
Total pot 2160 | Rake 0 
Board [8s 9s 7d 9c Kh]
Seat 1: Knobben77 (big blind) folded on the River
Seat 2: Fugliee folded before Flop (didn't bet)
Seat 3: haidima folded before Flop (didn't bet)
Seat 4: Mahu2021 collected (2160)
Seat 5: q0880 folded before Flop (didn't bet)
Seat 6: Jackstar11 folded before Flop (didn't bet)
Seat 7: JustPray (button) folded before Flop (didn't bet)
Seat 8: ROCHNBIS (small blind) folded before Flop



PokerStars Hand #244719351158: Tournament #3610811799, $4.90+$4.90+$1.20 USD Hold'em No Limit - Level VI (80/160) - 2023/07/09 21:02:52 CET [2023/07/09 15:02:52 ET]
Table '3610811799 1432' 8-max Seat #8 is the button
Seat 1: Knobben77 (14810 in chips, $7.35 bounty) 
Seat 2: Fugliee (10736 in chips, $4.90 bounty) 
Seat 3: haidima (9408 in chips, $4.90 bounty) is sitting out
Seat 4: Mahu2021 (11359 in chips, $4.90 bounty) 
Seat 5: q0880 (13027 in chips, $4.90 bounty) 
Seat 6: Jackstar11 (6498 in chips, $4.90 bounty) 
Seat 7: JustPray (3611 in chips, $4.90 bounty) 
Seat 8: ROCHNBIS (8980 in chips, $4.90 bounty) 
Knobben77: posts the ante 20
Fugliee: posts the ante 20
haidima: posts the ante 20
Mahu2021: posts the ante 20
q0880: posts the ante 20
Jackstar11: posts the ante 20
JustPray: posts the ante 20
ROCHNBIS: posts the ante 20
Knobben77: posts small blind 80
Fugliee: posts big blind 160
*** HOLE CARDS ***
Dealt to Mahu2021 [Js Kh]
haidima: folds 
Mahu2021: folds 
q0880: folds 
Jackstar11: folds 
haidima has returned
JustPray: raises 160 to 320
ROCHNBIS: calls 320
Knobben77: folds 
Fugliee: folds 
*** FLOP *** [Tc 6d 3d]
JustPray: checks 
ROCHNBIS: checks 
*** TURN *** [Tc 6d 3d] [7d]
JustPray: bets 832
ROCHNBIS: folds 
Uncalled bet (832) returned to JustPray
JustPray collected 1040 from pot
JustPray: doesn't show hand 
*** SUMMARY ***
Total pot 1040 | Rake 0 
Board [Tc 6d 3d 7d]
Seat 1: Knobben77 (small blind) folded before Flop
Seat 2: Fugliee (big blind) folded before Flop
Seat 3: haidima folded before Flop (didn't bet)
Seat 4: Mahu2021 folded before Flop (didn't bet)
Seat 5: q0880 folded before Flop (didn't bet)
Seat 6: Jackstar11 folded before Flop (didn't bet)
Seat 7: JustPray collected (1040)
Seat 8: ROCHNBIS (button) folded on the Turn



PokerStars Hand #244719376870: Tournament #3610811799, $4.90+$4.90+$1.20 USD Hold'em No Limit - Level VI (80/160) - 2023/07/09 21:03:58 CET [2023/07/09 15:03:58 ET]
Table '3610811799 1432' 8-max Seat #1 is the button
Seat 1: Knobben77 (14710 in chips, $7.35 bounty) 
Seat 2: Fugliee (10556 in chips, $4.90 bounty) 
Seat 3: haidima (9388 in chips, $4.90 bounty) 
Seat 4: Mahu2021 (11339 in chips, $4.90 bounty) 
Seat 5: q0880 (13007 in chips, $4.90 bounty) 
Seat 6: Jackstar11 (6478 in chips, $4.90 bounty) 
Seat 7: JustPray (4311 in chips, $4.90 bounty) 
Seat 8: ROCHNBIS (8640 in chips, $4.90 bounty) 
Knobben77: posts the ante 20
Fugliee: posts the ante 20
haidima: posts the ante 20
Mahu2021: posts the ante 20
q0880: posts the ante 20
Jackstar11: posts the ante 20
JustPray: posts the ante 20
ROCHNBIS: posts the ante 20
Fugliee: posts small blind 80
haidima: posts big blind 160
*** HOLE CARDS ***
Dealt to Mahu2021 [8d Ks]
Mahu2021: folds 
q0880: folds 
Jackstar11: folds 
JustPray: folds 
ROCHNBIS: folds 
Knobben77: raises 160 to 320
Fugliee: folds 
haidima: calls 160
*** FLOP *** [3d Ts Jd]
haidima: checks 
Knobben77: checks 
*** TURN *** [3d Ts Jd] [5d]
haidima: bets 264
Knobben77: folds 
Uncalled bet (264) returned to haidima
haidima collected 880 from pot
haidima: doesn't show hand 
*** SUMMARY ***
Total pot 880 | Rake 0 
Board [3d Ts Jd 5d]
Seat 1: Knobben77 (button) folded on the Turn
Seat 2: Fugliee (small blind) folded before Flop
Seat 3: haidima (big blind) collected (880)
Seat 4: Mahu2021 folded before Flop (didn't bet)
Seat 5: q0880 folded before Flop (didn't bet)
Seat 6: Jackstar11 folded before Flop (didn't bet)
Seat 7: JustPray folded before Flop (didn't bet)
Seat 8: ROCHNBIS folded before Flop (didn't bet)



PokerStars Hand #244719401478: Tournament #3610811799, $4.90+$4.90+$1.20 USD Hold'em No Limit - Level VI (80/160) - 2023/07/09 21:04:57 CET [2023/07/09 15:04:57 ET]
Table '3610811799 1432' 8-max Seat #2 is the button
Seat 1: Knobben77 (14370 in chips, $7.35 bounty) 
Seat 2: Fugliee (10456 in chips, $4.90 bounty) 
Seat 3: haidima (9928 in chips, $4.90 bounty) 
Seat 4: Mahu2021 (11319 in chips, $4.90 bounty) 
Seat 5: q0880 (12987 in chips, $4.90 bounty) 
Seat 6: Jackstar11 (6458 in chips, $4.90 bounty) 
Seat 7: JustPray (4291 in chips, $4.90 bounty) 
Seat 8: ROCHNBIS (8620 in chips, $4.90 bounty) 
Knobben77: posts the ante 20
Fugliee: posts the ante 20
haidima: posts the ante 20
Mahu2021: posts the ante 20
q0880: posts the ante 20
Jackstar11: posts the ante 20
JustPray: posts the ante 20
ROCHNBIS: posts the ante 20
haidima: posts small blind 80
Mahu2021: posts big blind 160
*** HOLE CARDS ***
Dealt to Mahu2021 [Ts 9d]
q0880: folds 
Jackstar11: folds 
JustPray: folds 
ROCHNBIS: folds 
Knobben77: raises 160 to 320
Fugliee: folds 
haidima: calls 240
Mahu2021: calls 160
*** FLOP *** [Jd Tc 9h]
haidima: checks 
Mahu2021: bets 1120
Knobben77: calls 1120
haidima: folds 
*** TURN *** [Jd Tc 9h] [6d]
Mahu2021: bets 9859 and is all-in
Knobben77: calls 9859
*** RIVER *** [Jd Tc 9h 6d] [5s]
*** SHOW DOWN ***
Mahu2021: shows [Ts 9d] (two pair, Tens and Nines)
Knobben77: shows [8h 7h] (a straight, Seven to Jack)
Knobben77 collected 23078 from pot
Knobben77 wins $2.45 for eliminating Mahu2021 and their own bounty increases by $2.45 to $9.80
Mahu2021 finished the tournament
*** SUMMARY ***
Total pot 23078 | Rake 0 
Board [Jd Tc 9h 6d 5s]
Seat 1: Knobben77 showed [8h 7h] and won (23078) with a straight, Seven to Jack
Seat 2: Fugliee (button) folded before Flop (didn't bet)
Seat 3: haidima (small blind) folded on the Flop
Seat 4: Mahu2021 (big blind) showed [Ts 9d] and lost with two pair, Tens and Nines
Seat 5: q0880 folded before Flop (didn't bet)
Seat 6: Jackstar11 folded before Flop (didn't bet)
Seat 7: JustPray folded before Flop (didn't bet)
Seat 8: ROCHNBIS folded before Flop (didn't bet)



