PokerStars Hand #248082273462: Tournament #3696570340, $1.84+$0.16 USD Hold'em No Limit - Level I (10/20) - 2024/01/05 19:31:44 CET [2024/01/05 13:31:44 ET]
Table '3696570340 1' 3-max Seat #1 is the button
Seat 1: Mahu2021 (500 in chips) 
Seat 2: Fr3doEspr3so (500 in chips) 
Seat 3: kabyle400 (500 in chips) 
Fr3doEspr3so: posts small blind 10
kabyle400: posts big blind 20
*** HOLE CARDS ***
Dealt to Mahu2021 [4c 8c]
Mahu2021: folds 
Fr3doEspr3so: raises 27 to 47
kabyle400: calls 27
*** FLOP *** [9h Ts Kc]
Fr3doEspr3so: bets 29
kabyle400: raises 71 to 100
Fr3doEspr3so: calls 71
*** TURN *** [9h Ts Kc] [5d]
Fr3doEspr3so: checks 
kabyle400: bets 353 and is all-in
Fr3doEspr3so: folds 
Uncalled bet (353) returned to kabyle400
kabyle400 collected 294 from pot
kabyle400: doesn't show hand 
*** SUMMARY ***
Total pot 294 | Rake 0 
Board [9h Ts Kc 5d]
Seat 1: Mahu2021 (button) folded before Flop (didn't bet)
Seat 2: Fr3doEspr3so (small blind) folded on the Turn
Seat 3: kabyle400 (big blind) collected (294)



PokerStars Hand #248082291049: Tournament #3696570340, $1.84+$0.16 USD Hold'em No Limit - Level I (10/20) - 2024/01/05 19:32:32 CET [2024/01/05 13:32:32 ET]
Table '3696570340 1' 3-max Seat #2 is the button
Seat 1: Mahu2021 (500 in chips) 
Seat 2: Fr3doEspr3so (353 in chips) 
Seat 3: kabyle400 (647 in chips) 
kabyle400: posts small blind 10
Mahu2021: posts big blind 20
*** HOLE CARDS ***
Dealt to Mahu2021 [Jd 6s]
Fr3doEspr3so: calls 20
kabyle400: raises 627 to 647 and is all-in
Mahu2021: folds 
Fr3doEspr3so: calls 333 and is all-in
Uncalled bet (294) returned to kabyle400
*** FLOP *** [7h 7d 4d]
*** TURN *** [7h 7d 4d] [Jh]
*** RIVER *** [7h 7d 4d Jh] [5c]
*** SHOW DOWN ***
kabyle400: shows [2h 2s] (two pair, Sevens and Deuces)
Fr3doEspr3so: shows [Ah Qh] (a pair of Sevens)
kabyle400 collected 726 from pot
Fr3doEspr3so finished the tournament in 3rd place
*** SUMMARY ***
Total pot 726 | Rake 0 
Board [7h 7d 4d Jh 5c]
Seat 1: Mahu2021 (big blind) folded before Flop
Seat 2: Fr3doEspr3so (button) showed [Ah Qh] and lost with a pair of Sevens
Seat 3: kabyle400 (small blind) showed [2h 2s] and won (726) with two pair, Sevens and Deuces



PokerStars Hand #248082300605: Tournament #3696570340, $1.84+$0.16 USD Hold'em No Limit - Level I (10/20) - 2024/01/05 19:32:58 CET [2024/01/05 13:32:58 ET]
Table '3696570340 1' 3-max Seat #1 is the button
Seat 1: Mahu2021 (480 in chips) 
Seat 3: kabyle400 (1020 in chips) 
Mahu2021: posts small blind 10
kabyle400: posts big blind 20
*** HOLE CARDS ***
Dealt to Mahu2021 [7h 8h]
Mahu2021: calls 10
kabyle400: raises 40 to 60
Mahu2021: calls 40
*** FLOP *** [9s Tc 6d]
kabyle400: checks 
Mahu2021: bets 20
kabyle400: calls 20
*** TURN *** [9s Tc 6d] [2c]
kabyle400: checks 
Mahu2021: checks 
*** RIVER *** [9s Tc 6d 2c] [Kd]
kabyle400: bets 80
Mahu2021: raises 80 to 160
kabyle400: folds 
Uncalled bet (80) returned to Mahu2021
Mahu2021 collected 320 from pot
Mahu2021: doesn't show hand 
*** SUMMARY ***
Total pot 320 | Rake 0 
Board [9s Tc 6d 2c Kd]
Seat 1: Mahu2021 (button) (small blind) collected (320)
Seat 3: kabyle400 (big blind) folded on the River



PokerStars Hand #248082321500: Tournament #3696570340, $1.84+$0.16 USD Hold'em No Limit - Level I (10/20) - 2024/01/05 19:33:55 CET [2024/01/05 13:33:55 ET]
Table '3696570340 1' 3-max Seat #3 is the button
Seat 1: Mahu2021 (640 in chips) 
Seat 3: kabyle400 (860 in chips) 
kabyle400: posts small blind 10
Mahu2021: posts big blind 20
*** HOLE CARDS ***
Dealt to Mahu2021 [7c 5d]
kabyle400: raises 60 to 80
Mahu2021: folds 
Uncalled bet (60) returned to kabyle400
kabyle400 collected 40 from pot
kabyle400: doesn't show hand 
*** SUMMARY ***
Total pot 40 | Rake 0 
Seat 1: Mahu2021 (big blind) folded before Flop
Seat 3: kabyle400 (button) (small blind) collected (40)



PokerStars Hand #248082324623: Tournament #3696570340, $1.84+$0.16 USD Hold'em No Limit - Level I (10/20) - 2024/01/05 19:34:03 CET [2024/01/05 13:34:03 ET]
Table '3696570340 1' 3-max Seat #1 is the button
Seat 1: Mahu2021 (620 in chips) 
Seat 3: kabyle400 (880 in chips) 
Mahu2021: posts small blind 10
kabyle400: posts big blind 20
*** HOLE CARDS ***
Dealt to Mahu2021 [8h 6h]
Mahu2021: calls 10
kabyle400: checks 
*** FLOP *** [9s Jd 9d]
kabyle400: checks 
Mahu2021: checks 
*** TURN *** [9s Jd 9d] [3s]
kabyle400: bets 60
Mahu2021: folds 
Uncalled bet (60) returned to kabyle400
kabyle400 collected 40 from pot
kabyle400: doesn't show hand 
*** SUMMARY ***
Total pot 40 | Rake 0 
Board [9s Jd 9d 3s]
Seat 1: Mahu2021 (button) (small blind) folded on the Turn
Seat 3: kabyle400 (big blind) collected (40)



PokerStars Hand #248082333934: Tournament #3696570340, $1.84+$0.16 USD Hold'em No Limit - Level I (10/20) - 2024/01/05 19:34:28 CET [2024/01/05 13:34:28 ET]
Table '3696570340 1' 3-max Seat #3 is the button
Seat 1: Mahu2021 (600 in chips) 
Seat 3: kabyle400 (900 in chips) 
kabyle400: posts small blind 10
Mahu2021: posts big blind 20
*** HOLE CARDS ***
Dealt to Mahu2021 [Ah 8s]
kabyle400: folds 
Uncalled bet (10) returned to Mahu2021
Mahu2021 collected 20 from pot
Mahu2021: doesn't show hand 
*** SUMMARY ***
Total pot 20 | Rake 0 
Seat 1: Mahu2021 (big blind) collected (20)
Seat 3: kabyle400 (button) (small blind) folded before Flop



PokerStars Hand #248082335990: Tournament #3696570340, $1.84+$0.16 USD Hold'em No Limit - Level I (10/20) - 2024/01/05 19:34:34 CET [2024/01/05 13:34:34 ET]
Table '3696570340 1' 3-max Seat #1 is the button
Seat 1: Mahu2021 (610 in chips) 
Seat 3: kabyle400 (890 in chips) 
Mahu2021: posts small blind 10
kabyle400: posts big blind 20
*** HOLE CARDS ***
Dealt to Mahu2021 [Th Ts]
Mahu2021: raises 590 to 610 and is all-in
kabyle400: folds 
Uncalled bet (590) returned to Mahu2021
Mahu2021 collected 40 from pot
Mahu2021: doesn't show hand 
*** SUMMARY ***
Total pot 40 | Rake 0 
Seat 1: Mahu2021 (button) (small blind) collected (40)
Seat 3: kabyle400 (big blind) folded before Flop



PokerStars Hand #248082338662: Tournament #3696570340, $1.84+$0.16 USD Hold'em No Limit - Level I (10/20) - 2024/01/05 19:34:41 CET [2024/01/05 13:34:41 ET]
Table '3696570340 1' 3-max Seat #3 is the button
Seat 1: Mahu2021 (630 in chips) 
Seat 3: kabyle400 (870 in chips) 
kabyle400: posts small blind 10
Mahu2021: posts big blind 20
*** HOLE CARDS ***
Dealt to Mahu2021 [Jd 3c]
kabyle400: calls 10
Mahu2021: checks 
*** FLOP *** [8d Ad 8h]
Mahu2021: checks 
kabyle400: checks 
*** TURN *** [8d Ad 8h] [6s]
Mahu2021: checks 
kabyle400: checks 
*** RIVER *** [8d Ad 8h 6s] [5c]
Mahu2021: checks 
kabyle400: checks 
*** SHOW DOWN ***
Mahu2021: shows [Jd 3c] (a pair of Eights)
kabyle400: mucks hand 
Mahu2021 collected 40 from pot
*** SUMMARY ***
Total pot 40 | Rake 0 
Board [8d Ad 8h 6s 5c]
Seat 1: Mahu2021 (big blind) showed [Jd 3c] and won (40) with a pair of Eights
Seat 3: kabyle400 (button) (small blind) mucked [4c 2c]



PokerStars Hand #248082348786: Tournament #3696570340, $1.84+$0.16 USD Hold'em No Limit - Level II (15/30) - 2024/01/05 19:35:09 CET [2024/01/05 13:35:09 ET]
Table '3696570340 1' 3-max Seat #1 is the button
Seat 1: Mahu2021 (650 in chips) 
Seat 3: kabyle400 (850 in chips) 
Mahu2021: posts small blind 15
kabyle400: posts big blind 30
*** HOLE CARDS ***
Dealt to Mahu2021 [6h 2h]
Mahu2021: calls 15
kabyle400: checks 
*** FLOP *** [3h Kc 5s]
kabyle400: bets 90
Mahu2021: folds 
Uncalled bet (90) returned to kabyle400
kabyle400 collected 60 from pot
kabyle400: doesn't show hand 
*** SUMMARY ***
Total pot 60 | Rake 0 
Board [3h Kc 5s]
Seat 1: Mahu2021 (button) (small blind) folded on the Flop
Seat 3: kabyle400 (big blind) collected (60)



PokerStars Hand #248082354170: Tournament #3696570340, $1.84+$0.16 USD Hold'em No Limit - Level II (15/30) - 2024/01/05 19:35:24 CET [2024/01/05 13:35:24 ET]
Table '3696570340 1' 3-max Seat #3 is the button
Seat 1: Mahu2021 (620 in chips) 
Seat 3: kabyle400 (880 in chips) 
kabyle400: posts small blind 15
Mahu2021: posts big blind 30
*** HOLE CARDS ***
Dealt to Mahu2021 [Th 9s]
kabyle400: folds 
Uncalled bet (15) returned to Mahu2021
Mahu2021 collected 30 from pot
Mahu2021: doesn't show hand 
*** SUMMARY ***
Total pot 30 | Rake 0 
Seat 1: Mahu2021 (big blind) collected (30)
Seat 3: kabyle400 (button) (small blind) folded before Flop



PokerStars Hand #248082356107: Tournament #3696570340, $1.84+$0.16 USD Hold'em No Limit - Level II (15/30) - 2024/01/05 19:35:29 CET [2024/01/05 13:35:29 ET]
Table '3696570340 1' 3-max Seat #1 is the button
Seat 1: Mahu2021 (635 in chips) 
Seat 3: kabyle400 (865 in chips) 
Mahu2021: posts small blind 15
kabyle400: posts big blind 30
*** HOLE CARDS ***
Dealt to Mahu2021 [2h 5h]
Mahu2021: calls 15
kabyle400: raises 60 to 90
Mahu2021: calls 60
*** FLOP *** [7h 8c 9h]
kabyle400: bets 180
Mahu2021: calls 180
*** TURN *** [7h 8c 9h] [Td]
kabyle400: bets 595 and is all-in
Mahu2021: calls 365 and is all-in
Uncalled bet (230) returned to kabyle400
*** RIVER *** [7h 8c 9h Td] [Jh]
*** SHOW DOWN ***
kabyle400: shows [7s Kd] (a straight, Seven to Jack)
Mahu2021: shows [2h 5h] (a flush, Jack high)
Mahu2021 collected 1270 from pot
*** SUMMARY ***
Total pot 1270 | Rake 0 
Board [7h 8c 9h Td Jh]
Seat 1: Mahu2021 (button) (small blind) showed [2h 5h] and won (1270) with a flush, Jack high
Seat 3: kabyle400 (big blind) showed [7s Kd] and lost with a straight, Seven to Jack



PokerStars Hand #248082365754: Tournament #3696570340, $1.84+$0.16 USD Hold'em No Limit - Level II (15/30) - 2024/01/05 19:35:55 CET [2024/01/05 13:35:55 ET]
Table '3696570340 1' 3-max Seat #3 is the button
Seat 1: Mahu2021 (1270 in chips) 
Seat 3: kabyle400 (230 in chips) 
kabyle400: posts small blind 15
Mahu2021: posts big blind 30
*** HOLE CARDS ***
Dealt to Mahu2021 [3h 6h]
kabyle400: raises 200 to 230 and is all-in
Mahu2021: folds 
Uncalled bet (200) returned to kabyle400
kabyle400 collected 60 from pot
kabyle400: doesn't show hand 
*** SUMMARY ***
Total pot 60 | Rake 0 
Seat 1: Mahu2021 (big blind) folded before Flop
Seat 3: kabyle400 (button) (small blind) collected (60)



PokerStars Hand #248082368799: Tournament #3696570340, $1.84+$0.16 USD Hold'em No Limit - Level II (15/30) - 2024/01/05 19:36:03 CET [2024/01/05 13:36:03 ET]
Table '3696570340 1' 3-max Seat #1 is the button
Seat 1: Mahu2021 (1240 in chips) 
Seat 3: kabyle400 (260 in chips) 
Mahu2021: posts small blind 15
kabyle400: posts big blind 30
*** HOLE CARDS ***
Dealt to Mahu2021 [2c 6c]
Mahu2021: calls 15
kabyle400: checks 
*** FLOP *** [Kc Th 3c]
kabyle400: bets 230 and is all-in
Mahu2021: calls 230
*** TURN *** [Kc Th 3c] [5s]
*** RIVER *** [Kc Th 3c 5s] [2d]
*** SHOW DOWN ***
kabyle400: shows [7h Tc] (a pair of Tens)
Mahu2021: shows [2c 6c] (a pair of Deuces)
kabyle400 collected 520 from pot
*** SUMMARY ***
Total pot 520 | Rake 0 
Board [Kc Th 3c 5s 2d]
Seat 1: Mahu2021 (button) (small blind) showed [2c 6c] and lost with a pair of Deuces
Seat 3: kabyle400 (big blind) showed [7h Tc] and won (520) with a pair of Tens



PokerStars Hand #248082374804: Tournament #3696570340, $1.84+$0.16 USD Hold'em No Limit - Level II (15/30) - 2024/01/05 19:36:19 CET [2024/01/05 13:36:19 ET]
Table '3696570340 1' 3-max Seat #3 is the button
Seat 1: Mahu2021 (980 in chips) 
Seat 3: kabyle400 (520 in chips) 
kabyle400: posts small blind 15
Mahu2021: posts big blind 30
*** HOLE CARDS ***
Dealt to Mahu2021 [9c 7d]
kabyle400: folds 
Uncalled bet (15) returned to Mahu2021
Mahu2021 collected 30 from pot
Mahu2021: doesn't show hand 
*** SUMMARY ***
Total pot 30 | Rake 0 
Seat 1: Mahu2021 (big blind) collected (30)
Seat 3: kabyle400 (button) (small blind) folded before Flop



PokerStars Hand #248082376760: Tournament #3696570340, $1.84+$0.16 USD Hold'em No Limit - Level II (15/30) - 2024/01/05 19:36:25 CET [2024/01/05 13:36:25 ET]
Table '3696570340 1' 3-max Seat #1 is the button
Seat 1: Mahu2021 (995 in chips) 
Seat 3: kabyle400 (505 in chips) 
Mahu2021: posts small blind 15
kabyle400: posts big blind 30
*** HOLE CARDS ***
Dealt to Mahu2021 [3s Qc]
Mahu2021: folds 
Uncalled bet (15) returned to kabyle400
kabyle400 collected 30 from pot
kabyle400: doesn't show hand 
*** SUMMARY ***
Total pot 30 | Rake 0 
Seat 1: Mahu2021 (button) (small blind) folded before Flop
Seat 3: kabyle400 (big blind) collected (30)



PokerStars Hand #248082378463: Tournament #3696570340, $1.84+$0.16 USD Hold'em No Limit - Level II (15/30) - 2024/01/05 19:36:29 CET [2024/01/05 13:36:29 ET]
Table '3696570340 1' 3-max Seat #3 is the button
Seat 1: Mahu2021 (980 in chips) 
Seat 3: kabyle400 (520 in chips) 
kabyle400: posts small blind 15
Mahu2021: posts big blind 30
*** HOLE CARDS ***
Dealt to Mahu2021 [7d Qh]
kabyle400: folds 
Uncalled bet (15) returned to Mahu2021
Mahu2021 collected 30 from pot
Mahu2021: doesn't show hand 
*** SUMMARY ***
Total pot 30 | Rake 0 
Seat 1: Mahu2021 (big blind) collected (30)
Seat 3: kabyle400 (button) (small blind) folded before Flop



PokerStars Hand #248082380458: Tournament #3696570340, $1.84+$0.16 USD Hold'em No Limit - Level II (15/30) - 2024/01/05 19:36:34 CET [2024/01/05 13:36:34 ET]
Table '3696570340 1' 3-max Seat #1 is the button
Seat 1: Mahu2021 (995 in chips) 
Seat 3: kabyle400 (505 in chips) 
Mahu2021: posts small blind 15
kabyle400: posts big blind 30
*** HOLE CARDS ***
Dealt to Mahu2021 [2c Ac]
Mahu2021: calls 15
kabyle400: raises 60 to 90
Mahu2021: calls 60
*** FLOP *** [5d 5s Jc]
kabyle400: checks 
Mahu2021: checks 
*** TURN *** [5d 5s Jc] [Qs]
kabyle400: bets 90
Mahu2021: folds 
Uncalled bet (90) returned to kabyle400
kabyle400 collected 180 from pot
kabyle400: doesn't show hand 
*** SUMMARY ***
Total pot 180 | Rake 0 
Board [5d 5s Jc Qs]
Seat 1: Mahu2021 (button) (small blind) folded on the Turn
Seat 3: kabyle400 (big blind) collected (180)



PokerStars Hand #248082387603: Tournament #3696570340, $1.84+$0.16 USD Hold'em No Limit - Level II (15/30) - 2024/01/05 19:36:54 CET [2024/01/05 13:36:54 ET]
Table '3696570340 1' 3-max Seat #3 is the button
Seat 1: Mahu2021 (905 in chips) 
Seat 3: kabyle400 (595 in chips) 
kabyle400: posts small blind 15
Mahu2021: posts big blind 30
*** HOLE CARDS ***
Dealt to Mahu2021 [Td 6s]
kabyle400: folds 
Uncalled bet (15) returned to Mahu2021
Mahu2021 collected 30 from pot
Mahu2021: doesn't show hand 
*** SUMMARY ***
Total pot 30 | Rake 0 
Seat 1: Mahu2021 (big blind) collected (30)
Seat 3: kabyle400 (button) (small blind) folded before Flop



PokerStars Hand #248082389514: Tournament #3696570340, $1.84+$0.16 USD Hold'em No Limit - Level II (15/30) - 2024/01/05 19:36:59 CET [2024/01/05 13:36:59 ET]
Table '3696570340 1' 3-max Seat #1 is the button
Seat 1: Mahu2021 (920 in chips) 
Seat 3: kabyle400 (580 in chips) 
Mahu2021: posts small blind 15
kabyle400: posts big blind 30
*** HOLE CARDS ***
Dealt to Mahu2021 [3d 6d]
Mahu2021: calls 15
kabyle400: checks 
*** FLOP *** [2c 5h 3s]
kabyle400: checks 
Mahu2021: checks 
*** TURN *** [2c 5h 3s] [8d]
kabyle400: checks 
Mahu2021: checks 
*** RIVER *** [2c 5h 3s 8d] [8c]
kabyle400: checks 
Mahu2021: bets 60
kabyle400: folds 
Uncalled bet (60) returned to Mahu2021
Mahu2021 collected 60 from pot
Mahu2021: doesn't show hand 
*** SUMMARY ***
Total pot 60 | Rake 0 
Board [2c 5h 3s 8d 8c]
Seat 1: Mahu2021 (button) (small blind) collected (60)
Seat 3: kabyle400 (big blind) folded on the River



PokerStars Hand #248082400100: Tournament #3696570340, $1.84+$0.16 USD Hold'em No Limit - Level II (15/30) - 2024/01/05 19:37:27 CET [2024/01/05 13:37:27 ET]
Table '3696570340 1' 3-max Seat #3 is the button
Seat 1: Mahu2021 (950 in chips) 
Seat 3: kabyle400 (550 in chips) 
kabyle400: posts small blind 15
Mahu2021: posts big blind 30
*** HOLE CARDS ***
Dealt to Mahu2021 [9c 5s]
kabyle400: raises 60 to 90
Mahu2021: folds 
Uncalled bet (60) returned to kabyle400
kabyle400 collected 60 from pot
kabyle400: doesn't show hand 
*** SUMMARY ***
Total pot 60 | Rake 0 
Seat 1: Mahu2021 (big blind) folded before Flop
Seat 3: kabyle400 (button) (small blind) collected (60)



PokerStars Hand #248082403295: Tournament #3696570340, $1.84+$0.16 USD Hold'em No Limit - Level II (15/30) - 2024/01/05 19:37:36 CET [2024/01/05 13:37:36 ET]
Table '3696570340 1' 3-max Seat #1 is the button
Seat 1: Mahu2021 (920 in chips) 
Seat 3: kabyle400 (580 in chips) 
Mahu2021: posts small blind 15
kabyle400: posts big blind 30
*** HOLE CARDS ***
Dealt to Mahu2021 [Ac 4h]
Mahu2021: calls 15
kabyle400: checks 
*** FLOP *** [6d 9c Td]
kabyle400: bets 90
Mahu2021: folds 
Uncalled bet (90) returned to kabyle400
kabyle400 collected 60 from pot
kabyle400: doesn't show hand 
*** SUMMARY ***
Total pot 60 | Rake 0 
Board [6d 9c Td]
Seat 1: Mahu2021 (button) (small blind) folded on the Flop
Seat 3: kabyle400 (big blind) collected (60)



PokerStars Hand #248082410333: Tournament #3696570340, $1.84+$0.16 USD Hold'em No Limit - Level III (20/40) - 2024/01/05 19:37:55 CET [2024/01/05 13:37:55 ET]
Table '3696570340 1' 3-max Seat #3 is the button
Seat 1: Mahu2021 (890 in chips) 
Seat 3: kabyle400 (610 in chips) 
kabyle400: posts small blind 20
Mahu2021: posts big blind 40
*** HOLE CARDS ***
Dealt to Mahu2021 [7s Ac]
kabyle400: raises 80 to 120
Mahu2021: calls 80
*** FLOP *** [5c Ah Kc]
Mahu2021: checks 
kabyle400: bets 490 and is all-in
Mahu2021: calls 490
*** TURN *** [5c Ah Kc] [2d]
*** RIVER *** [5c Ah Kc 2d] [Th]
*** SHOW DOWN ***
Mahu2021: shows [7s Ac] (a pair of Aces)
kabyle400: shows [Jc Qh] (a straight, Ten to Ace)
kabyle400 collected 1220 from pot
*** SUMMARY ***
Total pot 1220 | Rake 0 
Board [5c Ah Kc 2d Th]
Seat 1: Mahu2021 (big blind) showed [7s Ac] and lost with a pair of Aces
Seat 3: kabyle400 (button) (small blind) showed [Jc Qh] and won (1220) with a straight, Ten to Ace



PokerStars Hand #248082420085: Tournament #3696570340, $1.84+$0.16 USD Hold'em No Limit - Level III (20/40) - 2024/01/05 19:38:21 CET [2024/01/05 13:38:21 ET]
Table '3696570340 1' 3-max Seat #1 is the button
Seat 1: Mahu2021 (280 in chips) 
Seat 3: kabyle400 (1220 in chips) 
Mahu2021: posts small blind 20
kabyle400: posts big blind 40
*** HOLE CARDS ***
Dealt to Mahu2021 [Qh 2d]
Mahu2021: raises 240 to 280 and is all-in
kabyle400: folds 
Uncalled bet (240) returned to Mahu2021
Mahu2021 collected 80 from pot
Mahu2021: doesn't show hand 
*** SUMMARY ***
Total pot 80 | Rake 0 
Seat 1: Mahu2021 (button) (small blind) collected (80)
Seat 3: kabyle400 (big blind) folded before Flop



PokerStars Hand #248082423050: Tournament #3696570340, $1.84+$0.16 USD Hold'em No Limit - Level III (20/40) - 2024/01/05 19:38:29 CET [2024/01/05 13:38:29 ET]
Table '3696570340 1' 3-max Seat #3 is the button
Seat 1: Mahu2021 (320 in chips) 
Seat 3: kabyle400 (1180 in chips) 
kabyle400: posts small blind 20
Mahu2021: posts big blind 40
*** HOLE CARDS ***
Dealt to Mahu2021 [Ts 8h]
kabyle400: folds 
Uncalled bet (20) returned to Mahu2021
Mahu2021 collected 40 from pot
Mahu2021: doesn't show hand 
*** SUMMARY ***
Total pot 40 | Rake 0 
Seat 1: Mahu2021 (big blind) collected (40)
Seat 3: kabyle400 (button) (small blind) folded before Flop



PokerStars Hand #248082425069: Tournament #3696570340, $1.84+$0.16 USD Hold'em No Limit - Level III (20/40) - 2024/01/05 19:38:35 CET [2024/01/05 13:38:35 ET]
Table '3696570340 1' 3-max Seat #1 is the button
Seat 1: Mahu2021 (340 in chips) 
Seat 3: kabyle400 (1160 in chips) 
Mahu2021: posts small blind 20
kabyle400: posts big blind 40
*** HOLE CARDS ***
Dealt to Mahu2021 [5s 8d]
Mahu2021: folds 
Uncalled bet (20) returned to kabyle400
kabyle400 collected 40 from pot
kabyle400: doesn't show hand 
*** SUMMARY ***
Total pot 40 | Rake 0 
Seat 1: Mahu2021 (button) (small blind) folded before Flop
Seat 3: kabyle400 (big blind) collected (40)



PokerStars Hand #248082426651: Tournament #3696570340, $1.84+$0.16 USD Hold'em No Limit - Level III (20/40) - 2024/01/05 19:38:39 CET [2024/01/05 13:38:39 ET]
Table '3696570340 1' 3-max Seat #3 is the button
Seat 1: Mahu2021 (320 in chips) 
Seat 3: kabyle400 (1180 in chips) 
kabyle400: posts small blind 20
Mahu2021: posts big blind 40
*** HOLE CARDS ***
Dealt to Mahu2021 [Kc 4h]
kabyle400: raises 80 to 120
Mahu2021: raises 200 to 320 and is all-in
kabyle400: calls 200
*** FLOP *** [2s 3s 7s]
*** TURN *** [2s 3s 7s] [Jc]
*** RIVER *** [2s 3s 7s Jc] [5s]
*** SHOW DOWN ***
Mahu2021: shows [Kc 4h] (high card King)
kabyle400: shows [7c Kd] (a pair of Sevens)
kabyle400 collected 640 from pot
Mahu2021 finished the tournament in 2nd place
kabyle400 wins the tournament and receives $10.00 - congratulations!
*** SUMMARY ***
Total pot 640 | Rake 0 
Board [2s 3s 7s Jc 5s]
Seat 1: Mahu2021 (big blind) showed [Kc 4h] and lost with high card King
Seat 3: kabyle400 (button) (small blind) showed [7c Kd] and won (640) with a pair of Sevens



