PokerStars Hand #248820116632: Tournament #3714364165, $1.84+$0.16 USD Hold'em No Limit - Level I (10/20) - 2024/02/11 17:35:00 CET [2024/02/11 11:35:00 ET]
Table '3714364165 1' 3-max Seat #1 is the button
Seat 1: JABONY (500 in chips) 
Seat 2: hondakias1312 (500 in chips) 
Seat 3: Mahu2021 (500 in chips) 
hondakias1312: posts small blind 10
Mahu2021: posts big blind 20
*** HOLE CARDS ***
Dealt to Mahu2021 [Ac 2s]
JABONY: raises 80 to 100
hondakias1312: raises 80 to 180
Mahu2021: folds 
JABONY: calls 80
*** FLOP *** [Kd 8d Td]
hondakias1312: bets 320 and is all-in
JABONY: folds 
Uncalled bet (320) returned to hondakias1312
hondakias1312 collected 380 from pot
hondakias1312: doesn't show hand 
*** SUMMARY ***
Total pot 380 | Rake 0 
Board [Kd 8d Td]
Seat 1: JABONY (button) folded on the Flop
Seat 2: hondakias1312 (small blind) collected (380)
Seat 3: Mahu2021 (big blind) folded before Flop



PokerStars Hand #248820124432: Tournament #3714364165, $1.84+$0.16 USD Hold'em No Limit - Level I (10/20) - 2024/02/11 17:35:23 CET [2024/02/11 11:35:23 ET]
Table '3714364165 1' 3-max Seat #2 is the button
Seat 1: JABONY (320 in chips) 
Seat 2: hondakias1312 (700 in chips) 
Seat 3: Mahu2021 (480 in chips) 
Mahu2021: posts small blind 10
JABONY: posts big blind 20
*** HOLE CARDS ***
Dealt to Mahu2021 [8h Js]
hondakias1312: calls 20
Mahu2021: calls 10
JABONY: checks 
*** FLOP *** [Jc Kd 9c]
Mahu2021: checks 
JABONY: checks 
hondakias1312: checks 
*** TURN *** [Jc Kd 9c] [4d]
Mahu2021: bets 20
JABONY: calls 20
hondakias1312: raises 20 to 40
Mahu2021: calls 20
JABONY: calls 20
*** RIVER *** [Jc Kd 9c 4d] [Td]
Mahu2021: checks 
JABONY: bets 260 and is all-in
hondakias1312: raises 260 to 520
Mahu2021: folds 
Uncalled bet (260) returned to hondakias1312
*** SHOW DOWN ***
hondakias1312: shows [Jd Ks] (two pair, Kings and Jacks)
JABONY: shows [Tc 4h] (two pair, Tens and Fours)
hondakias1312 collected 700 from pot
JABONY finished the tournament in 3rd place
*** SUMMARY ***
Total pot 700 | Rake 0 
Board [Jc Kd 9c 4d Td]
Seat 1: JABONY (big blind) showed [Tc 4h] and lost with two pair, Tens and Fours
Seat 2: hondakias1312 (button) showed [Jd Ks] and won (700) with two pair, Kings and Jacks
Seat 3: Mahu2021 (small blind) folded on the River



PokerStars Hand #248820139791: Tournament #3714364165, $1.84+$0.16 USD Hold'em No Limit - Level I (10/20) - 2024/02/11 17:36:09 CET [2024/02/11 11:36:09 ET]
Table '3714364165 1' 3-max Seat #3 is the button
Seat 2: hondakias1312 (1080 in chips) 
Seat 3: Mahu2021 (420 in chips) 
Mahu2021: posts small blind 10
hondakias1312: posts big blind 20
*** HOLE CARDS ***
Dealt to Mahu2021 [2s 9s]
Mahu2021: folds 
Uncalled bet (10) returned to hondakias1312
hondakias1312 collected 20 from pot
hondakias1312: doesn't show hand 
*** SUMMARY ***
Total pot 20 | Rake 0 
Seat 2: hondakias1312 (big blind) collected (20)
Seat 3: Mahu2021 (button) (small blind) folded before Flop



PokerStars Hand #248820141334: Tournament #3714364165, $1.84+$0.16 USD Hold'em No Limit - Level I (10/20) - 2024/02/11 17:36:13 CET [2024/02/11 11:36:13 ET]
Table '3714364165 1' 3-max Seat #2 is the button
Seat 2: hondakias1312 (1090 in chips) 
Seat 3: Mahu2021 (410 in chips) 
hondakias1312: posts small blind 10
Mahu2021: posts big blind 20
*** HOLE CARDS ***
Dealt to Mahu2021 [4s 8d]
hondakias1312: raises 20 to 40
Mahu2021: calls 20
*** FLOP *** [3s Ad 6h]
Mahu2021: checks 
hondakias1312: checks 
*** TURN *** [3s Ad 6h] [5c]
Mahu2021: bets 40
hondakias1312: calls 40
*** RIVER *** [3s Ad 6h 5c] [6s]
Mahu2021: bets 160
hondakias1312: folds 
Uncalled bet (160) returned to Mahu2021
Mahu2021 collected 160 from pot
Mahu2021: doesn't show hand 
*** SUMMARY ***
Total pot 160 | Rake 0 
Board [3s Ad 6h 5c 6s]
Seat 2: hondakias1312 (button) (small blind) folded on the River
Seat 3: Mahu2021 (big blind) collected (160)



PokerStars Hand #248820148641: Tournament #3714364165, $1.84+$0.16 USD Hold'em No Limit - Level I (10/20) - 2024/02/11 17:36:35 CET [2024/02/11 11:36:35 ET]
Table '3714364165 1' 3-max Seat #3 is the button
Seat 2: hondakias1312 (1010 in chips) 
Seat 3: Mahu2021 (490 in chips) 
Mahu2021: posts small blind 10
hondakias1312: posts big blind 20
*** HOLE CARDS ***
Dealt to Mahu2021 [Jc 7s]
Mahu2021: raises 20 to 40
hondakias1312: raises 20 to 60
Mahu2021: calls 20
*** FLOP *** [2c 6s Ac]
hondakias1312: bets 60
Mahu2021: folds 
Uncalled bet (60) returned to hondakias1312
hondakias1312 collected 120 from pot
hondakias1312: doesn't show hand 
*** SUMMARY ***
Total pot 120 | Rake 0 
Board [2c 6s Ac]
Seat 2: hondakias1312 (big blind) collected (120)
Seat 3: Mahu2021 (button) (small blind) folded on the Flop



PokerStars Hand #248820153271: Tournament #3714364165, $1.84+$0.16 USD Hold'em No Limit - Level I (10/20) - 2024/02/11 17:36:49 CET [2024/02/11 11:36:49 ET]
Table '3714364165 1' 3-max Seat #2 is the button
Seat 2: hondakias1312 (1070 in chips) 
Seat 3: Mahu2021 (430 in chips) 
hondakias1312: posts small blind 10
Mahu2021: posts big blind 20
*** HOLE CARDS ***
Dealt to Mahu2021 [Jh 4h]
hondakias1312: calls 10
Mahu2021: checks 
*** FLOP *** [Ts Ac 6h]
Mahu2021: checks 
hondakias1312: checks 
*** TURN *** [Ts Ac 6h] [5h]
Mahu2021: bets 40
hondakias1312: calls 40
*** RIVER *** [Ts Ac 6h 5h] [8d]
Mahu2021: checks 
hondakias1312: bets 60
Mahu2021: folds 
Uncalled bet (60) returned to hondakias1312
hondakias1312 collected 120 from pot
hondakias1312: doesn't show hand 
*** SUMMARY ***
Total pot 120 | Rake 0 
Board [Ts Ac 6h 5h 8d]
Seat 2: hondakias1312 (button) (small blind) collected (120)
Seat 3: Mahu2021 (big blind) folded on the River



PokerStars Hand #248820163786: Tournament #3714364165, $1.84+$0.16 USD Hold'em No Limit - Level II (15/30) - 2024/02/11 17:37:20 CET [2024/02/11 11:37:20 ET]
Table '3714364165 1' 3-max Seat #3 is the button
Seat 2: hondakias1312 (1130 in chips) 
Seat 3: Mahu2021 (370 in chips) 
Mahu2021: posts small blind 15
hondakias1312: posts big blind 30
*** HOLE CARDS ***
Dealt to Mahu2021 [5d 2h]
Mahu2021: folds 
Uncalled bet (15) returned to hondakias1312
hondakias1312 collected 30 from pot
hondakias1312: doesn't show hand 
*** SUMMARY ***
Total pot 30 | Rake 0 
Seat 2: hondakias1312 (big blind) collected (30)
Seat 3: Mahu2021 (button) (small blind) folded before Flop



PokerStars Hand #248820165140: Tournament #3714364165, $1.84+$0.16 USD Hold'em No Limit - Level II (15/30) - 2024/02/11 17:37:24 CET [2024/02/11 11:37:24 ET]
Table '3714364165 1' 3-max Seat #2 is the button
Seat 2: hondakias1312 (1145 in chips) 
Seat 3: Mahu2021 (355 in chips) 
hondakias1312: posts small blind 15
Mahu2021: posts big blind 30
*** HOLE CARDS ***
Dealt to Mahu2021 [Ks 7c]
hondakias1312: calls 15
Mahu2021: raises 60 to 90
hondakias1312: folds 
Uncalled bet (60) returned to Mahu2021
Mahu2021 collected 60 from pot
Mahu2021: doesn't show hand 
*** SUMMARY ***
Total pot 60 | Rake 0 
Seat 2: hondakias1312 (button) (small blind) folded before Flop
Seat 3: Mahu2021 (big blind) collected (60)



PokerStars Hand #248820167786: Tournament #3714364165, $1.84+$0.16 USD Hold'em No Limit - Level II (15/30) - 2024/02/11 17:37:32 CET [2024/02/11 11:37:32 ET]
Table '3714364165 1' 3-max Seat #3 is the button
Seat 2: hondakias1312 (1115 in chips) 
Seat 3: Mahu2021 (385 in chips) 
Mahu2021: posts small blind 15
hondakias1312: posts big blind 30
*** HOLE CARDS ***
Dealt to Mahu2021 [3d 8h]
Mahu2021: folds 
Uncalled bet (15) returned to hondakias1312
hondakias1312 collected 30 from pot
hondakias1312: doesn't show hand 
*** SUMMARY ***
Total pot 30 | Rake 0 
Seat 2: hondakias1312 (big blind) collected (30)
Seat 3: Mahu2021 (button) (small blind) folded before Flop



PokerStars Hand #248820169353: Tournament #3714364165, $1.84+$0.16 USD Hold'em No Limit - Level II (15/30) - 2024/02/11 17:37:37 CET [2024/02/11 11:37:37 ET]
Table '3714364165 1' 3-max Seat #2 is the button
Seat 2: hondakias1312 (1130 in chips) 
Seat 3: Mahu2021 (370 in chips) 
hondakias1312: posts small blind 15
Mahu2021: posts big blind 30
*** HOLE CARDS ***
Dealt to Mahu2021 [2c 5c]
hondakias1312: calls 15
Mahu2021: checks 
*** FLOP *** [Jh Ks 8h]
Mahu2021: checks 
hondakias1312: bets 60
Mahu2021: folds 
Uncalled bet (60) returned to hondakias1312
hondakias1312 collected 60 from pot
hondakias1312: doesn't show hand 
*** SUMMARY ***
Total pot 60 | Rake 0 
Board [Jh Ks 8h]
Seat 2: hondakias1312 (button) (small blind) collected (60)
Seat 3: Mahu2021 (big blind) folded on the Flop



PokerStars Hand #248820173812: Tournament #3714364165, $1.84+$0.16 USD Hold'em No Limit - Level II (15/30) - 2024/02/11 17:37:50 CET [2024/02/11 11:37:50 ET]
Table '3714364165 1' 3-max Seat #3 is the button
Seat 2: hondakias1312 (1160 in chips) 
Seat 3: Mahu2021 (340 in chips) 
Mahu2021: posts small blind 15
hondakias1312: posts big blind 30
*** HOLE CARDS ***
Dealt to Mahu2021 [Kd 3h]
Mahu2021: raises 30 to 60
hondakias1312: calls 30
*** FLOP *** [Js 4c 2d]
hondakias1312: checks 
Mahu2021: checks 
*** TURN *** [Js 4c 2d] [2c]
hondakias1312: checks 
Mahu2021: checks 
*** RIVER *** [Js 4c 2d 2c] [8c]
hondakias1312: bets 60
Mahu2021: raises 220 to 280 and is all-in
hondakias1312: calls 220
*** SHOW DOWN ***
Mahu2021: shows [Kd 3h] (a pair of Deuces)
hondakias1312: shows [5h 8d] (two pair, Eights and Deuces)
hondakias1312 collected 680 from pot
Mahu2021 finished the tournament in 2nd place
hondakias1312 wins the tournament and receives $4.00 - congratulations!
*** SUMMARY ***
Total pot 680 | Rake 0 
Board [Js 4c 2d 2c 8c]
Seat 2: hondakias1312 (big blind) showed [5h 8d] and won (680) with two pair, Eights and Deuces
Seat 3: Mahu2021 (button) (small blind) showed [Kd 3h] and lost with a pair of Deuces



