PokerStars Hand #242901418242: Tournament #3572598920, $0.92+$0.08 USD Hold'em No Limit - Level I (10/20) - 2023/04/05 17:07:04 CET [2023/04/05 11:07:04 ET]
Table '3572598920 1' 3-max Seat #1 is the button
Seat 1: thebigjhow (500 in chips) 
Seat 2: Mahu2021 (500 in chips) 
Seat 3: pqpqpq11 (500 in chips) 
Mahu2021: posts small blind 10
pqpqpq11: posts big blind 20
*** HOLE CARDS ***
Dealt to Mahu2021 [3c Js]
thebigjhow: folds 
Mahu2021: folds 
Uncalled bet (10) returned to pqpqpq11
pqpqpq11 collected 20 from pot
pqpqpq11: doesn't show hand 
*** SUMMARY ***
Total pot 20 | Rake 0 
Seat 1: thebigjhow (button) folded before Flop (didn't bet)
Seat 2: Mahu2021 (small blind) folded before Flop
Seat 3: pqpqpq11 (big blind) collected (20)



PokerStars Hand #242901419647: Tournament #3572598920, $0.92+$0.08 USD Hold'em No Limit - Level I (10/20) - 2023/04/05 17:07:09 CET [2023/04/05 11:07:09 ET]
Table '3572598920 1' 3-max Seat #2 is the button
Seat 1: thebigjhow (500 in chips) 
Seat 2: Mahu2021 (490 in chips) 
Seat 3: pqpqpq11 (510 in chips) 
pqpqpq11: posts small blind 10
thebigjhow: posts big blind 20
*** HOLE CARDS ***
Dealt to Mahu2021 [4h 3h]
Mahu2021: calls 20
pqpqpq11: folds 
thebigjhow: checks 
*** FLOP *** [2h 2s 4d]
thebigjhow: checks 
Mahu2021: checks 
*** TURN *** [2h 2s 4d] [6h]
thebigjhow: bets 20
Mahu2021: calls 20
*** RIVER *** [2h 2s 4d 6h] [7h]
thebigjhow: bets 40
Mahu2021: raises 170 to 210
thebigjhow: calls 170
*** SHOW DOWN ***
Mahu2021: shows [4h 3h] (a flush, Seven high)
thebigjhow: mucks hand 
Mahu2021 collected 510 from pot
*** SUMMARY ***
Total pot 510 | Rake 0 
Board [2h 2s 4d 6h 7h]
Seat 1: thebigjhow (big blind) mucked [2d 9c]
Seat 2: Mahu2021 (button) showed [4h 3h] and won (510) with a flush, Seven high
Seat 3: pqpqpq11 (small blind) folded before Flop



PokerStars Hand #242901427267: Tournament #3572598920, $0.92+$0.08 USD Hold'em No Limit - Level I (10/20) - 2023/04/05 17:07:36 CET [2023/04/05 11:07:36 ET]
Table '3572598920 1' 3-max Seat #3 is the button
Seat 1: thebigjhow (250 in chips) 
Seat 2: Mahu2021 (750 in chips) 
Seat 3: pqpqpq11 (500 in chips) 
thebigjhow: posts small blind 10
Mahu2021: posts big blind 20
*** HOLE CARDS ***
Dealt to Mahu2021 [3c 9h]
pqpqpq11: folds 
thebigjhow: folds 
Uncalled bet (10) returned to Mahu2021
Mahu2021 collected 20 from pot
Mahu2021: doesn't show hand 
*** SUMMARY ***
Total pot 20 | Rake 0 
Seat 1: thebigjhow (small blind) folded before Flop
Seat 2: Mahu2021 (big blind) collected (20)
Seat 3: pqpqpq11 (button) folded before Flop (didn't bet)



PokerStars Hand #242901428572: Tournament #3572598920, $0.92+$0.08 USD Hold'em No Limit - Level I (10/20) - 2023/04/05 17:07:41 CET [2023/04/05 11:07:41 ET]
Table '3572598920 1' 3-max Seat #1 is the button
Seat 1: thebigjhow (240 in chips) 
Seat 2: Mahu2021 (760 in chips) 
Seat 3: pqpqpq11 (500 in chips) 
Mahu2021: posts small blind 10
pqpqpq11: posts big blind 20
*** HOLE CARDS ***
Dealt to Mahu2021 [5d 2c]
thebigjhow: folds 
Mahu2021: folds 
Uncalled bet (10) returned to pqpqpq11
pqpqpq11 collected 20 from pot
pqpqpq11: doesn't show hand 
*** SUMMARY ***
Total pot 20 | Rake 0 
Seat 1: thebigjhow (button) folded before Flop (didn't bet)
Seat 2: Mahu2021 (small blind) folded before Flop
Seat 3: pqpqpq11 (big blind) collected (20)



PokerStars Hand #242901429964: Tournament #3572598920, $0.92+$0.08 USD Hold'em No Limit - Level I (10/20) - 2023/04/05 17:07:46 CET [2023/04/05 11:07:46 ET]
Table '3572598920 1' 3-max Seat #2 is the button
Seat 1: thebigjhow (240 in chips) 
Seat 2: Mahu2021 (750 in chips) 
Seat 3: pqpqpq11 (510 in chips) 
pqpqpq11: posts small blind 10
thebigjhow: posts big blind 20
*** HOLE CARDS ***
Dealt to Mahu2021 [5d 2h]
Mahu2021: folds 
pqpqpq11: folds 
Uncalled bet (10) returned to thebigjhow
thebigjhow collected 20 from pot
*** SUMMARY ***
Total pot 20 | Rake 0 
Seat 1: thebigjhow (big blind) collected (20)
Seat 2: Mahu2021 (button) folded before Flop (didn't bet)
Seat 3: pqpqpq11 (small blind) folded before Flop



PokerStars Hand #242901431735: Tournament #3572598920, $0.92+$0.08 USD Hold'em No Limit - Level I (10/20) - 2023/04/05 17:07:52 CET [2023/04/05 11:07:52 ET]
Table '3572598920 1' 3-max Seat #3 is the button
Seat 1: thebigjhow (250 in chips) 
Seat 2: Mahu2021 (750 in chips) 
Seat 3: pqpqpq11 (500 in chips) 
thebigjhow: posts small blind 10
Mahu2021: posts big blind 20
*** HOLE CARDS ***
Dealt to Mahu2021 [7s Js]
pqpqpq11: raises 20 to 40
thebigjhow: raises 60 to 100
Mahu2021: folds 
pqpqpq11: folds 
Uncalled bet (60) returned to thebigjhow
thebigjhow collected 100 from pot
*** SUMMARY ***
Total pot 100 | Rake 0 
Seat 1: thebigjhow (small blind) collected (100)
Seat 2: Mahu2021 (big blind) folded before Flop
Seat 3: pqpqpq11 (button) folded before Flop



PokerStars Hand #242901437337: Tournament #3572598920, $0.92+$0.08 USD Hold'em No Limit - Level I (10/20) - 2023/04/05 17:08:12 CET [2023/04/05 11:08:12 ET]
Table '3572598920 1' 3-max Seat #1 is the button
Seat 1: thebigjhow (310 in chips) 
Seat 2: Mahu2021 (730 in chips) 
Seat 3: pqpqpq11 (460 in chips) 
Mahu2021: posts small blind 10
pqpqpq11: posts big blind 20
*** HOLE CARDS ***
Dealt to Mahu2021 [4c 2d]
thebigjhow: folds 
Mahu2021: folds 
Uncalled bet (10) returned to pqpqpq11
pqpqpq11 collected 20 from pot
pqpqpq11: doesn't show hand 
*** SUMMARY ***
Total pot 20 | Rake 0 
Seat 1: thebigjhow (button) folded before Flop (didn't bet)
Seat 2: Mahu2021 (small blind) folded before Flop
Seat 3: pqpqpq11 (big blind) collected (20)



PokerStars Hand #242901439176: Tournament #3572598920, $0.92+$0.08 USD Hold'em No Limit - Level I (10/20) - 2023/04/05 17:08:19 CET [2023/04/05 11:08:19 ET]
Table '3572598920 1' 3-max Seat #2 is the button
Seat 1: thebigjhow (310 in chips) 
Seat 2: Mahu2021 (720 in chips) 
Seat 3: pqpqpq11 (470 in chips) 
pqpqpq11: posts small blind 10
thebigjhow: posts big blind 20
*** HOLE CARDS ***
Dealt to Mahu2021 [5c 9c]
Mahu2021: calls 20
pqpqpq11: calls 10
thebigjhow: checks 
*** FLOP *** [3d 5d 8c]
pqpqpq11: bets 35
thebigjhow: folds 
Mahu2021: calls 35
*** TURN *** [3d 5d 8c] [Ah]
pqpqpq11: checks 
Mahu2021: checks 
*** RIVER *** [3d 5d 8c Ah] [6h]
pqpqpq11: bets 75
Mahu2021: folds 
Uncalled bet (75) returned to pqpqpq11
pqpqpq11 collected 130 from pot
pqpqpq11: doesn't show hand 
*** SUMMARY ***
Total pot 130 | Rake 0 
Board [3d 5d 8c Ah 6h]
Seat 1: thebigjhow (big blind) folded on the Flop
Seat 2: Mahu2021 (button) folded on the River
Seat 3: pqpqpq11 (small blind) collected (130)



PokerStars Hand #242901450574: Tournament #3572598920, $0.92+$0.08 USD Hold'em No Limit - Level I (10/20) - 2023/04/05 17:08:59 CET [2023/04/05 11:08:59 ET]
Table '3572598920 1' 3-max Seat #3 is the button
Seat 1: thebigjhow (290 in chips) 
Seat 2: Mahu2021 (665 in chips) 
Seat 3: pqpqpq11 (545 in chips) 
thebigjhow: posts small blind 10
Mahu2021: posts big blind 20
*** HOLE CARDS ***
Dealt to Mahu2021 [7h Ah]
pqpqpq11: raises 20 to 40
thebigjhow: calls 30
Mahu2021: calls 20
*** FLOP *** [7c 7s Ks]
thebigjhow: checks 
Mahu2021: bets 40
pqpqpq11: folds 
thebigjhow: folds 
Uncalled bet (40) returned to Mahu2021
Mahu2021 collected 120 from pot
Mahu2021: doesn't show hand 
*** SUMMARY ***
Total pot 120 | Rake 0 
Board [7c 7s Ks]
Seat 1: thebigjhow (small blind) folded on the Flop
Seat 2: Mahu2021 (big blind) collected (120)
Seat 3: pqpqpq11 (button) folded on the Flop



PokerStars Hand #242901459341: Tournament #3572598920, $0.92+$0.08 USD Hold'em No Limit - Level II (15/30) - 2023/04/05 17:09:30 CET [2023/04/05 11:09:30 ET]
Table '3572598920 1' 3-max Seat #1 is the button
Seat 1: thebigjhow (250 in chips) 
Seat 2: Mahu2021 (745 in chips) 
Seat 3: pqpqpq11 (505 in chips) 
Mahu2021: posts small blind 15
pqpqpq11: posts big blind 30
*** HOLE CARDS ***
Dealt to Mahu2021 [3d Ts]
thebigjhow: folds 
Mahu2021: folds 
Uncalled bet (15) returned to pqpqpq11
pqpqpq11 collected 30 from pot
pqpqpq11: doesn't show hand 
*** SUMMARY ***
Total pot 30 | Rake 0 
Seat 1: thebigjhow (button) folded before Flop (didn't bet)
Seat 2: Mahu2021 (small blind) folded before Flop
Seat 3: pqpqpq11 (big blind) collected (30)



PokerStars Hand #242901461000: Tournament #3572598920, $0.92+$0.08 USD Hold'em No Limit - Level II (15/30) - 2023/04/05 17:09:36 CET [2023/04/05 11:09:36 ET]
Table '3572598920 1' 3-max Seat #2 is the button
Seat 1: thebigjhow (250 in chips) 
Seat 2: Mahu2021 (730 in chips) 
Seat 3: pqpqpq11 (520 in chips) 
pqpqpq11: posts small blind 15
thebigjhow: posts big blind 30
*** HOLE CARDS ***
Dealt to Mahu2021 [5s As]
Mahu2021: calls 30
pqpqpq11: calls 15
thebigjhow: raises 220 to 250 and is all-in
Mahu2021: calls 220
pqpqpq11: folds 
*** FLOP *** [6h Qs 2s]
*** TURN *** [6h Qs 2s] [Jc]
*** RIVER *** [6h Qs 2s Jc] [5h]
*** SHOW DOWN ***
thebigjhow: shows [2h Ac] (a pair of Deuces)
Mahu2021: shows [5s As] (a pair of Fives)
Mahu2021 collected 530 from pot
thebigjhow finished the tournament in 3rd place
*** SUMMARY ***
Total pot 530 | Rake 0 
Board [6h Qs 2s Jc 5h]
Seat 1: thebigjhow (big blind) showed [2h Ac] and lost with a pair of Deuces
Seat 2: Mahu2021 (button) showed [5s As] and won (530) with a pair of Fives
Seat 3: pqpqpq11 (small blind) folded before Flop



PokerStars Hand #242901469301: Tournament #3572598920, $0.92+$0.08 USD Hold'em No Limit - Level II (15/30) - 2023/04/05 17:10:06 CET [2023/04/05 11:10:06 ET]
Table '3572598920 1' 3-max Seat #3 is the button
Seat 2: Mahu2021 (1010 in chips) 
Seat 3: pqpqpq11 (490 in chips) 
pqpqpq11: posts small blind 15
Mahu2021: posts big blind 30
*** HOLE CARDS ***
Dealt to Mahu2021 [9h Kd]
pqpqpq11: calls 15
Mahu2021: checks 
*** FLOP *** [5d Jh 4h]
Mahu2021: checks 
pqpqpq11: bets 30
Mahu2021: folds 
Uncalled bet (30) returned to pqpqpq11
pqpqpq11 collected 60 from pot
pqpqpq11: doesn't show hand 
*** SUMMARY ***
Total pot 60 | Rake 0 
Board [5d Jh 4h]
Seat 2: Mahu2021 (big blind) folded on the Flop
Seat 3: pqpqpq11 (button) (small blind) collected (60)



PokerStars Hand #242901472418: Tournament #3572598920, $0.92+$0.08 USD Hold'em No Limit - Level II (15/30) - 2023/04/05 17:10:17 CET [2023/04/05 11:10:17 ET]
Table '3572598920 1' 3-max Seat #2 is the button
Seat 2: Mahu2021 (980 in chips) 
Seat 3: pqpqpq11 (520 in chips) 
Mahu2021: posts small blind 15
pqpqpq11: posts big blind 30
*** HOLE CARDS ***
Dealt to Mahu2021 [Jc Kh]
Mahu2021: raises 30 to 60
pqpqpq11: calls 30
*** FLOP *** [Ac 6d 7d]
pqpqpq11: checks 
Mahu2021: bets 60
pqpqpq11: folds 
Uncalled bet (60) returned to Mahu2021
Mahu2021 collected 120 from pot
Mahu2021: doesn't show hand 
*** SUMMARY ***
Total pot 120 | Rake 0 
Board [Ac 6d 7d]
Seat 2: Mahu2021 (button) (small blind) collected (120)
Seat 3: pqpqpq11 (big blind) folded on the Flop



PokerStars Hand #242901476866: Tournament #3572598920, $0.92+$0.08 USD Hold'em No Limit - Level II (15/30) - 2023/04/05 17:10:33 CET [2023/04/05 11:10:33 ET]
Table '3572598920 1' 3-max Seat #3 is the button
Seat 2: Mahu2021 (1040 in chips) 
Seat 3: pqpqpq11 (460 in chips) 
pqpqpq11: posts small blind 15
Mahu2021: posts big blind 30
*** HOLE CARDS ***
Dealt to Mahu2021 [5d 4s]
pqpqpq11: folds 
Uncalled bet (15) returned to Mahu2021
Mahu2021 collected 30 from pot
Mahu2021: doesn't show hand 
*** SUMMARY ***
Total pot 30 | Rake 0 
Seat 2: Mahu2021 (big blind) collected (30)
Seat 3: pqpqpq11 (button) (small blind) folded before Flop



PokerStars Hand #242901478177: Tournament #3572598920, $0.92+$0.08 USD Hold'em No Limit - Level II (15/30) - 2023/04/05 17:10:38 CET [2023/04/05 11:10:38 ET]
Table '3572598920 1' 3-max Seat #2 is the button
Seat 2: Mahu2021 (1055 in chips) 
Seat 3: pqpqpq11 (445 in chips) 
Mahu2021: posts small blind 15
pqpqpq11: posts big blind 30
*** HOLE CARDS ***
Dealt to Mahu2021 [3c Kd]
Mahu2021: calls 15
pqpqpq11: raises 415 to 445 and is all-in
Mahu2021: folds 
Uncalled bet (415) returned to pqpqpq11
pqpqpq11 collected 60 from pot
pqpqpq11: doesn't show hand 
*** SUMMARY ***
Total pot 60 | Rake 0 
Seat 2: Mahu2021 (button) (small blind) folded before Flop
Seat 3: pqpqpq11 (big blind) collected (60)



PokerStars Hand #242901480441: Tournament #3572598920, $0.92+$0.08 USD Hold'em No Limit - Level II (15/30) - 2023/04/05 17:10:46 CET [2023/04/05 11:10:46 ET]
Table '3572598920 1' 3-max Seat #3 is the button
Seat 2: Mahu2021 (1025 in chips) 
Seat 3: pqpqpq11 (475 in chips) 
pqpqpq11: posts small blind 15
Mahu2021: posts big blind 30
*** HOLE CARDS ***
Dealt to Mahu2021 [4d 5c]
pqpqpq11: raises 30 to 60
Mahu2021: calls 30
*** FLOP *** [As 3h 7h]
Mahu2021: checks 
pqpqpq11: bets 30
Mahu2021: calls 30
*** TURN *** [As 3h 7h] [5d]
Mahu2021: checks 
pqpqpq11: checks 
*** RIVER *** [As 3h 7h 5d] [Qd]
Mahu2021: checks 
pqpqpq11: bets 60
Mahu2021: calls 60
*** SHOW DOWN ***
pqpqpq11: shows [Ad 2h] (a pair of Aces)
Mahu2021: mucks hand 
pqpqpq11 collected 300 from pot
*** SUMMARY ***
Total pot 300 | Rake 0 
Board [As 3h 7h 5d Qd]
Seat 2: Mahu2021 (big blind) mucked [4d 5c]
Seat 3: pqpqpq11 (button) (small blind) showed [Ad 2h] and won (300) with a pair of Aces



PokerStars Hand #242901487390: Tournament #3572598920, $0.92+$0.08 USD Hold'em No Limit - Level III (20/40) - 2023/04/05 17:11:11 CET [2023/04/05 11:11:11 ET]
Table '3572598920 1' 3-max Seat #2 is the button
Seat 2: Mahu2021 (875 in chips) 
Seat 3: pqpqpq11 (625 in chips) 
Mahu2021: posts small blind 20
pqpqpq11: posts big blind 40
*** HOLE CARDS ***
Dealt to Mahu2021 [9d 7d]
Mahu2021: calls 20
pqpqpq11: checks 
*** FLOP *** [8h 3c 4h]
pqpqpq11: checks 
Mahu2021: bets 40
pqpqpq11: folds 
Uncalled bet (40) returned to Mahu2021
Mahu2021 collected 80 from pot
Mahu2021: doesn't show hand 
*** SUMMARY ***
Total pot 80 | Rake 0 
Board [8h 3c 4h]
Seat 2: Mahu2021 (button) (small blind) collected (80)
Seat 3: pqpqpq11 (big blind) folded on the Flop



PokerStars Hand #242901490652: Tournament #3572598920, $0.92+$0.08 USD Hold'em No Limit - Level III (20/40) - 2023/04/05 17:11:23 CET [2023/04/05 11:11:23 ET]
Table '3572598920 1' 3-max Seat #3 is the button
Seat 2: Mahu2021 (915 in chips) 
Seat 3: pqpqpq11 (585 in chips) 
pqpqpq11: posts small blind 20
Mahu2021: posts big blind 40
*** HOLE CARDS ***
Dealt to Mahu2021 [2d 6d]
pqpqpq11: calls 20
Mahu2021: checks 
*** FLOP *** [6s Td 5d]
Mahu2021: bets 80
pqpqpq11: folds 
Uncalled bet (80) returned to Mahu2021
Mahu2021 collected 80 from pot
Mahu2021: doesn't show hand 
*** SUMMARY ***
Total pot 80 | Rake 0 
Board [6s Td 5d]
Seat 2: Mahu2021 (big blind) collected (80)
Seat 3: pqpqpq11 (button) (small blind) folded on the Flop



PokerStars Hand #242901494039: Tournament #3572598920, $0.92+$0.08 USD Hold'em No Limit - Level III (20/40) - 2023/04/05 17:11:35 CET [2023/04/05 11:11:35 ET]
Table '3572598920 1' 3-max Seat #2 is the button
Seat 2: Mahu2021 (955 in chips) 
Seat 3: pqpqpq11 (545 in chips) 
Mahu2021: posts small blind 20
pqpqpq11: posts big blind 40
*** HOLE CARDS ***
Dealt to Mahu2021 [9h 2s]
Mahu2021: folds 
Uncalled bet (20) returned to pqpqpq11
pqpqpq11 collected 40 from pot
pqpqpq11: doesn't show hand 
*** SUMMARY ***
Total pot 40 | Rake 0 
Seat 2: Mahu2021 (button) (small blind) folded before Flop
Seat 3: pqpqpq11 (big blind) collected (40)



PokerStars Hand #242901495292: Tournament #3572598920, $0.92+$0.08 USD Hold'em No Limit - Level III (20/40) - 2023/04/05 17:11:40 CET [2023/04/05 11:11:40 ET]
Table '3572598920 1' 3-max Seat #3 is the button
Seat 2: Mahu2021 (935 in chips) 
Seat 3: pqpqpq11 (565 in chips) 
pqpqpq11: posts small blind 20
Mahu2021: posts big blind 40
*** HOLE CARDS ***
Dealt to Mahu2021 [Ac 5s]
pqpqpq11: calls 20
Mahu2021: checks 
*** FLOP *** [7h 3h Qh]
Mahu2021: checks 
pqpqpq11: bets 40
Mahu2021: folds 
Uncalled bet (40) returned to pqpqpq11
pqpqpq11 collected 80 from pot
pqpqpq11: doesn't show hand 
*** SUMMARY ***
Total pot 80 | Rake 0 
Board [7h 3h Qh]
Seat 2: Mahu2021 (big blind) folded on the Flop
Seat 3: pqpqpq11 (button) (small blind) collected (80)



PokerStars Hand #242901498016: Tournament #3572598920, $0.92+$0.08 USD Hold'em No Limit - Level III (20/40) - 2023/04/05 17:11:50 CET [2023/04/05 11:11:50 ET]
Table '3572598920 1' 3-max Seat #2 is the button
Seat 2: Mahu2021 (895 in chips) 
Seat 3: pqpqpq11 (605 in chips) 
Mahu2021: posts small blind 20
pqpqpq11: posts big blind 40
*** HOLE CARDS ***
Dealt to Mahu2021 [Kc Qc]
Mahu2021: raises 40 to 80
pqpqpq11: raises 525 to 605 and is all-in
Mahu2021: calls 525
*** FLOP *** [9c Jc Kh]
*** TURN *** [9c Jc Kh] [6c]
*** RIVER *** [9c Jc Kh 6c] [7c]
*** SHOW DOWN ***
pqpqpq11: shows [Ad Kd] (a pair of Kings)
Mahu2021: shows [Kc Qc] (a flush, King high)
Mahu2021 collected 1210 from pot
pqpqpq11 finished the tournament in 2nd place
Mahu2021 wins the tournament and receives $2.00 - congratulations!
*** SUMMARY ***
Total pot 1210 | Rake 0 
Board [9c Jc Kh 6c 7c]
Seat 2: Mahu2021 (button) (small blind) showed [Kc Qc] and won (1210) with a flush, King high
Seat 3: pqpqpq11 (big blind) showed [Ad Kd] and lost with a pair of Kings



