PokerStars Hand #244771241919: Tournament #3616022591, $0.92+$0.08 USD Hold'em No Limit - Level I (10/20) - 2023/07/12 17:11:03 CET [2023/07/12 11:11:03 ET]
Table '3616022591 1' 3-max Seat #1 is the button
Seat 1: Mahu2021 (500 in chips) 
Seat 2: cacho_drc (500 in chips) 
Seat 3: orlovcastro (500 in chips) 
cacho_drc: posts small blind 10
orlovcastro: posts big blind 20
*** HOLE CARDS ***
Dealt to Mahu2021 [6d 9c]
Mahu2021: folds 
cacho_drc: folds 
Uncalled bet (10) returned to orlovcastro
orlovcastro collected 20 from pot
*** SUMMARY ***
Total pot 20 | Rake 0 
Seat 1: Mahu2021 (button) folded before Flop (didn't bet)
Seat 2: cacho_drc (small blind) folded before Flop
Seat 3: orlovcastro (big blind) collected (20)



PokerStars Hand #244771244938: Tournament #3616022591, $0.92+$0.08 USD Hold'em No Limit - Level I (10/20) - 2023/07/12 17:11:16 CET [2023/07/12 11:11:16 ET]
Table '3616022591 1' 3-max Seat #2 is the button
Seat 1: Mahu2021 (500 in chips) 
Seat 2: cacho_drc (490 in chips) 
Seat 3: orlovcastro (510 in chips) 
orlovcastro: posts small blind 10
Mahu2021: posts big blind 20
*** HOLE CARDS ***
Dealt to Mahu2021 [Js 4h]
cacho_drc: calls 20
orlovcastro: folds 
Mahu2021: checks 
*** FLOP *** [5d 8c 4c]
Mahu2021: checks 
cacho_drc: bets 20
Mahu2021: calls 20
*** TURN *** [5d 8c 4c] [As]
Mahu2021: checks 
cacho_drc: bets 40
Mahu2021: folds 
Uncalled bet (40) returned to cacho_drc
cacho_drc collected 90 from pot
*** SUMMARY ***
Total pot 90 | Rake 0 
Board [5d 8c 4c As]
Seat 1: Mahu2021 (big blind) folded on the Turn
Seat 2: cacho_drc (button) collected (90)
Seat 3: orlovcastro (small blind) folded before Flop



PokerStars Hand #244771251588: Tournament #3616022591, $0.92+$0.08 USD Hold'em No Limit - Level I (10/20) - 2023/07/12 17:11:43 CET [2023/07/12 11:11:43 ET]
Table '3616022591 1' 3-max Seat #3 is the button
Seat 1: Mahu2021 (460 in chips) 
Seat 2: cacho_drc (540 in chips) 
Seat 3: orlovcastro (500 in chips) 
Mahu2021: posts small blind 10
cacho_drc: posts big blind 20
*** HOLE CARDS ***
Dealt to Mahu2021 [9d 7d]
orlovcastro: raises 20 to 40
Mahu2021: calls 30
cacho_drc: calls 20
*** FLOP *** [Qc 3d 7c]
Mahu2021: checks 
cacho_drc: checks 
orlovcastro: bets 60
Mahu2021: calls 60
cacho_drc: folds 
*** TURN *** [Qc 3d 7c] [Kh]
Mahu2021: checks 
orlovcastro: checks 
*** RIVER *** [Qc 3d 7c Kh] [8h]
Mahu2021: bets 240
orlovcastro: folds 
Uncalled bet (240) returned to Mahu2021
Mahu2021 collected 240 from pot
Mahu2021: doesn't show hand 
*** SUMMARY ***
Total pot 240 | Rake 0 
Board [Qc 3d 7c Kh 8h]
Seat 1: Mahu2021 (small blind) collected (240)
Seat 2: cacho_drc (big blind) folded on the Flop
Seat 3: orlovcastro (button) folded on the River



PokerStars Hand #244771263659: Tournament #3616022591, $0.92+$0.08 USD Hold'em No Limit - Level I (10/20) - 2023/07/12 17:12:32 CET [2023/07/12 11:12:32 ET]
Table '3616022591 1' 3-max Seat #1 is the button
Seat 1: Mahu2021 (600 in chips) 
Seat 2: cacho_drc (500 in chips) 
Seat 3: orlovcastro (400 in chips) 
cacho_drc: posts small blind 10
orlovcastro: posts big blind 20
*** HOLE CARDS ***
Dealt to Mahu2021 [6s Qs]
Mahu2021: raises 20 to 40
cacho_drc: folds 
orlovcastro: folds 
Uncalled bet (20) returned to Mahu2021
Mahu2021 collected 50 from pot
Mahu2021: doesn't show hand 
*** SUMMARY ***
Total pot 50 | Rake 0 
Seat 1: Mahu2021 (button) collected (50)
Seat 2: cacho_drc (small blind) folded before Flop
Seat 3: orlovcastro (big blind) folded before Flop



PokerStars Hand #244771266664: Tournament #3616022591, $0.92+$0.08 USD Hold'em No Limit - Level I (10/20) - 2023/07/12 17:12:44 CET [2023/07/12 11:12:44 ET]
Table '3616022591 1' 3-max Seat #2 is the button
Seat 1: Mahu2021 (630 in chips) 
Seat 2: cacho_drc (490 in chips) 
Seat 3: orlovcastro (380 in chips) 
orlovcastro: posts small blind 10
Mahu2021: posts big blind 20
*** HOLE CARDS ***
Dealt to Mahu2021 [4s 9h]
cacho_drc: raises 20 to 40
orlovcastro: folds 
Mahu2021: folds 
Uncalled bet (20) returned to cacho_drc
cacho_drc collected 50 from pot
*** SUMMARY ***
Total pot 50 | Rake 0 
Seat 1: Mahu2021 (big blind) folded before Flop
Seat 2: cacho_drc (button) collected (50)
Seat 3: orlovcastro (small blind) folded before Flop



PokerStars Hand #244771271472: Tournament #3616022591, $0.92+$0.08 USD Hold'em No Limit - Level I (10/20) - 2023/07/12 17:13:04 CET [2023/07/12 11:13:04 ET]
Table '3616022591 1' 3-max Seat #3 is the button
Seat 1: Mahu2021 (610 in chips) 
Seat 2: cacho_drc (520 in chips) 
Seat 3: orlovcastro (370 in chips) 
Mahu2021: posts small blind 10
cacho_drc: posts big blind 20
*** HOLE CARDS ***
Dealt to Mahu2021 [Qs Js]
orlovcastro has timed out
orlovcastro: folds 
orlovcastro is sitting out
Mahu2021: raises 20 to 40
orlovcastro has returned
cacho_drc: folds 
Uncalled bet (20) returned to Mahu2021
Mahu2021 collected 40 from pot
Mahu2021: doesn't show hand 
*** SUMMARY ***
Total pot 40 | Rake 0 
Seat 1: Mahu2021 (small blind) collected (40)
Seat 2: cacho_drc (big blind) folded before Flop
Seat 3: orlovcastro (button) folded before Flop (didn't bet)



PokerStars Hand #244771279463: Tournament #3616022591, $0.92+$0.08 USD Hold'em No Limit - Level II (15/30) - 2023/07/12 17:13:36 CET [2023/07/12 11:13:36 ET]
Table '3616022591 1' 3-max Seat #1 is the button
Seat 1: Mahu2021 (630 in chips) 
Seat 2: cacho_drc (500 in chips) 
Seat 3: orlovcastro (370 in chips) 
cacho_drc: posts small blind 15
orlovcastro: posts big blind 30
*** HOLE CARDS ***
Dealt to Mahu2021 [Kd Td]
Mahu2021: raises 30 to 60
cacho_drc: folds 
orlovcastro: calls 30
*** FLOP *** [Ks 6d Ac]
orlovcastro: checks 
Mahu2021: checks 
*** TURN *** [Ks 6d Ac] [Jc]
orlovcastro: checks 
Mahu2021: checks 
*** RIVER *** [Ks 6d Ac Jc] [Kh]
orlovcastro: bets 30
Mahu2021: raises 60 to 90
orlovcastro: calls 60
*** SHOW DOWN ***
Mahu2021: shows [Kd Td] (three of a kind, Kings)
orlovcastro: mucks hand 
Mahu2021 collected 315 from pot
*** SUMMARY ***
Total pot 315 | Rake 0 
Board [Ks 6d Ac Jc Kh]
Seat 1: Mahu2021 (button) showed [Kd Td] and won (315) with three of a kind, Kings
Seat 2: cacho_drc (small blind) folded before Flop
Seat 3: orlovcastro (big blind) mucked [3h 6h]



PokerStars Hand #244771285892: Tournament #3616022591, $0.92+$0.08 USD Hold'em No Limit - Level II (15/30) - 2023/07/12 17:14:03 CET [2023/07/12 11:14:03 ET]
Table '3616022591 1' 3-max Seat #2 is the button
Seat 1: Mahu2021 (795 in chips) 
Seat 2: cacho_drc (485 in chips) 
Seat 3: orlovcastro (220 in chips) 
orlovcastro: posts small blind 15
Mahu2021: posts big blind 30
*** HOLE CARDS ***
Dealt to Mahu2021 [Ks 6c]
cacho_drc: raises 30 to 60
orlovcastro: folds 
Mahu2021: calls 30
*** FLOP *** [Ad 5d 4h]
Mahu2021: checks 
cacho_drc: checks 
*** TURN *** [Ad 5d 4h] [Qh]
Mahu2021: checks 
cacho_drc: bets 68
Mahu2021: folds 
Uncalled bet (68) returned to cacho_drc
cacho_drc collected 135 from pot
*** SUMMARY ***
Total pot 135 | Rake 0 
Board [Ad 5d 4h Qh]
Seat 1: Mahu2021 (big blind) folded on the Turn
Seat 2: cacho_drc (button) collected (135)
Seat 3: orlovcastro (small blind) folded before Flop



PokerStars Hand #244771293723: Tournament #3616022591, $0.92+$0.08 USD Hold'em No Limit - Level II (15/30) - 2023/07/12 17:14:35 CET [2023/07/12 11:14:35 ET]
Table '3616022591 1' 3-max Seat #3 is the button
Seat 1: Mahu2021 (735 in chips) 
Seat 2: cacho_drc (560 in chips) 
Seat 3: orlovcastro (205 in chips) 
Mahu2021: posts small blind 15
cacho_drc: posts big blind 30
*** HOLE CARDS ***
Dealt to Mahu2021 [4h Ts]
orlovcastro: raises 175 to 205 and is all-in
Mahu2021: folds 
cacho_drc: folds 
Uncalled bet (175) returned to orlovcastro
orlovcastro collected 75 from pot
*** SUMMARY ***
Total pot 75 | Rake 0 
Seat 1: Mahu2021 (small blind) folded before Flop
Seat 2: cacho_drc (big blind) folded before Flop
Seat 3: orlovcastro (button) collected (75)



PokerStars Hand #244771297802: Tournament #3616022591, $0.92+$0.08 USD Hold'em No Limit - Level II (15/30) - 2023/07/12 17:14:52 CET [2023/07/12 11:14:52 ET]
Table '3616022591 1' 3-max Seat #1 is the button
Seat 1: Mahu2021 (720 in chips) 
Seat 2: cacho_drc (530 in chips) 
Seat 3: orlovcastro (250 in chips) 
cacho_drc: posts small blind 15
orlovcastro: posts big blind 30
*** HOLE CARDS ***
Dealt to Mahu2021 [Jh As]
Mahu2021: raises 30 to 60
cacho_drc: folds 
orlovcastro: calls 30
*** FLOP *** [2h 2d Jd]
orlovcastro: checks 
Mahu2021: bets 60
orlovcastro: folds 
Uncalled bet (60) returned to Mahu2021
Mahu2021 collected 135 from pot
Mahu2021: doesn't show hand 
*** SUMMARY ***
Total pot 135 | Rake 0 
Board [2h 2d Jd]
Seat 1: Mahu2021 (button) collected (135)
Seat 2: cacho_drc (small blind) folded before Flop
Seat 3: orlovcastro (big blind) folded on the Flop



PokerStars Hand #244771304231: Tournament #3616022591, $0.92+$0.08 USD Hold'em No Limit - Level III (20/40) - 2023/07/12 17:15:18 CET [2023/07/12 11:15:18 ET]
Table '3616022591 1' 3-max Seat #2 is the button
Seat 1: Mahu2021 (795 in chips) 
Seat 2: cacho_drc (515 in chips) 
Seat 3: orlovcastro (190 in chips) 
orlovcastro: posts small blind 20
Mahu2021: posts big blind 40
*** HOLE CARDS ***
Dealt to Mahu2021 [9h 2h]
cacho_drc: folds 
orlovcastro: folds 
Uncalled bet (20) returned to Mahu2021
Mahu2021 collected 40 from pot
Mahu2021: doesn't show hand 
*** SUMMARY ***
Total pot 40 | Rake 0 
Seat 1: Mahu2021 (big blind) collected (40)
Seat 2: cacho_drc (button) folded before Flop (didn't bet)
Seat 3: orlovcastro (small blind) folded before Flop



PokerStars Hand #244771305654: Tournament #3616022591, $0.92+$0.08 USD Hold'em No Limit - Level III (20/40) - 2023/07/12 17:15:24 CET [2023/07/12 11:15:24 ET]
Table '3616022591 1' 3-max Seat #3 is the button
Seat 1: Mahu2021 (815 in chips) 
Seat 2: cacho_drc (515 in chips) 
Seat 3: orlovcastro (170 in chips) 
Mahu2021: posts small blind 20
cacho_drc: posts big blind 40
*** HOLE CARDS ***
Dealt to Mahu2021 [Tc Kh]
orlovcastro: folds 
Mahu2021: raises 40 to 80
cacho_drc: folds 
Uncalled bet (40) returned to Mahu2021
Mahu2021 collected 80 from pot
Mahu2021: doesn't show hand 
*** SUMMARY ***
Total pot 80 | Rake 0 
Seat 1: Mahu2021 (small blind) collected (80)
Seat 2: cacho_drc (big blind) folded before Flop
Seat 3: orlovcastro (button) folded before Flop (didn't bet)



PokerStars Hand #244771307692: Tournament #3616022591, $0.92+$0.08 USD Hold'em No Limit - Level III (20/40) - 2023/07/12 17:15:32 CET [2023/07/12 11:15:32 ET]
Table '3616022591 1' 3-max Seat #1 is the button
Seat 1: Mahu2021 (855 in chips) 
Seat 2: cacho_drc (475 in chips) 
Seat 3: orlovcastro (170 in chips) 
cacho_drc: posts small blind 20
orlovcastro: posts big blind 40
*** HOLE CARDS ***
Dealt to Mahu2021 [3s 4c]
Mahu2021: folds 
cacho_drc: folds 
Uncalled bet (20) returned to orlovcastro
orlovcastro collected 40 from pot
*** SUMMARY ***
Total pot 40 | Rake 0 
Seat 1: Mahu2021 (button) folded before Flop (didn't bet)
Seat 2: cacho_drc (small blind) folded before Flop
Seat 3: orlovcastro (big blind) collected (40)



PokerStars Hand #244771311180: Tournament #3616022591, $0.92+$0.08 USD Hold'em No Limit - Level III (20/40) - 2023/07/12 17:15:46 CET [2023/07/12 11:15:46 ET]
Table '3616022591 1' 3-max Seat #2 is the button
Seat 1: Mahu2021 (855 in chips) 
Seat 2: cacho_drc (455 in chips) 
Seat 3: orlovcastro (190 in chips) 
orlovcastro: posts small blind 20
Mahu2021: posts big blind 40
*** HOLE CARDS ***
Dealt to Mahu2021 [7d 6h]
cacho_drc: folds 
orlovcastro: calls 20
Mahu2021: checks 
*** FLOP *** [Kh 9c 7h]
orlovcastro: checks 
Mahu2021: checks 
*** TURN *** [Kh 9c 7h] [Kc]
orlovcastro: bets 40
Mahu2021: calls 40
*** RIVER *** [Kh 9c 7h Kc] [2c]
orlovcastro: checks 
Mahu2021: checks 
*** SHOW DOWN ***
orlovcastro: shows [5d 4d] (a pair of Kings)
Mahu2021: shows [7d 6h] (two pair, Kings and Sevens)
Mahu2021 collected 160 from pot
*** SUMMARY ***
Total pot 160 | Rake 0 
Board [Kh 9c 7h Kc 2c]
Seat 1: Mahu2021 (big blind) showed [7d 6h] and won (160) with two pair, Kings and Sevens
Seat 2: cacho_drc (button) folded before Flop (didn't bet)
Seat 3: orlovcastro (small blind) showed [5d 4d] and lost with a pair of Kings



PokerStars Hand #244771317054: Tournament #3616022591, $0.92+$0.08 USD Hold'em No Limit - Level III (20/40) - 2023/07/12 17:16:10 CET [2023/07/12 11:16:10 ET]
Table '3616022591 1' 3-max Seat #3 is the button
Seat 1: Mahu2021 (935 in chips) 
Seat 2: cacho_drc (455 in chips) 
Seat 3: orlovcastro (110 in chips) 
Mahu2021: posts small blind 20
cacho_drc: posts big blind 40
*** HOLE CARDS ***
Dealt to Mahu2021 [5s 7d]
orlovcastro: folds 
Mahu2021: folds 
Uncalled bet (20) returned to cacho_drc
cacho_drc collected 40 from pot
*** SUMMARY ***
Total pot 40 | Rake 0 
Seat 1: Mahu2021 (small blind) folded before Flop
Seat 2: cacho_drc (big blind) collected (40)
Seat 3: orlovcastro (button) folded before Flop (didn't bet)



PokerStars Hand #244771318428: Tournament #3616022591, $0.92+$0.08 USD Hold'em No Limit - Level III (20/40) - 2023/07/12 17:16:16 CET [2023/07/12 11:16:16 ET]
Table '3616022591 1' 3-max Seat #1 is the button
Seat 1: Mahu2021 (915 in chips) 
Seat 2: cacho_drc (475 in chips) 
Seat 3: orlovcastro (110 in chips) 
cacho_drc: posts small blind 20
orlovcastro: posts big blind 40
*** HOLE CARDS ***
Dealt to Mahu2021 [Jh Qc]
Mahu2021: raises 80 to 120
cacho_drc: folds 
orlovcastro: calls 70 and is all-in
Uncalled bet (10) returned to Mahu2021
*** FLOP *** [5h Qh 4c]
*** TURN *** [5h Qh 4c] [9s]
*** RIVER *** [5h Qh 4c 9s] [Qd]
*** SHOW DOWN ***
orlovcastro: shows [9h 8c] (two pair, Queens and Nines)
Mahu2021: shows [Jh Qc] (three of a kind, Queens)
Mahu2021 collected 240 from pot
orlovcastro finished the tournament in 3rd place
*** SUMMARY ***
Total pot 240 | Rake 0 
Board [5h Qh 4c 9s Qd]
Seat 1: Mahu2021 (button) showed [Jh Qc] and won (240) with three of a kind, Queens
Seat 2: cacho_drc (small blind) folded before Flop
Seat 3: orlovcastro (big blind) showed [9h 8c] and lost with two pair, Queens and Nines



PokerStars Hand #244771323726: Tournament #3616022591, $0.92+$0.08 USD Hold'em No Limit - Level III (20/40) - 2023/07/12 17:16:37 CET [2023/07/12 11:16:37 ET]
Table '3616022591 1' 3-max Seat #2 is the button
Seat 1: Mahu2021 (1045 in chips) 
Seat 2: cacho_drc (455 in chips) 
cacho_drc: posts small blind 20
Mahu2021: posts big blind 40
*** HOLE CARDS ***
Dealt to Mahu2021 [Kd 5c]
cacho_drc: raises 40 to 80
Mahu2021: calls 40
*** FLOP *** [Jh 3s 6s]
Mahu2021: checks 
cacho_drc: checks 
*** TURN *** [Jh 3s 6s] [Qh]
Mahu2021: checks 
cacho_drc: bets 60
Mahu2021: folds 
Uncalled bet (60) returned to cacho_drc
cacho_drc collected 160 from pot
*** SUMMARY ***
Total pot 160 | Rake 0 
Board [Jh 3s 6s Qh]
Seat 1: Mahu2021 (big blind) folded on the Turn
Seat 2: cacho_drc (button) (small blind) collected (160)



PokerStars Hand #244771330344: Tournament #3616022591, $0.92+$0.08 USD Hold'em No Limit - Level III (20/40) - 2023/07/12 17:17:04 CET [2023/07/12 11:17:04 ET]
Table '3616022591 1' 3-max Seat #1 is the button
Seat 1: Mahu2021 (965 in chips) 
Seat 2: cacho_drc (535 in chips) 
Mahu2021: posts small blind 20
cacho_drc: posts big blind 40
*** HOLE CARDS ***
Dealt to Mahu2021 [Ks Qs]
Mahu2021: raises 40 to 80
cacho_drc: folds 
Uncalled bet (40) returned to Mahu2021
Mahu2021 collected 80 from pot
Mahu2021: doesn't show hand 
*** SUMMARY ***
Total pot 80 | Rake 0 
Seat 1: Mahu2021 (button) (small blind) collected (80)
Seat 2: cacho_drc (big blind) folded before Flop



PokerStars Hand #244771333635: Tournament #3616022591, $0.92+$0.08 USD Hold'em No Limit - Level IV (30/60) - 2023/07/12 17:17:17 CET [2023/07/12 11:17:17 ET]
Table '3616022591 1' 3-max Seat #2 is the button
Seat 1: Mahu2021 (1005 in chips) 
Seat 2: cacho_drc (495 in chips) 
cacho_drc: posts small blind 30
Mahu2021: posts big blind 60
*** HOLE CARDS ***
Dealt to Mahu2021 [5s Qs]
cacho_drc: calls 30
Mahu2021: checks 
*** FLOP *** [3c Jh 9c]
Mahu2021: checks 
cacho_drc: checks 
*** TURN *** [3c Jh 9c] [6c]
Mahu2021: checks 
cacho_drc: checks 
*** RIVER *** [3c Jh 9c 6c] [4c]
Mahu2021: bets 60
cacho_drc: folds 
Uncalled bet (60) returned to Mahu2021
Mahu2021 collected 120 from pot
Mahu2021: doesn't show hand 
*** SUMMARY ***
Total pot 120 | Rake 0 
Board [3c Jh 9c 6c 4c]
Seat 1: Mahu2021 (big blind) collected (120)
Seat 2: cacho_drc (button) (small blind) folded on the River



PokerStars Hand #244771341706: Tournament #3616022591, $0.92+$0.08 USD Hold'em No Limit - Level IV (30/60) - 2023/07/12 17:17:50 CET [2023/07/12 11:17:50 ET]
Table '3616022591 1' 3-max Seat #1 is the button
Seat 1: Mahu2021 (1065 in chips) 
Seat 2: cacho_drc (435 in chips) 
Mahu2021: posts small blind 30
cacho_drc: posts big blind 60
*** HOLE CARDS ***
Dealt to Mahu2021 [Js Kh]
Mahu2021: raises 60 to 120
cacho_drc: folds 
Uncalled bet (60) returned to Mahu2021
Mahu2021 collected 120 from pot
Mahu2021: doesn't show hand 
*** SUMMARY ***
Total pot 120 | Rake 0 
Seat 1: Mahu2021 (button) (small blind) collected (120)
Seat 2: cacho_drc (big blind) folded before Flop



PokerStars Hand #244771343481: Tournament #3616022591, $0.92+$0.08 USD Hold'em No Limit - Level IV (30/60) - 2023/07/12 17:17:58 CET [2023/07/12 11:17:58 ET]
Table '3616022591 1' 3-max Seat #2 is the button
Seat 1: Mahu2021 (1125 in chips) 
Seat 2: cacho_drc (375 in chips) 
cacho_drc: posts small blind 30
Mahu2021: posts big blind 60
*** HOLE CARDS ***
Dealt to Mahu2021 [Js Kc]
cacho_drc: folds 
Uncalled bet (30) returned to Mahu2021
Mahu2021 collected 60 from pot
Mahu2021: doesn't show hand 
*** SUMMARY ***
Total pot 60 | Rake 0 
Seat 1: Mahu2021 (big blind) collected (60)
Seat 2: cacho_drc (button) (small blind) folded before Flop



PokerStars Hand #244771344668: Tournament #3616022591, $0.92+$0.08 USD Hold'em No Limit - Level IV (30/60) - 2023/07/12 17:18:03 CET [2023/07/12 11:18:03 ET]
Table '3616022591 1' 3-max Seat #1 is the button
Seat 1: Mahu2021 (1155 in chips) 
Seat 2: cacho_drc (345 in chips) 
Mahu2021: posts small blind 30
cacho_drc: posts big blind 60
*** HOLE CARDS ***
Dealt to Mahu2021 [Ah 3h]
Mahu2021: raises 60 to 120
cacho_drc: calls 60
*** FLOP *** [Qh Qs Jc]
cacho_drc: checks 
Mahu2021: bets 120
cacho_drc: folds 
Uncalled bet (120) returned to Mahu2021
Mahu2021 collected 240 from pot
Mahu2021: doesn't show hand 
*** SUMMARY ***
Total pot 240 | Rake 0 
Board [Qh Qs Jc]
Seat 1: Mahu2021 (button) (small blind) collected (240)
Seat 2: cacho_drc (big blind) folded on the Flop



PokerStars Hand #244771351218: Tournament #3616022591, $0.92+$0.08 USD Hold'em No Limit - Level IV (30/60) - 2023/07/12 17:18:29 CET [2023/07/12 11:18:29 ET]
Table '3616022591 1' 3-max Seat #2 is the button
Seat 1: Mahu2021 (1275 in chips) 
Seat 2: cacho_drc (225 in chips) 
cacho_drc: posts small blind 30
Mahu2021: posts big blind 60
*** HOLE CARDS ***
Dealt to Mahu2021 [Jh 6d]
cacho_drc: folds 
Uncalled bet (30) returned to Mahu2021
Mahu2021 collected 60 from pot
Mahu2021: doesn't show hand 
*** SUMMARY ***
Total pot 60 | Rake 0 
Seat 1: Mahu2021 (big blind) collected (60)
Seat 2: cacho_drc (button) (small blind) folded before Flop



PokerStars Hand #244771352525: Tournament #3616022591, $0.92+$0.08 USD Hold'em No Limit - Level IV (30/60) - 2023/07/12 17:18:34 CET [2023/07/12 11:18:34 ET]
Table '3616022591 1' 3-max Seat #1 is the button
Seat 1: Mahu2021 (1305 in chips) 
Seat 2: cacho_drc (195 in chips) 
Mahu2021: posts small blind 30
cacho_drc: posts big blind 60
*** HOLE CARDS ***
Dealt to Mahu2021 [6d 3s]
Mahu2021: folds 
Uncalled bet (30) returned to cacho_drc
cacho_drc collected 60 from pot
*** SUMMARY ***
Total pot 60 | Rake 0 
Seat 1: Mahu2021 (button) (small blind) folded before Flop
Seat 2: cacho_drc (big blind) collected (60)



PokerStars Hand #244771353750: Tournament #3616022591, $0.92+$0.08 USD Hold'em No Limit - Level IV (30/60) - 2023/07/12 17:18:39 CET [2023/07/12 11:18:39 ET]
Table '3616022591 1' 3-max Seat #2 is the button
Seat 1: Mahu2021 (1275 in chips) 
Seat 2: cacho_drc (225 in chips) 
cacho_drc: posts small blind 30
Mahu2021: posts big blind 60
*** HOLE CARDS ***
Dealt to Mahu2021 [Qh Jh]
cacho_drc: folds 
Uncalled bet (30) returned to Mahu2021
Mahu2021 collected 60 from pot
Mahu2021: doesn't show hand 
*** SUMMARY ***
Total pot 60 | Rake 0 
Seat 1: Mahu2021 (big blind) collected (60)
Seat 2: cacho_drc (button) (small blind) folded before Flop



PokerStars Hand #244771355167: Tournament #3616022591, $0.92+$0.08 USD Hold'em No Limit - Level IV (30/60) - 2023/07/12 17:18:45 CET [2023/07/12 11:18:45 ET]
Table '3616022591 1' 3-max Seat #1 is the button
Seat 1: Mahu2021 (1305 in chips) 
Seat 2: cacho_drc (195 in chips) 
Mahu2021: posts small blind 30
cacho_drc: posts big blind 60
*** HOLE CARDS ***
Dealt to Mahu2021 [Kd Jh]
Mahu2021: raises 60 to 120
cacho_drc: raises 60 to 180
Mahu2021: calls 60
*** FLOP *** [7h 7s Kh]
cacho_drc: bets 15 and is all-in
Mahu2021: calls 15
*** TURN *** [7h 7s Kh] [8h]
*** RIVER *** [7h 7s Kh 8h] [7d]
*** SHOW DOWN ***
cacho_drc: shows [2c Jc] (three of a kind, Sevens)
Mahu2021: shows [Kd Jh] (a full house, Sevens full of Kings)
Mahu2021 collected 390 from pot
cacho_drc finished the tournament in 2nd place
Mahu2021 wins the tournament and receives $2.00 - congratulations!
*** SUMMARY ***
Total pot 390 | Rake 0 
Board [7h 7s Kh 8h 7d]
Seat 1: Mahu2021 (button) (small blind) showed [Kd Jh] and won (390) with a full house, Sevens full of Kings
Seat 2: cacho_drc (big blind) showed [2c Jc] and lost with three of a kind, Sevens



