PokerStars Hand #248546953158: Tournament #3708003453, $1.84+$0.16 USD Hold'em No Limit - Level I (10/20) - 2024/01/28 18:04:55 CET [2024/01/28 12:04:55 ET]
Table '3708003453 1' 3-max Seat #1 is the button
Seat 1: Goron369 (500 in chips) 
Seat 2: Smurfbroker (500 in chips) 
Seat 3: Mahu2021 (500 in chips) 
Smurfbroker: posts small blind 10
Mahu2021: posts big blind 20
*** HOLE CARDS ***
Dealt to Mahu2021 [6d 8h]
Goron369: folds 
Smurfbroker: raises 20 to 40
Mahu2021: calls 20
*** FLOP *** [8c 4h As]
Smurfbroker: checks 
Mahu2021: checks 
*** TURN *** [8c 4h As] [Jc]
Smurfbroker: checks 
Mahu2021: checks 
*** RIVER *** [8c 4h As Jc] [Ad]
Smurfbroker: bets 20
Mahu2021: raises 40 to 60
Smurfbroker: folds 
Uncalled bet (40) returned to Mahu2021
Mahu2021 collected 120 from pot
Mahu2021: doesn't show hand 
*** SUMMARY ***
Total pot 120 | Rake 0 
Board [8c 4h As Jc Ad]
Seat 1: Goron369 (button) folded before Flop (didn't bet)
Seat 2: Smurfbroker (small blind) folded on the River
Seat 3: Mahu2021 (big blind) collected (120)



PokerStars Hand #248546962120: Tournament #3708003453, $1.84+$0.16 USD Hold'em No Limit - Level I (10/20) - 2024/01/28 18:05:20 CET [2024/01/28 12:05:20 ET]
Table '3708003453 1' 3-max Seat #2 is the button
Seat 1: Goron369 (500 in chips) 
Seat 2: Smurfbroker (440 in chips) 
Seat 3: Mahu2021 (560 in chips) 
Mahu2021: posts small blind 10
Goron369: posts big blind 20
*** HOLE CARDS ***
Dealt to Mahu2021 [3d Kh]
Smurfbroker: raises 20 to 40
Mahu2021: folds 
Goron369: calls 20
*** FLOP *** [9h 5c Tc]
Goron369: checks 
Smurfbroker: bets 60
Goron369: folds 
Uncalled bet (60) returned to Smurfbroker
Smurfbroker collected 90 from pot
Smurfbroker: doesn't show hand 
*** SUMMARY ***
Total pot 90 | Rake 0 
Board [9h 5c Tc]
Seat 1: Goron369 (big blind) folded on the Flop
Seat 2: Smurfbroker (button) collected (90)
Seat 3: Mahu2021 (small blind) folded before Flop



PokerStars Hand #248546968332: Tournament #3708003453, $1.84+$0.16 USD Hold'em No Limit - Level I (10/20) - 2024/01/28 18:05:37 CET [2024/01/28 12:05:37 ET]
Table '3708003453 1' 3-max Seat #3 is the button
Seat 1: Goron369 (460 in chips) 
Seat 2: Smurfbroker (490 in chips) 
Seat 3: Mahu2021 (550 in chips) 
Goron369: posts small blind 10
Smurfbroker: posts big blind 20
*** HOLE CARDS ***
Dealt to Mahu2021 [Js 6h]
Mahu2021: folds 
Goron369: calls 10
Smurfbroker: checks 
*** FLOP *** [6c Ks 7h]
Goron369: checks 
Smurfbroker: bets 60
Goron369: calls 60
*** TURN *** [6c Ks 7h] [5d]
Goron369: checks 
Smurfbroker: bets 100
Goron369: calls 100
*** RIVER *** [6c Ks 7h 5d] [9c]
Goron369: checks 
Smurfbroker: bets 310 and is all-in
Goron369: calls 280 and is all-in
Uncalled bet (30) returned to Smurfbroker
*** SHOW DOWN ***
Smurfbroker: shows [5s Kh] (two pair, Kings and Fives)
Goron369: shows [6d 7s] (two pair, Sevens and Sixes)
Smurfbroker collected 920 from pot
Goron369 finished the tournament in 3rd place
*** SUMMARY ***
Total pot 920 | Rake 0 
Board [6c Ks 7h 5d 9c]
Seat 1: Goron369 (small blind) showed [6d 7s] and lost with two pair, Sevens and Sixes
Seat 2: Smurfbroker (big blind) showed [5s Kh] and won (920) with two pair, Kings and Fives
Seat 3: Mahu2021 (button) folded before Flop (didn't bet)



PokerStars Hand #248546982520: Tournament #3708003453, $1.84+$0.16 USD Hold'em No Limit - Level I (10/20) - 2024/01/28 18:06:19 CET [2024/01/28 12:06:19 ET]
Table '3708003453 1' 3-max Seat #2 is the button
Seat 2: Smurfbroker (950 in chips) 
Seat 3: Mahu2021 (550 in chips) 
Smurfbroker: posts small blind 10
Mahu2021: posts big blind 20
*** HOLE CARDS ***
Dealt to Mahu2021 [4d 7c]
Smurfbroker: raises 40 to 60
Mahu2021: folds 
Uncalled bet (40) returned to Smurfbroker
Smurfbroker collected 40 from pot
Smurfbroker: doesn't show hand 
*** SUMMARY ***
Total pot 40 | Rake 0 
Seat 2: Smurfbroker (button) (small blind) collected (40)
Seat 3: Mahu2021 (big blind) folded before Flop



PokerStars Hand #248546984736: Tournament #3708003453, $1.84+$0.16 USD Hold'em No Limit - Level I (10/20) - 2024/01/28 18:06:25 CET [2024/01/28 12:06:25 ET]
Table '3708003453 1' 3-max Seat #3 is the button
Seat 2: Smurfbroker (970 in chips) 
Seat 3: Mahu2021 (530 in chips) 
Mahu2021: posts small blind 10
Smurfbroker: posts big blind 20
*** HOLE CARDS ***
Dealt to Mahu2021 [3c 3d]
Mahu2021: raises 20 to 40
Smurfbroker: folds 
Uncalled bet (20) returned to Mahu2021
Mahu2021 collected 40 from pot
Mahu2021: doesn't show hand 
*** SUMMARY ***
Total pot 40 | Rake 0 
Seat 2: Smurfbroker (big blind) folded before Flop
Seat 3: Mahu2021 (button) (small blind) collected (40)



PokerStars Hand #248546987633: Tournament #3708003453, $1.84+$0.16 USD Hold'em No Limit - Level I (10/20) - 2024/01/28 18:06:33 CET [2024/01/28 12:06:33 ET]
Table '3708003453 1' 3-max Seat #2 is the button
Seat 2: Smurfbroker (950 in chips) 
Seat 3: Mahu2021 (550 in chips) 
Smurfbroker: posts small blind 10
Mahu2021: posts big blind 20
*** HOLE CARDS ***
Dealt to Mahu2021 [5h 4c]
Smurfbroker: folds 
Uncalled bet (10) returned to Mahu2021
Mahu2021 collected 20 from pot
Mahu2021: doesn't show hand 
*** SUMMARY ***
Total pot 20 | Rake 0 
Seat 2: Smurfbroker (button) (small blind) folded before Flop
Seat 3: Mahu2021 (big blind) collected (20)



PokerStars Hand #248546990119: Tournament #3708003453, $1.84+$0.16 USD Hold'em No Limit - Level I (10/20) - 2024/01/28 18:06:40 CET [2024/01/28 12:06:40 ET]
Table '3708003453 1' 3-max Seat #3 is the button
Seat 2: Smurfbroker (940 in chips) 
Seat 3: Mahu2021 (560 in chips) 
Mahu2021: posts small blind 10
Smurfbroker: posts big blind 20
*** HOLE CARDS ***
Dealt to Mahu2021 [Js Td]
Mahu2021: raises 40 to 60
Smurfbroker: folds 
Uncalled bet (40) returned to Mahu2021
Mahu2021 collected 40 from pot
Mahu2021: doesn't show hand 
*** SUMMARY ***
Total pot 40 | Rake 0 
Seat 2: Smurfbroker (big blind) folded before Flop
Seat 3: Mahu2021 (button) (small blind) collected (40)



PokerStars Hand #248546991938: Tournament #3708003453, $1.84+$0.16 USD Hold'em No Limit - Level I (10/20) - 2024/01/28 18:06:46 CET [2024/01/28 12:06:46 ET]
Table '3708003453 1' 3-max Seat #2 is the button
Seat 2: Smurfbroker (920 in chips) 
Seat 3: Mahu2021 (580 in chips) 
Smurfbroker: posts small blind 10
Mahu2021: posts big blind 20
*** HOLE CARDS ***
Dealt to Mahu2021 [5d As]
Smurfbroker: folds 
Uncalled bet (10) returned to Mahu2021
Mahu2021 collected 20 from pot
Mahu2021: doesn't show hand 
*** SUMMARY ***
Total pot 20 | Rake 0 
Seat 2: Smurfbroker (button) (small blind) folded before Flop
Seat 3: Mahu2021 (big blind) collected (20)



PokerStars Hand #248546993998: Tournament #3708003453, $1.84+$0.16 USD Hold'em No Limit - Level I (10/20) - 2024/01/28 18:06:52 CET [2024/01/28 12:06:52 ET]
Table '3708003453 1' 3-max Seat #3 is the button
Seat 2: Smurfbroker (910 in chips) 
Seat 3: Mahu2021 (590 in chips) 
Mahu2021: posts small blind 10
Smurfbroker: posts big blind 20
*** HOLE CARDS ***
Dealt to Mahu2021 [3h 8h]
Mahu2021: folds 
Uncalled bet (10) returned to Smurfbroker
Smurfbroker collected 20 from pot
Smurfbroker: doesn't show hand 
*** SUMMARY ***
Total pot 20 | Rake 0 
Seat 2: Smurfbroker (big blind) collected (20)
Seat 3: Mahu2021 (button) (small blind) folded before Flop



PokerStars Hand #248546995495: Tournament #3708003453, $1.84+$0.16 USD Hold'em No Limit - Level I (10/20) - 2024/01/28 18:06:56 CET [2024/01/28 12:06:56 ET]
Table '3708003453 1' 3-max Seat #2 is the button
Seat 2: Smurfbroker (920 in chips) 
Seat 3: Mahu2021 (580 in chips) 
Smurfbroker: posts small blind 10
Mahu2021: posts big blind 20
*** HOLE CARDS ***
Dealt to Mahu2021 [9h Kc]
Smurfbroker: folds 
Uncalled bet (10) returned to Mahu2021
Mahu2021 collected 20 from pot
Mahu2021: doesn't show hand 
*** SUMMARY ***
Total pot 20 | Rake 0 
Seat 2: Smurfbroker (button) (small blind) folded before Flop
Seat 3: Mahu2021 (big blind) collected (20)



PokerStars Hand #248546997174: Tournament #3708003453, $1.84+$0.16 USD Hold'em No Limit - Level I (10/20) - 2024/01/28 18:07:01 CET [2024/01/28 12:07:01 ET]
Table '3708003453 1' 3-max Seat #3 is the button
Seat 2: Smurfbroker (910 in chips) 
Seat 3: Mahu2021 (590 in chips) 
Mahu2021: posts small blind 10
Smurfbroker: posts big blind 20
*** HOLE CARDS ***
Dealt to Mahu2021 [5s 5c]
Mahu2021: raises 40 to 60
Smurfbroker: raises 120 to 180
Mahu2021: raises 410 to 590 and is all-in
Smurfbroker: calls 410
*** FLOP *** [3c 6c 4s]
*** TURN *** [3c 6c 4s] [Qs]
*** RIVER *** [3c 6c 4s Qs] [6s]
*** SHOW DOWN ***
Smurfbroker: shows [Td Ac] (a pair of Sixes)
Mahu2021: shows [5s 5c] (two pair, Sixes and Fives)
Mahu2021 collected 1180 from pot
*** SUMMARY ***
Total pot 1180 | Rake 0 
Board [3c 6c 4s Qs 6s]
Seat 2: Smurfbroker (big blind) showed [Td Ac] and lost with a pair of Sixes
Seat 3: Mahu2021 (button) (small blind) showed [5s 5c] and won (1180) with two pair, Sixes and Fives



PokerStars Hand #248547004641: Tournament #3708003453, $1.84+$0.16 USD Hold'em No Limit - Level I (10/20) - 2024/01/28 18:07:22 CET [2024/01/28 12:07:22 ET]
Table '3708003453 1' 3-max Seat #2 is the button
Seat 2: Smurfbroker (320 in chips) 
Seat 3: Mahu2021 (1180 in chips) 
Smurfbroker: posts small blind 10
Mahu2021: posts big blind 20
*** HOLE CARDS ***
Dealt to Mahu2021 [7c As]
Smurfbroker: folds 
Uncalled bet (10) returned to Mahu2021
Mahu2021 collected 20 from pot
Mahu2021: doesn't show hand 
*** SUMMARY ***
Total pot 20 | Rake 0 
Seat 2: Smurfbroker (button) (small blind) folded before Flop
Seat 3: Mahu2021 (big blind) collected (20)



PokerStars Hand #248547006162: Tournament #3708003453, $1.84+$0.16 USD Hold'em No Limit - Level I (10/20) - 2024/01/28 18:07:26 CET [2024/01/28 12:07:26 ET]
Table '3708003453 1' 3-max Seat #3 is the button
Seat 2: Smurfbroker (310 in chips) 
Seat 3: Mahu2021 (1190 in chips) 
Mahu2021: posts small blind 10
Smurfbroker: posts big blind 20
*** HOLE CARDS ***
Dealt to Mahu2021 [4h Jd]
Mahu2021: calls 10
Smurfbroker: checks 
*** FLOP *** [8d Ts Qd]
Smurfbroker: checks 
Mahu2021: bets 20
Smurfbroker: folds 
Uncalled bet (20) returned to Mahu2021
Mahu2021 collected 40 from pot
Mahu2021: doesn't show hand 
*** SUMMARY ***
Total pot 40 | Rake 0 
Board [8d Ts Qd]
Seat 2: Smurfbroker (big blind) folded on the Flop
Seat 3: Mahu2021 (button) (small blind) collected (40)



PokerStars Hand #248547009670: Tournament #3708003453, $1.84+$0.16 USD Hold'em No Limit - Level I (10/20) - 2024/01/28 18:07:36 CET [2024/01/28 12:07:36 ET]
Table '3708003453 1' 3-max Seat #2 is the button
Seat 2: Smurfbroker (290 in chips) 
Seat 3: Mahu2021 (1210 in chips) 
Smurfbroker: posts small blind 10
Mahu2021: posts big blind 20
*** HOLE CARDS ***
Dealt to Mahu2021 [7s 9c]
Smurfbroker: folds 
Uncalled bet (10) returned to Mahu2021
Mahu2021 collected 20 from pot
Mahu2021: doesn't show hand 
*** SUMMARY ***
Total pot 20 | Rake 0 
Seat 2: Smurfbroker (button) (small blind) folded before Flop
Seat 3: Mahu2021 (big blind) collected (20)



PokerStars Hand #248547011244: Tournament #3708003453, $1.84+$0.16 USD Hold'em No Limit - Level I (10/20) - 2024/01/28 18:07:40 CET [2024/01/28 12:07:40 ET]
Table '3708003453 1' 3-max Seat #3 is the button
Seat 2: Smurfbroker (280 in chips) 
Seat 3: Mahu2021 (1220 in chips) 
Mahu2021: posts small blind 10
Smurfbroker: posts big blind 20
*** HOLE CARDS ***
Dealt to Mahu2021 [Js 6c]
Mahu2021: raises 20 to 40
Smurfbroker: calls 20
*** FLOP *** [As 4c Qs]
Smurfbroker: bets 40
Mahu2021: folds 
Uncalled bet (40) returned to Smurfbroker
Smurfbroker collected 80 from pot
Smurfbroker: doesn't show hand 
*** SUMMARY ***
Total pot 80 | Rake 0 
Board [As 4c Qs]
Seat 2: Smurfbroker (big blind) collected (80)
Seat 3: Mahu2021 (button) (small blind) folded on the Flop



