PokerStars Hand #245793364452: Tournament #3640954759, $0.92+$0.08 USD Hold'em No Limit - Level I (10/20) - 2023/09/05 21:51:41 CET [2023/09/05 15:51:41 ET]
Table '3640954759 1' 3-max Seat #1 is the button
Seat 1: Toni197534 (500 in chips) 
Seat 2: Mahu2021 (500 in chips) 
Seat 3: bbecker03 (500 in chips) 
Mahu2021: posts small blind 10
bbecker03: posts big blind 20
*** HOLE CARDS ***
Dealt to Mahu2021 [Jc As]
Toni197534: calls 20
Mahu2021: calls 10
bbecker03: checks 
*** FLOP *** [2d 5h Js]
Mahu2021: bets 60
bbecker03: calls 60
Toni197534: folds 
*** TURN *** [2d 5h Js] [9h]
Mahu2021: bets 180
bbecker03: calls 180
*** RIVER *** [2d 5h Js 9h] [Th]
Mahu2021: bets 240 and is all-in
bbecker03: folds 
Uncalled bet (240) returned to Mahu2021
Mahu2021 collected 540 from pot
Mahu2021: doesn't show hand 
*** SUMMARY ***
Total pot 540 | Rake 0 
Board [2d 5h Js 9h Th]
Seat 1: Toni197534 (button) folded on the Flop
Seat 2: Mahu2021 (small blind) collected (540)
Seat 3: bbecker03 (big blind) folded on the River



PokerStars Hand #245793373237: Tournament #3640954759, $0.92+$0.08 USD Hold'em No Limit - Level I (10/20) - 2023/09/05 21:52:06 CET [2023/09/05 15:52:06 ET]
Table '3640954759 1' 3-max Seat #2 is the button
Seat 1: Toni197534 (480 in chips) 
Seat 2: Mahu2021 (780 in chips) 
Seat 3: bbecker03 (240 in chips) 
bbecker03: posts small blind 10
Toni197534: posts big blind 20
*** HOLE CARDS ***
Dealt to Mahu2021 [Ac 4s]
Mahu2021: calls 20
bbecker03: calls 10
Toni197534: checks 
*** FLOP *** [9c 8s 7h]
bbecker03: checks 
Toni197534: checks 
Mahu2021: checks 
*** TURN *** [9c 8s 7h] [3h]
bbecker03: checks 
Toni197534: checks 
Mahu2021: checks 
*** RIVER *** [9c 8s 7h 3h] [6s]
bbecker03: checks 
Toni197534: checks 
Mahu2021: checks 
*** SHOW DOWN ***
bbecker03: shows [7c Qs] (a pair of Sevens)
Toni197534: shows [Jc 5h] (a straight, Five to Nine)
Mahu2021: mucks hand 
Toni197534 collected 60 from pot
*** SUMMARY ***
Total pot 60 | Rake 0 
Board [9c 8s 7h 3h 6s]
Seat 1: Toni197534 (big blind) showed [Jc 5h] and won (60) with a straight, Five to Nine
Seat 2: Mahu2021 (button) mucked [Ac 4s]
Seat 3: bbecker03 (small blind) showed [7c Qs] and lost with a pair of Sevens



PokerStars Hand #245793378864: Tournament #3640954759, $0.92+$0.08 USD Hold'em No Limit - Level I (10/20) - 2023/09/05 21:52:21 CET [2023/09/05 15:52:21 ET]
Table '3640954759 1' 3-max Seat #3 is the button
Seat 1: Toni197534 (520 in chips) 
Seat 2: Mahu2021 (760 in chips) 
Seat 3: bbecker03 (220 in chips) 
Toni197534: posts small blind 10
Mahu2021: posts big blind 20
*** HOLE CARDS ***
Dealt to Mahu2021 [9d 2d]
bbecker03: calls 20
Toni197534: calls 10
Mahu2021: checks 
*** FLOP *** [Js Jc 3d]
Toni197534: checks 
Mahu2021: checks 
bbecker03: checks 
*** TURN *** [Js Jc 3d] [8h]
Toni197534: checks 
Mahu2021: checks 
bbecker03: checks 
*** RIVER *** [Js Jc 3d 8h] [3c]
Toni197534: checks 
Mahu2021: checks 
bbecker03: checks 
*** SHOW DOWN ***
Toni197534: shows [6s Qc] (two pair, Jacks and Threes)
Mahu2021: mucks hand 
bbecker03: mucks hand 
Toni197534 collected 60 from pot
*** SUMMARY ***
Total pot 60 | Rake 0 
Board [Js Jc 3d 8h 3c]
Seat 1: Toni197534 (small blind) showed [6s Qc] and won (60) with two pair, Jacks and Threes
Seat 2: Mahu2021 (big blind) mucked [9d 2d]
Seat 3: bbecker03 (button) mucked [Td 7c]



PokerStars Hand #245793386179: Tournament #3640954759, $0.92+$0.08 USD Hold'em No Limit - Level I (10/20) - 2023/09/05 21:52:41 CET [2023/09/05 15:52:41 ET]
Table '3640954759 1' 3-max Seat #1 is the button
Seat 1: Toni197534 (560 in chips) 
Seat 2: Mahu2021 (740 in chips) 
Seat 3: bbecker03 (200 in chips) 
Mahu2021: posts small blind 10
bbecker03: posts big blind 20
*** HOLE CARDS ***
Dealt to Mahu2021 [9h 4h]
Toni197534: calls 20
Mahu2021: folds 
bbecker03: raises 180 to 200 and is all-in
Toni197534: folds 
Uncalled bet (180) returned to bbecker03
bbecker03 collected 50 from pot
bbecker03: doesn't show hand 
*** SUMMARY ***
Total pot 50 | Rake 0 
Seat 1: Toni197534 (button) folded before Flop
Seat 2: Mahu2021 (small blind) folded before Flop
Seat 3: bbecker03 (big blind) collected (50)



PokerStars Hand #245793391959: Tournament #3640954759, $0.92+$0.08 USD Hold'em No Limit - Level I (10/20) - 2023/09/05 21:52:57 CET [2023/09/05 15:52:57 ET]
Table '3640954759 1' 3-max Seat #2 is the button
Seat 1: Toni197534 (540 in chips) 
Seat 2: Mahu2021 (730 in chips) 
Seat 3: bbecker03 (230 in chips) 
bbecker03: posts small blind 10
Toni197534: posts big blind 20
*** HOLE CARDS ***
Dealt to Mahu2021 [6d As]
Mahu2021: calls 20
bbecker03: calls 10
Toni197534: checks 
*** FLOP *** [6s 2s 4c]
bbecker03: checks 
Toni197534: checks 
Mahu2021: bets 20
bbecker03: calls 20
Toni197534: calls 20
*** TURN *** [6s 2s 4c] [Kc]
bbecker03: checks 
Toni197534: checks 
Mahu2021: checks 
*** RIVER *** [6s 2s 4c Kc] [2d]
bbecker03: checks 
Toni197534: checks 
Mahu2021: checks 
*** SHOW DOWN ***
bbecker03: shows [Jc Th] (a pair of Deuces)
Toni197534: shows [Qd 5d] (a pair of Deuces - King+Queen kicker)
Mahu2021: shows [6d As] (two pair, Sixes and Deuces)
Mahu2021 collected 120 from pot
*** SUMMARY ***
Total pot 120 | Rake 0 
Board [6s 2s 4c Kc 2d]
Seat 1: Toni197534 (big blind) showed [Qd 5d] and lost with a pair of Deuces
Seat 2: Mahu2021 (button) showed [6d As] and won (120) with two pair, Sixes and Deuces
Seat 3: bbecker03 (small blind) showed [Jc Th] and lost with a pair of Deuces



PokerStars Hand #245793399210: Tournament #3640954759, $0.92+$0.08 USD Hold'em No Limit - Level I (10/20) - 2023/09/05 21:53:18 CET [2023/09/05 15:53:18 ET]
Table '3640954759 1' 3-max Seat #3 is the button
Seat 1: Toni197534 (500 in chips) 
Seat 2: Mahu2021 (810 in chips) 
Seat 3: bbecker03 (190 in chips) 
Toni197534: posts small blind 10
Mahu2021: posts big blind 20
*** HOLE CARDS ***
Dealt to Mahu2021 [Qc 2c]
bbecker03: calls 20
Toni197534: calls 10
Mahu2021: checks 
*** FLOP *** [5d 2d 8h]
Toni197534: bets 20
Mahu2021: folds 
bbecker03: calls 20
*** TURN *** [5d 2d 8h] [5h]
Toni197534: checks 
bbecker03: checks 
*** RIVER *** [5d 2d 8h 5h] [7d]
Toni197534: bets 460 and is all-in
bbecker03: calls 150 and is all-in
Uncalled bet (310) returned to Toni197534
*** SHOW DOWN ***
Toni197534: shows [4d Qd] (a flush, Queen high)
bbecker03: shows [6s 9h] (a straight, Five to Nine)
Toni197534 collected 400 from pot
bbecker03 finished the tournament in 3rd place
*** SUMMARY ***
Total pot 400 | Rake 0 
Board [5d 2d 8h 5h 7d]
Seat 1: Toni197534 (small blind) showed [4d Qd] and won (400) with a flush, Queen high
Seat 2: Mahu2021 (big blind) folded on the Flop
Seat 3: bbecker03 (button) showed [6s 9h] and lost with a straight, Five to Nine



PokerStars Hand #245793409607: Tournament #3640954759, $0.92+$0.08 USD Hold'em No Limit - Level I (10/20) - 2023/09/05 21:53:46 CET [2023/09/05 15:53:46 ET]
Table '3640954759 1' 3-max Seat #2 is the button
Seat 1: Toni197534 (710 in chips) 
Seat 2: Mahu2021 (790 in chips) 
Mahu2021: posts small blind 10
Toni197534: posts big blind 20
*** HOLE CARDS ***
Dealt to Mahu2021 [Th 8h]
Mahu2021: calls 10
Toni197534: checks 
*** FLOP *** [5d 9c 8d]
Toni197534: bets 20
Mahu2021: calls 20
*** TURN *** [5d 9c 8d] [Qd]
Toni197534: checks 
Mahu2021: checks 
*** RIVER *** [5d 9c 8d Qd] [Jc]
Toni197534: checks 
Mahu2021: bets 80
Toni197534: folds 
Uncalled bet (80) returned to Mahu2021
Mahu2021 collected 80 from pot
Mahu2021: doesn't show hand 
*** SUMMARY ***
Total pot 80 | Rake 0 
Board [5d 9c 8d Qd Jc]
Seat 1: Toni197534 (big blind) folded on the River
Seat 2: Mahu2021 (button) (small blind) collected (80)



PokerStars Hand #245793417825: Tournament #3640954759, $0.92+$0.08 USD Hold'em No Limit - Level I (10/20) - 2023/09/05 21:54:09 CET [2023/09/05 15:54:09 ET]
Table '3640954759 1' 3-max Seat #1 is the button
Seat 1: Toni197534 (670 in chips) 
Seat 2: Mahu2021 (830 in chips) 
Toni197534: posts small blind 10
Mahu2021: posts big blind 20
*** HOLE CARDS ***
Dealt to Mahu2021 [6d Kh]
Toni197534: folds 
Uncalled bet (10) returned to Mahu2021
Mahu2021 collected 20 from pot
Mahu2021: doesn't show hand 
*** SUMMARY ***
Total pot 20 | Rake 0 
Seat 1: Toni197534 (button) (small blind) folded before Flop
Seat 2: Mahu2021 (big blind) collected (20)



PokerStars Hand #245793419506: Tournament #3640954759, $0.92+$0.08 USD Hold'em No Limit - Level I (10/20) - 2023/09/05 21:54:14 CET [2023/09/05 15:54:14 ET]
Table '3640954759 1' 3-max Seat #2 is the button
Seat 1: Toni197534 (660 in chips) 
Seat 2: Mahu2021 (840 in chips) 
Mahu2021: posts small blind 10
Toni197534: posts big blind 20
*** HOLE CARDS ***
Dealt to Mahu2021 [Th 5s]
Mahu2021: folds 
Uncalled bet (10) returned to Toni197534
Toni197534 collected 20 from pot
Toni197534: doesn't show hand 
*** SUMMARY ***
Total pot 20 | Rake 0 
Seat 1: Toni197534 (big blind) collected (20)
Seat 2: Mahu2021 (button) (small blind) folded before Flop



PokerStars Hand #245793421120: Tournament #3640954759, $0.92+$0.08 USD Hold'em No Limit - Level I (10/20) - 2023/09/05 21:54:18 CET [2023/09/05 15:54:18 ET]
Table '3640954759 1' 3-max Seat #1 is the button
Seat 1: Toni197534 (670 in chips) 
Seat 2: Mahu2021 (830 in chips) 
Toni197534: posts small blind 10
Mahu2021: posts big blind 20
*** HOLE CARDS ***
Dealt to Mahu2021 [9h 6c]
Toni197534: folds 
Uncalled bet (10) returned to Mahu2021
Mahu2021 collected 20 from pot
Mahu2021: doesn't show hand 
*** SUMMARY ***
Total pot 20 | Rake 0 
Seat 1: Toni197534 (button) (small blind) folded before Flop
Seat 2: Mahu2021 (big blind) collected (20)



PokerStars Hand #245793422998: Tournament #3640954759, $0.92+$0.08 USD Hold'em No Limit - Level I (10/20) - 2023/09/05 21:54:24 CET [2023/09/05 15:54:24 ET]
Table '3640954759 1' 3-max Seat #2 is the button
Seat 1: Toni197534 (660 in chips) 
Seat 2: Mahu2021 (840 in chips) 
Mahu2021: posts small blind 10
Toni197534: posts big blind 20
*** HOLE CARDS ***
Dealt to Mahu2021 [Th Qh]
Mahu2021: raises 40 to 60
Toni197534: calls 40
*** FLOP *** [4d 4c 6c]
Toni197534: checks 
Mahu2021: checks 
*** TURN *** [4d 4c 6c] [3h]
Toni197534: checks 
Mahu2021: checks 
*** RIVER *** [4d 4c 6c 3h] [6d]
Toni197534: checks 
Mahu2021: checks 
*** SHOW DOWN ***
Toni197534: shows [9d 8c] (two pair, Sixes and Fours)
Mahu2021: shows [Th Qh] (two pair, Sixes and Fours - Queen kicker)
Mahu2021 collected 120 from pot
*** SUMMARY ***
Total pot 120 | Rake 0 
Board [4d 4c 6c 3h 6d]
Seat 1: Toni197534 (big blind) showed [9d 8c] and lost with two pair, Sixes and Fours
Seat 2: Mahu2021 (button) (small blind) showed [Th Qh] and won (120) with two pair, Sixes and Fours



PokerStars Hand #245793429376: Tournament #3640954759, $0.92+$0.08 USD Hold'em No Limit - Level I (10/20) - 2023/09/05 21:54:41 CET [2023/09/05 15:54:41 ET]
Table '3640954759 1' 3-max Seat #1 is the button
Seat 1: Toni197534 (600 in chips) 
Seat 2: Mahu2021 (900 in chips) 
Toni197534: posts small blind 10
Mahu2021: posts big blind 20
*** HOLE CARDS ***
Dealt to Mahu2021 [Qh Td]
Toni197534: calls 10
Mahu2021: raises 40 to 60
Toni197534: calls 40
*** FLOP *** [5c 8h 7c]
Mahu2021: checks 
Toni197534: checks 
*** TURN *** [5c 8h 7c] [3d]
Mahu2021: checks 
Toni197534: checks 
*** RIVER *** [5c 8h 7c 3d] [8s]
Mahu2021: checks 
Toni197534: checks 
*** SHOW DOWN ***
Mahu2021: shows [Qh Td] (a pair of Eights)
Toni197534: shows [Kh 9h] (a pair of Eights - King kicker)
Toni197534 collected 120 from pot
*** SUMMARY ***
Total pot 120 | Rake 0 
Board [5c 8h 7c 3d 8s]
Seat 1: Toni197534 (button) (small blind) showed [Kh 9h] and won (120) with a pair of Eights
Seat 2: Mahu2021 (big blind) showed [Qh Td] and lost with a pair of Eights



PokerStars Hand #245793436444: Tournament #3640954759, $0.92+$0.08 USD Hold'em No Limit - Level II (15/30) - 2023/09/05 21:55:01 CET [2023/09/05 15:55:01 ET]
Table '3640954759 1' 3-max Seat #2 is the button
Seat 1: Toni197534 (660 in chips) 
Seat 2: Mahu2021 (840 in chips) 
Mahu2021: posts small blind 15
Toni197534: posts big blind 30
*** HOLE CARDS ***
Dealt to Mahu2021 [Qh Js]
Mahu2021: raises 60 to 90
Toni197534: calls 60
*** FLOP *** [Kh Td Ad]
Toni197534: bets 570 and is all-in
Mahu2021: calls 570
*** TURN *** [Kh Td Ad] [6d]
*** RIVER *** [Kh Td Ad 6d] [5d]
*** SHOW DOWN ***
Toni197534: shows [Kc 9d] (a flush, Ace high)
Mahu2021: shows [Qh Js] (a straight, Ten to Ace)
Toni197534 collected 1320 from pot
*** SUMMARY ***
Total pot 1320 | Rake 0 
Board [Kh Td Ad 6d 5d]
Seat 1: Toni197534 (big blind) showed [Kc 9d] and won (1320) with a flush, Ace high
Seat 2: Mahu2021 (button) (small blind) showed [Qh Js] and lost with a straight, Ten to Ace



PokerStars Hand #245793441748: Tournament #3640954759, $0.92+$0.08 USD Hold'em No Limit - Level II (15/30) - 2023/09/05 21:55:20 CET [2023/09/05 15:55:20 ET]
Table '3640954759 1' 3-max Seat #1 is the button
Seat 1: Toni197534 (1320 in chips) 
Seat 2: Mahu2021 (180 in chips) 
Toni197534: posts small blind 15
Mahu2021: posts big blind 30
*** HOLE CARDS ***
Dealt to Mahu2021 [Jd Kh]
Toni197534: calls 15
Mahu2021: raises 150 to 180 and is all-in
Toni197534: folds 
Uncalled bet (150) returned to Mahu2021
Mahu2021 collected 60 from pot
Mahu2021: doesn't show hand 
*** SUMMARY ***
Total pot 60 | Rake 0 
Seat 1: Toni197534 (button) (small blind) folded before Flop
Seat 2: Mahu2021 (big blind) collected (60)



PokerStars Hand #245793444226: Tournament #3640954759, $0.92+$0.08 USD Hold'em No Limit - Level II (15/30) - 2023/09/05 21:55:29 CET [2023/09/05 15:55:29 ET]
Table '3640954759 1' 3-max Seat #2 is the button
Seat 1: Toni197534 (1290 in chips) 
Seat 2: Mahu2021 (210 in chips) 
Mahu2021: posts small blind 15
Toni197534: posts big blind 30
*** HOLE CARDS ***
Dealt to Mahu2021 [2c Qd]
Mahu2021: raises 180 to 210 and is all-in
Toni197534: calls 180
*** FLOP *** [Ah Qs 5c]
*** TURN *** [Ah Qs 5c] [3s]
*** RIVER *** [Ah Qs 5c 3s] [Kd]
*** SHOW DOWN ***
Toni197534: shows [As Jh] (a pair of Aces)
Mahu2021: shows [2c Qd] (a pair of Queens)
Toni197534 collected 420 from pot
Mahu2021 finished the tournament in 2nd place
Toni197534 wins the tournament and receives $4.00 - congratulations!
*** SUMMARY ***
Total pot 420 | Rake 0 
Board [Ah Qs 5c 3s Kd]
Seat 1: Toni197534 (big blind) showed [As Jh] and won (420) with a pair of Aces
Seat 2: Mahu2021 (button) (small blind) showed [2c Qd] and lost with a pair of Queens



